4900 6125
630 424 763 492 1⁸5

632 608 1033 678 Reverendo
1064 610 1231 690 viro,
1266 609 1515 693 pietate
1547 616 1617 675 et
1648 607 1969 695 singulari
2002 607 2373 676 eruditione
2404 628 2596 692 prae-

636 696 846 763 stanti
884 695 972 763 D.
1004 693 1651 796 Ηρίιιηοὴοᾙιιῌὶιι
1739 716 1832 795 ro,
1875 694 2193 795 nouenae
2217 693 2347 796 pei
2454 694 2470 709 ⁶

636 782 824 848 rinae
841 786 1086 866 pastori
1110 780 1632 933 ugilagaerivngg
1682 800 1921 932 ‚oming-
1935 787 2006 847 et
2022 787 2198 865 patri
2234 802 2305 846 m
2327 778 2598 847 Ohnsto

633 1124 777 1189 Iter
818 1123 887 1189 id
919 1122 1094 1207 quod
1136 1142 1177 1189 a
1210 1144 1319 1188 me
1355 1122 1479 1190 hoo
1522 1129 1817 1205 tempore
1859 1129 2235 1207 susceptum
2279 1127 2423 1188 erat
2463 1121 2598 1187 iam

633 1208 765 1276 Dei
807 1207 1119 1275 beneficio
1158 1227 1405 1294 magna
1447 1230 1533 1274 ex
1587 1216 1773 1291 parte
1816 1229 2120 1275 emensus
2170 1228 2337 1275 sum.
2377 1243 2465 1255 —
2510 1243 2596 1254 —

683 1379 700 1394 ·
1089 1379 1104 1394 -
1407 1293 1504 1361 Ut
1544 1294 1806 1360 Bernae
1859 1314 1940 1360 ea
1978 1314 2145 1395 quae
2197 1294 2350 1360 visu
2392 1300 2598 1394 'erant

634 1378 1841 1532 ῧμᾶαῇιεείοἶῖοοοωῃέῃῧῗοτῗζθ
1884 1378 2071 1547 ξἆᾶιιίιί
2113 1385 2596 1532 auoeffudmoeuffi

635 1550 719 1617 de
746 1548 834 1616 1).
865 1548 1147 1631 calvino,
1167 1549 1364 1630 Bene,
1390 1551 1732 1618 Ionvillaeo
1752 1559 1821 1617 et
1842 1551 1990 1618 aliis
2032 1552 2147 1635 qui
2190 1560 2265 1617 ut
2306 1550 2595 1634 primum

635 1644 820 1702 tuam
863 1644 1279 1720 agnoverunt
1320 1657 1610 1716 manum,
1656 1638 1959 1721 protinus
2012 1658 2201 1704 suam
2245 1634 2436 1702 nobis
2481 1634 2595 1701 ob-

633 1720 939 1787 tulerunt
980 1742 1262 1805 operam.
1334 1721 1737 1806 Quanquam
1770 1744 1931 1790 sane
1965 1722 2052 1789 D.
2082 1721 2390 1790 Calvinus
2429 1720 2598 1787 adeo

634 1815 781 1873 erat
813 1816 1164 1891 oooupatus
1198 1815 1277 1873 ut
1314 1809 1431 1873 vix
1462 1828 1673 1891 panea
1705 1808 2029 1892 quaedam
2061 1808 2406 1875 nobiseum
2439 1828 2595 1874 oon-

634 1893 810 1960 ferre
852 1893 1171 1975 potuerit:
1228 1892 1297 1958 id
1354 1894 1569 1979 ipsum
1624 1902 1850 1960 tamen
1891 1892 2066 1978 quod
2109 1892 2390 1961 eontulit
2433 1891 2597 1958 adeo

760 1985 905 2044 tum
948 1985 1051 2045 est
1091 1987 1167 2044 ut
1206 1979 1323 2045 vix
1377 1978 1733 2062 quidquam
1792 1980 2091 2065 amplius.
2164 1979 2443 2046 Geneva
2484 1978 2598 2043 de·

635 2063 792 2130 inde
834 2071 985 2147 post
1027 2063 1325 2129 triduum
1368 2064 1701 2131 Basileam
1743 2086 1974 2132 versus
2009 2086 2128 2149 per
2163 2063 2598 2132 Soloturnum

636 2149 1074 2229 disoessimus,
1134 2149 1229 2215 hu
1310 2171 1392 2216 ue
1448 2148 1553 2216 die
1593 2149 1685 2216 11.
1731 2150 1931 2218 huius
1986 2152 2235 2219 mensis
2288 2149 2597 2233 perveni-

633 2257 805 2302 mus.
904 2235 1178 2319 Iamque
1241 2235 1266 2300 i
1375 2235 1554 2319 quod
1618 2244 1827 2303 restat
1887 2237 2143 2304 itineris
2207 2236 2394 2304 brevi
2448 2236 2597 2302 Deo

635 2321 896 2387 volente
962 2321 1402 2387 oonfioiemus.

634 2407 823 2474 Vale.
895 2407 1112 2473 Datae
1154 2406 1458 2474 Basileae
1505 2409 1605 2473 14.
1650 2410 1937 2493 Augusti
1984 2412 2170 2474 1563.

1620 2544 1805 2611 'l'uus
1848 2565 1934 2610 ex
1975 2544 2196 2610 animo
2239 2550 2421 2611 totus

1561 2629 1964 2698 Venoeslaus
2008 2630 2091 2696 ab
2135 2627 2475 2715 Ostrorog.

1518 3175 1724 3246 4⁰⁰9.

1029 3330 1704 3400 BULLINGERUS
1758 3330 2198 3400 CALVINO.

811 3502 998 3569 Nova
1053 3522 1134 3570 ex
1196 3502 1437 3570 Gallia.
1540 3500 1865 3587 Goliynaei
1924 3501 2221 3587 apoloqia
2281 3503 2598 3569 hunoldo

636 3590 870 3658 edetur.
939 3588 1102 3654 Dux
1160 3582 1644 3673 christophorus
1698 3589 1777 3656 de
1831 3588 2319 3655 Merum
2381 3588 2601 3656 Gauio

637 3675 1011 3743 obtnadoetdo
1050 3675 1301 3759 satayit.

1024 3844 1136 3917 pho
1171 3843 1340 3900 Areh.
1377 3843 1559 3899 Turio.
1594 3843 1740 3898 Plut.
1785 3842 1881 3900 vl.
1917 3842 2038 3900 Vol.
2077 3841 2226 3915 117»,
2257 3846 2390 3902 olim
2422 3844 2597 3901 Sorin.

971 3932 1078 3970 om.
1123 3913 1195 3972 11.
1247 3914 1341 3969 fol.
1392 3910 1519 3969 516.
1562 3942 1629 3952 —
1674 3912 1889 3968 Simler.
1934 3912 2059 3970 Vol.
2104 3911 2223 3971 108.
2303 3914 2599 3986 Inscriptio

1418 3981 1809 4050 desideratur.)

637 3848 753 3974 &Ex
799 3865 869 3901 au

680 3957 694 3971 .
732 3916 876 3987 Epp.

810 4152 883 4222 S.
921 4153 1009 4221 D.
1077 4150 1495 4220 Inui-edibilis
1538 4159 1606 4218 et
1660 4152 2078 4220 intoleranda
2117 4160 2222 4221 est
2257 4155 2596 4241 Pagorum

634 4248 1012 4310 nostrorum
1043 4240 1096 4322 ¹)
1160 4238 1529 4305 insolentia.
1624 4237 1953 4306 Victorias
2014 4260 2170 4307 suas
2233 4241 2308 4307 in
2373 4241 2598 4309 Gallia

636 4335 864 4414 partas
908 4325 992 4392 ad
1034 4332 1218 4392 astra
1256 4346 1466 4409 usque
1507 4322 1819 4391 evehunt.
1896 4324 2128 4393 Gallos
2168 4325 2319 4393 illos
2361 4326 2597 4395 haere-

635 4416 799 4480 tioos
851 4412 1078 4490 factos,
1142 4411 1345 4477 fortes
1398 4408 1656 4495 alioqui,
1701 4409 2074 4478 Germanos
2115 4411 2275 4478 item
2318 4413 2595 4497 equites,

639 4506 708 4565 et
751 4501 884 4564 iam
904 4497 1281 4581 Anglorum
1312 4503 1575 4583 gentem
1605 4495 2000 4563 indomitam
2032 4497 2367 4583 fugarunt,
2408 4498 2599 4566 fude-

638 4592 797 4651 runt
831 4592 901 4651 et
932 4584 1260 4664 viserunt,
1302 4582 1628 4666 inquiunt,
1664 4583 1877 4649 nostri
1908 4581 2177 4664 milites,
2216 4582 2373 4651 lieet
2404 4585 2595 4669 pauci

640 4679 798 4737 sunt
859 4690 1164 4736 numero:
1233 4667 1411 4734 unde
1472 4666 1711 4749 claret,
1773 4668 2167 4755 religionem
2225 4669 2336 4736 vel
2395 4670 2598 4737 fidem

641 4764 960 4835 nostram,
1016 4774 1215 4838 quam
1271 4752 1621 4821 defendere
1675 4760 1745 4820 et
1796 4755 1871 4820 in
1928 4753 2152 4822 Gallia
2201 4755 2597 4824 ineolumem

640 4860 1033 4910 oonservare
1064 4862 1140 4908 sa
1260 4840 1275 4855 ‘
1348 4861 1448 4921 us,
1482 4860 1714 4906 veram
1748 4847 1816 4905 et
1835 4839 2178 4908 victricem
2211 4840 2597 4923 essefidem,

642 4927 1016 5013 requirique
1058 4947 1101 4993 a
1141 4946 1227 4992 no
1270 4927 1331 4993 is
1385 4932 1464 4991 ut
1516 4924 1699 4992 illam
1741 4924 2038 5009 putidam
2080 4926 2409 4994 haeresim
2448 4927 2597 4994 ubi-

642 5035 770 5097 que
823 5021 891 5079 et
943 5012 1014 5078 in
1068 5012 1374 5080 omnibus
1429 5010 1779 5078 haereticis
2066 5032 2326 5094 uamur,
2385 5034 2598 5098 neque

642 5118 937 5183 unquam
976 5105 1114 5163 tam
1148 5097 1564 5166 vietoriosam
1599 5095 1795 5163 fidem
1877 5117 2213 5165 eseramus
2244 5106 2366 5167 eto.
2430 5100 2599 5167 Pro-

634 5336 917 5403 40021)
949 5335 1349 5394 σαῶσϋοοηιι.

2141 418 2671 489 ΕΡῙΒΤΟΒΔΕ
2712 420 3137 488 4008-4011

4500 424 4593 490 m

2698 605 2856 674 inde
2917 627 3061 674 rem
3123 606 3341 676 feeisti
3400 607 3592 675 nohis
3654 607 3960 675 omnihus
4034 606 4463 694 gratissimam
4513 613 4600 695 qui

2565 729 2596 743 -
2694 693 3090 779 significaris
3132 693 3389 761 ultimis
3431 693 3567 760 tuis
3605 693 3822 761 literis
3862 713 4088 779 rogem
4123 693 4444 760 deditione
4471 695 4602 763 1³01*

2695 786 2834 845 tum
2999 779 3132 846 tiae
3173 780 3515 863 recepisse.
3597 778 3887 863 Ideoque
3943 780 4191 865 gratias
4233 781 4477 866 agimus
4510 782 4602 847 uhi

2695 885 2818 949 pro
2903 865 3086 930 ‘teris
3136 864 3271 931 illis
3318 869 3395 929 12
3453 864 3653 932 huius
3706 865 3956 932 mensis
4007 865 4289 949 seriptis.
4357 864 4608 934 Studiosi

2694 949 2794 1016 illi
2837 957 3096 1017 mature
3137 949 3585 1017 reddiderunt.
3655 950 4020 1018 Possumus
4063 972 4148 1017 ex
4201 951 4336 1017 illis
4389 973 4608 1037 respou-

2698 1035 2853 1103 dere
2906 1036 2989 1102 iis
3044 1056 3210 1120 quos
3252 1036 3422 1120 Pagi
3463 1056 3642 1104 vana
3696 1057 3820 1102 sua
3872 1038 4220 1103 iactatione
4278 1036 4610 1105 dement-re

2695 1130 3035 1188 conantur.
3119 1125 3338 1207 Atque
3401 1123 3657 1189 utinam
3719 1121 4046 1190 describat
4109 1121 4452 1207 aliquando
4491 1124 4610 1190 Ia·-

2693 1207 2963 1274 villam
2994 1219 3219 1274 noster
3252 1228 3519 1274 omnem
3553 1207 3900 1274 historiam
3933 1209 4440 1292 reouperationis
4468 1209 4612 1277 illins

2695 1292 2894 1377 paulo
2951 1293 3291 1378 eopiosius.
3378 1293 3592 1360 Fama
3661 1294 3842 1359 enim
3903 1303 4007 1360 est
4066 1294 4293 1377 plures
4452 1296 4466 1309 ‘

2697 1386 2852 1445 ante
2894 1377 3299 1446 deditionem
3340 1378 3741 1458 occubuisse,
3785 1380 4029 1446 multos
4067 1381 4270 1446 etiam
4312 1401 4397 1447 ex
4427 1380 4612 1446 militi-

2692 1464 2818 1530 bus
2860 1464 3244 1532 Helvetiois.

2869 1549 3332 1618 Roschovmcs
3387 1551 3612 1617 iunior
3668 1552 3921 1635 aoeepit
3974 1552 4462 1635 responsionem
4511 1552 4616 1618 Ad-

2694 1636 2959 1702 miraldi
3014 1636 3097 1701 ad
3153 1635 3452 1703 confessa
3499 1635 3774 1703 Pultroti
3814 1645 3883 1702 et
3921 1638 4224 1721 promisit
4266 1659 4339 1703 se
4379 1638 4619 1721 impres-

2695 1741 2949 1799 surum,
3006 1722 3065 1788 si
3117 1742 3252 1787 non
3308 1723 3383 1788 in
3437 1723 3563 1789 hae
3619 1721 3801 1801 urbe,
3860 1723 4096 1788 saltem
4154 1721 4407 1796 alibi.¹)
4485 1721 4620 1789 sem

2694 1813 2922 1873 tamen
2975 1809 3138 1875 satis
3180 1808 3464 1876 absolvit
3515 1808 3698 1874 illam
3749 1809 4092 1893 interpres.
4179 1808 4314 1876 Ubi
4359 1808 4625 1892 exuupls

2695 1912 3024 1976 aooepero,
3082 1914 3287 1959 unum
3344 1901 3414 1960 et
3467 1893 3752 1961 alterum
3809 1892 3896 1959 ad
3940 1914 4058 1961 vos
4098 1895 4378 1960 mittam.

2696 1985 2920 2129 ἓιιιιιεω
2976 1981 3331 2130 prgeterita
3383 1988 3634 2130 aelsDtate
3689 1980 3984 2081 futurum
4022 1978 4216 2132 ἀιῆἳιῇ
4241 1979 4310 2044 id
4356 1981 4486 2045 iam
4519 1980 4624 2046 fne-

2773 2085 2843 2129 m
2881 2085 3025 2131 esse
3092 2085 3390 2132 enunoio.
3521 2087 3618 2130 ιιι
3692 2086 3860 2131 ωιοι

2697 2149 3051 2234 diligenter
3114 2151 3415 2216 laborare
3479 2159 3556 2217 ut
3612 2086 4014 2234 alliquibffim
4002 2151 4077 2216 in
4136 2150 4365 2217 Gallia
4595 2150 4627 2164 ‘'

2698 2234 3070 2302 doctrinam
3129 2236 3212 2303 de
3268 2257 3476 2303 ooena
3539 2243 3607 2302 et
3660 2237 4027 2320 ubiquitate
4089 2236 4404 2302 obtrudat

2696 2321 3131 2387 commendet.
3216 2322 3364 2387 Iam
3420 2343 3580 2389 vero
3639 2322 3714 2387 in
3774 2321 3938 2389 haee
3992 2320 4197 2390 verba
4253 2321 4484 2389 scribit

2694 2406 2899 2491 binga
2940 2408 3191 2474 amiens
3232 2407 3530 2491 quidam:
3589 2407 3913 2491 Prinoeps
3964 2409 4194 2493 pausis
4236 2416 4400 2474 ante
4438 2406 4631 2474 diebu

2697 2492 2808 2558 hio
2847 2492 2992 2574 fuit,
3038 2492 3230 2558 duxit
3270 2513 3494 2559 seeum
3528 2493 3896 2578 prinoipem
3932 2492 4264 2578 quendam
4295 2494 4629 2559 Lituauum

2697 2577 3053 2677 admodum
3085 2599 3382 2662 puerum,
3400 2579 3695 2730 ⁸{nquem
3732 2579 3922 2645 aiunt
3943 2579 4361 2665 Argentinae
4380 2599 4632 2731 {germ

2696 2662 2911 2729 hteris
2974 2661 3304 2730 daturum.
3500 2672 3605 2731 ter
3668 2663 4078 2731 ooeuandum
4144 2663 4321 2730 dixit
4459 2670 4632 2730 artn-

2696 2747 3012 2833 bayon-eis
3075 2771 3148 2816 se
3209 2750 3634 2817 vehementer
3696 2752 3928 2816 mirari
3991 2749 4164 2834 quod
4228 2749 4632 2901 Zwmglimis

2697 2836 2875 2900 inter
2930 2834 3061 2901 alia
3121 2834 3201 2900 de
3263 2857 3470 2902 ooena
3528 2836 3837 2922 dogmata
3892 2835 3961 2901 id
4015 2837 4308 2901 maxime
4367 2839 4434 2902 vi
4479 2845 4633 2901 entm

2699 2918 3059 2986 absurdum
3115 2920 3288 3003 quod
3330 2923 3519 2987 Deus
3575 2943 3721 2988 esse
3780 2922 4021 2989 dieitur
4075 2922 4147 2986 iu
4204 2923 4392 2987 omni
4445 2921 4632 2996 herbo.

2698 3025 2859 3157 §.⁸5¹¹ss
2912 3006 3405 3159 ῗιιἛωΒῗὲἶῖιῗω
3419 3003 4635 3176 inqffbiissimfflssfflssossffl}

2697 3175 2942 3242 librum
2995 3177 3311 3256 scribere,
3376 3185 3497 3244 aut
3550 3179 3752 3245 etiam
3809 3178 3945 3244 iam
4001 3178 4386 3247 absolvisse.
4472 3178 4636 3246 Gau-

2699 3262 2914 3328 ohesis
2958 3262 3346 3347 Brentiana,
3366 3268 3425 3343 ⁴)
3467 3262 3550 3330 de
3593 3285 3727 3347 qua
3777 3263 3903 3330 hae
3943 3273 4193 3332 aestate
4247 3266 4376 3331 tibi
4417 3263 4634 3347 eclipsi.

2697 3347 2834 3413 iam
2891 3345 3140 3413 dudum
3199 3357 3267 3414 et
3320 3368 3517 3415 versa
3574 3356 3677 3415 est
3730 3351 3803 3415 in
3860 3349 4167 3434 gallioam
4211 3359 4286 3416 et
4327 3352 4634 3435 impressa

2697 3433 3128 3517 Exemplaria
3159 3433 3244 3499 ad
3280 3456 3486 3500 unum
3524 3436 3745 3501 omnia
3776 3435 3962 3503 iussu
3981 3435 4318 3519 Prinoipis
4343 3436 4432 3503 ad
4455 3438 4634 3521 ipsun

2698 3525 2858 3586 sunt
2912 3519 3134 3601 missa,
3194 3541 3549 3605 eorumque
3603 3521 3862 3588 eireiter
3907 3525 4035 3588 200
4078 3521 4149 3586 in
4211 3522 4342 3589 hae
4405 3522 4638 3590 civitate

2698 3604 3023 3689 colligata,
3068 3626 3235 3689 quae
3277 3606 3482 3673 missa
3533 3614 3692 3674 sunt
3732 3606 3804 3672 in
3849 3605 4157 3673 Galliam.
4249 3606 4638 3674 submitten-

2698 3696 2810 3756 tur
2861 3697 2931 3756 et
2985 3689 3176 3774 plura
3229 3690 3362 3758 alia
3417 3693 3734 3776 im1›ensis
3774 3692 4003 3759 Prinoi
4050 3695 4123 3760 is.
4213 3692 4520 3760 Gonatur
4553 3690 4634 3755 h‘n

2697 3774 2913 3842 modis
2955 3775 3262 3842 omnibus
3303 3796 3592 3844 orassam
3637 3778 3820 3844 illam
4111 3781 4126 3793 ’
4169 3777 4535 3846 doctu-inam
4573 3774 4636 3840 de

2697 3883 2901 3928 ooena
2943 3870 3174 3928 eontra
3208 3862 3595 3949 Zuinqlium,
3638 3863 4188 3948 oecolampadium
4218 3873 4293 3931 et
4331 3864 4634 3932 Calvinu-

2697 3948 2771 4012 in
2794 3947 3089 4015 Gallicas
3122 3948 3439 4015 invehere
3473 3949 3800 4016 ecelesias.
3859 3949 4133 4016 Utinam
4169 3960 4454 4017 eonatus
4485 3948 4636 4014 illius

2695 4033 2928 4101 inanes
2982 4033 3273 4113 redeant,
3332 4043 3399 4101 et
3449 4056 3536 4100 ne
3592 4033 3943 4102 dissidium
3993 4035 4260 4118 aliquod
4306 4037 4548 4103 excitet
4581 4034 4634 4095 in

2698 4118 2921 4186 Gallia
2962 4119 3137 4202 quod
3188 4139 3459 4186 oursum
3500 4120 3832 4206 evangelii
3875 4127 3952 4185 ut
4009 4121 4080 4186 in
4125 4121 4500 4188 Germania
4537 4120 4636 4185 im·

2695 4203 2888 4290 pedia'
2889 4213 2919 4269 t
2959 4212 3081 4271 eto.

2867 4290 3057 4357 Haeo
3122 4311 3207 4356 ex
3269 4289 3593 4376 'l'ubinga
3692 4290 3941 4357 Putavi
4005 4299 4229 4358 autem
4295 4315 4386 4359 ex
4451 4288 4635 4357 offitio

2695 4395 2846 4442 meo
2888 4397 3032 4442 esse
3074 4374 3200 4442 hoo
3251 4374 3371 4442 tibi
3424 4376 3598 4443 serio
3639 4384 3710 4443 et
3749 4386 4010 4443 mature
4053 4376 4372 4457 indicare,
4426 4386 4501 4442 ut
4537 4392 4633 4459 pro

2696 4470 2813 4528 tua
2852 4461 3204 4547 vigilantia
3246 4469 3314 4527 et
3365 4461 3716 4546 prudentia
3755 4463 3984 4548 pravis
4025 4462 4251 4529 obvies
4297 4461 4632 4529 eonatiboe

2695 4547 3052 4615 Praeterea
3107 4546 3279 4631 quod
3335 4548 3616 4615 soribam
3674 4549 3749 4613 in
3805 4550 4182 4632 praesentia
4235 4570 4378 4616 non
4433 4548 4632 4613 haheo.

2699 4632 2953 4700 Omnes
3017 4633 3224 4699 nostri
3290 4640 3359 4699 te
3422 4654 3560 4699 una
3614 4653 3764 4700 oum
3830 4635 3964 4700 tuis
4027 4633 4338 4701 omnibus
4404 4634 4632 4699 alvan

2900 4923 2978 5046 ἢ,
2994 4924 3166 5047 aa
3303 4922 3530 5047 ...ff
3564 4924 4628 5050 mmmfflm

2695 5079 2760 5117 so
2832 5008 3388 5131 οξυῌσηιιοοέοιιθεξέιει
3422 5009 3606 5134 Gueyrss
3637 4998 4006 5188 νοοιῗοότῖἑίω
4038 5012 4410 5131 ugho-m?
4427 4994 4628 5118 m

2900 5198 2966 5266 3)
2995 5198 3288 5255 anaema
3332 5198 3502 5254 mium
3538 5169 3782 5272 ut‘puto
3812 5198 4055 5270 (anza,
4101 5216 4170 5256 a
4207 5200 4424 5256 ια’-ε.
4460 5214 4532 5271 ᾳ
4563 5194 4628 5250 ιι

2698 5268 2848 5326 Μ
2879 5266 3438 5407 ἦξεπὲεἷεῗᾳλ
