4900 6125
333 366 460 431 553

335 552 927 620 Christianismum
969 553 1270 620 conversi
1315 559 1540 629 erant,
1599 571 1674 618 ac
1717 550 1816 618 illi
1860 553 2306 620 caeremonias

333 649 655 723 tanquam
715 640 1115 706 necessarias
1173 647 1241 704 et
1299 637 1667 703 meritorias
1723 638 1804 702 ad
1861 639 2171 717 salutem,
2239 646 2308 704 et

334 724 465 791 hoo
509 725 705 791 modo
762 725 1211 791 iustificationi
1258 745 1424 808 quae
1482 736 1584 789 est
1625 744 1746 806 per
1788 723 1986 790 fidem
2045 737 2305 791 contra·

333 812 471 877 rias
530 819 636 890 (ut
690 820 968 895 apparet
1023 834 1109 877 ex
1157 816 1233 875 15
1282 811 1535 888 Actor.)
1593 810 1992 893 reciperent,
2052 819 2307 878 constat

333 906 692 980 utrumque
737 917 947 982 genus
984 918 1115 962 non
1152 896 1477 978 accepisse
1511 897 1955 962 caeremonias
1992 906 2304 979 tanquam

330 982 598 1070 liberas.
659 984 957 1067 Apparet
992 991 1215 1047 autem
1245 980 1568 1064 apostolos
1602 1002 1745 1046 sese
1782 987 2305 1047 accommodasse

332 1081 404 1134 et
447 1067 717 1133 illorum
761 1069 1083 1151 impietati
1130 1077 1197 1133 et
1241 1068 1477 1132 horum
1523 1067 1993 1151 superstitioni.

509 1151 690 1234 Quid
720 1175 879 1238 ergo
915 1173 1147 1220 causae
1183 1164 1355 1219 esset
1377 1155 1733 1236 quominus
1767 1153 1963 1218 rebus
1999 1151 2307 1218 omnihus

330 1260 454 1322 per
497 1261 568 1305 se
611 1239 853 1316 liberis,
899 1240 1052 1304 lieet
1096 1260 1225 1303 non
1275 1239 1411 1304 sint
1452 1237 1701 1304 liberae
1743 1236 1876 1304 illis
1919 1242 2030 1323 qui
2075 1259 2303 1321 super-

332 1326 669 1390 stitionem
707 1323 1021 1390 adhibent
1056 1333 1172 1389 aut
1214 1325 1641 1407 impietatem,
1688 1333 1958 1389 utamur
1998 1323 2081 1389 ad
2129 1324 2304 1390 aedi-

329 1409 752 1476 ficationem?
818 1411 911 1475 Et
953 1431 1102 1476 cum
1149 1408 1409 1475 illorum
1456 1408 1678 1487 sacris,
1724 1409 1878 1475 lieet
1923 1411 2144 1493 impiis
2188 1421 2307 1474 aut

331 1495 836 1579 superstitiosis,
883 1493 1488 1564 communicemus?
1576 1495 1672 1560 Et
1713 1514 1791 1560 eo
1837 1494 2029 1561 modo
2074 1516 2304 1580 super·

329 1582 622 1647 stitiosos
687 1583 977 1647 feramus
1071 1602 1154 1645 uo
1211 1580 1403 1645 modo
1471 1581 1746 1664 apostoli
1814 1583 2306 1664 superstitiosos

327 1666 615 1733 Iudaeos
680 1669 790 1750 qui
850 1666 934 1732 ad
989 1668 1044 1733 O
1099 1667 1332 1732 ristum
1401 1667 1701 1734 conversi
1767 1678 1959 1732 erant
2022 1688 2143 1752 per
2209 1678 2306 1732 tot

329 1772 548 1818 annos
590 1751 936 1817 tulerunt?
1013 1751 1090 1818 Si
1137 1753 1412 1829 dicatur,
1460 1773 1582 1817 nos
1624 1752 1825 1818 rebus
1866 1774 1985 1836 per
2028 1775 2099 1818 se
2143 1752 2304 1818 libe-

328 1838 461 1914 ris,
539 1840 608 1903 in
676 1839 913 1922 quibus
982 1853 1203 1903 tamen
1270 1839 1651 1920 superstitio
1716 1839 2140 1905 constituitur
2207 1841 2301 1903 uti

327 1944 525 2008 posse
569 1924 649 1989 ad
697 1925 1237 2002 aedificationem,
1281 1924 1556 2001 cuculla,
1603 1944 1731 2006 qua
1767 1925 2131 1990 abutuntur
2162 1945 2303 1988 mo-

327 2008 552 2089 nachi,
597 2012 898 2076 tonsione
942 2011 1193 2093 capitis,
1238 2031 1407 2093 quae
1451 2022 1673 2075 tamen
1719 2023 1820 2075 est
1861 2010 2301 2094 intersignum

325 2094 580 2161 bestiae
625 2105 692 2160 et
733 2096 1075 2162 character
1109 2098 1270 2173 eius,
1315 2117 1528 2173 cruce,
1575 2095 1729 2161 licet
1763 2096 2069 2161 fiduciam
2113 2097 2184 2160 in
2225 2116 2304 2161 ea

326 2195 578 2265 ponant
614 2182 928 2265 papistae,
966 2202 1141 2264 aqua
1182 2180 1460 2260 lustrali,
1504 2199 1675 2265 pane
1711 2181 2068 2260 benedicto,
2106 2201 2302 2264 quem

325 2277 603 2345 vocant,
661 2268 1091 2332 caeremoniis
1154 2268 1224 2331 in
1271 2268 1663 2350 baptismate
1708 2287 1750 2331 a
1790 2266 2069 2350 papistis
2113 2268 2302 2334 insti·

328 2352 493 2417 tutis
549 2352 649 2417 uti
710 2351 961 2417 licebit:
1029 2353 1217 2419 sicuti
1277 2354 1530 2417 utimur
1596 2352 1759 2417 cibis
1816 2374 1967 2418 cum
2029 2353 2304 2436 papistis

327 2437 564 2504 diebus
619 2436 1163 2521 quadragesimae
1221 2449 1289 2501 et
1331 2437 1651 2516 Veneris,
1707 2439 1865 2504 licet
1921 2438 2015 2502 illi
2074 2439 2302 2504 huius-

327 2521 511 2588 modi
547 2521 783 2598 cibis2)
822 2524 1182 2589 abutantur
1218 2524 1611 2607 affingentes
1648 2524 1896 2589 cultum
1920 2522 2069 2601 Dei,
2108 2526 2300 2588 item·

328 2629 461 2691 que
505 2610 833 2675 meritum.
923 2610 1154 2692 quue
1199 2609 1410 2692 magis
1455 2609 1652 2674 rebus
1695 2630 1812 2691 per
1856 2630 1927 2674 se
1970 2609 2161 2674 bonis
2204 2610 2303 2674 uti

325 2693 558 2760 licebit
601 2716 752 2759 cum
799 2694 948 2772 illis,
995 2695 1233 2777 quibus
1267 2705 1486 2758 tamen
1526 2696 1816 2777 papistae
1852 2694 1935 2759 ad
1981 2714 2134 2760 suas
2176 2694 2301 2759 im-

325 2780 611 2863 pietates
670 2780 1071 2858 abutuntur,
1132 2789 1206 2845 ut
1259 2780 1513 2862 psalmo
1559 2782 1640 2844 de
1699 2779 2039 2862 profundis
2097 2801 2303 2862 eoque

329 2866 623 2931 cantico:
688 2866 936 2931 Libera
1000 2886 1107 2929 me
1152 2863 1466 2945 Domine,
1534 2864 1706 2948 quod
1765 2865 2156 2948 detorquent
2219 2866 2299 2930 ad

326 2972 560 3036 preces
622 2972 744 3035 pro
802 2953 1098 3017 mortuis.
1188 2952 1489 3034 Itemque
1554 2963 1908 3034 quaeretur
1964 2973 2130 3034 quae
2195 2972 2303 3016 res

329 3057 454 3122 per
511 3057 584 3103 se
638 3045 796 3103 sunt
862 3037 1134 3104 liberae:
1202 3037 1355 3103 Non
1420 3037 1574 3103 illae
1632 3057 1800 3120 quae
1866 3037 1934 3103 in
2003 3038 2304 3103 libertate

329 3134 562 3189 nostra
593 3143 713 3208 per
747 3122 1111 3189 Dominum
1158 3124 1323 3190 sitae
1365 3137 1543 3204 sunt,
1588 3122 1744 3189 licet
1786 3124 2131 3189 hominum
2180 3126 2303 3188 im-

326 3210 580 3293 pietate
623 3219 692 3274 et
734 3210 1200 3292 superstitione
1243 3210 1695 3276 indifferentes
1733 3232 1861 3277 non
1908 3210 2062 3289 sint,
2130 3209 2304 3276 sicut

326 3304 555 3361 vestes
596 3295 833 3379 quibus
885 3295 1187 3362 homines
1239 3295 1322 3360 ad
1380 3295 1832 3373 ambitionem,
1894 3294 2021 3360 cibi
2065 3297 2303 3379 quibus

327 3380 416 3447 ad
474 3381 1047 3465 intemperantiam
1092 3393 1160 3446 et
1215 3381 1581 3467 ingluviem
1627 3382 2008 3448 abutuntur.
2095 3379 2174 3447 Si
2219 3380 2300 3446 ad

327 3465 457 3532 hoc
514 3465 993 3550 respondeatur
1050 3465 1402 3533 discrimen
1463 3467 1881 3533 statuendum
1929 3487 2074 3533 esse
2127 3469 2303 3533 inter

328 3552 781 3619 caeremonias
826 3553 1146 3619 divinitus
1204 3552 1558 3637 aliquando
1617 3555 1956 3618 institutas
2000 3562 2068 3618 et
2108 3552 2302 3618 modo

330 3635 646 3714 abolitas,
706 3648 774 3703 et
819 3659 932 3705 eas
974 3659 1141 3721 quae
1200 3637 1288 3704 ab
1332 3639 1708 3705 hominibus
1762 3641 2078 3705 inventae
2123 3650 2298 3716 sunt,

328 3722 510 3807 quod
552 3723 702 3807 plus
745 3724 1012 3790 honoris
1053 3726 1198 3790 Deo
1245 3723 1667 3790 tribuendum
1711 3726 1802 3789 sit
1843 3744 2038 3807 quam
2085 3724 2300 3790 homi-

327 3809 560 3875 nibus:
644 3809 896 3876 dicetur
962 3809 1103 3892 pari
1183 3812 1253 3874 in
1320 3810 1529 3893 gradu
1612 3811 1776 3894 legis
1854 3812 2300 3876 caeremonias

324 3894 825 3962 constituendas
886 3917 1029 3962 esse
1094 3908 1243 3979 post
1308 3896 1728 3962 abolitionem
1795 3905 1993 3978 atque
2056 3898 2115 3962 si
2175 3918 2297 3961 un-

376 4002 528 4045 uam
557 3984 616 4055 ⁸)
662 3994 883 4046 essent
926 3982 1270 4047 institutae
1308 4003 1348 4046 a
1383 3982 1671 4047 Domino
1707 3980 1889 4047 velut
1922 3983 2296 4065 papisticae.

326 4002 511 4146 auid
558 4068 733 4131 enim
790 4066 1014 4131 differt
1067 4068 1239 4151 quod
1296 4066 1645 4150 aliquando
1688 4088 1728 4132 a
1771 4066 2063 4133 Domino
2107 4068 2296 4133 insti-

323 4162 553 4217 tutum
598 4163 700 4218 est
743 4162 813 4217 et
854 4152 1047 4218 modo
1093 4154 1478 4237 abrogatum
1517 4151 1601 4217 ah
1636 4174 1713 4218 eo
1747 4153 1918 4236 quod
1955 4174 2298 4235 nunquam

323 4259 369 4304 a
413 4235 702 4303 Domino
757 4238 1073 4303 traditum
1123 4238 1270 4304 est?
1357 4239 1531 4304 Nam
1577 4239 1840 4322 qualem
1887 4240 2020 4303 vim
2065 4239 2301 4305 habuit

321 4324 693 4401 institutio,
750 4323 950 4389 talem
995 4337 1062 4388 et
1104 4345 1329 4407 parem
1376 4332 1493 4389 aut
1534 4324 1819 4389 similem
1866 4324 2065 4389 habet
2108 4325 2296 4391 abro-

323 4410 526 4495 gatio.
616 4409 706 4474 Et
760 4410 1185 4493 abrogatione
1249 4411 1524 4475 effeetus
1580 4413 1796 4475 omnis
1861 4411 2298 4477 institutionis

321 4494 603 4561 tollitur.
690 4496 785 4560 Et
847 4506 999 4579 post
1068 4497 1558 4579 abrogationem
1625 4496 2075 4562 caeremoniae
2139 4506 2297 4561 sunt

323 4580 718 4646 traditiones
784 4582 1130 4647 humanae.
1223 4582 1453 4665 Itaque
1519 4583 1576 4646 si
1641 4581 2105 4647 traditionibus
2170 4581 2290 4647 hu·

322 4667 566 4746 manis,
610 4687 849 4749 nempe
892 4668 1324 4732 caeremoniis
1377 4667 1675 4743 iudaicis‚
1722 4668 1824 4731 uti
1866 4668 2120 4733 licitum
2165 4668 2296 4733 fuit

451 4764 480 4817 t
521 4752 862 4818 Christum
909 4774 1195 4835 passum,
1237 4753 1563 4835 quomodo
1604 4753 1800 4818 modo
1843 4774 1976 4818 non
2022 4752 2291 4819 licebit?

323 4772 893 4922 giurespondeant
934 4859 1128 4904 usum
1173 4840 1734 4905 caeremoniarum
1783 4860 1911 4904 non
1958 4861 2102 4905 esse
2141 4839 2290 4904 abo·

1963 361 2752 432 SUPPLEMENTUM.

4240 371 4367 433 554

2409 552 2668 618 monias
2709 552 2973 637 sepeliri
3016 551 3317 620 debuisse
3359 575 3506 620 cum
3549 553 3819 633 honore,
3865 576 3983 621 cur
4017 574 4152 621 non
4194 555 4370 622 idem

2407 636 2728 704 iudicium
2773 647 2876 704 est
2917 638 2997 705 de
3056 638 3439 706 sacrificiis?
3528 640 3732 720 Item,
3793 640 3905 706 uhi
3949 650 4050 707 est
4093 642 4370 707 verbum

2408 722 2541 788 Dei
2588 745 2715 807 quo
2759 724 2827 789 id
2885 723 3266 790 statuatur?
3337 726 3488 791 Non
3531 727 3746 810 potius
3799 741 4027 794 contra
4069 726 4370 805 habetur,

2408 806 2751 875 Christum
2799 811 3089 877 affixisse
3132 811 3308 877 cruci
3354 810 3689 879 decretum
3734 811 3904 896 quod
3948 821 4092 878 erat
4142 825 4372 879 eontra

2407 893 2577 960 nos?
2649 915 2785 962 non
2845 905 3103 962 tantum
3163 895 3502 963 decretum
3559 898 3727 984 legis
3781 898 4080 976 moralis,
4137 920 4372 964 verum

2407 980 3015 1047 caeremoniarum?
3074 981 3378 1066 Itemque
3422 983 3707 1064 dicetur,
3774 1005 3986 1068 usque
4028 983 4112 1050 ad
4156 983 4372 1067 puhli-

2408 1066 2735 1132 cationem
2793 1069 3123 1152 evangelii
3186 1067 3494 1136 ferendas
3551 1079 3883 1154 utcunque
3940 1090 4087 1136 esse
4151 1090 4371 1137 caere-

2408 1153 2666 1218 monias
2702 1154 3128 1236 papistarum,
3164 1153 3425 1237 illisque
3459 1157 3928 1223 communicari
3953 1177 4161 1239 posse,
4199 1156 4368 1223 sicut

2408 1237 2662 1304 Paulus
2706 1239 3211 1305 communicavit
3252 1238 3650 1307 Iudaeorum
3696 1243 4141 1309 caeremoniis.

3192 1535 3601 1547 ———

3290 1785 3492 1856 4249.

2841 1935 3472 2007 LUCERNANUS
3517 1938 3956 2005 CALVINO.

2584 2109 2858 2175 Notatur
2897 2110 3237 2177 monachus
3291 2111 3553 2193 quidam
3603 2111 3721 2194 fur
3776 2115 3835 2177 ct
3888 2116 4215 2195 stuprator
4256 2117 4370 2197 qui

2415 2192 2703 2260 Genavae
2739 2216 2907 2261 nunc
2945 2202 3377 2264 commoratur.

2406 2365 2523 2431 (Ex
2560 2366 2900 2436 autographo
2937 2366 3065 2421 Cod.
3104 2367 3277 2422 Paris.
3314 2368 3513 2438 anuy
3549 2366 3669 2435 102,
3705 2368 3797 2423 fol.
3833 2367 3949 2423 170.
4002 2370 4371 2427 Litai-sturm

2958 2436 3245 2506 scriptoris
3282 2454 3472 2507 presse
3506 2436 3826 2507 sequimur.)

2583 2603 2670 2670 D.
2715 2604 3001 2671 Iohanni
3060 2607 3342 2674 Calvino
3407 2609 3667 2675 Eclesie
3726 2609 4187 2678 Grebennensis
4246 2614 4371 2680 mi-

2407 2690 2623 2756 nistro
2669 2702 2737 2757 et
2778 2693 3025 2774 pastori
3070 2692 3449 2761 fidelissimo
3493 2714 3570 2760 ac
3616 2694 4182 2851 vigilantiggffgsse

2475 2948 2559 3013 D.
2584 2948 2871 3015 Iohanni
2906 2949 3188 3017 Calvino
3224 2951 3536 3019 Nicolaus
3569 2952 4010 3021 Lucernanus
4044 2977 4096 3021 s.
4132 2954 4315 3023 dicit.

2582 3120 2732 3185 Etsi
2787 3121 2948 3187 nula
3010 3123 3213 3189 michi
3279 3144 3573 3207 unquam
3640 3133 3859 3193 tecum
3926 3127 4376 3194 intercesserit

2408 3204 2854 3286 familiaritas,
2913 3208 3017 3275 vir
3061 3208 3168 3274 dei
3212 3208 3617 3292 fidelissime,
3678 3233 3802 3278 nee
3845 3224 3910 3279 te
3955 3233 4245 3297 unquam
4290 3232 4375 3277 ex

2407 3292 2574 3358 facie
2639 3293 2934 3359 noverim
2955 3344 2971 3369 ,
3036 3296 3248 3360 forma
3312 3304 3533 3362 tamen
3599 3308 3665 3363 et
3720 3298 3990 3364 nomine
4053 3309 4121 3363 et
4185 3298 4379 3364 suavi

2405 3376 2722 3443 librorum
2767 3389 3033 3444 tuorum
3079 3380 3388 3460 lectione,
3455 3403 3587 3465 qua
3630 3405 3765 3448 non
3810 3384 4229 3451 mediocriter
4272 3403 4380 3447 re-

2405 3484 2591 3529 creor
2634 3485 2710 3530 ae
2761 3464 3077 3543 delector,
3136 3465 3332 3552 longe
3389 3469 3627 3533 melius
3682 3468 3886 3537 michi
3942 3469 4254 3554 cognitus
4309 3485 4383 3529 es

2406 3570 2603 3632 quam
2646 3549 2704 3615 si
2748 3560 2816 3615 te
2882 3551 3242 3617 secundum
3308 3574 3578 3620 carnem
3630 3556 3965 3621 novissem
4025 3565 4094 3620 et
4160 3563 4386 3616 tecum

2403 3646 2576 3700 totos
2619 3655 2830 3700 annos
2874 3635 3095 3701 decem
3146 3648 3448 3703 versatus
3492 3640 3787 3706 fuissem.
3860 3645 4082 3724 Atque
4120 3636 4390 3701 utinam

2403 3741 2527 3804 ego
2591 3721 2687 3786 sic
2751 3721 2869 3787 tibi
2926 3732 3124 3787 notus
3181 3744 3392 3789 essem
3452 3745 3654 3807 quam
3711 3736 3786 3792 tu
3844 3726 4069 3793 michi.
4142 3720 4397 3811 Visum

2402 3807 2625 3889 itaque
2682 3805 2807 3872 fuit
2863 3808 3036 3871 hanc
3078 3829 3289 3874 meam
3350 3810 3699 3892 epistolam
3761 3820 3875 3877 tue
3918 3805 4189 3877 caritati
4235 3800 4401 3864 din-

2403 3912 2578 3977 gere,
2624 3913 2751 3975 que
2795 3895 2922 3957 erit
2966 3893 3242 3960 affectus
3285 3916 3446 3979 erga
3492 3905 3561 3961 te
3606 3899 3741 3962 mei
3787 3898 4406 3981 qualecunque-qr·

2401 3987 2812 4061 gumentum,
2861 3990 3003 4043 tum
3048 3980 3247 4044 etiam
3292 3992 3532 4046 mutue
3579 3984 3951 4067 agnicionis
3993 3991 4062 4046 et
4105 3965 4415 4039 ramibo-

2403 4064 2620 4128 ritatis
2663 4062 2946 4146 alliquod
2992 4066 3281 4130 inicium.
3370 4065 3821 4133 Occasionem
3867 4087 4022 4133 vero
4066 4070 4149 4125 ut
4213 4048 4309 4114 “d
4353 4054 4425 4136 ω.

2401 4148 2758 4215 scriberem
2793 4150 2998 4215 michi
3032 4150 3265 4233 prebet
3301 4150 3645 4218 discessus
3687 4152 4032 4220 cuiusdam
4069 4131 4439 4236 §tophum-

2403 4234 2721 4318 Rivopra,
2770 4236 3026 4301 monaci
3070 4238 3291 4321 gregis
3336 4244 3409 4302 et
3453 4236 3769 4305 sodalicii
3812 4234 4021 4303 nostri
4064 4243 4225 4310 qm,
4279 4224 4443 4274 ‘mm

2401 4342 2488 4386 ex
2546 4319 2911 4403 presbitero
2965 4342 3282 4388 monacus
3339 4322 3832 4389 benedictinus
3889 4320 4170 4386 effectus
4236 4294 4454 4363 0⁸⁸⁰ss

2400 4427 2648 4471 annum
2708 4416 2921 4471 totum
2979 4417 3048 4472 et
3100 4407 3302 4491 paulo
3364 4408 3679 4490 amplius
3739 4407 4079 4474 nobiscum
4140 4389 4463 4457 conve*

2397 4500 2582 4558 satus
2625 4491 2750 4558 hae
2787 4492 3082 4574 proxime
3117 4494 3304 4556 fluxa
3340 4491 3890 4577 quadragesima
3928 4491 4123 4578 noct?
4160 4469 4487 4591 sepum&

2397 4599 2581 4643 more
2624 4577 2909 4661 auffugit
2953 4598 3203 4661 nosque
3272 4575 3596 4658 reliquit.
3690 4579 3808 4643 Ex
3867 4574 4003 4641 suis
4064 4566 4326 4629 litemS
4390 4555 4479 4677 20

2397 4684 2506 4728 me
2565 4662 2827 4727 directis
2883 4674 3296 4744 compertum
3362 4660 3610 4725 habeo
3676 4663 3873 4727 illum
3931 4673 4075 4722 esse
4135 4641 4511 4765 Gener-¹32

2397 4750 2668 4815 Utinam
2728 4767 2875 4813 cum
2932 4747 3071 4811 loco
3115 4754 3338 4810 mutet
3398 4758 3479 4807 et
3528 4758 3849 4811 mentem
3894 4751 3963 4809 et
4004 4740 4259 4815 moreq
4314 4726 4531 4850 {unt

2398 4837 2595 4911 tinos,
2662 4841 3143 4914 renoveturque
3210 4830 3479 4911 spiritu
3562 4834 3836 4896 mentis
3897 4845 4012 4892 sue
4077 4824 4153 4878 0¹³
4234 4816 4337 4863 ¹¹¹

2395 4939 2645 4985 novum
2684 4918 3014 4982 hominem
3052 4916 3163 4999 qui
3213 4913 3645 4978 secundum
3686 4916 3889 4980 deum
3930 4917 4048 4974 est.
4158 4978 4175 4991 ο
4254 4867 4559 5027 31ᾶὲἷὲ

2395 5005 2572 5088 quod
2632 5001 3096 5068 monachatum
3167 4998 3567 5078 reliquerit
3646 5020 3865 5081 seque
3922 4991 4005 5060 ad
4057 4980 4249 5078 alim
4344 5039 4576 5103 eroso

2397 5112 2607 5177 genus
2646 5088 3053 5154 converterit
3096 5105 3232 5149 non
3274 5082 3662 5163 impr-olm,
3715 5084 3839 5149 sed
3876 5072 4046 5164 quod
4083 5067 4339 5132 vitup
4457 5124 4589 5176 no·

2397 5176 2638 5242 abierit
2682 5171 3030 5238 horrendis
3064 5166 3378 5252 peccatis
3430 5166 3801 5249 malaque
3838 5168 3974 5231 vita
4014 5160 4085 5222 et
4126 5146 4391 5212 famu·
4492 5208 4611 5259 te-

2397 5274 2611 5340 tatus,
2671 5259 2796 5325 hoc
2851 5278 2973 5342 ego
3015 5276 3152 5319 non
3212 5248 3472 5316 laudo.
3570 5248 3786 5331 Quia
3839 5250 4041 5333 igitur
4083 5235 4357 5316 opere
4430 5219 4491 5285 P

324 4923 524 4988 litum
588 4924 714 4990 nisi
773 4933 924 5007 post
976 4924 1302 5009 evangelii
1358 4923 1910 5009 praedicationem
1955 4936 2024 4990 et
2074 4945 2291 4991 caere-

449 5216 480 5227 Π
523 5144 598 5228 ,2)
635 5149 716 5202 sic
766 5144 982 5216 quidm
1040 5145 1241 5203 Codex.
1321 5147 1503 5203 Nobu
1553 5162 1681 5203 vero
1734 5156 1986 5230 suspecta
2036 5150 2191 5205 lectio
2242 5156 2292 5203 et

323 5216 1200 5356 mueugrkbagtfoggthgxrmtbere
1237 5216 1498 5272 volmse:
1534 5234 1907 5274 caeremoniis.
