<?xml version="1.0" encoding="UTF-8"?>
<!DOCTYPE html PUBLIC "-//W3C//DTD XHTML 1.0 Transitional//EN"
    "http://www.w3.org/TR/xhtml1/DTD/xhtml1-transitional.dtd">
<html xmlns="http://www.w3.org/1999/xhtml" xml:lang="en" lang="en">
 <head>
  <title>
</title>
<meta http-equiv="Content-Type" content="text/html;charset=utf-8" />
  <meta name='ocr-system' content='tesseract 3.04.00' />
  <meta name='ocr-capabilities' content='ocr_page ocr_carea ocr_par ocr_line ocrx_word'/>
</head>
<body>
  <div class='ocr_page' id='page_1' title='image "./ioanniscalvinio12unkngoog/ioanniscalvinio12unkngoog_0144.png"; bbox 0 0 4900 6125; ppageno 0'>
   <div class='ocr_carea' id='block_1_1' title="bbox 602 406 728 471">
    <p class='ocr_par' dir='ltr' id='par_1_1' title="bbox 602 406 728 471">
     <span class='ocr_line' id='line_1_1' title="bbox 602 406 728 471; baseline 0.016 -2"><span class='ocrx_word' id='word_1_1' title='bbox 602 406 728 471; x_wconf 77' lang='lat'><strong>255</strong></span> 
     </span>
    </p>
   </div>
   <div class='ocr_carea' id='block_1_2' title="bbox 596 591 2564 1792">
    <p class='ocr_par' dir='ltr' id='par_1_2' title="bbox 596 591 2564 1792">
     <span class='ocr_line' id='line_1_2' title="bbox 773 591 2559 679; baseline -0.001 -19"><span class='ocrx_word' id='word_1_2' title='bbox 773 591 846 661; x_wconf 79' lang='lat' dir='ltr'><strong>S.</strong></span> <span class='ocrx_word' id='word_1_3' title='bbox 934 591 1084 659; x_wconf 85' lang='lat' dir='ltr'><strong>Non</strong></span> <span class='ocrx_word' id='word_1_4' title='bbox 1129 612 1237 659; x_wconf 89' lang='lat' dir='ltr'><strong>me</strong></span> <span class='ocrx_word' id='word_1_5' title='bbox 1302 591 1536 658; x_wconf 77' lang='lat' dir='ltr'><strong>fefollit</strong></span> <span class='ocrx_word' id='word_1_6' title='bbox 1600 611 1718 658; x_wconf 84' lang='lat' dir='ltr'><strong>exs</strong></span> <span class='ocrx_word' id='word_1_7' title='bbox 1913 594 2004 658; x_wconf 89' lang='lat' dir='ltr'><strong>tio</strong></span> <span class='ocrx_word' id='word_1_8' title='bbox 2059 592 2138 658; x_wconf 89' lang='lat' dir='ltr'><strong>de</strong></span> <span class='ocrx_word' id='word_1_9' title='bbox 2203 594 2559 679; x_wconf 86' lang='lat' dir='ltr'><strong>suffragiis.</strong></span> 
     </span>
     <span class='ocr_line' id='line_1_3' title="bbox 601 677 2563 764; baseline 0 -19"><span class='ocrx_word' id='word_1_10' title='bbox 601 680 775 745; x_wconf 86' lang='lat' dir='ltr'><strong>Nam</strong></span> <span class='ocrx_word' id='word_1_11' title='bbox 821 680 956 745; x_wconf 86' lang='lat' dir='ltr'><strong>fere</strong></span> <span class='ocrx_word' id='word_1_12' title='bbox 998 678 1222 745; x_wconf 85' lang='lat' dir='ltr'><strong>omnia</strong></span> <span class='ocrx_word' id='word_1_13' title='bbox 1265 678 1556 744; x_wconf 84' lang='lat' dir='ltr'><strong>tulimus.</strong></span> <span class='ocrx_word' id='word_1_14' title='bbox 1586 678 1638 762; x_wconf 90' lang='lat'><strong>¹)</strong></span> <span class='ocrx_word' id='word_1_15' title='bbox 1740 677 1784 744; x_wconf 90' lang='lat' dir='ltr'><strong>d</strong></span> <span class='ocrx_word' id='word_1_16' title='bbox 1827 678 2032 763; x_wconf 85' lang='lat' dir='ltr'><strong>igitur</strong></span> <span class='ocrx_word' id='word_1_17' title='bbox 2069 700 2285 745; x_wconf 89' lang='lat' dir='ltr'><strong>unum</strong></span> <span class='ocrx_word' id='word_1_18' title='bbox 2329 699 2563 764; x_wconf 88' lang='lat' dir='ltr'><strong>super·</strong></span> 
     </span>
     <span class='ocr_line' id='line_1_4' title="bbox 601 763 2562 850; baseline 0.002 -21"><span class='ocrx_word' id='word_1_19' title='bbox 601 773 744 831; x_wconf 88' lang='lat' dir='ltr'><strong>erat</strong></span> <span class='ocrx_word' id='word_1_20' title='bbox 764 816 779 842; x_wconf 84' lang='grc'>,</span> <span class='ocrx_word' id='word_1_21' title='bbox 839 774 914 830; x_wconf 85' lang='grc' dir='ltr'><strong>ιιι</strong></span> <span class='ocrx_word' id='word_1_22' title='bbox 971 764 1366 832; x_wconf 73' lang='lat' dir='ltr'>scriberetur</span> <span class='ocrx_word' id='word_1_23' title='bbox 1419 763 1724 830; x_wconf 87' lang='lat' dir='ltr'><strong>edictum.</strong></span> <span class='ocrx_word' id='word_1_24' title='bbox 1813 764 1914 831; x_wconf 93' lang='lat' dir='ltr'><strong>Ibi</strong></span> <span class='ocrx_word' id='word_1_25' title='bbox 1959 763 2169 832; x_wconf 82' lang='lat' dir='ltr'><strong>Satan</strong></span> <span class='ocrx_word' id='word_1_26' title='bbox 2229 787 2434 850; x_wconf 88' lang='lat' dir='ltr'><strong>quum</strong></span> <span class='ocrx_word' id='word_1_27' title='bbox 2489 786 2562 832; x_wconf 88' lang='lat' dir='ltr'><strong>se</strong></span> 
     </span>
     <span class='ocr_line' id='line_1_5' title="bbox 598 848 2564 936; baseline 0.001 -20"><span class='ocrx_word' id='word_1_28' title='bbox 598 870 868 936; x_wconf 83' lang='lat' dir='ltr'><strong>prorsus</strong></span> <span class='ocrx_word' id='word_1_29' title='bbox 909 851 1338 916; x_wconf 88' lang='lat' dir='ltr'><strong>constrictum</strong></span> <span class='ocrx_word' id='word_1_30' title='bbox 1385 848 1657 927; x_wconf 78' lang='lat' dir='ltr'><strong>videret,</strong></span> <span class='ocrx_word' id='word_1_31' title='bbox 1695 851 2080 917; x_wconf 78' lang='lat' dir='ltr'><strong>subornavit</strong></span> <span class='ocrx_word' id='word_1_32' title='bbox 2115 851 2230 935; x_wconf 88' lang='lat' dir='ltr'><strong>qui</strong></span> <span class='ocrx_word' id='word_1_33' title='bbox 2263 860 2564 918; x_wconf 90' lang='lat' dir='ltr'><strong>moneret</strong></span> 
     </span>
     <span class='ocr_line' id='line_1_6' title="bbox 601 935 2562 1021; baseline 0 -18"><span class='ocrx_word' id='word_1_34' title='bbox 601 936 816 1003; x_wconf 87' lang='lat' dir='ltr'><strong>adhuc</strong></span> <span class='ocrx_word' id='word_1_35' title='bbox 869 935 1114 1020; x_wconf 84' lang='lat' dir='ltr'><strong>aliquid</strong></span> <span class='ocrx_word' id='word_1_36' title='bbox 1168 936 1354 1021; x_wconf 89' lang='lat' dir='ltr'><strong>prius</strong></span> <span class='ocrx_word' id='word_1_37' title='bbox 1413 935 1804 1002; x_wconf 86' lang='lat' dir='ltr'><strong>tentandum</strong></span> <span class='ocrx_word' id='word_1_38' title='bbox 1862 935 1944 1000; x_wconf 91' lang='lat' dir='ltr'><strong>de</strong></span> <span class='ocrx_word' id='word_1_39' title='bbox 1988 938 2436 1020; x_wconf 81' lang='lat' dir='ltr'><strong>pacificatione</strong></span> <span class='ocrx_word' id='word_1_40' title='bbox 2482 947 2562 1003; x_wconf 88' lang='lat' dir='ltr'><strong>ut</strong></span> 
     </span>
     <span class='ocr_line' id='line_1_7' title="bbox 600 1021 2556 1106; baseline 0 -17"><span class='ocrx_word' id='word_1_41' title='bbox 600 1022 821 1106; x_wconf 87' lang='lat' dir='ltr'><strong>aliqua</strong></span> <span class='ocrx_word' id='word_1_42' title='bbox 886 1023 1232 1088; x_wconf 87' lang='lat' dir='ltr'><strong>interiecta</strong></span> <span class='ocrx_word' id='word_1_43' title='bbox 1287 1042 1546 1087; x_wconf 87' lang='lat' dir='ltr'><strong>remora</strong></span> <span class='ocrx_word' id='word_1_44' title='bbox 1613 1021 1838 1087; x_wconf 84' lang='lat' dir='ltr'><strong>omnia</strong></span> <span class='ocrx_word' id='word_1_45' title='bbox 1890 1022 1962 1086; x_wconf 91' lang='lat' dir='ltr'><strong>in</strong></span> <span class='ocrx_word' id='word_1_46' title='bbox 2033 1023 2244 1089; x_wconf 79' lang='lat' dir='ltr'><strong>fumos</strong></span> <span class='ocrx_word' id='word_1_47' title='bbox 2300 1022 2556 1089; x_wconf 87' lang='lat' dir='ltr'><strong>abeant.</strong></span> 
     </span>
     <span class='ocr_line' id='line_1_8' title="bbox 597 1107 2561 1193; baseline 0.002 -23"><span class='ocrx_word' id='word_1_48' title='bbox 597 1108 834 1177; x_wconf 81' lang='lat' dir='ltr'><strong>Vocati</strong></span> <span class='ocrx_word' id='word_1_49' title='bbox 903 1117 1058 1174; x_wconf 87' lang='lat' dir='ltr'><strong>sunt</strong></span> <span class='ocrx_word' id='word_1_50' title='bbox 1114 1108 1317 1193; x_wconf 86' lang='lat' dir='ltr'><strong>igitur</strong></span> <span class='ocrx_word' id='word_1_51' title='bbox 1374 1107 1470 1172; x_wconf 92' lang='lat' dir='ltr'><strong>illi</strong></span> <span class='ocrx_word' id='word_1_52' title='bbox 1538 1107 1690 1173; x_wconf 90' lang='lat' dir='ltr'><strong>boni</strong></span> <span class='ocrx_word' id='word_1_53' title='bbox 1751 1108 1879 1173; x_wconf 83' lang='lat' dir='ltr'><strong>viri</strong></span> <span class='ocrx_word' id='word_1_54' title='bbox 1934 1129 2100 1192; x_wconf 86' lang='lat' dir='ltr'><strong>quoe</strong></span> <span class='ocrx_word' id='word_1_55' title='bbox 2157 1110 2428 1187; x_wconf 78' lang='lat' dir='ltr'><strong>nosti,¹)</strong></span> <span class='ocrx_word' id='word_1_56' title='bbox 2494 1120 2561 1174; x_wconf 90' lang='lat' dir='ltr'><strong>et</strong></span> 
     </span>
     <span class='ocr_line' id='line_1_9' title="bbox 601 1191 2559 1280; baseline 0.001 -22"><span class='ocrx_word' id='word_1_57' title='bbox 601 1194 776 1260; x_wconf 89' lang='lat' dir='ltr'><strong>inter</strong></span> <span class='ocrx_word' id='word_1_58' title='bbox 841 1214 953 1260; x_wconf 90' lang='lat' dir='ltr'><strong>eos</strong></span> <span class='ocrx_word' id='word_1_59' title='bbox 1018 1194 1216 1259; x_wconf 86' lang='lat' dir='ltr'><strong>etiam</strong></span> <span class='ocrx_word' id='word_1_60' title='bbox 1283 1193 1394 1259; x_wconf 89' lang='lat' dir='ltr'><strong>ille</strong></span> <span class='ocrx_word' id='word_1_61' title='bbox 1460 1191 1543 1258; x_wconf 84' lang='lat' dir='ltr'><strong>ad</strong></span> <span class='ocrx_word' id='word_1_62' title='bbox 1605 1214 1798 1277; x_wconf 89' lang='lat' dir='ltr'><strong>quem</strong></span> <span class='ocrx_word' id='word_1_63' title='bbox 1863 1215 2074 1278; x_wconf 88' lang='lat' dir='ltr'><strong>nuper</strong></span> <span class='ocrx_word' id='word_1_64' title='bbox 2137 1196 2478 1280; x_wconf 87' lang='lat' dir='ltr'><strong>scripsisti.</strong></span> <span class='ocrx_word' id='word_1_65' title='bbox 2500 1198 2559 1269; x_wconf 82' lang='lat'><strong>⁸)</strong></span> 
     </span>
     <span class='ocr_line' id='line_1_10' title="bbox 601 1277 2562 1364; baseline 0.001 -19"><span class='ocrx_word' id='word_1_66' title='bbox 601 1280 922 1347; x_wconf 79' lang='lat' dir='ltr'><strong>Accersiti</strong></span> <span class='ocrx_word' id='word_1_67' title='bbox 968 1289 1128 1346; x_wconf 87' lang='lat' dir='ltr'><strong>sunt</strong></span> <span class='ocrx_word' id='word_1_68' title='bbox 1170 1281 1369 1345; x_wconf 88' lang='lat' dir='ltr'><strong>etiam</strong></span> <span class='ocrx_word' id='word_1_69' title='bbox 1416 1277 1778 1357; x_wconf 77' lang='lat' dir='ltr'><strong>Serbonioi,</strong></span> <span class='ocrx_word' id='word_1_70' title='bbox 1821 1300 1983 1364; x_wconf 85' lang='lat' dir='ltr'><strong>quoe</strong></span> <span class='ocrx_word' id='word_1_71' title='bbox 2025 1300 2158 1345; x_wconf 92' lang='lat' dir='ltr'><strong>non</strong></span> <span class='ocrx_word' id='word_1_72' title='bbox 2203 1281 2378 1346; x_wconf 89' lang='lat' dir='ltr'><strong>novi.</strong></span> <span class='ocrx_word' id='word_1_73' title='bbox 2451 1281 2562 1346; x_wconf 87' lang='lat' dir='ltr'><strong>Ex</strong></span> 
     </span>
     <span class='ocr_line' id='line_1_11' title="bbox 599 1364 2562 1449; baseline 0.002 -19"><span class='ocrx_word' id='word_1_74' title='bbox 599 1367 842 1431; x_wconf 86' lang='lat' dir='ltr'><strong>nostris</strong></span> <span class='ocrx_word' id='word_1_75' title='bbox 880 1373 1154 1431; x_wconf 81' lang='lat' dir='ltr'><strong>vocatus</strong></span> <span class='ocrx_word' id='word_1_76' title='bbox 1201 1364 1643 1441; x_wconf 59' lang='lat' dir='ltr'><strong>Mar-lomnes,</strong></span> <span class='ocrx_word' id='word_1_77' title='bbox 1689 1366 1821 1430; x_wconf 88' lang='lat' dir='ltr'><strong>iam</strong></span> <span class='ocrx_word' id='word_1_78' title='bbox 1867 1365 2000 1430; x_wconf 90' lang='lat' dir='ltr'><strong>illic</strong></span> <span class='ocrx_word' id='word_1_79' title='bbox 2022 1369 2080 1449; x_wconf 85' lang='lat'><strong>⁴)</strong></span> <span class='ocrx_word' id='word_1_80' title='bbox 2124 1379 2226 1432; x_wconf 87' lang='lat' dir='ltr'><strong>est</strong></span> <span class='ocrx_word' id='word_1_81' title='bbox 2275 1366 2562 1433; x_wconf 73' lang='lat' dir='ltr'><strong>Per-osce-</strong></span> 
     </span>
     <span class='ocr_line' id='line_1_12' title="bbox 596 1450 2558 1537; baseline 0.002 -22"><span class='ocrx_word' id='word_1_82' title='bbox 596 1451 744 1517; x_wconf 68' lang='lat' dir='ltr'><strong>lius.</strong></span> <span class='ocrx_word' id='word_1_83' title='bbox 856 1451 1013 1519; x_wconf 84' lang='lat' dir='ltr'><strong>Istis</strong></span> <span class='ocrx_word' id='word_1_84' title='bbox 1079 1450 1374 1536; x_wconf 86' lang='lat' dir='ltr'><strong>cogitant</strong></span> <span class='ocrx_word' id='word_1_85' title='bbox 1437 1471 1543 1515; x_wconf 91' lang='lat' dir='ltr'><strong>me</strong></span> <span class='ocrx_word' id='word_1_86' title='bbox 1600 1451 1849 1517; x_wconf 89' lang='lat' dir='ltr'><strong>socium</strong></span> <span class='ocrx_word' id='word_1_87' title='bbox 1906 1450 2281 1537; x_wconf 86' lang='lat' dir='ltr'><strong>adiungere.</strong></span> <span class='ocrx_word' id='word_1_88' title='bbox 2389 1452 2558 1519; x_wconf 87' lang='lat' dir='ltr'><strong>Heri</strong></span> 
     </span>
     <span class='ocr_line' id='line_1_13' title="bbox 599 1536 2560 1622; baseline 0.001 -20"><span class='ocrx_word' id='word_1_89' title='bbox 599 1536 978 1604; x_wconf 71' lang='lat' dir='ltr'><strong>dubitabam</strong></span> <span class='ocrx_word' id='word_1_90' title='bbox 1025 1558 1110 1603; x_wconf 89' lang='lat' dir='ltr'><strong>an</strong></span> <span class='ocrx_word' id='word_1_91' title='bbox 1155 1558 1232 1602; x_wconf 92' lang='lat' dir='ltr'><strong>eo</strong></span> <span class='ocrx_word' id='word_1_92' title='bbox 1275 1556 1486 1601; x_wconf 87' lang='lat' dir='ltr'><strong>essem</strong></span> <span class='ocrx_word' id='word_1_93' title='bbox 1533 1537 1760 1613; x_wconf 82' lang='lat' dir='ltr'><strong>iturus,</strong></span> <span class='ocrx_word' id='word_1_94' title='bbox 1808 1558 1941 1602; x_wconf 91' lang='lat' dir='ltr'><strong>non</strong></span> <span class='ocrx_word' id='word_1_95' title='bbox 1988 1548 2246 1604; x_wconf 83' lang='lat' dir='ltr'><strong>tantum</strong></span> <span class='ocrx_word' id='word_1_96' title='bbox 2292 1548 2560 1622; x_wconf 87' lang='lat' dir='ltr'><strong>propter</strong></span> 
     </span>
     <span class='ocr_line' id='line_1_14' title="bbox 597 1621 2559 1706; baseline 0 -18"><span class='ocrx_word' id='word_1_97' title='bbox 597 1622 1067 1701; x_wconf 77' lang='lat' dir='ltr'><strong>valetudinem,</strong></span> <span class='ocrx_word' id='word_1_98' title='bbox 1155 1643 1320 1706; x_wconf 86' lang='lat' dir='ltr'><strong>quae</strong></span> <span class='ocrx_word' id='word_1_99' title='bbox 1401 1621 1654 1687; x_wconf 89' lang='lat' dir='ltr'><strong>nullum</strong></span> <span class='ocrx_word' id='word_1_100' title='bbox 1741 1621 2200 1688; x_wconf 83' lang='lat' dir='ltr'><strong>vehementem</strong></span> <span class='ocrx_word' id='word_1_101' title='bbox 2267 1624 2559 1690; x_wconf 89' lang='lat' dir='ltr'><strong>laborem</strong></span> 
     </span>
     <span class='ocr_line' id='line_1_15' title="bbox 599 1707 2561 1792; baseline 0.001 -19"><span class='ocrx_word' id='word_1_102' title='bbox 599 1709 704 1773; x_wconf 83' lang='lat' dir='ltr'><strong>vel</strong></span> <span class='ocrx_word' id='word_1_103' title='bbox 741 1710 946 1774; x_wconf 86' lang='lat' dir='ltr'><strong>animi</strong></span> <span class='ocrx_word' id='word_1_104' title='bbox 981 1709 1088 1773; x_wconf 76' lang='lat' dir='ltr'><strong>vel</strong></span> <span class='ocrx_word' id='word_1_105' title='bbox 1125 1709 1416 1792; x_wconf 88' lang='lat' dir='ltr'><strong>corporis</strong></span> <span class='ocrx_word' id='word_1_106' title='bbox 1459 1707 1635 1772; x_wconf 78' lang='lat' dir='ltr'><strong>ferre</strong></span> <span class='ocrx_word' id='word_1_107' title='bbox 1669 1718 1900 1791; x_wconf 84' lang='lat' dir='ltr'><strong>potest,</strong></span> <span class='ocrx_word' id='word_1_108' title='bbox 1945 1708 2060 1773; x_wconf 86' lang='lat' dir='ltr'><strong>sed</strong></span> <span class='ocrx_word' id='word_1_109' title='bbox 2095 1711 2294 1775; x_wconf 86' lang='lat' dir='ltr'><strong>etiam</strong></span> <span class='ocrx_word' id='word_1_110' title='bbox 2331 1710 2561 1775; x_wconf 89' lang='lat' dir='ltr'><strong>multis</strong></span> 
     </span>
    </p>
   </div>
   <div class='ocr_carea' id='block_1_3' title="bbox 593 2032 2563 5402">
    <p class='ocr_par' dir='ltr' id='par_1_3' title="bbox 593 2032 2563 5402">
     <span class='ocr_line' id='line_1_16' title="bbox 596 2032 2559 2103; baseline 0 -14"><span class='ocrx_word' id='word_1_111' title='bbox 596 2033 781 2089; x_wconf 72' lang='lat'><strong>8808.</strong></span> <span class='ocrx_word' id='word_1_112' title='bbox 815 2035 871 2098; x_wconf 90' lang='lat' dir='ltr'><strong>l)</strong></span> <span class='ocrx_word' id='word_1_113' title='bbox 907 2033 1164 2103; x_wconf 65' lang='lat' dir='ltr'><strong>Lanam</strong></span> <span class='ocrx_word' id='word_1_114' title='bbox 1195 2032 1282 2085; x_wconf 72' lang='lat'><strong>23.</strong></span> <span class='ocrx_word' id='word_1_115' title='bbox 1321 2033 1449 2087; x_wconf 68' lang='lat' dir='ltr'><strong>Iun.</strong></span> <span class='ocrx_word' id='word_1_116' title='bbox 1481 2033 1576 2099; x_wconf 83' lang='grc' dir='ltr'><strong>(ΙΙ.</strong></span> <span class='ocrx_word' id='word_1_117' title='bbox 1616 2032 1771 2095; x_wconf 72' lang='lat' dir='ltr'><strong>me).-</strong></span> <span class='ocrx_word' id='word_1_118' title='bbox 1813 2033 1946 2087; x_wconf 82' lang='lat' dir='ltr'><strong>Heri</strong></span> <span class='ocrx_word' id='word_1_119' title='bbox 1995 2034 2132 2089; x_wconf 88' lang='lat' dir='ltr'><strong>redii</strong></span> <span class='ocrx_word' id='word_1_120' title='bbox 2179 2051 2247 2088; x_wconf 90' lang='lat' dir='ltr'><strong>ex</strong></span> <span class='ocrx_word' id='word_1_121' title='bbox 2295 2037 2420 2089; x_wconf 87' lang='lat' dir='ltr'><strong>aula</strong></span> <span class='ocrx_word' id='word_1_122' title='bbox 2467 2035 2559 2093; x_wconf 88' lang='lat' dir='ltr'><strong>ubi</strong></span> 
     </span>
     <span class='ocr_line' id='line_1_17' title="bbox 737 2103 2557 2158; baseline 0 0"><span class='ocrx_word' id='word_1_123' title='bbox 737 2104 1013 2158; x_wconf 81' lang='lat' dir='ltr'><strong>octiduum</strong></span> <span class='ocrx_word' id='word_1_124' title='bbox 1063 2103 1344 2155; x_wconf 82' lang='lat' dir='ltr'><strong>haeseram</strong></span> <span class='ocrx_word' id='word_1_125' title='bbox 1380 2110 1442 2155; x_wconf 91' lang='lat' dir='ltr'><strong>ut</strong></span> <span class='ocrx_word' id='word_1_126' title='bbox 1487 2104 1724 2156; x_wconf 80' lang='lat' dir='ltr'><strong>certiora</strong></span> <span class='ocrx_word' id='word_1_127' title='bbox 1757 2103 2004 2157; x_wconf 87' lang='lat' dir='ltr'><strong>audirem</strong></span> <span class='ocrx_word' id='word_1_128' title='bbox 2039 2104 2108 2158; x_wconf 91' lang='lat' dir='ltr'><strong>de</strong></span> <span class='ocrx_word' id='word_1_129' title='bbox 2151 2104 2557 2158; x_wconf 57' lang='lat' dir='ltr'><strong>deliberationi·</strong></span> 
     </span>
     <span class='ocr_line' id='line_1_18' title="bbox 595 2120 2560 2241; baseline 0 -14"><span class='ocrx_word' id='word_1_130' title='bbox 595 2120 700 2227; x_wconf 55' lang='lat' dir='ltr'><strong>gg:</strong></span> <span class='ocrx_word' id='word_1_131' title='bbox 735 2172 808 2227; x_wconf 89' lang='lat' dir='ltr'><strong>ob</strong></span> <span class='ocrx_word' id='word_1_132' title='bbox 845 2188 980 2241; x_wconf 85' lang='lat' dir='ltr'><strong>quas</strong></span> <span class='ocrx_word' id='word_1_133' title='bbox 1017 2187 1084 2225; x_wconf 89' lang='lat' dir='ltr'><strong>ex</strong></span> <span class='ocrx_word' id='word_1_134' title='bbox 1121 2171 1372 2224; x_wconf 90' lang='lat' dir='ltr'><strong>omnibus</strong></span> <span class='ocrx_word' id='word_1_135' title='bbox 1419 2172 1777 2240; x_wconf 79' lang='lat' dir='ltr'><strong>parlamentis</strong></span> <span class='ocrx_word' id='word_1_136' title='bbox 1822 2174 2104 2225; x_wconf 75' lang='lat' dir='ltr'><strong>convocati</strong></span> <span class='ocrx_word' id='word_1_137' title='bbox 2145 2180 2302 2227; x_wconf 84' lang='lat' dir='ltr'><strong>erant</strong></span> <span class='ocrx_word' id='word_1_138' title='bbox 2347 2174 2420 2226; x_wconf 81' lang='lat' dir='ltr'><strong>ali</strong></span> <span class='ocrx_word' id='word_1_139' title='bbox 2464 2180 2560 2228; x_wconf 93' lang='lat' dir='ltr'><strong>uot</strong></span> 
     </span>
     <span class='ocr_line' id='line_1_19' title="bbox 597 2238 2558 2311; baseline 0 -16"><span class='ocrx_word' id='word_1_140' title='bbox 597 2246 882 2295; x_wconf 77' lang='lat' dir='ltr'><strong>senatores</strong></span> <span class='ocrx_word' id='word_1_141' title='bbox 919 2281 933 2295; x_wconf 87' lang='lat'><strong>.</strong></span> <span class='ocrx_word' id='word_1_142' title='bbox 970 2281 988 2297; x_wconf 84' lang='lat'><strong>.</strong></span> <span class='ocrx_word' id='word_1_143' title='bbox 1025 2280 1036 2291; x_wconf 93' lang='lat'>.</span> <span class='ocrx_word' id='word_1_144' title='bbox 1079 2280 1091 2292; x_wconf 90' lang='lat'>.</span> <span class='ocrx_word' id='word_1_145' title='bbox 1147 2238 1321 2294; x_wconf 77' lang='lat' dir='ltr'><strong>Nemo</strong></span> <span class='ocrx_word' id='word_1_146' title='bbox 1375 2241 1830 2310; x_wconf 81' lang='lat' dir='ltr'><strong>intemperantius</strong></span> <span class='ocrx_word' id='word_1_147' title='bbox 1881 2243 2052 2310; x_wconf 86' lang='lat' dir='ltr'><strong>gessit</strong></span> <span class='ocrx_word' id='word_1_148' title='bbox 2101 2258 2162 2295; x_wconf 88' lang='lat' dir='ltr'><strong>se</strong></span> <span class='ocrx_word' id='word_1_149' title='bbox 2210 2258 2373 2311; x_wconf 82' lang='lat' dir='ltr'><strong>quam</strong></span> <span class='ocrx_word' id='word_1_150' title='bbox 2500 2261 2558 2295; x_wconf 91' lang='lat' dir='ltr'><strong>n-</strong></span> 
     </span>
     <span class='ocr_line' id='line_1_20' title="bbox 595 2307 2560 2378; baseline 0 -14"><span class='ocrx_word' id='word_1_151' title='bbox 595 2311 900 2375; x_wconf 82' lang='lat' dir='ltr'><strong>uestabilis,</strong></span> <span class='ocrx_word' id='word_1_152' title='bbox 936 2308 1082 2378; x_wconf 89' lang='lat' dir='ltr'><strong>quod</strong></span> <span class='ocrx_word' id='word_1_153' title='bbox 1119 2307 1306 2373; x_wconf 85' lang='lat' dir='ltr'><strong>miror,</strong></span> <span class='ocrx_word' id='word_1_154' title='bbox 1343 2310 1488 2376; x_wconf 88' lang='lat' dir='ltr'><strong>quod</strong></span> <span class='ocrx_word' id='word_1_155' title='bbox 1524 2316 1774 2377; x_wconf 84' lang='lat' dir='ltr'><strong>tempore</strong></span> <span class='ocrx_word' id='word_1_156' title='bbox 1791 2308 2068 2363; x_wconf 79' lang='lat' dir='ltr'><strong>Franciaci</strong></span> <span class='ocrx_word' id='word_1_157' title='bbox 2086 2318 2144 2363; x_wconf 89' lang='lat' dir='ltr'><strong>et</strong></span> <span class='ocrx_word' id='word_1_158' title='bbox 2165 2309 2386 2365; x_wconf 82' lang='lat' dir='ltr'><strong>Henrici</strong></span> <span class='ocrx_word' id='word_1_159' title='bbox 2420 2327 2560 2365; x_wconf 86' lang='lat' dir='ltr'><strong>sem·</strong></span> 
     </span>
     <span class='ocr_line' id='line_1_21' title="bbox 599 2378 2559 2448; baseline 0 -15"><span class='ocrx_word' id='word_1_160' title='bbox 599 2396 700 2448; x_wconf 90' lang='lat' dir='ltr'><strong>per</strong></span> <span class='ocrx_word' id='word_1_161' title='bbox 735 2380 791 2433; x_wconf 87' lang='lat' dir='ltr'><strong>in</strong></span> <span class='ocrx_word' id='word_1_162' title='bbox 828 2378 930 2433; x_wconf 81' lang='lat' dir='ltr'><strong>hac</strong></span> <span class='ocrx_word' id='word_1_163' title='bbox 965 2394 1126 2431; x_wconf 82' lang='lat' dir='ltr'><strong>causa</strong></span> <span class='ocrx_word' id='word_1_164' title='bbox 1161 2378 1262 2430; x_wconf 81' lang='lat' dir='ltr'><strong>fuit</strong></span> <span class='ocrx_word' id='word_1_165' title='bbox 1298 2378 1780 2433; x_wconf 67' lang='lat' dir='ltr'><strong>moderatissimus.</strong></span> <span class='ocrx_word' id='word_1_166' title='bbox 1841 2379 2050 2433; x_wconf 76' lang='lat' dir='ltr'><strong>Acerbe</strong></span> <span class='ocrx_word' id='word_1_167' title='bbox 2083 2380 2411 2448; x_wconf 75' lang='lat' dir='ltr'><strong>perstrinxit</strong></span> <span class='ocrx_word' id='word_1_168' title='bbox 2443 2396 2559 2433; x_wconf 87' lang='lat' dir='ltr'><strong>om·</strong></span> 
     </span>
     <span class='ocr_line' id='line_1_22' title="bbox 598 2448 2558 2586; baseline 0 -15"><span class='ocrx_word' id='word_1_169' title='bbox 598 2449 1098 2571; x_wconf 53' lang='grc' dir='ltr'><strong>ξοῗῑθὲἱεὲἔίω</strong></span> <span class='ocrx_word' id='word_1_170' title='bbox 1135 2458 1378 2568; x_wconf 66' lang='grc' dir='ltr'><strong>’ἰὲἳῖΐ</strong></span> <span class='ocrx_word' id='word_1_171' title='bbox 1413 2456 1610 2569; x_wconf 62' lang='lat'><strong>25:¹²3</strong></span> <span class='ocrx_word' id='word_1_172' title='bbox 1647 2448 2438 2586; x_wconf 47' lang='lat' dir='ltr'><strong>{zssfflfflfflfffflss</strong></span> <span class='ocrx_word' id='word_1_173' title='bbox 2471 2464 2558 2571; x_wconf 62' lang='lat'><strong>22·</strong></span> 
     </span>
     <span class='ocr_line' id='line_1_23' title="bbox 593 2582 2559 2707; baseline 0.001 -69"><span class='ocrx_word' id='word_1_174' title='bbox 593 2601 854 2707; x_wconf 49' lang='lat' dir='ltr'><strong>offensum</strong></span> <span class='ocrx_word' id='word_1_175' title='bbox 891 2625 904 2638; x_wconf 87' lang='lat'><strong>.</strong></span> <span class='ocrx_word' id='word_1_176' title='bbox 941 2625 952 2636; x_wconf 93' lang='lat'>.</span> <span class='ocrx_word' id='word_1_177' title='bbox 993 2625 1006 2637; x_wconf 89' lang='lat'><strong>.</strong></span> <span class='ocrx_word' id='word_1_178' title='bbox 1045 2624 1056 2636; x_wconf 91' lang='lat'><strong>.</strong></span> <span class='ocrx_word' id='word_1_179' title='bbox 1109 2582 1478 2638; x_wconf 78' lang='lat' dir='ltr'><strong>Ferrariensis</strong></span> <span class='ocrx_word' id='word_1_180' title='bbox 1529 2590 1584 2636; x_wconf 87' lang='lat' dir='ltr'><strong>et</strong></span> <span class='ocrx_word' id='word_1_181' title='bbox 1639 2584 1948 2637; x_wconf 85' lang='lat' dir='ltr'><strong>Turnonius</strong></span> <span class='ocrx_word' id='word_1_182' title='bbox 2000 2585 2314 2640; x_wconf 69' lang='lat' dir='ltr'><strong>cardinales</strong></span> <span class='ocrx_word' id='word_1_183' title='bbox 2368 2585 2559 2640; x_wconf 83' lang='lat' dir='ltr'><strong>eadem</strong></span> 
     </span>
     <span class='ocr_line' id='line_1_24' title="bbox 655 2653 2558 2722; baseline -0.001 -14"><span class='ocrx_word' id='word_1_184' title='bbox 655 2660 855 2708; x_wconf 84' lang='lat' dir='ltr'><strong>xerunt</strong></span> <span class='ocrx_word' id='word_1_185' title='bbox 888 2668 1030 2722; x_wconf 85' lang='lat' dir='ltr'><strong>quae</strong></span> <span class='ocrx_word' id='word_1_186' title='bbox 1065 2653 1463 2707; x_wconf 58' lang='lat' dir='ltr'><strong>Connaetmilis</strong></span> <span class='ocrx_word' id='word_1_187' title='bbox 1498 2653 1594 2705; x_wconf 87' lang='lat' dir='ltr'><strong>sed</strong></span> <span class='ocrx_word' id='word_1_188' title='bbox 1629 2653 1978 2707; x_wconf 79' lang='lat' dir='ltr'><strong>moderatius.</strong></span> <span class='ocrx_word' id='word_1_189' title='bbox 2049 2653 2304 2708; x_wconf 79' lang='lat' dir='ltr'><strong>Nostram</strong></span> <span class='ocrx_word' id='word_1_190' title='bbox 2339 2670 2558 2707; x_wconf 79' lang='lat' dir='ltr'><strong>causam</strong></span> 
     </span>
     <span class='ocr_line' id='line_1_25' title="bbox 595 2721 2559 2791; baseline -0.001 -14"><span class='ocrx_word' id='word_1_191' title='bbox 595 2724 963 2777; x_wconf 78' lang='lat' dir='ltr'><strong>eruditissime</strong></span> <span class='ocrx_word' id='word_1_192' title='bbox 1011 2732 1242 2789; x_wconf 86' lang='lat' dir='ltr'><strong>egerunt</strong></span> <span class='ocrx_word' id='word_1_193' title='bbox 1287 2721 1560 2776; x_wconf 78' lang='lat' dir='ltr'><strong>Arnoldus</strong></span> <span class='ocrx_word' id='word_1_194' title='bbox 1605 2722 1907 2787; x_wconf 71' lang='lat' dir='ltr'><strong>Feri-erius,</strong></span> <span class='ocrx_word' id='word_1_195' title='bbox 1959 2722 2290 2791; x_wconf 79' lang='lat' dir='ltr'><strong>Pomponius</strong></span> <span class='ocrx_word' id='word_1_196' title='bbox 2334 2732 2559 2777; x_wconf 87' lang='lat' dir='ltr'><strong>senator</strong></span> 
     </span>
     <span class='ocr_line' id='line_1_26' title="bbox 593 2790 2559 2860; baseline -0.001 -13"><span class='ocrx_word' id='word_1_197' title='bbox 593 2792 958 2855; x_wconf 79' lang='lat' dir='ltr'><strong>Divioneusis,</strong></span> <span class='ocrx_word' id='word_1_198' title='bbox 995 2792 1092 2844; x_wconf 82' lang='lat' dir='ltr'><strong>sed</strong></span> <span class='ocrx_word' id='word_1_199' title='bbox 1131 2792 1371 2845; x_wconf 81' lang='lat' dir='ltr'><strong>omnium</strong></span> <span class='ocrx_word' id='word_1_200' title='bbox 1408 2790 1882 2845; x_wconf 75' lang='lat' dir='ltr'><strong>vehementissime</strong></span> <span class='ocrx_word' id='word_1_201' title='bbox 1919 2792 2206 2860; x_wconf 84' lang='lat' dir='ltr'><strong>episcopus</strong></span> <span class='ocrx_word' id='word_1_202' title='bbox 2237 2792 2559 2846; x_wconf 82' lang='lat' dir='ltr'><strong>Valentinus</strong></span> 
     </span>
     <span class='ocr_line' id='line_1_27' title="bbox 596 2859 2558 2940; baseline -0.002 -23"><span class='ocrx_word' id='word_1_203' title='bbox 596 2861 905 2927; x_wconf 67' lang='lat' dir='ltr'><strong>(Monam)</strong></span> <span class='ocrx_word' id='word_1_204' title='bbox 941 2860 1034 2930; x_wconf 86' lang='lat' dir='ltr'><strong>qui</strong></span> <span class='ocrx_word' id='word_1_205' title='bbox 1081 2876 1146 2913; x_wconf 91' lang='lat' dir='ltr'><strong>eo</strong></span> <span class='ocrx_word' id='word_1_206' title='bbox 1193 2866 1279 2912; x_wconf 89' lang='lat' dir='ltr'><strong>est</strong></span> <span class='ocrx_word' id='word_1_207' title='bbox 1319 2866 1611 2940; x_wconf 75' lang='lat' dir='ltr'><strong>provectus</strong></span> <span class='ocrx_word' id='word_1_208' title='bbox 1655 2870 1716 2913; x_wconf 91' lang='lat' dir='ltr'><strong>ut</strong></span> <span class='ocrx_word' id='word_1_209' title='bbox 1749 2859 1955 2913; x_wconf 80' lang='lat' dir='ltr'><strong>dixerit</strong></span> <span class='ocrx_word' id='word_1_210' title='bbox 2072 2861 2310 2915; x_wconf 82' lang='lat' dir='ltr'><strong>ntiflcem</strong></span> <span class='ocrx_word' id='word_1_211' title='bbox 2346 2868 2403 2914; x_wconf 88' lang='lat' dir='ltr'><strong>et</strong></span> <span class='ocrx_word' id='word_1_212' title='bbox 2440 2861 2558 2915; x_wconf 88' lang='lat' dir='ltr'><strong>eius</strong></span> 
     </span>
     <span class='ocr_line' id='line_1_28' title="bbox 593 2926 2557 2998; baseline -0.001 -14"><span class='ocrx_word' id='word_1_213' title='bbox 593 2930 875 2987; x_wconf 85' lang='lat' dir='ltr'><strong>ministros</strong></span> <span class='ocrx_word' id='word_1_214' title='bbox 924 2944 1045 2981; x_wconf 84' lang='lat' dir='ltr'><strong>esse</strong></span> <span class='ocrx_word' id='word_1_215' title='bbox 1090 2928 1233 2982; x_wconf 75' lang='lat' dir='ltr'><strong>ovile</strong></span> <span class='ocrx_word' id='word_1_216' title='bbox 1278 2927 1478 2983; x_wconf 75' lang='lat' dir='ltr'><strong>diaboli</strong></span> <span class='ocrx_word' id='word_1_217' title='bbox 1528 2943 1648 2981; x_wconf 87' lang='lat' dir='ltr'><strong>cum</strong></span> <span class='ocrx_word' id='word_1_218' title='bbox 1699 2926 1892 2998; x_wconf 87' lang='lat' dir='ltr'><strong>quihus</strong></span> <span class='ocrx_word' id='word_1_219' title='bbox 1943 2929 1996 2982; x_wconf 92' lang='lat' dir='ltr'><strong>ni</strong></span> <span class='ocrx_word' id='word_1_220' title='bbox 2041 2928 2075 2982; x_wconf 83' lang='lat' dir='ltr'><strong>‘l</strong></span> <span class='ocrx_word' id='word_1_221' title='bbox 2105 2930 2240 2983; x_wconf 81' lang='lat' dir='ltr'><strong>velit</strong></span> <span class='ocrx_word' id='word_1_222' title='bbox 2281 2930 2388 2983; x_wconf 87' lang='lat' dir='ltr'><strong>sibi</strong></span> <span class='ocrx_word' id='word_1_223' title='bbox 2435 2945 2557 2983; x_wconf 87' lang='lat' dir='ltr'><strong>esse</strong></span> 
     </span>
     <span class='ocr_line' id='line_1_29' title="bbox 593 2995 2557 3068; baseline -0.003 -14"><span class='ocrx_word' id='word_1_224' title='bbox 593 3014 896 3054; x_wconf 90' lang='lat' dir='ltr'><strong>commune.</strong></span> <span class='ocrx_word' id='word_1_225' title='bbox 953 2996 1198 3051; x_wconf 77' lang='lat' dir='ltr'><strong>Fuerunt</strong></span> <span class='ocrx_word' id='word_1_226' title='bbox 1217 2995 1287 3050; x_wconf 75' lang='lat'><strong>49</strong></span> <span class='ocrx_word' id='word_1_227' title='bbox 1310 2997 1402 3067; x_wconf 91' lang='lat' dir='ltr'><strong>qui</strong></span> <span class='ocrx_word' id='word_1_228' title='bbox 1429 2998 1758 3051; x_wconf 66' lang='lat' dir='ltr'><strong>mutentiam</strong></span> <span class='ocrx_word' id='word_1_229' title='bbox 1780 2996 2053 3063; x_wconf 86' lang='lat' dir='ltr'><strong>dixerunt,</strong></span> <span class='ocrx_word' id='word_1_230' title='bbox 2079 2998 2557 3068; x_wconf 82' lang='lat' dir='ltr'><strong>quinquagesimus</strong></span> 
     </span>
     <span class='ocr_line' id='line_1_30' title="bbox 595 3065 2559 3136; baseline -0.002 -12"><span class='ocrx_word' id='word_1_231' title='bbox 595 3071 742 3124; x_wconf 87' lang='lat' dir='ltr'><strong>enim</strong></span> <span class='ocrx_word' id='word_1_232' title='bbox 777 3068 1115 3136; x_wconf 85' lang='lat' dir='ltr'><strong>aegrotabat.</strong></span> <span class='ocrx_word' id='word_1_233' title='bbox 1173 3067 1258 3121; x_wconf 77' lang='lat' dir='ltr'><strong>Ex</strong></span> <span class='ocrx_word' id='word_1_234' title='bbox 1283 3067 1350 3120; x_wconf 84' lang='lat' dir='ltr'><strong>iis</strong></span> <span class='ocrx_word' id='word_1_235' title='bbox 1369 3065 1440 3120; x_wconf 75' lang='lat'><strong>22</strong></span> <span class='ocrx_word' id='word_1_236' title='bbox 1461 3075 1790 3121; x_wconf 87' lang='lat' dir='ltr'><strong>censuerunt</strong></span> <span class='ocrx_word' id='word_1_237' title='bbox 1824 3069 2028 3122; x_wconf 79' lang='lat' dir='ltr'><strong>nostris</strong></span> <span class='ocrx_word' id='word_1_238' title='bbox 2063 3085 2184 3122; x_wconf 85' lang='lat' dir='ltr'><strong>esse</strong></span> <span class='ocrx_word' id='word_1_239' title='bbox 2211 3067 2559 3122; x_wconf 83' lang='lat' dir='ltr'><strong>concedenda</strong></span> 
     </span>
     <span class='ocr_line' id='line_1_31' title="bbox 597 3135 2557 3217; baseline -0.002 -25"><span class='ocrx_word' id='word_1_240' title='bbox 597 3139 832 3208; x_wconf 84' lang='lat' dir='ltr'><strong>templa:</strong></span> <span class='ocrx_word' id='word_1_241' title='bbox 891 3137 1126 3190; x_wconf 89' lang='lat' dir='ltr'><strong>sedecim</strong></span> <span class='ocrx_word' id='word_1_242' title='bbox 1178 3146 1446 3204; x_wconf 85' lang='lat' dir='ltr'><strong>negarunt</strong></span> <span class='ocrx_word' id='word_1_243' title='bbox 1497 3135 1734 3205; x_wconf 89' lang='lat' dir='ltr'><strong>quidem,</strong></span> <span class='ocrx_word' id='word_1_244' title='bbox 1790 3153 1898 3190; x_wconf 90' lang='lat' dir='ltr'><strong>non</strong></span> <span class='ocrx_word' id='word_1_245' title='bbox 1951 3143 2132 3190; x_wconf 81' lang='lat' dir='ltr'><strong>tamen</strong></span> <span class='ocrx_word' id='word_1_246' title='bbox 2185 3136 2557 3217; x_wconf 80' lang='lat' dir='ltr'><strong>prohibendos</strong></span> 
     </span>
     <span class='ocr_line' id='line_1_32' title="bbox 596 3205 2555 3344; baseline -0.008 -14"><span class='ocrx_word' id='word_1_247' title='bbox 596 3224 718 3330; x_wconf 62' lang='grc' dir='ltr'><strong>ετ</strong></span> <span class='ocrx_word' id='word_1_248' title='bbox 731 3211 1196 3330; x_wconf 53' lang='lat' dir='ltr'><strong>maxx</strong></span> <span class='ocrx_word' id='word_1_249' title='bbox 1234 3205 2555 3344; x_wconf 38' lang='lat' dir='ltr'><strong>&amp;affimant-smegma</strong></span> 
     </span>
     <span class='ocr_line' id='line_1_33' title="bbox 597 3342 2555 3411; baseline -0.002 -12"><span class='ocrx_word' id='word_1_250' title='bbox 597 3346 700 3399; x_wconf 84' lang='lat' dir='ltr'><strong>bus</strong></span> <span class='ocrx_word' id='word_1_251' title='bbox 748 3348 834 3396; x_wconf 73' lang='lat' dir='ltr'><strong>est</strong></span> <span class='ocrx_word' id='word_1_252' title='bbox 881 3343 1098 3397; x_wconf 72' lang='lat' dir='ltr'><strong>factum.</strong></span> <span class='ocrx_word' id='word_1_253' title='bbox 1175 3342 1391 3411; x_wconf 76' lang='lat' dir='ltr'><strong>Reliqui</strong></span> <span class='ocrx_word' id='word_1_254' title='bbox 1439 3342 1687 3396; x_wconf 77' lang='lat' dir='ltr'><strong>undecim</strong></span> <span class='ocrx_word' id='word_1_255' title='bbox 1735 3342 1995 3396; x_wconf 84' lang='lat' dir='ltr'><strong>dixerunt</strong></span> <span class='ocrx_word' id='word_1_256' title='bbox 2039 3343 2397 3397; x_wconf 86' lang='lat' dir='ltr'><strong>insistendum</strong></span> <span class='ocrx_word' id='word_1_257' title='bbox 2433 3358 2555 3397; x_wconf 80' lang='lat' dir='ltr'><strong>esse</strong></span> 
     </span>
     <span class='ocr_line' id='line_1_34' title="bbox 595 3411 2557 3480; baseline -0.002 -13"><span class='ocrx_word' id='word_1_258' title='bbox 595 3415 781 3467; x_wconf 83' lang='lat' dir='ltr'><strong>edicto</strong></span> <span class='ocrx_word' id='word_1_259' title='bbox 816 3413 962 3465; x_wconf 75' lang='lat' dir='ltr'><strong>facto</strong></span> <span class='ocrx_word' id='word_1_260' title='bbox 997 3413 1190 3464; x_wconf 79' lang='lat' dir='ltr'><strong>ultima</strong></span> <span class='ocrx_word' id='word_1_261' title='bbox 1223 3412 1314 3464; x_wconf 87' lang='lat' dir='ltr'><strong>die</strong></span> <span class='ocrx_word' id='word_1_262' title='bbox 1348 3412 1492 3475; x_wconf 80' lang='lat' dir='ltr'><strong>Iulii,</strong></span> <span class='ocrx_word' id='word_1_263' title='bbox 1537 3413 1574 3464; x_wconf 88' lang='lat' dir='ltr'><strong>i.</strong></span> <span class='ocrx_word' id='word_1_264' title='bbox 1611 3427 1660 3465; x_wconf 85' lang='lat' dir='ltr'><strong>e.</strong></span> <span class='ocrx_word' id='word_1_265' title='bbox 1696 3411 2064 3480; x_wconf 82' lang='lat' dir='ltr'><strong>prohibendos</strong></span> <span class='ocrx_word' id='word_1_266' title='bbox 2099 3428 2219 3465; x_wconf 86' lang='lat' dir='ltr'><strong>esse</strong></span> <span class='ocrx_word' id='word_1_267' title='bbox 2253 3419 2557 3466; x_wconf 80' lang='lat' dir='ltr'><strong>conventus</strong></span> 
     </span>
     <span class='ocr_line' id='line_1_35' title="bbox 595 3480 2556 3550; baseline -0.002 -12"><span class='ocrx_word' id='word_1_268' title='bbox 595 3493 656 3538; x_wconf 86' lang='lat' dir='ltr'><strong>et</strong></span> <span class='ocrx_word' id='word_1_269' title='bbox 689 3480 987 3536; x_wconf 84' lang='lat' dir='ltr'><strong>mittendos</strong></span> <span class='ocrx_word' id='word_1_270' title='bbox 1033 3482 1088 3534; x_wconf 89' lang='lat' dir='ltr'><strong>in</strong></span> <span class='ocrx_word' id='word_1_271' title='bbox 1125 3481 1375 3536; x_wconf 81' lang='lat' dir='ltr'><strong>exsilium</strong></span> <span class='ocrx_word' id='word_1_272' title='bbox 1412 3480 1506 3550; x_wconf 86' lang='lat' dir='ltr'><strong>qni</strong></span> <span class='ocrx_word' id='word_1_273' title='bbox 1542 3498 1576 3532; x_wconf 89' lang='lat' dir='ltr'><strong>a</strong></span> <span class='ocrx_word' id='word_1_274' title='bbox 1611 3496 1745 3535; x_wconf 89' lang='lat' dir='ltr'><strong>rom.</strong></span> <span class='ocrx_word' id='word_1_275' title='bbox 1782 3480 2045 3549; x_wconf 78' lang='lat' dir='ltr'><strong>religione</strong></span> <span class='ocrx_word' id='word_1_276' title='bbox 2081 3481 2410 3534; x_wconf 75' lang='lat' dir='ltr'><strong>defecerunt.</strong></span> <span class='ocrx_word' id='word_1_277' title='bbox 2482 3480 2556 3534; x_wconf 87' lang='lat' dir='ltr'><strong>Hi</strong></span> 
     </span>
     <span class='ocr_line' id='line_1_36' title="bbox 597 3549 2555 3622; baseline -0.001 -17"><span class='ocrx_word' id='word_1_278' title='bbox 597 3569 764 3622; x_wconf 87' lang='lat' dir='ltr'><strong>quum</strong></span> <span class='ocrx_word' id='word_1_279' title='bbox 811 3549 1066 3604; x_wconf 81' lang='lat' dir='ltr'><strong>viderent</strong></span> <span class='ocrx_word' id='word_1_280' title='bbox 1109 3567 1168 3603; x_wconf 85' lang='lat' dir='ltr'><strong>se</strong></span> <span class='ocrx_word' id='word_1_281' title='bbox 1214 3566 1438 3604; x_wconf 90' lang='lat' dir='ltr'><strong>numero</strong></span> <span class='ocrx_word' id='word_1_282' title='bbox 1486 3550 1750 3618; x_wconf 84' lang='lat' dir='ltr'><strong>superari,</strong></span> <span class='ocrx_word' id='word_1_283' title='bbox 1798 3550 2199 3604; x_wconf 89' lang='lat' dir='ltr'><strong>coniunxerunt</strong></span> <span class='ocrx_word' id='word_1_284' title='bbox 2243 3566 2304 3603; x_wconf 86' lang='lat' dir='ltr'><strong>se</strong></span> <span class='ocrx_word' id='word_1_285' title='bbox 2349 3549 2417 3603; x_wconf 85' lang='lat' dir='ltr'><strong>iis</strong></span> <span class='ocrx_word' id='word_1_286' title='bbox 2461 3550 2555 3618; x_wconf 89' lang='lat' dir='ltr'><strong>qui</strong></span> 
     </span>
     <span class='ocr_line' id='line_1_37' title="bbox 595 3617 2556 3687; baseline -0.003 -12"><span class='ocrx_word' id='word_1_287' title='bbox 595 3629 922 3675; x_wconf 84' lang='lat' dir='ltr'><strong>censuerant</strong></span> <span class='ocrx_word' id='word_1_288' title='bbox 966 3634 1084 3671; x_wconf 85' lang='lat' dir='ltr'><strong>esse</strong></span> <span class='ocrx_word' id='word_1_289' title='bbox 1129 3617 1527 3671; x_wconf 81' lang='lat' dir='ltr'><strong>connivendum</strong></span> <span class='ocrx_word' id='word_1_290' title='bbox 1562 3625 1618 3670; x_wconf 86' lang='lat' dir='ltr'><strong>et</strong></span> <span class='ocrx_word' id='word_1_291' title='bbox 1661 3618 1742 3671; x_wconf 87' lang='lat' dir='ltr'><strong>sic</strong></span> <span class='ocrx_word' id='word_1_292' title='bbox 1775 3617 1910 3672; x_wconf 76' lang='lat' dir='ltr'><strong>haec</strong></span> <span class='ocrx_word' id='word_1_293' title='bbox 1954 3620 2227 3672; x_wconf 85' lang='lat' dir='ltr'><strong>sententia</strong></span> <span class='ocrx_word' id='word_1_294' title='bbox 2260 3618 2363 3671; x_wconf 80' lang='lat' dir='ltr'><strong>fuit</strong></span> <span class='ocrx_word' id='word_1_295' title='bbox 2397 3634 2556 3687; x_wconf 86' lang='lat' dir='ltr'><strong>supe·</strong></span> 
     </span>
     <span class='ocr_line' id='line_1_38' title="bbox 597 3686 2556 3756; baseline -0.002 -14"><span class='ocrx_word' id='word_1_296' title='bbox 597 3691 728 3743; x_wconf 85' lang='lat' dir='ltr'><strong>rior.</strong></span> <span class='ocrx_word' id='word_1_297' title='bbox 791 3688 1018 3742; x_wconf 77' lang='lat' dir='ltr'><strong>Factum</strong></span> <span class='ocrx_word' id='word_1_298' title='bbox 1051 3693 1134 3741; x_wconf 81' lang='lat' dir='ltr'><strong>est</strong></span> <span class='ocrx_word' id='word_1_299' title='bbox 1171 3687 1340 3754; x_wconf 79' lang='lat' dir='ltr'><strong>igitur</strong></span> <span class='ocrx_word' id='word_1_300' title='bbox 1373 3686 1652 3741; x_wconf 82' lang='lat' dir='ltr'><strong>decretum</strong></span> <span class='ocrx_word' id='word_1_301' title='bbox 1689 3703 1798 3756; x_wconf 91' lang='lat' dir='ltr'><strong>quo</strong></span> <span class='ocrx_word' id='word_1_302' title='bbox 1833 3686 2181 3740; x_wconf 77' lang='lat' dir='ltr'><strong>interdicitur</strong></span> <span class='ocrx_word' id='word_1_303' title='bbox 2215 3686 2417 3741; x_wconf 80' lang='lat' dir='ltr'><strong>nostris</strong></span> <span class='ocrx_word' id='word_1_304' title='bbox 2453 3686 2556 3741; x_wconf 89' lang='lat' dir='ltr'><strong>sub</strong></span> 
     </span>
     <span class='ocr_line' id='line_1_39' title="bbox 599 3754 2559 3880; baseline -0.001 -71"><span class='ocrx_word' id='word_1_305' title='bbox 599 3775 777 3880; x_wconf 60' lang='lat' dir='ltr'><strong>poen:t</strong></span> <span class='ocrx_word' id='word_1_306' title='bbox 811 3756 1353 3878; x_wconf 43' lang='lat' dir='ltr'><strong>“qim-”mmpb</strong></span> <span class='ocrx_word' id='word_1_307' title='bbox 1387 3757 1444 3808; x_wconf 91' lang='lat' dir='ltr'><strong>in</strong></span> <span class='ocrx_word' id='word_1_308' title='bbox 1468 3754 1700 3876; x_wconf 53' lang='lat' dir='ltr'><strong>urbibu‘:</strong></span> <span class='ocrx_word' id='word_1_309' title='bbox 1728 3756 2133 3878; x_wconf 47' lang='lat' dir='ltr'><strong>mrssuzissnrbm</strong></span> <span class='ocrx_word' id='word_1_310' title='bbox 2161 3762 2439 3878; x_wconf 56' lang='grc' dir='ltr'>ἓᾳοιιὲκίιιι</span> <span class='ocrx_word' id='word_1_311' title='bbox 2461 3764 2559 3837; x_wconf 77' lang='lat' dir='ltr'><strong>aut</strong></span> 
     </span>
     <span class='ocr_line' id='line_1_40' title="bbox 598 3841 2440 3892; baseline -0.002 -11"><span class='ocrx_word' id='word_1_312' title='bbox 598 3841 1068 3892; x_wconf 75' lang='lat' dir='ltr'><strong>conruan,iu</strong></span> <span class='ocrx_word' id='word_1_313' title='bbox 1204 3841 1568 3879; x_wconf 87' lang='lat' dir='ltr'><strong>urueoccu</strong></span> <span class='ocrx_word' id='word_1_314' title='bbox 1963 3841 2074 3879; x_wconf 87' lang='lat' dir='ltr'><strong>ere.</strong></span> <span class='ocrx_word' id='word_1_315' title='bbox 2209 3841 2440 3879; x_wconf 77' lang='grc' dir='ltr'>ιοοιι</span> 
     </span>
     <span class='ocr_line' id='line_1_41' title="bbox 597 3840 2558 3963; baseline -0.003 -12"><span class='ocrx_word' id='word_1_316' title='bbox 597 3905 760 3951; x_wconf 83' lang='lat' dir='ltr'><strong>extra</strong></span> <span class='ocrx_word' id='word_1_317' title='bbox 795 3895 960 3947; x_wconf 86' lang='lat' dir='ltr'><strong>urbes</strong></span> <span class='ocrx_word' id='word_1_318' title='bbox 995 3909 1122 3946; x_wconf 86' lang='lat' dir='ltr'><strong>suos</strong></span> <span class='ocrx_word' id='word_1_319' title='bbox 1157 3842 1455 3947; x_wconf 47' lang='lat' dir='ltr'><strong>congentus</strong></span> <span class='ocrx_word' id='word_1_320' title='bbox 1490 3903 1548 3947; x_wconf 83' lang='lat' dir='ltr'><strong>et</strong></span> <span class='ocrx_word' id='word_1_321' title='bbox 1571 3841 1690 3947; x_wconf 56' lang='lat' dir='ltr'><strong>palis</strong></span> <span class='ocrx_word' id='word_1_322' title='bbox 1725 3893 1987 3948; x_wconf 86' lang='lat' dir='ltr'><strong>exercitia</strong></span> <span class='ocrx_word' id='word_1_323' title='bbox 2023 3893 2302 3963; x_wconf 79' lang='lat' dir='ltr'><strong>religionis</strong></span> <span class='ocrx_word' id='word_1_324' title='bbox 2336 3840 2558 3962; x_wconf 56' lang='grc' dir='ltr'>διδωμι-ἲ,</span> 
     </span>
     <span class='ocr_line' id='line_1_42' title="bbox 600 3962 2561 4046; baseline -0.002 -28"><span class='ocrx_word' id='word_1_325' title='bbox 600 3971 658 4018; x_wconf 85' lang='lat' dir='ltr'><strong>et</strong></span> <span class='ocrx_word' id='word_1_326' title='bbox 707 3962 1066 4046; x_wconf 85' lang='lat' dir='ltr'><strong>prohihentur</strong></span> <span class='ocrx_word' id='word_1_327' title='bbox 1111 3977 1300 4016; x_wconf 87' lang='lat' dir='ltr'><strong>omnes</strong></span> <span class='ocrx_word' id='word_1_328' title='bbox 1348 3962 1450 4015; x_wconf 90' lang='lat' dir='ltr'><strong>snb</strong></span> <span class='ocrx_word' id='word_1_329' title='bbox 1499 3977 1674 4031; x_wconf 88' lang='lat' dir='ltr'><strong>poena</strong></span> <span class='ocrx_word' id='word_1_330' title='bbox 1707 3963 1902 4032; x_wconf 76' lang='lat' dir='ltr'><strong>capitis</strong></span> <span class='ocrx_word' id='word_1_331' title='bbox 1952 3963 2092 4016; x_wconf 86' lang='lat' dir='ltr'><strong>tales</strong></span> <span class='ocrx_word' id='word_1_332' title='bbox 2125 3968 2423 4016; x_wconf 79' lang='lat' dir='ltr'><strong>conventus</strong></span> <span class='ocrx_word' id='word_1_333' title='bbox 2461 3963 2561 4015; x_wconf 90' lang='lat' dir='ltr'><strong>im-</strong></span> 
     </span>
     <span class='ocr_line' id='line_1_43' title="bbox 731 4029 2560 4099; baseline -0.002 -11"><span class='ocrx_word' id='word_1_334' title='bbox 731 4048 791 4088; x_wconf 88' lang='lat' dir='ltr'><strong>re</strong></span> <span class='ocrx_word' id='word_1_335' title='bbox 845 4039 940 4086; x_wconf 82' lang='lat' dir='ltr'><strong>aut</strong></span> <span class='ocrx_word' id='word_1_336' title='bbox 989 4030 1215 4084; x_wconf 80' lang='lat' dir='ltr'><strong>turbare</strong></span> <span class='ocrx_word' id='word_1_337' title='bbox 1266 4067 1536 4084; x_wconf 88' lang='lat'><strong>......</strong></span> <span class='ocrx_word' id='word_1_338' title='bbox 1603 4029 1830 4087; x_wconf 64' lang='lat' dir='ltr'><strong>Tecum</strong></span> <span class='ocrx_word' id='word_1_339' title='bbox 1881 4034 1942 4086; x_wconf 73' lang='lat' dir='ltr'><strong>in</strong></span> <span class='ocrx_word' id='word_1_340' title='bbox 2103 4046 2156 4085; x_wconf 73' lang='lat' dir='ltr'><strong>s·</strong></span> <span class='ocrx_word' id='word_1_341' title='bbox 2207 4033 2442 4099; x_wconf 71' lang='lat' dir='ltr'><strong>reperies</strong></span> <span class='ocrx_word' id='word_1_342' title='bbox 2496 4031 2560 4084; x_wconf 70' lang='lat' dir='ltr'><strong>in</strong></span> 
     </span>
     <span class='ocr_line' id='line_1_44' title="bbox 700 4097 2562 4222; baseline 0.002 -70"><span class='ocrx_word' id='word_1_343' title='bbox 700 4117 770 4222; x_wconf 55' lang='grc' dir='ltr'><strong>ἦ.</strong></span> <span class='ocrx_word' id='word_1_344' title='bbox 823 4100 893 4153; x_wconf 74' lang='lat' dir='ltr'><strong>de</strong></span> <span class='ocrx_word' id='word_1_345' title='bbox 947 4098 1132 4154; x_wconf 67' lang='lat' dir='ltr'><strong>Condi</strong></span> <span class='ocrx_word' id='word_1_346' title='bbox 1185 4097 1281 4152; x_wconf 84' lang='lat'>111.</span> <span class='ocrx_word' id='word_1_347' title='bbox 1331 4099 1394 4165; x_wconf 85' lang='lat'><strong>8,·</strong></span> <span class='ocrx_word' id='word_1_348' title='bbox 1456 4098 1604 4154; x_wconf 68' lang='lat' dir='ltr'><strong><em>Hice.</em></strong></span> <span class='ocrx_word' id='word_1_349' title='bbox 1668 4100 1790 4155; x_wconf 75' lang='lat' dir='ltr'><strong>ecel.</strong></span> <span class='ocrx_word' id='word_1_350' title='bbox 1855 4099 1896 4154; x_wconf 86' lang='grc' dir='ltr'><strong>Ι.</strong></span> <span class='ocrx_word' id='word_1_351' title='bbox 1951 4098 2085 4165; x_wconf 79' lang='lat'><strong>64‚·</strong></span> <span class='ocrx_word' id='word_1_352' title='bbox 2151 4099 2330 4168; x_wconf 69' lang='lat' dir='ltr'><strong>Haeo,</strong></span> <span class='ocrx_word' id='word_1_353' title='bbox 2379 4100 2562 4169; x_wconf 65' lang='lat' dir='ltr'><strong>pilose</strong></span> 
     </span>
     <span class='ocr_line' id='line_1_45' title="bbox 598 4174 892 4226; baseline -0.007 0"><span class='ocrx_word' id='word_1_354' title='bbox 598 4187 655 4226; x_wconf 68' lang='lat' dir='ltr'><strong>a.</strong></span> <span class='ocrx_word' id='word_1_355' title='bbox 798 4174 892 4224; x_wconf 76' lang='lat' dir='ltr'><strong>ete.</strong></span> 
     </span>
     <span class='ocr_line' id='line_1_46' title="bbox 807 4233 2557 4306; baseline -0.001 -16"><span class='ocrx_word' id='word_1_356' title='bbox 807 4237 865 4299; x_wconf 78' lang='lat'><strong>2&gt;</strong></span> <span class='ocrx_word' id='word_1_357' title='bbox 903 4235 1156 4304; x_wconf 65' lang='lat' dir='ltr'><strong>Lao-qua</strong></span> <span class='ocrx_word' id='word_1_358' title='bbox 1182 4252 1242 4305; x_wconf 74' lang='lat' dir='ltr'><strong>p.</strong></span> <span class='ocrx_word' id='word_1_359' title='bbox 1290 4233 1416 4288; x_wconf 76' lang='lat'><strong>197.-</strong></span> <span class='ocrx_word' id='word_1_360' title='bbox 1467 4235 1552 4289; x_wconf 78' lang='lat' dir='ltr'><strong>Ex</strong></span> <span class='ocrx_word' id='word_1_361' title='bbox 1604 4237 1671 4290; x_wconf 84' lang='lat' dir='ltr'><strong>iis</strong></span> <span class='ocrx_word' id='word_1_362' title='bbox 1721 4237 1814 4306; x_wconf 89' lang='lat' dir='ltr'><strong>qui</strong></span> <span class='ocrx_word' id='word_1_363' title='bbox 1863 4253 1930 4290; x_wconf 92' lang='lat' dir='ltr'><strong>ex</strong></span> <span class='ocrx_word' id='word_1_364' title='bbox 1977 4237 2330 4306; x_wconf 81' lang='lat' dir='ltr'><strong>parlamentis</strong></span> <span class='ocrx_word' id='word_1_365' title='bbox 2377 4237 2557 4289; x_wconf 78' lang='lat' dir='ltr'><strong>vocati</strong></span> 
     </span>
     <span class='ocr_line' id='line_1_47' title="bbox 599 4303 2560 4374; baseline -0.003 -11"><span class='ocrx_word' id='word_1_366' title='bbox 599 4315 758 4363; x_wconf 84' lang='lat' dir='ltr'><strong>erant</strong></span> <span class='ocrx_word' id='word_1_367' title='bbox 793 4307 1003 4374; x_wconf 78' lang='lat' dir='ltr'><strong>Regina</strong></span> <span class='ocrx_word' id='word_1_368' title='bbox 1036 4313 1093 4358; x_wconf 89' lang='lat' dir='ltr'><strong>et</strong></span> <span class='ocrx_word' id='word_1_369' title='bbox 1129 4303 1408 4358; x_wconf 77' lang='lat' dir='ltr'><strong>Navarrus</strong></span> <span class='ocrx_word' id='word_1_370' title='bbox 1451 4303 1638 4359; x_wconf 87' lang='lat' dir='ltr'><strong>decem</strong></span> <span class='ocrx_word' id='word_1_371' title='bbox 1687 4305 2033 4360; x_wconf 83' lang='lat' dir='ltr'><strong>retinuerunt</strong></span> <span class='ocrx_word' id='word_1_372' title='bbox 2076 4322 2196 4359; x_wconf 86' lang='lat' dir='ltr'><strong>cnm</strong></span> <span class='ocrx_word' id='word_1_373' title='bbox 2234 4304 2430 4374; x_wconf 89' lang='lat' dir='ltr'><strong>quibus</strong></span> <span class='ocrx_word' id='word_1_374' title='bbox 2467 4305 2560 4357; x_wconf 88' lang='lat' dir='ltr'><strong>ad·</strong></span> 
     </span>
     <span class='ocr_line' id='line_1_48' title="bbox 600 4374 2559 4443; baseline -0.003 -12"><span class='ocrx_word' id='word_1_375' title='bbox 600 4377 705 4431; x_wconf 86' lang='lat' dir='ltr'><strong>hue</strong></span> <span class='ocrx_word' id='word_1_376' title='bbox 751 4376 1057 4429; x_wconf 86' lang='lat' dir='ltr'><strong>deliberare</strong></span> <span class='ocrx_word' id='word_1_377' title='bbox 1109 4374 1464 4434; x_wconf 84' lang='lat' dir='ltr'><strong>constituunt,</strong></span> <span class='ocrx_word' id='word_1_378' title='bbox 1517 4381 1576 4427; x_wconf 92' lang='lat' dir='ltr'><strong>et</strong></span> <span class='ocrx_word' id='word_1_379' title='bbox 1620 4375 1812 4428; x_wconf 80' lang='lat' dir='ltr'><strong>volunt</strong></span> <span class='ocrx_word' id='word_1_380' title='bbox 1861 4390 2047 4428; x_wconf 84' lang='lat' dir='ltr'><strong>eoram</strong></span> <span class='ocrx_word' id='word_1_381' title='bbox 2100 4375 2234 4443; x_wconf 83' lang='lat' dir='ltr'><strong>ipsis</strong></span> <span class='ocrx_word' id='word_1_382' title='bbox 2279 4374 2559 4428; x_wconf 84' lang='lat' dir='ltr'><strong>ministros</strong></span> 
     </span>
     <span class='ocr_line' id='line_1_49' title="bbox 599 4442 2557 4513; baseline -0.003 -13"><span class='ocrx_word' id='word_1_383' title='bbox 599 4453 821 4500; x_wconf 82' lang='lat' dir='ltr'><strong>nostros</strong></span> <span class='ocrx_word' id='word_1_384' title='bbox 855 4444 923 4496; x_wconf 88' lang='lat' dir='ltr'><strong>de</strong></span> <span class='ocrx_word' id='word_1_385' title='bbox 959 4448 1079 4496; x_wconf 86' lang='lat' dir='ltr'><strong>tota</strong></span> <span class='ocrx_word' id='word_1_386' title='bbox 1131 4443 1393 4511; x_wconf 86' lang='lat' dir='ltr'><strong>religione</strong></span> <span class='ocrx_word' id='word_1_387' title='bbox 1427 4442 1699 4497; x_wconf 82' lang='lat' dir='ltr'><strong>disserere</strong></span> <span class='ocrx_word' id='word_1_388' title='bbox 1744 4459 1864 4497; x_wconf 90' lang='lat' dir='ltr'><strong>cum</strong></span> <span class='ocrx_word' id='word_1_389' title='bbox 1909 4443 2204 4513; x_wconf 77' lang='lat' dir='ltr'><strong>pontificiis</strong></span> <span class='ocrx_word' id='word_1_390' title='bbox 2238 4450 2297 4496; x_wconf 89' lang='lat' dir='ltr'><strong>et</strong></span> <span class='ocrx_word' id='word_1_391' title='bbox 2331 4458 2557 4511; x_wconf 88' lang='lat' dir='ltr'><strong>respon·</strong></span> 
     </span>
     <span class='ocr_line' id='line_1_50' title="bbox 599 4511 2560 4578; baseline -0.003 -9"><span class='ocrx_word' id='word_1_392' title='bbox 599 4517 734 4569; x_wconf 89' lang='lat' dir='ltr'><strong>dere</strong></span> <span class='ocrx_word' id='word_1_393' title='bbox 781 4513 849 4566; x_wconf 89' lang='lat' dir='ltr'><strong>ad</strong></span> <span class='ocrx_word' id='word_1_394' title='bbox 894 4511 1124 4565; x_wconf 85' lang='lat' dir='ltr'><strong>crimina</strong></span> <span class='ocrx_word' id='word_1_395' title='bbox 1171 4528 1310 4578; x_wconf 87' lang='lat' dir='ltr'><strong>quse</strong></span> <span class='ocrx_word' id='word_1_396' title='bbox 1358 4512 1373 4563; x_wconf 90' lang='lat' dir='ltr'><strong>i</strong></span> <span class='ocrx_word' id='word_1_397' title='bbox 1443 4511 1491 4564; x_wconf 89' lang='lat' dir='ltr'><strong>is</strong></span> <span class='ocrx_word' id='word_1_398' title='bbox 1536 4513 1870 4566; x_wconf 85' lang='lat' dir='ltr'><strong>obiiciuntur</strong></span> <span class='ocrx_word' id='word_1_399' title='bbox 1905 4547 2126 4566; x_wconf 89' lang='grc'><strong>.....</strong></span> <span class='ocrx_word' id='word_1_400' title='bbox 2173 4511 2380 4565; x_wconf 88' lang='lat' dir='ltr'><strong>Deleoti</strong></span> <span class='ocrx_word' id='word_1_401' title='bbox 2427 4518 2560 4564; x_wconf 82' lang='lat' dir='ltr'><strong>aunt</strong></span> 
     </span>
     <span class='ocr_line' id='line_1_51' title="bbox 603 4579 2557 4650; baseline -0.003 -13"><span class='ocrx_word' id='word_1_402' title='bbox 603 4585 671 4637; x_wconf 88' lang='lat' dir='ltr'><strong>ad</strong></span> <span class='ocrx_word' id='word_1_403' title='bbox 719 4599 836 4636; x_wconf 81' lang='lat' dir='ltr'><strong>eam</strong></span> <span class='ocrx_word' id='word_1_404' title='bbox 886 4579 1308 4648; x_wconf 86' lang='lat' dir='ltr'><strong>disputationem</strong></span> <span class='ocrx_word' id='word_1_405' title='bbox 1561 4580 1916 4650; x_wconf 87' lang='lat' dir='ltr'><strong>Perrucellus,</strong></span> <span class='ocrx_word' id='word_1_406' title='bbox 1960 4581 2288 4634; x_wconf 70' lang='lat' dir='ltr'><strong>Harloratus</strong></span> <span class='ocrx_word' id='word_1_407' title='bbox 2331 4587 2391 4633; x_wconf 89' lang='lat' dir='ltr'><strong>et</strong></span> <span class='ocrx_word' id='word_1_408' title='bbox 2426 4579 2557 4634; x_wconf 83' lang='lat' dir='ltr'><strong>Bar·</strong></span> 
     </span>
     <span class='ocr_line' id='line_1_52' title="bbox 603 4648 2559 4708; baseline -0.004 0"><span class='ocrx_word' id='word_1_409' title='bbox 603 4656 789 4708; x_wconf 73' lang='lat' dir='ltr'><strong>battus</strong></span> <span class='ocrx_word' id='word_1_410' title='bbox 828 4650 1180 4702; x_wconf 69' lang='lat' dir='ltr'><strong>concionator</strong></span> <span class='ocrx_word' id='word_1_411' title='bbox 1223 4665 1281 4702; x_wconf 87' lang='lat' dir='ltr'><strong>rc</strong></span> <span class='ocrx_word' id='word_1_412' title='bbox 1324 4650 1442 4701; x_wconf 83' lang='lat' dir='ltr'><strong>‘nae</strong></span> <span class='ocrx_word' id='word_1_413' title='bbox 1479 4648 1777 4703; x_wconf 78' lang='lat' dir='ltr'><strong>Navarrae.</strong></span> <span class='ocrx_word' id='word_1_414' title='bbox 1850 4649 2292 4704; x_wconf 84' lang='lat' dir='ltr'><strong>Serbonistarum</strong></span> <span class='ocrx_word' id='word_1_415' title='bbox 2339 4650 2559 4702; x_wconf 89' lang='lat' dir='ltr'><strong>nomina</strong></span> 
     </span>
     <span class='ocr_line' id='line_1_53' title="bbox 601 4716 2559 4867; baseline -0.003 -23"><span class='ocrx_word' id='word_1_416' title='bbox 601 4731 1098 4867; x_wconf 45' lang='lat' dir='ltr'><strong>aevfflae⁷wss</strong></span> <span class='ocrx_word' id='word_1_417' title='bbox 1153 4716 2559 4867; x_wconf 34' lang='lat' dir='ltr'><strong>aebnzmugeffisssffeuzgffbgpmoinkrggz</strong></span> 
     </span>
     <span class='ocr_line' id='line_1_54' title="bbox 603 4855 2559 4924; baseline -0.003 -13"><span class='ocrx_word' id='word_1_418' title='bbox 603 4859 858 4911; x_wconf 82' lang='lat' dir='ltr'><strong>tillierius</strong></span> <span class='ocrx_word' id='word_1_419' title='bbox 893 4863 950 4908; x_wconf 86' lang='lat' dir='ltr'><strong>et</strong></span> <span class='ocrx_word' id='word_1_420' title='bbox 985 4855 1332 4920; x_wconf 77' lang='lat' dir='ltr'><strong>Picherellns,</strong></span> <span class='ocrx_word' id='word_1_421' title='bbox 1377 4871 1482 4908; x_wconf 76' lang='lat' dir='ltr'><strong>viri</strong></span> <span class='ocrx_word' id='word_1_422' title='bbox 1518 4857 1796 4924; x_wconf 84' lang='lat' dir='ltr'><strong>praeclare</strong></span> <span class='ocrx_word' id='word_1_423' title='bbox 1830 4857 2046 4920; x_wconf 87' lang='lat' dir='ltr'><strong>eruditi,</strong></span> <span class='ocrx_word' id='word_1_424' title='bbox 2093 4857 2189 4924; x_wconf 86' lang='lat' dir='ltr'><strong>qui</strong></span> <span class='ocrx_word' id='word_1_425' title='bbox 2224 4855 2442 4924; x_wconf 86' lang='lat' dir='ltr'><strong>quidem</strong></span> <span class='ocrx_word' id='word_1_426' title='bbox 2480 4870 2559 4907; x_wconf 72' lang='lat' dir='ltr'><strong>vt·</strong></span> 
     </span>
     <span class='ocr_line' id='line_1_55' title="bbox 604 4923 2560 4990; baseline -0.002 -11"><span class='ocrx_word' id='word_1_427' title='bbox 604 4927 803 4980; x_wconf 85' lang='lat' dir='ltr'><strong>dentnr</strong></span> <span class='ocrx_word' id='word_1_428' title='bbox 837 4942 897 4976; x_wconf 81' lang='lat' dir='ltr'><strong>se</strong></span> <span class='ocrx_word' id='word_1_429' title='bbox 932 4923 1231 4976; x_wconf 72' lang='lat' dir='ltr'><strong>seiunxiese</strong></span> <span class='ocrx_word' id='word_1_430' title='bbox 1267 4941 1301 4975; x_wconf 88' lang='lat' dir='ltr'><strong>a</strong></span> <span class='ocrx_word' id='word_1_431' title='bbox 1326 4924 1676 4990; x_wconf 83' lang='lat' dir='ltr'><strong>Serbonistis,</strong></span> <span class='ocrx_word' id='word_1_432' title='bbox 1710 4925 1808 4977; x_wconf 82' lang='lat' dir='ltr'><strong>sed</strong></span> <span class='ocrx_word' id='word_1_433' title='bbox 1847 4931 2030 4978; x_wconf 87' lang='lat' dir='ltr'><strong>tamen</strong></span> <span class='ocrx_word' id='word_1_434' title='bbox 2065 4925 2303 4978; x_wconf 88' lang='lat' dir='ltr'><strong>nondum</strong></span> <span class='ocrx_word' id='word_1_435' title='bbox 2337 4939 2398 4976; x_wconf 88' lang='lat' dir='ltr'><strong>se</strong></span> <span class='ocrx_word' id='word_1_436' title='bbox 2432 4938 2560 4976; x_wconf 83' lang='lat' dir='ltr'><strong>eon·</strong></span> 
     </span>
     <span class='ocr_line' id='line_1_56' title="bbox 606 4991 2559 5062; baseline -0.003 -14"><span class='ocrx_word' id='word_1_437' title='bbox 606 4997 898 5048; x_wconf 83' lang='lat' dir='ltr'><strong>iunxerunt</strong></span> <span class='ocrx_word' id='word_1_438' title='bbox 933 4993 1136 5045; x_wconf 81' lang='lat' dir='ltr'><strong>nostris</strong></span> <span class='ocrx_word' id='word_1_439' title='bbox 1171 4993 1428 5045; x_wconf 86' lang='lat' dir='ltr'><strong>ecclesiis.</strong></span> <span class='ocrx_word' id='word_1_440' title='bbox 1483 4991 1630 5046; x_wconf 82' lang='lat' dir='ltr'><strong>Haec</strong></span> <span class='ocrx_word' id='word_1_441' title='bbox 1661 5001 1792 5062; x_wconf 88' lang='lat' dir='ltr'><strong>puto</strong></span> <span class='ocrx_word' id='word_1_442' title='bbox 1813 4993 1931 5047; x_wconf 79' lang='lat' dir='ltr'><strong>fleri</strong></span> <span class='ocrx_word' id='word_1_443' title='bbox 1967 4995 2020 5046; x_wconf 90' lang='lat' dir='ltr'><strong>in</strong></span> <span class='ocrx_word' id='word_1_444' title='bbox 2058 4996 2290 5061; x_wconf 86' lang='lat' dir='ltr'><strong>speciem</strong></span> <span class='ocrx_word' id='word_1_445' title='bbox 2327 4997 2559 5054; x_wconf 83' lang='lat' dir='ltr'><strong>tautum,</strong></span> 
     </span>
     <span class='ocr_line' id='line_1_57' title="bbox 607 5060 2561 5131; baseline -0.003 -16"><span class='ocrx_word' id='word_1_446' title='bbox 607 5070 667 5116; x_wconf 87' lang='lat' dir='ltr'><strong>ut</strong></span> <span class='ocrx_word' id='word_1_447' title='bbox 700 5065 1088 5131; x_wconf 81' lang='lat' dir='ltr'><strong>gubernatores</strong></span> <span class='ocrx_word' id='word_1_448' title='bbox 1126 5061 1328 5113; x_wconf 83' lang='lat' dir='ltr'><strong>exteris</strong></span> <span class='ocrx_word' id='word_1_449' title='bbox 1375 5060 1715 5131; x_wconf 83' lang='lat' dir='ltr'><strong>principibus</strong></span> <span class='ocrx_word' id='word_1_450' title='bbox 1751 5071 1808 5115; x_wconf 91' lang='lat' dir='ltr'><strong>et</strong></span> <span class='ocrx_word' id='word_1_451' title='bbox 1855 5064 2176 5131; x_wconf 78' lang='lat' dir='ltr'><strong>praesertim</strong></span> <span class='ocrx_word' id='word_1_452' title='bbox 2213 5063 2327 5130; x_wconf 88' lang='lat' dir='ltr'><strong>regi</strong></span> <span class='ocrx_word' id='word_1_453' title='bbox 2368 5060 2561 5129; x_wconf 82' lang='lat' dir='ltr'><strong>Hispa·</strong></span> 
     </span>
     <span class='ocr_line' id='line_1_58' title="bbox 608 5128 2563 5199; baseline -0.001 -16"><span class='ocrx_word' id='word_1_454' title='bbox 608 5131 731 5183; x_wconf 81' lang='lat' dir='ltr'><strong>niae</strong></span> <span class='ocrx_word' id='word_1_455' title='bbox 766 5129 1058 5184; x_wconf 83' lang='lat' dir='ltr'><strong>ostendant</strong></span> <span class='ocrx_word' id='word_1_456' title='bbox 1091 5145 1150 5182; x_wconf 84' lang='lat' dir='ltr'><strong>se</strong></span> <span class='ocrx_word' id='word_1_457' title='bbox 1189 5145 1293 5183; x_wconf 87' lang='lat' dir='ltr'><strong>non</strong></span> <span class='ocrx_word' id='word_1_458' title='bbox 1331 5129 1565 5182; x_wconf 86' lang='lat' dir='ltr'><strong>abiicere</strong></span> <span class='ocrx_word' id='word_1_459' title='bbox 1599 5146 1754 5199; x_wconf 80' lang='lat' dir='ltr'><strong>spem</strong></span> <span class='ocrx_word' id='word_1_460' title='bbox 1791 5131 2084 5185; x_wconf 88' lang='lat' dir='ltr'><strong>reducendi</strong></span> <span class='ocrx_word' id='word_1_461' title='bbox 2109 5140 2324 5184; x_wconf 84' lang='lat' dir='ltr'><strong>nostros</strong></span> <span class='ocrx_word' id='word_1_462' title='bbox 2352 5129 2422 5182; x_wconf 89' lang='lat' dir='ltr'><strong>ad</strong></span> <span class='ocrx_word' id='word_1_463' title='bbox 2446 5128 2563 5183; x_wconf 82' lang='lat' dir='ltr'><strong>ofli-</strong></span> 
     </span>
     <span class='ocr_line' id='line_1_59' title="bbox 609 5199 1115 5264; baseline -0.002 -11"><span class='ocrx_word' id='word_1_464' title='bbox 609 5199 768 5264; x_wconf 81' lang='lat' dir='ltr'><strong>eium,</strong></span> <span class='ocrx_word' id='word_1_465' title='bbox 805 5205 866 5251; x_wconf 92' lang='lat' dir='ltr'><strong>ut</strong></span> <span class='ocrx_word' id='word_1_466' title='bbox 901 5203 1115 5252; x_wconf 72' lang='lat' dir='ltr'><strong>vocant.</strong></span> 
     </span>
     <span class='ocr_line' id='line_1_60' title="bbox 813 5265 1848 5335; baseline -0.001 -16"><span class='ocrx_word' id='word_1_467' title='bbox 813 5269 868 5328; x_wconf 81' lang='grc'><strong>3)</strong></span> <span class='ocrx_word' id='word_1_468' title='bbox 908 5265 1257 5334; x_wconf 57' lang='lat' dir='ltr'><strong>samm-</strong></span> <span class='ocrx_word' id='word_1_469' title='bbox 1291 5269 1458 5319; x_wconf 67' lang='lat' dir='ltr'><strong>innui</strong></span> <span class='ocrx_word' id='word_1_470' title='bbox 1490 5269 1848 5335; x_wconf 60' lang='lat' dir='ltr'><strong>suspicamur.</strong></span> 
     </span>
     <span class='ocr_line' id='line_1_61' title="bbox 814 5333 1486 5402; baseline 0.01 -19"><span class='ocrx_word' id='word_1_471' title='bbox 814 5335 873 5396; x_wconf 72' lang='grc'><strong>4)</strong></span> <span class='ocrx_word' id='word_1_472' title='bbox 911 5349 999 5402; x_wconf 73' lang='grc' dir='ltr'><strong>ηρ.</strong></span> <span class='ocrx_word' id='word_1_473' title='bbox 1043 5333 1095 5384; x_wconf 80' lang='lat' dir='ltr'><strong>S.</strong></span> <span class='ocrx_word' id='word_1_474' title='bbox 1137 5336 1486 5390; x_wconf 64' lang='lat' dir='ltr'><strong>om</strong></span> 
     </span>
    </p>
   </div>
   <div class='ocr_carea' id='block_1_4' title="bbox 2109 402 3110 473">
    <p class='ocr_par' dir='ltr' id='par_1_4' title="bbox 2109 402 3110 473">
     <span class='ocr_line' id='line_1_62' title="bbox 2109 402 3110 473; baseline -0.001 -2"><span class='ocrx_word' id='word_1_475' title='bbox 2109 402 2640 473; x_wconf 72' lang='lat' dir='ltr'>EPISTOLAE</span> <span class='ocrx_word' id='word_1_476' title='bbox 2683 407 3110 471; x_wconf 75' lang='lat' dir='ltr'><strong>sess—3699</strong></span> 
     </span>
    </p>
   </div>
   <div class='ocr_carea' id='block_1_5' title="bbox 2600 606 2624 5372">
    <p class='ocr_par' dir='ltr' id='par_1_5' title="bbox 2600 606 2624 5372">
     <span class='ocr_line' id='line_1_63' title="bbox 2600 606 2624 5372; baseline 0 0"><span class='ocrx_word' id='word_1_477' title='bbox 2600 606 2624 5372; x_wconf 95' lang='lat' dir='ltr'><strong> </strong></span> 
     </span>
    </p>
   </div>
   <div class='ocr_carea' id='block_1_6' title="bbox 4474 409 4581 471">
    <p class='ocr_par' dir='ltr' id='par_1_6' title="bbox 4474 409 4581 471">
     <span class='ocr_line' id='line_1_64' title="bbox 4474 409 4581 471; baseline 0 0"><span class='ocrx_word' id='word_1_478' title='bbox 4474 409 4581 471; x_wconf 75' lang='lat'><strong>2⁶6</strong></span> 
     </span>
    </p>
   </div>
   <div class='ocr_carea' id='block_1_7' title="bbox 2655 594 4625 4714">
    <p class='ocr_par' dir='ltr' id='par_1_7' title="bbox 2655 594 4625 4714">
     <span class='ocr_line' id='line_1_65' title="bbox 2663 594 4588 680; baseline 0 -19"><span class='ocrx_word' id='word_1_479' title='bbox 2663 594 2809 662; x_wconf 89' lang='lat' dir='ltr'><strong>aliis</strong></span> <span class='ocrx_word' id='word_1_480' title='bbox 2853 594 2935 661; x_wconf 89' lang='lat' dir='ltr'><strong>de</strong></span> <span class='ocrx_word' id='word_1_481' title='bbox 2977 596 3208 669; x_wconf 79' lang='lat' dir='ltr'><strong>causis,</strong></span> <span class='ocrx_word' id='word_1_482' title='bbox 3275 616 3439 679; x_wconf 83' lang='lat' dir='ltr'><strong>quas</strong></span> <span class='ocrx_word' id='word_1_483' title='bbox 3481 596 3622 680; x_wconf 87' lang='lat' dir='ltr'><strong>ipse</strong></span> <span class='ocrx_word' id='word_1_484' title='bbox 3664 615 3782 679; x_wconf 83' lang='lat' dir='ltr'><strong>per</strong></span> <span class='ocrx_word' id='word_1_485' title='bbox 3823 602 3888 659; x_wconf 88' lang='lat' dir='ltr'><strong>te</strong></span> <span class='ocrx_word' id='word_1_486' title='bbox 3928 594 4115 662; x_wconf 79' lang='lat' dir='ltr'><strong>facile</strong></span> <span class='ocrx_word' id='word_1_487' title='bbox 4156 595 4365 679; x_wconf 86' lang='lat' dir='ltr'><strong>possis</strong></span> <span class='ocrx_word' id='word_1_488' title='bbox 4405 595 4588 661; x_wconf 86' lang='lat' dir='ltr'><strong>conii·</strong></span> 
     </span>
     <span class='ocr_line' id='line_1_66' title="bbox 2660 680 4588 767; baseline 0.001 -20"><span class='ocrx_word' id='word_1_489' title='bbox 2660 701 2825 747; x_wconf 91' lang='lat' dir='ltr'><strong>cere.</strong></span> <span class='ocrx_word' id='word_1_490' title='bbox 2908 681 3126 748; x_wconf 83' lang='lat' dir='ltr'><strong>Hodie</strong></span> <span class='ocrx_word' id='word_1_491' title='bbox 3167 694 3388 747; x_wconf 89' lang='lat' dir='ltr'><strong>tamen</strong></span> <span class='ocrx_word' id='word_1_492' title='bbox 3434 688 3853 767; x_wconf 84' lang='lat' dir='ltr'><strong>expugnatus</strong></span> <span class='ocrx_word' id='word_1_493' title='bbox 3895 689 4273 746; x_wconf 90' lang='lat' dir='ltr'><strong>nostrorum</strong></span> <span class='ocrx_word' id='word_1_494' title='bbox 4312 680 4588 764; x_wconf 86' lang='lat' dir='ltr'><strong>precibus</strong></span> 
     </span>
     <span class='ocr_line' id='line_1_67' title="bbox 2660 765 4587 852; baseline 0.002 -22"><span class='ocrx_word' id='word_1_495' title='bbox 2660 765 2923 834; x_wconf 83' lang='lat' dir='ltr'><strong>decrevi</strong></span> <span class='ocrx_word' id='word_1_496' title='bbox 2966 787 3113 835; x_wconf 84' lang='lat' dir='ltr'><strong>eras</strong></span> <span class='ocrx_word' id='word_1_497' title='bbox 3156 789 3196 833; x_wconf 90' lang='lat' dir='ltr'><strong>a</strong></span> <span class='ocrx_word' id='word_1_498' title='bbox 3230 768 3507 852; x_wconf 87' lang='lat' dir='ltr'><strong>prandio</strong></span> <span class='ocrx_word' id='word_1_499' title='bbox 3542 768 3881 852; x_wconf 81' lang='lat' dir='ltr'><strong>proficisci,</strong></span> <span class='ocrx_word' id='word_1_500' title='bbox 3916 787 4004 832; x_wconf 91' lang='lat' dir='ltr'><strong>ne</strong></span> <span class='ocrx_word' id='word_1_501' title='bbox 4038 765 4329 834; x_wconf 78' lang='lat' dir='ltr'><strong>desertor</strong></span> <span class='ocrx_word' id='word_1_502' title='bbox 4364 766 4587 833; x_wconf 81' lang='lat' dir='ltr'><strong>videar.</strong></span> 
     </span>
     <span class='ocr_line' id='line_1_68' title="bbox 2661 850 4592 936; baseline 0.001 -18"><span class='ocrx_word' id='word_1_503' title='bbox 2661 850 2798 918; x_wconf 81' lang='lat' dir='ltr'><strong>Sed</strong></span> <span class='ocrx_word' id='word_1_504' title='bbox 2863 852 3050 921; x_wconf 91' lang='lat' dir='ltr'><strong>nobis</strong></span> <span class='ocrx_word' id='word_1_505' title='bbox 3114 864 3369 922; x_wconf 88' lang='lat' dir='ltr'><strong>certum</strong></span> <span class='ocrx_word' id='word_1_506' title='bbox 3434 862 3537 920; x_wconf 87' lang='lat' dir='ltr'><strong>eet</strong></span> <span class='ocrx_word' id='word_1_507' title='bbox 3603 873 3733 919; x_wconf 91' lang='lat' dir='ltr'><strong>non</strong></span> <span class='ocrx_word' id='word_1_508' title='bbox 3799 851 4079 936; x_wconf 85' lang='lat' dir='ltr'><strong>colloqui</strong></span> <span class='ocrx_word' id='word_1_509' title='bbox 4144 854 4273 919; x_wconf 87' lang='lat' dir='ltr'><strong>nisi</strong></span> <span class='ocrx_word' id='word_1_510' title='bbox 4318 853 4495 918; x_wconf 84' lang='lat' dir='ltr'><strong>bonis</strong></span> <span class='ocrx_word' id='word_1_511' title='bbox 4531 862 4592 919; x_wconf 88' lang='lat' dir='ltr'><strong>et</strong></span> 
     </span>
     <span class='ocr_line' id='line_1_69' title="bbox 2660 938 4593 1024; baseline 0 -20"><span class='ocrx_word' id='word_1_512' title='bbox 2660 938 2859 1005; x_wconf 89' lang='lat' dir='ltr'><strong>certis</strong></span> <span class='ocrx_word' id='word_1_513' title='bbox 2937 938 3421 1008; x_wconf 85' lang='lat' dir='ltr'><strong>conditionibus</strong></span> <span class='ocrx_word' id='word_1_514' title='bbox 3498 950 3567 1004; x_wconf 88' lang='lat' dir='ltr'><strong>et</strong></span> <span class='ocrx_word' id='word_1_515' title='bbox 3655 938 3944 1024; x_wconf 81' lang='lat' dir='ltr'><strong>legitime</strong></span> <span class='ocrx_word' id='word_1_516' title='bbox 4016 938 4262 1005; x_wconf 89' lang='lat' dir='ltr'><strong>indicto</strong></span> <span class='ocrx_word' id='word_1_517' title='bbox 4326 938 4593 1005; x_wconf 84' lang='lat' dir='ltr'><strong>ecclesiis</strong></span> 
     </span>
     <span class='ocr_line' id='line_1_70' title="bbox 2661 1023 4595 1110; baseline 0 -21"><span class='ocrx_word' id='word_1_518' title='bbox 2661 1024 2996 1109; x_wconf 88' lang='lat' dir='ltr'><strong>colloquio,</strong></span> <span class='ocrx_word' id='word_1_519' title='bbox 3035 1034 3231 1110; x_wconf 87' lang='lat' dir='ltr'><strong>atque</strong></span> <span class='ocrx_word' id='word_1_520' title='bbox 3261 1027 3460 1092; x_wconf 86' lang='lat' dir='ltr'><strong>etiam</strong></span> <span class='ocrx_word' id='word_1_521' title='bbox 3495 1046 3573 1091; x_wconf 89' lang='lat' dir='ltr'><strong>eo</strong></span> <span class='ocrx_word' id='word_1_522' title='bbox 3607 1026 3955 1109; x_wconf 86' lang='lat' dir='ltr'><strong>impetrato</strong></span> <span class='ocrx_word' id='word_1_523' title='bbox 3979 1036 4053 1088; x_wconf 90' lang='lat' dir='ltr'><strong>ut</strong></span> <span class='ocrx_word' id='word_1_524' title='bbox 4088 1025 4342 1090; x_wconf 86' lang='lat' dir='ltr'><strong>interea</strong></span> <span class='ocrx_word' id='word_1_525' title='bbox 4362 1023 4595 1109; x_wconf 79' lang='lat' dir='ltr'><strong>aliquid</strong></span> 
     </span>
     <span class='ocr_line' id='line_1_71' title="bbox 2659 1110 4596 1194; baseline 0.001 -19"><span class='ocrx_word' id='word_1_526' title='bbox 2659 1118 2991 1177; x_wconf 85' lang='lat' dir='ltr'><strong>statuatur</strong></span> <span class='ocrx_word' id='word_1_527' title='bbox 3036 1110 3117 1178; x_wconf 90' lang='lat' dir='ltr'><strong>de</strong></span> <span class='ocrx_word' id='word_1_528' title='bbox 3174 1126 3399 1177; x_wconf 87' lang='lat' dir='ltr'><strong>nostra</strong></span> <span class='ocrx_word' id='word_1_529' title='bbox 3444 1110 3762 1189; x_wconf 81' lang='lat' dir='ltr'><strong>libertate,</strong></span> <span class='ocrx_word' id='word_1_530' title='bbox 3828 1110 4139 1194; x_wconf 90' lang='lat' dir='ltr'><strong>quoniam</strong></span> <span class='ocrx_word' id='word_1_531' title='bbox 4184 1110 4429 1175; x_wconf 87' lang='lat' dir='ltr'><strong>nullam</strong></span> <span class='ocrx_word' id='word_1_532' title='bbox 4471 1131 4596 1177; x_wconf 88' lang='lat' dir='ltr'><strong>am·</strong></span> 
     </span>
     <span class='ocr_line' id='line_1_72' title="bbox 2662 1194 4599 1282; baseline 0 -21"><span class='ocrx_word' id='word_1_533' title='bbox 2662 1195 2833 1280; x_wconf 89' lang='lat' dir='ltr'><strong>plius</strong></span> <span class='ocrx_word' id='word_1_534' title='bbox 2876 1219 3127 1264; x_wconf 89' lang='lat' dir='ltr'><strong>moram</strong></span> <span class='ocrx_word' id='word_1_535' title='bbox 3174 1199 3421 1282; x_wconf 84' lang='lat' dir='ltr'><strong>patitur</strong></span> <span class='ocrx_word' id='word_1_536' title='bbox 3466 1199 3629 1264; x_wconf 89' lang='lat' dir='ltr'><strong>haec</strong></span> <span class='ocrx_word' id='word_1_537' title='bbox 3674 1197 4041 1263; x_wconf 82' lang='lat' dir='ltr'><strong>necessitas.</strong></span> <span class='ocrx_word' id='word_1_538' title='bbox 4115 1194 4194 1263; x_wconf 84' lang='lat' dir='ltr'><strong>Si</strong></span> <span class='ocrx_word' id='word_1_539' title='bbox 4229 1215 4421 1281; x_wconf 84' lang='lat' dir='ltr'><strong>rogas</strong></span> <span class='ocrx_word' id='word_1_540' title='bbox 4453 1194 4599 1280; x_wconf 87' lang='lat' dir='ltr'><strong>quid</strong></span> 
     </span>
     <span class='ocr_line' id='line_1_73' title="bbox 2660 1282 4601 1367; baseline -0.001 -18"><span class='ocrx_word' id='word_1_541' title='bbox 2660 1303 2937 1366; x_wconf 79' lang='lat' dir='ltr'><strong>sperem,</strong></span> <span class='ocrx_word' id='word_1_542' title='bbox 3003 1285 3146 1350; x_wconf 88' lang='lat' dir='ltr'><strong>dico</strong></span> <span class='ocrx_word' id='word_1_543' title='bbox 3199 1303 3307 1349; x_wconf 91' lang='lat' dir='ltr'><strong>me</strong></span> <span class='ocrx_word' id='word_1_544' title='bbox 3365 1285 3588 1349; x_wconf 87' lang='lat' dir='ltr'><strong>omnia</strong></span> <span class='ocrx_word' id='word_1_545' title='bbox 3647 1302 3911 1367; x_wconf 87' lang='lat' dir='ltr'><strong>sperare</strong></span> <span class='ocrx_word' id='word_1_546' title='bbox 3968 1282 4025 1347; x_wconf 89' lang='lat' dir='ltr'><strong>si</strong></span> <span class='ocrx_word' id='word_1_547' title='bbox 4072 1283 4275 1347; x_wconf 90' lang='lat' dir='ltr'><strong>nostri</strong></span> <span class='ocrx_word' id='word_1_548' title='bbox 4318 1301 4601 1365; x_wconf 86' lang='lat' dir='ltr'><strong>proceres</strong></span> 
     </span>
     <span class='ocr_line' id='line_1_74' title="bbox 2661 1368 4601 1447; baseline -0.001 -13"><span class='ocrx_word' id='word_1_549' title='bbox 2661 1370 2821 1435; x_wconf 87' lang='lat' dir='ltr'><strong>satis</strong></span> <span class='ocrx_word' id='word_1_550' title='bbox 2866 1372 3066 1436; x_wconf 81' lang='lat' dir='ltr'><strong>fortes</strong></span> <span class='ocrx_word' id='word_1_551' title='bbox 3109 1370 3371 1435; x_wconf 73' lang='lat' dir='ltr'><strong>fuerint.</strong></span> <span class='ocrx_word' id='word_1_552' title='bbox 3452 1370 3605 1435; x_wconf 90' lang='lat' dir='ltr'><strong>Huc</strong></span> <span class='ocrx_word' id='word_1_553' title='bbox 3648 1368 3898 1436; x_wconf 85' lang='lat' dir='ltr'><strong>accedit</strong></span> <span class='ocrx_word' id='word_1_554' title='bbox 3941 1388 4199 1433; x_wconf 87' lang='lat' dir='ltr'><strong>summa</strong></span> <span class='ocrx_word' id='word_1_555' title='bbox 4246 1368 4601 1447; x_wconf 69' lang='lat' dir='ltr'><strong>necessitas,</strong></span> 
     </span>
     <span class='ocr_line' id='line_1_75' title="bbox 2662 1451 4604 1557; baseline -0.001 -38"><span class='ocrx_word' id='word_1_556' title='bbox 2662 1476 2832 1556; x_wconf 71' lang='lat' dir='ltr'><strong>quae</strong></span> <span class='ocrx_word' id='word_1_557' title='bbox 2896 1456 2996 1521; x_wconf 84' lang='lat' dir='ltr'><strong>vel</strong></span> <span class='ocrx_word' id='word_1_558' title='bbox 3054 1458 3232 1540; x_wconf 84' lang='lat' dir='ltr'><strong>ipsos</strong></span> <span class='ocrx_word' id='word_1_559' title='bbox 3285 1455 3509 1557; x_wconf 72' lang='lat' dir='ltr'><strong>hostes</strong></span> <span class='ocrx_word' id='word_1_560' title='bbox 3564 1464 3773 1541; x_wconf 88' lang='lat' dir='ltr'><strong>cogat,</strong></span> <span class='ocrx_word' id='word_1_561' title='bbox 3846 1453 3959 1520; x_wconf 87' lang='lat' dir='ltr'><strong>sed</strong></span> <span class='ocrx_word' id='word_1_562' title='bbox 4005 1453 4261 1554; x_wconf 41' lang='lat' dir='ltr'><strong>haereo.</strong></span> <span class='ocrx_word' id='word_1_563' title='bbox 4286 1451 4441 1518; x_wconf 91' lang='lat' dir='ltr'><strong>dum</strong></span> <span class='ocrx_word' id='word_1_564' title='bbox 4476 1453 4604 1553; x_wconf 38' lang='lat' dir='ltr'><strong>‘alia</strong></span> 
     </span>
     <span class='ocr_line' id='line_1_76' title="bbox 2661 1538 4607 1723; baseline 0 -32"><span class='ocrx_word' id='word_1_565' title='bbox 2661 1539 3653 1695; x_wconf 49' lang='lat' dir='ltr'><strong>ffiffsss‘sssssfflssffffoessgn</strong></span> <span class='ocrx_word' id='word_1_566' title='bbox 3755 1561 3976 1691; x_wconf 61' lang='lat'><strong>15:35¹</strong></span> <span class='ocrx_word' id='word_1_567' title='bbox 3980 1559 4153 1691; x_wconf 51' lang='lat'>’531⁰</span> <span class='ocrx_word' id='word_1_568' title='bbox 4153 1560 4493 1691; x_wconf 52' lang='lat' dir='ltr'><strong>⁰33AE</strong></span> <span class='ocrx_word' id='word_1_569' title='bbox 4496 1538 4607 1723; x_wconf 59' lang='grc' dir='ltr'><strong>Ἓξ</strong></span> 
     </span>
     <span class='ocr_line' id='line_1_77' title="bbox 2664 1710 4609 1798; baseline -0.002 -20"><span class='ocrx_word' id='word_1_570' title='bbox 2664 1713 3110 1798; x_wconf 89' lang='lat' dir='ltr'><strong>superioribus</strong></span> <span class='ocrx_word' id='word_1_571' title='bbox 3155 1714 3496 1797; x_wconf 86' lang='lat' dir='ltr'><strong>promissis</strong></span> <span class='ocrx_word' id='word_1_572' title='bbox 3537 1710 3784 1796; x_wconf 84' lang='lat' dir='ltr'><strong>aliquid</strong></span> <span class='ocrx_word' id='word_1_573' title='bbox 3827 1712 4191 1789; x_wconf 79' lang='lat' dir='ltr'><strong>detrahere,</strong></span> <span class='ocrx_word' id='word_1_574' title='bbox 4238 1710 4353 1776; x_wconf 91' lang='lat' dir='ltr'><strong>sed</strong></span> <span class='ocrx_word' id='word_1_575' title='bbox 4399 1731 4609 1777; x_wconf 80' lang='lat' dir='ltr'><strong>memi-</strong></span> 
     </span>
     <span class='ocr_line' id='line_1_78' title="bbox 2662 1798 4610 1882; baseline -0.002 -18"><span class='ocrx_word' id='word_1_576' title='bbox 2662 1801 2839 1865; x_wconf 88' lang='lat' dir='ltr'><strong>neris</strong></span> <span class='ocrx_word' id='word_1_577' title='bbox 2884 1821 2989 1865; x_wconf 87' lang='lat' dir='ltr'><strong>me</strong></span> <span class='ocrx_word' id='word_1_578' title='bbox 3031 1801 3102 1865; x_wconf 91' lang='lat' dir='ltr'><strong>in</strong></span> <span class='ocrx_word' id='word_1_579' title='bbox 3148 1799 3302 1865; x_wconf 87' lang='lat' dir='ltr'><strong>aula</strong></span> <span class='ocrx_word' id='word_1_580' title='bbox 3346 1802 3614 1879; x_wconf 83' lang='lat' dir='ltr'><strong>versari,</strong></span> <span class='ocrx_word' id='word_1_581' title='bbox 3660 1808 3727 1863; x_wconf 89' lang='lat' dir='ltr'><strong>et</strong></span> <span class='ocrx_word' id='word_1_582' title='bbox 3768 1798 3979 1876; x_wconf 81' lang='lat' dir='ltr'><strong>facile,</strong></span> <span class='ocrx_word' id='word_1_583' title='bbox 4022 1806 4099 1862; x_wconf 90' lang='lat' dir='ltr'><strong>ut</strong></span> <span class='ocrx_word' id='word_1_584' title='bbox 4142 1817 4355 1882; x_wconf 89' lang='lat' dir='ltr'><strong>spero,</strong></span> <span class='ocrx_word' id='word_1_585' title='bbox 4400 1798 4610 1882; x_wconf 82' lang='lat' dir='ltr'><strong>ignos-</strong></span> 
     </span>
     <span class='ocr_line' id='line_1_79' title="bbox 2661 1882 4609 1970; baseline -0.002 -21"><span class='ocrx_word' id='word_1_586' title='bbox 2661 1905 2789 1963; x_wconf 85' lang='lat' dir='ltr'><strong>ces,</strong></span> <span class='ocrx_word' id='word_1_587' title='bbox 2836 1906 3212 1970; x_wconf 90' lang='lat' dir='ltr'><strong>quanquam</strong></span> <span class='ocrx_word' id='word_1_588' title='bbox 3258 1894 3436 1952; x_wconf 78' lang='lat' dir='ltr'><strong>certe</strong></span> <span class='ocrx_word' id='word_1_589' title='bbox 3480 1907 3566 1950; x_wconf 92' lang='lat' dir='ltr'><strong>ne</strong></span> <span class='ocrx_word' id='word_1_590' title='bbox 3609 1885 3787 1951; x_wconf 90' lang='lat' dir='ltr'><strong>hunc</strong></span> <span class='ocrx_word' id='word_1_591' title='bbox 3830 1883 4095 1967; x_wconf 90' lang='lat' dir='ltr'><strong>quidem</strong></span> <span class='ocrx_word' id='word_1_592' title='bbox 4140 1882 4432 1949; x_wconf 83' lang='lat' dir='ltr'><strong>Satanae</strong></span> <span class='ocrx_word' id='word_1_593' title='bbox 4480 1903 4609 1948; x_wconf 88' lang='lat' dir='ltr'><strong>cre-</strong></span> 
     </span>
     <span class='ocr_line' id='line_1_80' title="bbox 2661 1967 4611 2057; baseline -0.002 -22"><span class='ocrx_word' id='word_1_594' title='bbox 2661 1970 2873 2054; x_wconf 87' lang='lat' dir='ltr'><strong>pitum</strong></span> <span class='ocrx_word' id='word_1_595' title='bbox 2928 1993 3326 2057; x_wconf 81' lang='lat' dir='ltr'><strong>magnopere</strong></span> <span class='ocrx_word' id='word_1_596' title='bbox 3386 1971 3573 2037; x_wconf 90' lang='lat' dir='ltr'><strong>nobis</strong></span> <span class='ocrx_word' id='word_1_597' title='bbox 3630 1968 4123 2035; x_wconf 78' lang='lat' dir='ltr'><strong>formidandum</strong></span> <span class='ocrx_word' id='word_1_598' title='bbox 4177 1977 4363 2053; x_wconf 83' lang='lat' dir='ltr'><strong>puto,</strong></span> <span class='ocrx_word' id='word_1_599' title='bbox 4428 1967 4611 2033; x_wconf 86' lang='lat' dir='ltr'><strong>rebus</strong></span> 
     </span>
     <span class='ocr_line' id='line_1_81' title="bbox 2662 2056 4611 2140; baseline -0.002 -19"><span class='ocrx_word' id='word_1_600' title='bbox 2662 2076 2741 2121; x_wconf 92' lang='lat' dir='ltr'><strong>eo</strong></span> <span class='ocrx_word' id='word_1_601' title='bbox 2786 2056 3086 2138; x_wconf 85' lang='lat' dir='ltr'><strong>redactis,</strong></span> <span class='ocrx_word' id='word_1_602' title='bbox 3131 2068 3223 2138; x_wconf 85' lang='lat' dir='ltr'><strong>ut,</strong></span> <span class='ocrx_word' id='word_1_603' title='bbox 3270 2057 3400 2124; x_wconf 90' lang='lat' dir='ltr'><strong>nisi</strong></span> <span class='ocrx_word' id='word_1_604' title='bbox 3440 2058 3630 2124; x_wconf 90' lang='lat' dir='ltr'><strong>nobis</strong></span> <span class='ocrx_word' id='word_1_605' title='bbox 3665 2065 3996 2132; x_wconf 83' lang='lat' dir='ltr'><strong>caveatur,</strong></span> <span class='ocrx_word' id='word_1_606' title='bbox 4033 2056 4367 2140; x_wconf 88' lang='lat' dir='ltr'><strong>insignem</strong></span> <span class='ocrx_word' id='word_1_607' title='bbox 4405 2064 4611 2119; x_wconf 80' lang='lat' dir='ltr'><strong>muta-</strong></span> 
     </span>
     <span class='ocr_line' id='line_1_82' title="bbox 2662 2139 4609 2225; baseline -0.001 -19"><span class='ocrx_word' id='word_1_608' title='bbox 2662 2143 2909 2209; x_wconf 88' lang='lat' dir='ltr'><strong>tionem</strong></span> <span class='ocrx_word' id='word_1_609' title='bbox 2954 2142 3246 2210; x_wconf 84' lang='lat' dir='ltr'><strong>accidere</strong></span> <span class='ocrx_word' id='word_1_610' title='bbox 3289 2145 3374 2210; x_wconf 87' lang='lat' dir='ltr'><strong>sit</strong></span> <span class='ocrx_word' id='word_1_611' title='bbox 3419 2164 3701 2210; x_wconf 86' lang='lat' dir='ltr'><strong>necesse.</strong></span> <span class='ocrx_word' id='word_1_612' title='bbox 3786 2142 4183 2225; x_wconf 82' lang='lat' dir='ltr'><strong>Aquitanica</strong></span> <span class='ocrx_word' id='word_1_613' title='bbox 4218 2139 4543 2225; x_wconf 87' lang='lat' dir='ltr'><strong>expeditio</strong></span> <span class='ocrx_word' id='word_1_614' title='bbox 4556 2140 4609 2215; x_wconf 67' lang='grc'><strong>6)</strong></span> 
     </span>
     <span class='ocr_line' id='line_1_83' title="bbox 2661 2222 4612 2312; baseline -0.001 -19"><span class='ocrx_word' id='word_1_615' title='bbox 2661 2230 2824 2307; x_wconf 89' lang='lat' dir='ltr'><strong>iam,</strong></span> <span class='ocrx_word' id='word_1_616' title='bbox 2892 2237 2966 2294; x_wconf 91' lang='grc' dir='ltr'><strong>ιιι</strong></span> <span class='ocrx_word' id='word_1_617' title='bbox 3029 2230 3256 2309; x_wconf 86' lang='lat' dir='ltr'><strong>audio,</strong></span> <span class='ocrx_word' id='word_1_618' title='bbox 3338 2230 3625 2309; x_wconf 75' lang='lat' dir='ltr'><strong>refrixit,</strong></span> <span class='ocrx_word' id='word_1_619' title='bbox 3692 2249 3823 2312; x_wconf 88' lang='lat' dir='ltr'><strong>qua</strong></span> <span class='ocrx_word' id='word_1_620' title='bbox 3876 2222 3958 2292; x_wconf 87' lang='lat' dir='ltr'><strong>de</strong></span> <span class='ocrx_word' id='word_1_621' title='bbox 4024 2247 4095 2293; x_wconf 92' lang='lat' dir='ltr'><strong>re</strong></span> <span class='ocrx_word' id='word_1_622' title='bbox 4163 2228 4309 2293; x_wconf 91' lang='lat' dir='ltr'><strong>Deo</strong></span> <span class='ocrx_word' id='word_1_623' title='bbox 4376 2224 4612 2310; x_wconf 79' lang='lat' dir='ltr'><strong>gratias</strong></span> 
     </span>
     <span class='ocr_line' id='line_1_84' title="bbox 2661 2309 4609 2399; baseline -0.004 -18"><span class='ocrx_word' id='word_1_624' title='bbox 2661 2336 2803 2399; x_wconf 81' lang='lat' dir='ltr'><strong>ago.</strong></span> <span class='ocrx_word' id='word_1_625' title='bbox 2895 2316 3000 2380; x_wconf 82' lang='lat' dir='ltr'><strong>Ex</strong></span> <span class='ocrx_word' id='word_1_626' title='bbox 3064 2317 3216 2381; x_wconf 86' lang='lat' dir='ltr'><strong>aula</strong></span> <span class='ocrx_word' id='word_1_627' title='bbox 3284 2313 3368 2380; x_wconf 89' lang='lat' dir='ltr'><strong>ad</strong></span> <span class='ocrx_word' id='word_1_628' title='bbox 3433 2323 3498 2380; x_wconf 89' lang='lat' dir='ltr'><strong>te</strong></span> <span class='ocrx_word' id='word_1_629' title='bbox 3561 2314 3843 2381; x_wconf 85' lang='lat' dir='ltr'><strong>scribam</strong></span> <span class='ocrx_word' id='word_1_630' title='bbox 3908 2312 4221 2397; x_wconf 90' lang='lat' dir='ltr'><strong>quidquid</strong></span> <span class='ocrx_word' id='word_1_631' title='bbox 4292 2309 4609 2379; x_wconf 83' lang='lat' dir='ltr'><strong>acciderit.</strong></span> 
     </span>
     <span class='ocr_line' id='line_1_85' title="bbox 2661 2399 4611 2481; baseline -0.002 -15"><span class='ocrx_word' id='word_1_632' title='bbox 2661 2401 2839 2467; x_wconf 88' lang='lat' dir='ltr'><strong>Hinc</strong></span> <span class='ocrx_word' id='word_1_633' title='bbox 2883 2402 3073 2467; x_wconf 79' lang='lat' dir='ltr'><strong>facile</strong></span> <span class='ocrx_word' id='word_1_634' title='bbox 3115 2402 3381 2468; x_wconf 87' lang='lat' dir='ltr'><strong>coniicis</strong></span> <span class='ocrx_word' id='word_1_635' title='bbox 3426 2421 3532 2465; x_wconf 91' lang='lat' dir='ltr'><strong>me</strong></span> <span class='ocrx_word' id='word_1_636' title='bbox 3575 2399 3813 2466; x_wconf 89' lang='lat' dir='ltr'><strong>melius</strong></span> <span class='ocrx_word' id='word_1_637' title='bbox 3880 2400 4121 2465; x_wconf 88' lang='lat' dir='ltr'><strong>habere</strong></span> <span class='ocrx_word' id='word_1_638' title='bbox 4162 2419 4363 2481; x_wconf 85' lang='lat' dir='ltr'><strong>quam</strong></span> <span class='ocrx_word' id='word_1_639' title='bbox 4404 2406 4611 2464; x_wconf 84' lang='lat' dir='ltr'><strong>antea.</strong></span> 
     </span>
     <span class='ocr_line' id='line_1_86' title="bbox 2661 2484 4611 2568; baseline -0.002 -16"><span class='ocrx_word' id='word_1_640' title='bbox 2661 2486 2796 2552; x_wconf 83' lang='lat' dir='ltr'><strong>Sed</strong></span> <span class='ocrx_word' id='word_1_641' title='bbox 2834 2497 3055 2553; x_wconf 84' lang='lat' dir='ltr'><strong>tamen</strong></span> <span class='ocrx_word' id='word_1_642' title='bbox 3092 2509 3220 2554; x_wconf 90' lang='lat' dir='ltr'><strong>non</strong></span> <span class='ocrx_word' id='word_1_643' title='bbox 3259 2486 3469 2553; x_wconf 86' lang='lat' dir='ltr'><strong>audeo</strong></span> <span class='ocrx_word' id='word_1_644' title='bbox 3504 2485 3736 2561; x_wconf 83' lang='lat' dir='ltr'><strong>dicere,</strong></span> <span class='ocrx_word' id='word_1_645' title='bbox 3774 2505 3881 2550; x_wconf 88' lang='lat' dir='ltr'><strong>me</strong></span> <span class='ocrx_word' id='word_1_646' title='bbox 3905 2505 4174 2568; x_wconf 87' lang='lat' dir='ltr'><strong>prorsus</strong></span> <span class='ocrx_word' id='word_1_647' title='bbox 4191 2484 4611 2560; x_wconf 82' lang='lat' dir='ltr'><strong>convaluisse,</strong></span> 
     </span>
     <span class='ocr_line' id='line_1_87' title="bbox 2662 2570 4615 2656; baseline -0.002 -18"><span class='ocrx_word' id='word_1_648' title='bbox 2662 2573 2969 2656; x_wconf 88' lang='lat' dir='ltr'><strong>quoniam</strong></span> <span class='ocrx_word' id='word_1_649' title='bbox 3014 2574 3175 2638; x_wconf 89' lang='lat' dir='ltr'><strong>mali</strong></span> <span class='ocrx_word' id='word_1_650' title='bbox 3219 2572 3527 2656; x_wconf 85' lang='lat' dir='ltr'><strong>reliquias</strong></span> <span class='ocrx_word' id='word_1_651' title='bbox 3570 2573 3802 2649; x_wconf 88' lang='lat' dir='ltr'><strong>sentio,</strong></span> <span class='ocrx_word' id='word_1_652' title='bbox 3848 2570 4025 2654; x_wconf 90' lang='lat' dir='ltr'><strong>quod</strong></span> <span class='ocrx_word' id='word_1_653' title='bbox 4062 2571 4364 2637; x_wconf 73' lang='lat' dir='ltr'><strong>fortassis</strong></span> <span class='ocrx_word' id='word_1_654' title='bbox 4400 2590 4615 2635; x_wconf 86' lang='lat' dir='ltr'><strong>recru-</strong></span> 
     </span>
     <span class='ocr_line' id='line_1_88' title="bbox 2664 2656 4613 2725; baseline -0.002 -2"><span class='ocrx_word' id='word_1_655' title='bbox 2664 2657 2901 2724; x_wconf 88' lang='lat' dir='ltr'><strong>descet.</strong></span> <span class='ocrx_word' id='word_1_656' title='bbox 2991 2658 3127 2725; x_wconf 83' lang='lat' dir='ltr'><strong>Sed</strong></span> <span class='ocrx_word' id='word_1_657' title='bbox 3174 2657 3327 2725; x_wconf 90' lang='lat' dir='ltr'><strong>nolo</strong></span> <span class='ocrx_word' id='word_1_658' title='bbox 3373 2658 3544 2723; x_wconf 84' lang='lat' dir='ltr'><strong>male</strong></span> <span class='ocrx_word' id='word_1_659' title='bbox 3586 2659 3887 2722; x_wconf 88' lang='lat' dir='ltr'><strong>ominari.</strong></span> <span class='ocrx_word' id='word_1_660' title='bbox 3968 2656 4187 2722; x_wconf 87' lang='lat' dir='ltr'><strong>Hodie</strong></span> <span class='ocrx_word' id='word_1_661' title='bbox 4233 2657 4401 2721; x_wconf 87' lang='lat' dir='ltr'><strong>mihi</strong></span> <span class='ocrx_word' id='word_1_662' title='bbox 4444 2666 4613 2721; x_wconf 83' lang='lat' dir='ltr'><strong>secta</strong></span> 
     </span>
     <span class='ocr_line' id='line_1_89' title="bbox 2663 2741 4612 2825; baseline -0.002 -16"><span class='ocrx_word' id='word_1_663' title='bbox 2663 2757 2768 2809; x_wconf 89' lang='lat' dir='ltr'><strong>est</strong></span> <span class='ocrx_word' id='word_1_664' title='bbox 2845 2766 3013 2810; x_wconf 83' lang='lat' dir='ltr'><strong>vena</strong></span> <span class='ocrx_word' id='word_1_665' title='bbox 3081 2745 3331 2811; x_wconf 84' lang='lat' dir='ltr'><strong>brachii</strong></span> <span class='ocrx_word' id='word_1_666' title='bbox 3400 2744 3668 2821; x_wconf 85' lang='lat' dir='ltr'><strong>sinistri,</strong></span> <span class='ocrx_word' id='word_1_667' title='bbox 3735 2741 3908 2825; x_wconf 88' lang='lat' dir='ltr'><strong>quod</strong></span> <span class='ocrx_word' id='word_1_668' title='bbox 3973 2742 4139 2807; x_wconf 84' lang='lat' dir='ltr'><strong>mihi</strong></span> <span class='ocrx_word' id='word_1_669' title='bbox 4202 2743 4612 2825; x_wconf 79' lang='lat' dir='ltr'><strong>profuturum</strong></span> 
     </span>
     <span class='ocr_line' id='line_1_90' title="bbox 2663 2827 4472 2914; baseline -0.002 -19"><span class='ocrx_word' id='word_1_670' title='bbox 2663 2850 2874 2913; x_wconf 88' lang='lat' dir='ltr'><strong>spero,</strong></span> <span class='ocrx_word' id='word_1_671' title='bbox 2920 2832 3181 2897; x_wconf 81' lang='lat' dir='ltr'><strong>favente</strong></span> <span class='ocrx_word' id='word_1_672' title='bbox 3226 2830 3389 2907; x_wconf 83' lang='lat' dir='ltr'><strong>Deo,</strong></span> <span class='ocrx_word' id='word_1_673' title='bbox 3433 2849 3555 2914; x_wconf 89' lang='lat' dir='ltr'><strong>pro</strong></span> <span class='ocrx_word' id='word_1_674' title='bbox 3597 2831 3786 2894; x_wconf 88' lang='lat' dir='ltr'><strong>cuius</strong></span> <span class='ocrx_word' id='word_1_675' title='bbox 3828 2828 4038 2913; x_wconf 87' lang='lat' dir='ltr'><strong>gloria</strong></span> <span class='ocrx_word' id='word_1_676' title='bbox 4080 2827 4472 2893; x_wconf 82' lang='lat' dir='ltr'><strong>laboramus.</strong></span> 
     </span>
     <span class='ocr_line' id='line_1_91' title="bbox 2836 2912 4612 2985; baseline -0.002 -5"><span class='ocrx_word' id='word_1_677' title='bbox 2836 2915 2941 2981; x_wconf 92' lang='lat' dir='ltr'><strong>De</strong></span> <span class='ocrx_word' id='word_1_678' title='bbox 3006 2916 3315 2982; x_wconf 73' lang='lat' dir='ltr'><strong>Baduelzi</strong></span> <span class='ocrx_word' id='word_1_679' title='bbox 3370 2936 3742 2983; x_wconf 85' lang='lat' dir='ltr'><strong>successore</strong></span> <span class='ocrx_word' id='word_1_680' title='bbox 3764 2920 3820 2985; x_wconf 83' lang='lat'><strong>⁸)</strong></span> <span class='ocrx_word' id='word_1_681' title='bbox 3877 2915 3975 2980; x_wconf 88' lang='lat' dir='ltr'><strong>sic</strong></span> <span class='ocrx_word' id='word_1_682' title='bbox 4035 2912 4233 2979; x_wconf 90' lang='lat' dir='ltr'><strong>habe:</strong></span> <span class='ocrx_word' id='word_1_683' title='bbox 4324 2912 4612 2979; x_wconf 78' lang='lat' dir='ltr'><strong>Tandem</strong></span> 
     </span>
     <span class='ocr_line' id='line_1_92' title="bbox 2663 2999 4615 3087; baseline -0.004 -19"><span class='ocrx_word' id='word_1_684' title='bbox 2663 3003 2837 3069; x_wconf 86' lang='lat' dir='ltr'><strong>nacti</strong></span> <span class='ocrx_word' id='word_1_685' title='bbox 2880 3022 3108 3068; x_wconf 88' lang='lat' dir='ltr'><strong>sumus</strong></span> <span class='ocrx_word' id='word_1_686' title='bbox 3154 3001 3485 3069; x_wconf 88' lang='lat' dir='ltr'><strong>hominem</strong></span> <span class='ocrx_word' id='word_1_687' title='bbox 3527 2999 3846 3087; x_wconf 79' lang='lat' dir='ltr'><strong>singulari</strong></span> <span class='ocrx_word' id='word_1_688' title='bbox 3892 3010 3961 3066; x_wconf 90' lang='lat' dir='ltr'><strong>et</strong></span> <span class='ocrx_word' id='word_1_689' title='bbox 4002 3000 4335 3066; x_wconf 86' lang='lat' dir='ltr'><strong>doctrinae</strong></span> <span class='ocrx_word' id='word_1_690' title='bbox 4382 3011 4451 3066; x_wconf 90' lang='lat' dir='ltr'><strong>et</strong></span> <span class='ocrx_word' id='word_1_691' title='bbox 4483 2999 4615 3084; x_wconf 90' lang='lat' dir='ltr'><strong>pie·</strong></span> 
     </span>
     <span class='ocr_line' id='line_1_93' title="bbox 2662 3086 4616 3171; baseline -0.003 -17"><span class='ocrx_word' id='word_1_692' title='bbox 2662 3089 2819 3154; x_wconf 86' lang='lat' dir='ltr'><strong>tatis</strong></span> <span class='ocrx_word' id='word_1_693' title='bbox 2883 3090 3261 3155; x_wconf 85' lang='lat' dir='ltr'><strong>testimonio</strong></span> <span class='ocrx_word' id='word_1_694' title='bbox 3318 3097 3641 3154; x_wconf 89' lang='lat' dir='ltr'><strong>ornatum.</strong></span> <span class='ocrx_word' id='word_1_695' title='bbox 3724 3087 3967 3171; x_wconf 82' lang='lat' dir='ltr'><strong>Aperui</strong></span> <span class='ocrx_word' id='word_1_696' title='bbox 4012 3087 4107 3151; x_wconf 90' lang='lat' dir='ltr'><strong>illi</strong></span> <span class='ocrx_word' id='word_1_697' title='bbox 4152 3106 4383 3152; x_wconf 88' lang='lat' dir='ltr'><strong>omnes</strong></span> <span class='ocrx_word' id='word_1_698' title='bbox 4428 3086 4616 3151; x_wconf 89' lang='lat' dir='ltr'><strong>huius</strong></span> 
     </span>
     <span class='ocr_line' id='line_1_94' title="bbox 2661 3172 4617 3257; baseline -0.001 -19"><span class='ocrx_word' id='word_1_699' title='bbox 2661 3175 2956 3239; x_wconf 88' lang='lat' dir='ltr'><strong>muneris</strong></span> <span class='ocrx_word' id='word_1_700' title='bbox 3008 3174 3425 3240; x_wconf 86' lang='lat' dir='ltr'><strong>conditiones.</strong></span> <span class='ocrx_word' id='word_1_701' title='bbox 3525 3174 3813 3257; x_wconf 81' lang='lat' dir='ltr'><strong>Accepit,</strong></span> <span class='ocrx_word' id='word_1_702' title='bbox 3880 3172 3995 3237; x_wconf 84' lang='lat' dir='ltr'><strong>sed</strong></span> <span class='ocrx_word' id='word_1_703' title='bbox 4051 3182 4249 3257; x_wconf 85' lang='lat' dir='ltr'><strong>negat</strong></span> <span class='ocrx_word' id='word_1_704' title='bbox 4306 3193 4382 3236; x_wconf 88' lang='lat' dir='ltr'><strong>ee</strong></span> <span class='ocrx_word' id='word_1_705' title='bbox 4436 3190 4617 3256; x_wconf 82' lang='lat' dir='ltr'><strong>posse</strong></span> 
     </span>
     <span class='ocr_line' id='line_1_95' title="bbox 2661 3256 4616 3344; baseline -0.002 -19"><span class='ocrx_word' id='word_1_706' title='bbox 2661 3259 2993 3326; x_wconf 85' lang='lat' dir='ltr'><strong>dimittere</strong></span> <span class='ocrx_word' id='word_1_707' title='bbox 3037 3259 3387 3344; x_wconf 87' lang='lat' dir='ltr'><strong>discipulos</strong></span> <span class='ocrx_word' id='word_1_708' title='bbox 3431 3280 3594 3344; x_wconf 88' lang='lat' dir='ltr'><strong>quos</strong></span> <span class='ocrx_word' id='word_1_709' title='bbox 3637 3258 3836 3325; x_wconf 86' lang='lat' dir='ltr'><strong>habet</strong></span> <span class='ocrx_word' id='word_1_710' title='bbox 3879 3267 4035 3324; x_wconf 87' lang='lat' dir='ltr'><strong>ante</strong></span> <span class='ocrx_word' id='word_1_711' title='bbox 4068 3256 4404 3323; x_wconf 83' lang='lat' dir='ltr'><strong>Calendas</strong></span> <span class='ocrx_word' id='word_1_712' title='bbox 4442 3256 4616 3334; x_wconf 66' lang='lat' dir='ltr'><strong>Maii,</strong></span> 
     </span>
     <span class='ocr_line' id='line_1_96' title="bbox 2658 3343 4619 3431; baseline -0.003 -20"><span class='ocrx_word' id='word_1_713' title='bbox 2658 3345 2987 3430; x_wconf 89' lang='lat' dir='ltr'><strong>simulque</strong></span> <span class='ocrx_word' id='word_1_714' title='bbox 3029 3357 3217 3431; x_wconf 88' lang='lat' dir='ltr'><strong>rogat</strong></span> <span class='ocrx_word' id='word_1_715' title='bbox 3253 3355 3328 3412; x_wconf 92' lang='lat' dir='ltr'><strong>ut</strong></span> <span class='ocrx_word' id='word_1_716' title='bbox 3372 3345 3737 3430; x_wconf 77' lang='lat' dir='ltr'><strong>respublica</strong></span> <span class='ocrx_word' id='word_1_717' title='bbox 3771 3355 4003 3411; x_wconf 89' lang='lat' dir='ltr'><strong>nostra</strong></span> <span class='ocrx_word' id='word_1_718' title='bbox 4034 3344 4350 3410; x_wconf 83' lang='lat' dir='ltr'><strong>viaticum</strong></span> <span class='ocrx_word' id='word_1_719' title='bbox 4386 3343 4515 3409; x_wconf 89' lang='lat' dir='ltr'><strong>sibi</strong></span> <span class='ocrx_word' id='word_1_720' title='bbox 4556 3351 4619 3406; x_wconf 86' lang='lat' dir='ltr'><strong>et</strong></span> 
     </span>
     <span class='ocr_line' id='line_1_97' title="bbox 2658 3428 4614 3513; baseline -0.001 -17"><span class='ocrx_word' id='word_1_721' title='bbox 2658 3430 2961 3510; x_wconf 84' lang='lat' dir='ltr'><strong>familiae,</strong></span> <span class='ocrx_word' id='word_1_722' title='bbox 3028 3430 3099 3496; x_wconf 84' lang='lat' dir='ltr'><strong>id</strong></span> <span class='ocrx_word' id='word_1_723' title='bbox 3140 3441 3241 3497; x_wconf 84' lang='lat' dir='ltr'><strong>eet</strong></span> <span class='ocrx_word' id='word_1_724' title='bbox 3298 3433 3491 3497; x_wconf 87' lang='lat' dir='ltr'><strong>uxori</strong></span> <span class='ocrx_word' id='word_1_725' title='bbox 3558 3440 3621 3495; x_wconf 84' lang='lat' dir='ltr'><strong>et</strong></span> <span class='ocrx_word' id='word_1_726' title='bbox 3669 3430 3915 3513; x_wconf 78' lang='lat' dir='ltr'><strong>aliquot</strong></span> <span class='ocrx_word' id='word_1_727' title='bbox 3957 3431 4181 3496; x_wconf 93' lang='lat' dir='ltr'><strong>liberis</strong></span> <span class='ocrx_word' id='word_1_728' title='bbox 4223 3428 4614 3513; x_wconf 82' lang='lat' dir='ltr'><strong>suppeditet,</strong></span> 
     </span>
     <span class='ocr_line' id='line_1_98' title="bbox 2657 3515 4617 3602; baseline -0.001 -21"><span class='ocrx_word' id='word_1_729' title='bbox 2657 3518 2947 3602; x_wconf 87' lang='lat' dir='ltr'><strong>itemque</strong></span> <span class='ocrx_word' id='word_1_730' title='bbox 3001 3516 3423 3583; x_wconf 78' lang='lat' dir='ltr'><strong>devehendas</strong></span> <span class='ocrx_word' id='word_1_731' title='bbox 3479 3515 3927 3593; x_wconf 77' lang='lat' dir='ltr'><strong>bibliothecae,</strong></span> <span class='ocrx_word' id='word_1_732' title='bbox 3998 3537 4211 3600; x_wconf 89' lang='lat' dir='ltr'><strong>quam,</strong></span> <span class='ocrx_word' id='word_1_733' title='bbox 4276 3527 4355 3581; x_wconf 88' lang='lat' dir='ltr'><strong>ut</strong></span> <span class='ocrx_word' id='word_1_734' title='bbox 4408 3515 4617 3594; x_wconf 85' lang='lat' dir='ltr'><strong>audio,</strong></span> 
     </span>
     <span class='ocr_line' id='line_1_99' title="bbox 2660 3600 4620 3687; baseline 0 -19"><span class='ocrx_word' id='word_1_735' title='bbox 2660 3601 2826 3669; x_wconf 91' lang='lat' dir='ltr'><strong>bene</strong></span> <span class='ocrx_word' id='word_1_736' title='bbox 2869 3603 3158 3687; x_wconf 87' lang='lat' dir='ltr'><strong>amplam</strong></span> <span class='ocrx_word' id='word_1_737' title='bbox 3201 3615 3270 3669; x_wconf 87' lang='lat' dir='ltr'><strong>et</strong></span> <span class='ocrx_word' id='word_1_738' title='bbox 3311 3603 3698 3669; x_wconf 84' lang='lat' dir='ltr'><strong>instructam</strong></span> <span class='ocrx_word' id='word_1_739' title='bbox 3748 3600 3965 3667; x_wconf 87' lang='lat' dir='ltr'><strong>habet.</strong></span> <span class='ocrx_word' id='word_1_740' title='bbox 4036 3603 4347 3667; x_wconf 77' lang='lat' dir='ltr'><strong>Testatur</strong></span> <span class='ocrx_word' id='word_1_741' title='bbox 4384 3600 4620 3668; x_wconf 70' lang='lat' dir='ltr'><strong>Mem-</strong></span> 
     </span>
     <span class='ocr_line' id='line_1_100' title="bbox 2656 3687 4617 3773; baseline -0.001 -19"><span class='ocrx_word' id='word_1_742' title='bbox 2656 3709 2773 3754; x_wconf 75' lang='lat' dir='ltr'><strong>ms</strong></span> <span class='ocrx_word' id='word_1_743' title='bbox 2840 3689 3311 3773; x_wconf 88' lang='lat' dir='ltr'><strong>peritissimum</strong></span> <span class='ocrx_word' id='word_1_744' title='bbox 3392 3691 3591 3753; x_wconf 87' lang='lat' dir='ltr'><strong>etiam</strong></span> <span class='ocrx_word' id='word_1_745' title='bbox 3671 3708 3815 3753; x_wconf 85' lang='lat' dir='ltr'><strong>esse</strong></span> <span class='ocrx_word' id='word_1_746' title='bbox 3879 3688 3951 3751; x_wconf 91' lang='lat' dir='ltr'><strong>in</strong></span> <span class='ocrx_word' id='word_1_747' title='bbox 4032 3687 4375 3754; x_wconf 87' lang='lat' dir='ltr'><strong>hebraicis.</strong></span> <span class='ocrx_word' id='word_1_748' title='bbox 4487 3687 4617 3755; x_wconf 83' lang='lat' dir='ltr'><strong>Sed</strong></span> 
     </span>
     <span class='ocr_line' id='line_1_101' title="bbox 2655 3773 4617 3859; baseline -0.001 -20"><span class='ocrx_word' id='word_1_749' title='bbox 2655 3776 2797 3859; x_wconf 88' lang='lat' dir='ltr'><strong>ipse</strong></span> <span class='ocrx_word' id='word_1_750' title='bbox 2842 3774 3051 3840; x_wconf 90' lang='lat' dir='ltr'><strong>noluit</strong></span> <span class='ocrx_word' id='word_1_751' title='bbox 3093 3774 3527 3842; x_wconf 87' lang='lat' dir='ltr'><strong>hebraearum</strong></span> <span class='ocrx_word' id='word_1_752' title='bbox 3573 3773 3916 3839; x_wconf 86' lang='lat' dir='ltr'><strong>literarum</strong></span> <span class='ocrx_word' id='word_1_753' title='bbox 3960 3774 4435 3857; x_wconf 79' lang='lat' dir='ltr'><strong>professionem</strong></span> <span class='ocrx_word' id='word_1_754' title='bbox 4482 3794 4617 3838; x_wconf 86' lang='lat' dir='ltr'><strong>am·</strong></span> 
     </span>
     <span class='ocr_line' id='line_1_102' title="bbox 2706 3856 4615 3943; baseline 0.001 -18"><span class='ocrx_word' id='word_1_755' title='bbox 2706 3861 2857 3927; x_wconf 84' lang='lat' dir='ltr'><strong>lecti</strong></span> <span class='ocrx_word' id='word_1_756' title='bbox 2881 3911 2895 3936; x_wconf 81' lang='grc'><em>,</em></span> <span class='ocrx_word' id='word_1_757' title='bbox 2965 3861 3137 3943; x_wconf 90' lang='lat' dir='ltr'><strong>quod</strong></span> <span class='ocrx_word' id='word_1_758' title='bbox 3204 3882 3276 3925; x_wconf 89' lang='lat' dir='ltr'><strong>se</strong></span> <span class='ocrx_word' id='word_1_759' title='bbox 3336 3859 3514 3925; x_wconf 87' lang='lat' dir='ltr'><strong>dicat</strong></span> <span class='ocrx_word' id='word_1_760' title='bbox 3576 3856 3742 3924; x_wconf 90' lang='lat' dir='ltr'><strong>illud</strong></span> <span class='ocrx_word' id='word_1_761' title='bbox 3807 3859 4099 3924; x_wconf 88' lang='lat' dir='ltr'><strong>studium</strong></span> <span class='ocrx_word' id='word_1_762' title='bbox 4162 3859 4615 3926; x_wconf 87' lang='lat' dir='ltr'><strong>intermisisse.</strong></span> 
     </span>
     <span class='ocr_line' id='line_1_103' title="bbox 2658 3883 4614 4030; baseline 0.001 -19"><span class='ocrx_word' id='word_1_763' title='bbox 2658 3883 2883 4028; x_wconf 52' lang='lat' dir='ltr'><strong>auum</strong></span> <span class='ocrx_word' id='word_1_764' title='bbox 2927 3966 3005 4011; x_wconf 91' lang='lat' dir='ltr'><strong>eo</strong></span> <span class='ocrx_word' id='word_1_765' title='bbox 3048 3947 3309 4011; x_wconf 84' lang='lat' dir='ltr'><strong>venerit</strong></span> <span class='ocrx_word' id='word_1_766' title='bbox 3352 3965 3470 4011; x_wconf 82' lang='lat' dir='ltr'><strong>vos</strong></span> <span class='ocrx_word' id='word_1_767' title='bbox 3513 3944 3890 4027; x_wconf 87' lang='lat' dir='ltr'><strong>dispicietis,</strong></span> <span class='ocrx_word' id='word_1_768' title='bbox 3955 3957 4022 4010; x_wconf 89' lang='lat' dir='ltr'><strong>et</strong></span> <span class='ocrx_word' id='word_1_769' title='bbox 4064 3964 4206 4029; x_wconf 90' lang='lat' dir='ltr'><strong>ego,</strong></span> <span class='ocrx_word' id='word_1_770' title='bbox 4287 3955 4365 4010; x_wconf 89' lang='lat' dir='ltr'><strong>ut</strong></span> <span class='ocrx_word' id='word_1_771' title='bbox 4406 3966 4614 4030; x_wconf 86' lang='lat' dir='ltr'><strong>spero,</strong></span> 
     </span>
     <span class='ocr_line' id='line_1_104' title="bbox 2660 4030 4617 4112; baseline -0.001 -14"><span class='ocrx_word' id='word_1_772' title='bbox 2660 4052 2794 4098; x_wconf 85' lang='lat' dir='ltr'><strong>una</strong></span> <span class='ocrx_word' id='word_1_773' title='bbox 2836 4032 3190 4098; x_wconf 83' lang='lat' dir='ltr'><strong>vobiscum.</strong></span> <span class='ocrx_word' id='word_1_774' title='bbox 3280 4030 3465 4096; x_wconf 84' lang='lat' dir='ltr'><strong>Nihil</strong></span> <span class='ocrx_word' id='word_1_775' title='bbox 3523 4030 3583 4095; x_wconf 91' lang='lat' dir='ltr'><strong>ei</strong></span> <span class='ocrx_word' id='word_1_776' title='bbox 3643 4030 3935 4112; x_wconf 89' lang='lat' dir='ltr'><strong>promisi,</strong></span> <span class='ocrx_word' id='word_1_777' title='bbox 3993 4030 4106 4096; x_wconf 89' lang='lat' dir='ltr'><strong>sed</strong></span> <span class='ocrx_word' id='word_1_778' title='bbox 4154 4039 4419 4097; x_wconf 88' lang='lat' dir='ltr'><strong>tantum</strong></span> <span class='ocrx_word' id='word_1_779' title='bbox 4465 4032 4617 4108; x_wconf 89' lang='lat' dir='ltr'><strong>dixi,</strong></span> 
     </span>
     <span class='ocr_line' id='line_1_105' title="bbox 2660 4116 4617 4200; baseline -0.001 -17"><span class='ocrx_word' id='word_1_780' title='bbox 2660 4136 2768 4183; x_wconf 91' lang='lat' dir='ltr'><strong>me</strong></span> <span class='ocrx_word' id='word_1_781' title='bbox 2829 4117 2911 4183; x_wconf 87' lang='lat' dir='ltr'><strong>de</strong></span> <span class='ocrx_word' id='word_1_782' title='bbox 2969 4118 3051 4183; x_wconf 89' lang='lat' dir='ltr'><strong>iis</strong></span> <span class='ocrx_word' id='word_1_783' title='bbox 3104 4136 3269 4200; x_wconf 88' lang='lat' dir='ltr'><strong>quae</strong></span> <span class='ocrx_word' id='word_1_784' title='bbox 3323 4127 3593 4200; x_wconf 83' lang='lat' dir='ltr'><strong>peteret,</strong></span> <span class='ocrx_word' id='word_1_785' title='bbox 3646 4117 3871 4181; x_wconf 86' lang='lat' dir='ltr'><strong>statim</strong></span> <span class='ocrx_word' id='word_1_786' title='bbox 3930 4116 4013 4181; x_wconf 85' lang='lat' dir='ltr'><strong>ad</strong></span> <span class='ocrx_word' id='word_1_787' title='bbox 4073 4137 4194 4182; x_wconf 80' lang='lat' dir='ltr'><strong>vos</strong></span> <span class='ocrx_word' id='word_1_788' title='bbox 4236 4116 4617 4184; x_wconf 82' lang='lat' dir='ltr'><strong>relaturum.</strong></span> 
     </span>
     <span class='ocr_line' id='line_1_106' title="bbox 2660 4202 4393 4285; baseline 0.003 -19"><span class='ocrx_word' id='word_1_789' title='bbox 2660 4202 2901 4269; x_wconf 85' lang='lat' dir='ltr'><strong>Videte</strong></span> <span class='ocrx_word' id='word_1_790' title='bbox 2946 4212 3023 4268; x_wconf 89' lang='lat' dir='ltr'><strong>ut</strong></span> <span class='ocrx_word' id='word_1_791' title='bbox 3063 4211 3321 4268; x_wconf 89' lang='lat' dir='ltr'><strong>certum</strong></span> <span class='ocrx_word' id='word_1_792' title='bbox 3364 4222 3751 4285; x_wconf 89' lang='lat' dir='ltr'><strong>responsum</strong></span> <span class='ocrx_word' id='word_1_793' title='bbox 3799 4222 3951 4267; x_wconf 90' lang='lat' dir='ltr'><strong>mox</strong></span> <span class='ocrx_word' id='word_1_794' title='bbox 3987 4203 4305 4268; x_wconf 88' lang='lat' dir='ltr'><strong>mittatur.</strong></span> <span class='ocrx_word' id='word_1_795' title='bbox 4380 4249 4393 4272; x_wconf 86' lang='lat'><em>.</em></span> 
     </span>
     <span class='ocr_line' id='line_1_107' title="bbox 2833 4283 4623 4372; baseline -0.001 -18"><span class='ocrx_word' id='word_1_796' title='bbox 2833 4288 3023 4355; x_wconf 88' lang='lat' dir='ltr'><strong>Uxor</strong></span> <span class='ocrx_word' id='word_1_797' title='bbox 3066 4307 3215 4353; x_wconf 89' lang='lat' dir='ltr'><strong>mea</strong></span> <span class='ocrx_word' id='word_1_798' title='bbox 3268 4289 3395 4352; x_wconf 90' lang='lat' dir='ltr'><strong>iam</strong></span> <span class='ocrx_word' id='word_1_799' title='bbox 3456 4297 3559 4353; x_wconf 88' lang='lat' dir='ltr'><strong>est</strong></span> <span class='ocrx_word' id='word_1_800' title='bbox 3598 4287 3770 4371; x_wconf 86' lang='lat' dir='ltr'><strong>apud</strong></span> <span class='ocrx_word' id='word_1_801' title='bbox 3904 4297 4071 4353; x_wconf 89' lang='lat' dir='ltr'><strong>trem</strong></span> <span class='ocrx_word' id='word_1_802' title='bbox 4116 4309 4307 4371; x_wconf 88' lang='lat' dir='ltr'><strong>quem</strong></span> <span class='ocrx_word' id='word_1_803' title='bbox 4356 4283 4483 4372; x_wconf 75' lang='lat' dir='ltr'><strong>e‘gd</strong></span> <span class='ocrx_word' id='word_1_804' title='bbox 4527 4291 4623 4353; x_wconf 88' lang='lat' dir='ltr'><strong>in-</strong></span> 
     </span>
     <span class='ocr_line' id='line_1_108' title="bbox 2662 4373 4623 4459; baseline -0.001 -19"><span class='ocrx_word' id='word_1_805' title='bbox 2662 4374 2819 4440; x_wconf 81' lang='lat' dir='ltr'><strong>felix</strong></span> <span class='ocrx_word' id='word_1_806' title='bbox 2878 4375 3167 4439; x_wconf 85' lang='lat' dir='ltr'><strong>invisere</strong></span> <span class='ocrx_word' id='word_1_807' title='bbox 3219 4395 3352 4438; x_wconf 91' lang='lat' dir='ltr'><strong>non</strong></span> <span class='ocrx_word' id='word_1_808' title='bbox 3412 4394 3699 4456; x_wconf 86' lang='lat' dir='ltr'><strong>possum.</strong></span> <span class='ocrx_word' id='word_1_809' title='bbox 3868 4394 4030 4438; x_wconf 90' lang='lat' dir='ltr'><strong>num</strong></span> <span class='ocrx_word' id='word_1_810' title='bbox 4083 4387 4387 4456; x_wconf 87' lang='lat' dir='ltr'><strong>superest</strong></span> <span class='ocrx_word' id='word_1_811' title='bbox 4452 4373 4623 4459; x_wconf 89' lang='lat' dir='ltr'><strong>quod</strong></span> 
     </span>
     <span class='ocr_line' id='line_1_109' title="bbox 2661 4457 4391 4542; baseline -0.001 -17"><span class='ocrx_word' id='word_1_812' title='bbox 2661 4459 2959 4538; x_wconf 85' lang='lat' dir='ltr'><strong>scribam,</strong></span> <span class='ocrx_word' id='word_1_813' title='bbox 3006 4458 3087 4525; x_wconf 87' lang='lat' dir='ltr'><strong>de</strong></span> <span class='ocrx_word' id='word_1_814' title='bbox 3129 4480 3258 4542; x_wconf 91' lang='lat' dir='ltr'><strong>quo</strong></span> <span class='ocrx_word' id='word_1_815' title='bbox 3300 4469 3373 4522; x_wconf 87' lang='lat' dir='ltr'><strong>tu</strong></span> <span class='ocrx_word' id='word_1_816' title='bbox 3418 4458 3781 4524; x_wconf 83' lang='lat' dir='ltr'><strong>constitues</strong></span> <span class='ocrx_word' id='word_1_817' title='bbox 3823 4459 3996 4541; x_wconf 90' lang='lat' dir='ltr'><strong>quod</strong></span> <span class='ocrx_word' id='word_1_818' title='bbox 4042 4457 4391 4524; x_wconf 78' lang='lat' dir='ltr'><strong>videbitur.</strong></span> 
     </span>
     <span class='ocr_line' id='line_1_110' title="bbox 2833 4543 4624 4628; baseline 0.001 -17"><span class='ocrx_word' id='word_1_819' title='bbox 2833 4544 3122 4628; x_wconf 79' lang='lat' dir='ltr'><strong>Quidam</strong></span> <span class='ocrx_word' id='word_1_820' title='bbox 3168 4545 3273 4610; x_wconf 88' lang='lat' dir='ltr'><strong>hic</strong></span> <span class='ocrx_word' id='word_1_821' title='bbox 3316 4544 3537 4610; x_wconf 84' lang='lat' dir='ltr'><strong>latitat</strong></span> <span class='ocrx_word' id='word_1_822' title='bbox 3579 4564 3661 4610; x_wconf 93' lang='lat' dir='ltr'><strong>ex</strong></span> <span class='ocrx_word' id='word_1_823' title='bbox 3712 4543 4009 4610; x_wconf 77' lang='lat' dir='ltr'><strong>Nemorsi</strong></span> <span class='ocrx_word' id='word_1_824' title='bbox 4051 4544 4321 4624; x_wconf 80' lang='lat' dir='ltr'><strong>familia,</strong></span> <span class='ocrx_word' id='word_1_825' title='bbox 4382 4567 4473 4612; x_wconf 91' lang='lat' dir='ltr'><strong>ex</strong></span> <span class='ocrx_word' id='word_1_826' title='bbox 4516 4567 4624 4613; x_wconf 83' lang='lat' dir='ltr'><strong>cu·</strong></span> 
     </span>
     <span class='ocr_line' id='line_1_111' title="bbox 2660 4629 4625 4714; baseline 0.001 -17"><span class='ocrx_word' id='word_1_827' title='bbox 2660 4632 2764 4698; x_wconf 83' lang='lat' dir='ltr'><strong>ius</strong></span> <span class='ocrx_word' id='word_1_828' title='bbox 2807 4653 2920 4697; x_wconf 92' lang='lat' dir='ltr'><strong>ore</strong></span> <span class='ocrx_word' id='word_1_829' title='bbox 2963 4629 3264 4697; x_wconf 88' lang='lat' dir='ltr'><strong>auditum</strong></span> <span class='ocrx_word' id='word_1_830' title='bbox 3321 4641 3439 4710; x_wconf 88' lang='lat' dir='ltr'><strong>est,</strong></span> <span class='ocrx_word' id='word_1_831' title='bbox 3493 4642 3752 4714; x_wconf 89' lang='lat' dir='ltr'><strong>captam</strong></span> <span class='ocrx_word' id='word_1_832' title='bbox 3813 4629 4078 4712; x_wconf 89' lang='lat' dir='ltr'><strong>quidem</strong></span> <span class='ocrx_word' id='word_1_833' title='bbox 4122 4650 4258 4696; x_wconf 91' lang='lat' dir='ltr'><strong>non</strong></span> <span class='ocrx_word' id='word_1_834' title='bbox 4302 4654 4451 4699; x_wconf 83' lang='lat' dir='ltr'><strong>esee</strong></span> <span class='ocrx_word' id='word_1_835' title='bbox 4495 4633 4625 4699; x_wconf 84' lang='lat' dir='ltr'><strong>Ge-</strong></span> 
     </span>
    </p>
   </div>
   <div class='ocr_carea' id='block_1_8' title="bbox 2662 4839 3074 4853">
    <p class='ocr_par' dir='ltr' id='par_1_8' title="bbox 2662 4839 3074 4853">
     <span class='ocr_line' id='line_1_112' title="bbox 2662 4839 3074 4853; baseline 0 0"><span class='ocrx_word' id='word_1_836' title='bbox 2662 4839 3074 4853; x_wconf 95' lang='lat' dir='ltr'><strong> </strong></span> 
     </span>
    </p>
   </div>
   <div class='ocr_carea' id='block_1_9' title="bbox 3406 5623 3497 5674">
    <p class='ocr_par' dir='ltr' id='par_1_9' title="bbox 3406 5623 3497 5674">
     <span class='ocr_line' id='line_1_113' title="bbox 3406 5623 3497 5674; baseline 0 -22"><span class='ocrx_word' id='word_1_837' title='bbox 3406 5623 3443 5652; x_wconf 52' lang='lat' dir='ltr'><strong>&#39;N</strong></span> <span class='ocrx_word' id='word_1_838' title='bbox 3460 5648 3497 5674; x_wconf 44' lang='grc' dir='ltr'><strong>θ,</strong></span> 
     </span>
    </p>
   </div>
   <div class='ocr_carea' id='block_1_10' title="bbox 4844 954 4848 1843">
    <p class='ocr_par' dir='ltr' id='par_1_10' title="bbox 4844 954 4848 1843">
     <span class='ocr_line' id='line_1_114' title="bbox 4844 954 4848 1843; baseline 0 0"><span class='ocrx_word' id='word_1_839' title='bbox 4844 954 4848 1843; x_wconf 95' lang='lat' dir='ltr'><strong> </strong></span> 
     </span>
    </p>
   </div>
  </div>
 </body>
</html>
