4900 6125
648 399 775 458 555
2164 386 2694 455 EPIS'POLAE
2740 390 3162 453 4249—4251
4526 399 4615 457 556

644 581 822 647 cium
864 586 995 659 est,
1041 587 1106 643 et
1150 578 1247 645 sic
1292 578 1472 644 iubet
1515 575 1829 643 Salomon
1876 583 1951 642 ιιι
1993 583 2218 659 pastor
2262 576 2617 662 diligenter

646 673 963 753 agnoscat
996 664 1259 729 vultum
1301 662 1552 747 pecoris
1607 661 1745 742 sui,
1803 671 1882 728 ut
1924 661 2191 727 noveris
2234 661 2615 729 eiusmodi*

646 752 981 818 hominem
1035 751 1157 816 sub
1201 759 1318 815 tuo
1373 748 1684 833 pastorali
1741 746 1957 814 officio
2016 748 2413 832 susceperis,
2474 749 2616 813 eius

646 840 853 904 vitam
920 857 1267 921 moresque
1339 836 1456 901 tibi
1537 833 1849 920 graphice
1917 833 2289 917 depingam.
2387 833 2615 898 Primo

646 946 803 992 cum
860 920 1034 1005 apud
1094 942 1215 988 nos
1272 930 1446 987 esset
1501 922 1747 985 mirum
1803 920 1874 984 in
1938 918 2202 984 modum
2263 918 2616 986 videbatur

646 1011 869 1076 favere
928 1008 1305 1091 evangelice
1350 1005 1676 1084 doctrine,
1743 1006 2086 1072 videbatur
2131 1005 2361 1071 ardere
2406 1005 2617 1090 gloria

649 1096 906 1163 Christi
963 1094 1262 1178 sacrique
1318 1094 1460 1158 eins
1515 1091 1860 1177 evangelii.
1956 1089 2092 1157 Sed
2145 1113 2351 1175 quum
2413 1111 2614 1156 evan-

647 1181 892 1268 gelium
941 1180 1232 1262 requirat
1272 1180 1480 1245 vitam
1536 1177 1984 1262 evangelicam
2040 1190 2106 1242 et
2150 1198 2364 1243 mores
2407 1176 2615 1243 chris-

649 1269 829 1333 tiano
891 1266 1158 1331 nomine
1213 1265 1475 1350 dignos,
1543 1264 1652 1330 hic
1710 1272 1972 1347 praeter
2020 1262 2220 1328 verba
2264 1271 2331 1326 et
2376 1283 2615 1328 nomen

649 1353 1015 1421 Christiani
1062 1351 1167 1417 vel
1212 1350 1578 1435 evangelici
1636 1350 1920 1434 pectoris
1964 1349 2168 1416 nichil
2216 1347 2451 1414 habuit
2497 1371 2616 1413 un-

648 1459 876 1523 quam,
933 1438 1067 1502 imo
1107 1457 1325 1503 mores
1370 1445 1435 1502 et
1480 1437 1685 1500 vitam
1730 1456 1881 1500 cum
1925 1434 2269 1519 evangelio
2316 1455 2615 1520 pugnan-

648 1536 801 1591 tem.
876 1521 1157 1607 Sapiens
1193 1522 1458 1606 quidam
1495 1522 1959 1604 interogatns‘
2002 1521 2189 1586 cuius
2233 1530 2425 1595 esset,
2462 1533 2617 1584 stol·

651 1633 766 1678 cus
830 1631 916 1674 an
972 1610 1314 1692 epicurrus
1333 1614 1386 1687 ’,
1442 1610 1582 1673 ioco
1649 1606 2022 1690 respondit:
2093 1608 2235 1691 Ego
2280 1607 2617 1670 Zenonem

650 1696 850 1762 laudo
910 1706 978 1759 at
1034 1696 1444 1778 epicurreum
1506 1694 1674 1758 vivo.
1760 1690 1954 1773 Quod
2020 1693 2128 1757 hic
2193 1693 2334 1758 ioco
2402 1691 2620 1758 dicere

651 1784 836 1848 visus
904 1794 1034 1858 est,
1102 1780 1227 1845 hoc
1284 1801 1461 1845 nunc
1514 1778 1709 1843 multi
1769 1779 1941 1843 serio
2000 1777 2332 1854 factitant,
2401 1778 2620 1843 verbis

652 1878 914 1934 tantum
949 1875 1018 1931 et
1058 1886 1172 1932 ore
1215 1865 1598 1949 evangelici,
1643 1864 1923 1947 pauliste
1957 1884 2034 1930 ac
2076 1864 2441 1940 christiani,
2482 1864 2620 1929 vita

654 1964 873 2020 autem
920 1961 989 2017 et
1031 1950 1322 2017 moribus
1366 1951 1671 2034 epicurri.
1741 1949 2041 2031 Quorum
2086 1970 2404 2014 numerus
2442 1948 2618 2033 apud

653 2062 773 2105 nos
817 2059 1215 2122 permagnus
1258 2046 1376 2102 est.
1467 2038 1574 2101 Ex
1623 2037 1855 2101 horum
1903 2056 2179 2101 numero
2237 2045 2341 2100 est
2384 2036 2494 2099 hic
2539 2034 2620 2100 de

655 2146 784 2211 quo
821 2123 1021 2189 michi
1078 2144 1309 2188 sermo,
1394 2123 1500 2187 Ex
1546 2122 1773 2187 multis
1830 2122 2135 2187 refferam
2190 2121 2435 2204 alliqna
2477 2122 2621 2185 eius

654 2210 1092 2296 praeclariora
1154 2230 1369 2291 opera.
1466 2208 1638 2274 Cum
1717 2216 1889 2273 esset
1969 2206 2295 2292 parochus
2372 2205 2618 2290 opiduli

654 2295 994 2363 cuiusdam
1024 2296 1325 2366 Astensis
1362 2293 1653 2371 diocesis,
1698 2302 1927 2376 captus
1962 2302 2105 2358 erat
2137 2313 2360 2358 amore
2400 2292 2620 2358 cuius-

656 2383 807 2448 dam
867 2379 1255 2447 iuvenculae
1313 2381 1625 2445 maritum
1680 2378 2018 2445 habentis:
2079 2380 2251 2445 hanc
2307 2379 2561 2461 puliare
2586 2377 2620 2415 *

655 2489 732 2534 ac
775 2467 1102 2535 solicitare
1144 2467 1315 2549 cepit
1358 2486 1480 2532 nee
1517 2464 1808 2531 deseruit
1847 2463 2055 2531 donec
2097 2486 2177 2530 ea
2209 2466 2456 2549 potitus
2501 2471 2618 2528 est.

656 2553 838 2638 Quid
880 2551 1137 2618 multa?
1224 2551 1421 2617 Illam
1466 2573 1506 2617 a
1549 2551 1844 2635 legitimo
1888 2551 2126 2617 marito
2172 2551 2510 2616 allienavit
2555 2557 2621 2614 et

656 2641 1011 2718 abstraxit,
1056 2658 1281 2704 secum
1326 2637 1521 2703 duxit
1564 2636 1723 2716 huc,
1770 2637 2024 2721 prolem
2068 2659 2150 2702 ex
2195 2658 2274 2702 ea
2317 2635 2621 2718 suscepit.

657 2727 852 2793 Nunc
912 2744 1071 2790 vero
1128 2723 1503 2808 auffugiens
1559 2723 1867 2790 miseram
1926 2722 2415 2806 desolatamque
2469 2721 2622 2786 reli·

658 2813 804 2897 quit
862 2831 1013 2878 cum
1074 2809 1237 2875 finio
1295 2829 1382 2875 ex
1434 2831 1514 2875 ea
1570 2818 1875 2892 suscepto
1935 2807 2292 2874 admodum
2348 2805 2565 2872 aduch
2588 2810 2625 2846 ⁸

658 2897 920 2964 tenello.
982 2894 1163 2962 Audi
1199 2895 1404 2961 alliud
1437 2893 1609 2978 quod
1648 2894 2058 2980 dessignavit
2091 2894 2432 2978 egregium
2468 2893 2625 2958 faci-

657 3005 806 3051 nus.
876 2982 1051 3050 Cnm
1093 2982 1228 3047 iam
1272 2982 1494 3047 animo
1537 2981 1678 3047 eius
1722 2980 2070 3047 insedisset
2110 2987 2449 3067 parentes,
2508 2998 2625 3063 pa-

658 3072 856 3137 triam
876 3121 893 3147 ,
952 3067 1197 3134 amieos
1254 3067 1629 3151 relinquere
1683 3073 1751 3135 et
1793 3067 2139 3134 Genevam
2194 3087 2267 3132 se
2309 3065 2626 3146 conferre,

660 3165 739 3222 ut
779 3156 904 3222 sibi
941 3153 1023 3220 de
1057 3154 1300 3221 viatico
1335 3153 1756 3237 prospiceret,
1800 3154 2046 3237 partim
2081 3154 2281 3219 etiam
2320 3167 2393 3218 ut
2435 3150 2625 3218 adul·

662 3252 806 3308 tere
848 3261 984 3320 sue,
1027 3236 1109 3305 de
1152 3260 1281 3323 qua
1323 3240 1640 3323 preffatus
1682 3260 1849 3321 snm,
1893 3239 2006 3305 alli
2053 3238 2166 3305 uid
2209 3238 2624 3323 elargiretur,

663 3327 819 3393 dnm
857 3347 1085 3392 omnes
1109 3327 1369 3392 monaci
1410 3345 1593 3392 sacre
1633 3325 1929 3392 concioni
2060 3330 2298 3401 essent,
2344 3324 2627 3389 latenter

662 3415 733 3479 in
776 3412 1010 3479 cellam
1042 3412 1416 3496 granariam
1452 3412 1522 3476 in
1557 3433 1688 3495 qua
1726 3432 2006 3479 comune
2042 3411 2456 3476 frumentum
2490 3430 2627 3475 ser-

664 3500 942 3567 vabatur
982 3498 1323 3583 ingressus
1368 3505 1488 3562 est.
1558 3496 1728 3563 Inde
1772 3517 1957 3564 sacos
1992 3496 2267 3581 alliquot
2307 3494 2631 3561 frumenti

664 3584 1033 3669 asportavit
1109 3582 1375 3649 nemine
1491 3582 1802 3666 nidqnam
1880 3583 2144 3649 sciente.
2248 3581 2402 3648 Non
2479 3587 2633 3665 post

664 3671 910 3737 multos
946 3668 1085 3736 dies
1126 3689 1280 3735 cum
1324 3604 1699 3753 inteligeret
1740 3670 1996 3734 furtum
2040 3689 2235 3735 suum
2279 3667 2485 3734 michi
2526 3687 2631 3733 re-

662 3756 994 3841 liquisque
1037 3754 1380 3821 monachis
1434 3776 1576 3821 esse
1620 3764 1881 3834 notum,
1941 3755 2185 3822 timens
2244 3754 2381 3821 suis
2428 3753 2631 3820 male·

664 3843 856 3911 factis
892 3839 1128 3926 dignas
1163 3840 1468 3907 exolvere
1504 3861 1724 3924 penas,
1763 3850 1962 3908 noctu
1997 3840 2166 3907 furis
2200 3860 2383 3906 more
2420 3840 2633 3905 auffu-

665 3930 783 4015 git.
877 3926 1289 3993 Vendiderat
1352 3927 1627 4010 pauperi
1691 3926 1951 3993 cuidam
2031 3948 2226 3994 servo
2291 3934 2357 3992 et
2421 3944 2631 4008 coquo

668 4023 899 4095 nostro
955 4012 1284 4099 optorium
1328 4012 1562 4079 cubilis
1605 4034 1812 4078 unum
1869 4032 2068 4078 aureo
2125 4031 2288 4078 uno:
2356 4018 2424 4076 et
2478 4031 2633 4077 cum

667 4100 920 4168 Paulus
966 4107 1146 4165 vetet
1185 4120 1271 4164 ne
1315 4098 1462 4182 quis
1517 4098 2055 4184 supergrediatur
2099 4118 2311 4182 neque
2354 4097 2632 4164 circum·

667 4188 897 4254 veniat
938 4186 1007 4251 in
1052 4185 1323 4269 negocio
1378 4185 1650 4250 fratrem
1702 4206 1931 4264 suum,
1987 4185 2096 4251 hic
2151 4193 2374 4249 tamen
2428 4181 2633 4249 falsus

668 4271 957 4357 paulista
979 4292 1337 4355 pauperem
1371 4270 1640 4335 fratrem
1678 4278 1745 4336 et
1766 4270 2139 4355 proximum
2164 4268 2630 4337 circumvenit:

669 4379 827 4424 nam
894 4359 1119 4425 abiens
1185 4364 1253 4421 et
1323 4356 1650 4439 optorium
1716 4365 1784 4422 et
1861 4357 2155 4440 precium
2234 4354 2630 4439 exportavit.

669 4442 902 4510 Alliud
958 4442 1111 4508 andi
1167 4441 1382 4509 simile
1439 4442 1715 4508 facinus.
1807 4442 2109 4508 Debebat
2151 4439 2349 4507 michi
2393 4440 2522 4523 ipsi
2567 4449 2635 4505 et

673 4530 845 4597 alliis
911 4527 1304 4613 quibusdam
1371 4528 1709 4595 monachis
1782 4529 1992 4594 nostri
2046 4526 2427 4593 monasterii
2499 4547 2633 4591 non

673 4614 1149 4700 aspernandam
1216 4614 1644 4698 pecuniarum
1709 4636 2036 4680 summam
2101 4623 2441 4680 scutorum
2508 4611 2633 4678 cir-

673 4703 835 4769 citer
879 4723 1017 4766 sex.
1097 4700 1190 4765 Et
1230 4721 1380 4766 cum
1427 4721 1561 4765 non
1614 4708 1949 4783 supeteret
2004 4708 2165 4765 tunc
2205 4698 2486 4763 facultas
2529 4719 2634 4764 ro·

562 4825 574 4839 ·
673 4789 861 4873 gavit
902 4806 1210 4852 monacos
1251 4785 1609 4852 creditores
1653 4797 1728 4851 ut
1769 4796 2116 4870 expectare
2167 4785 2355 4850 illum
2402 4784 2635 4868 digna-

673 4884 904 4939 rentur
948 4893 1154 4955 usque
1198 4871 1282 4936 ad
1323 4870 1599 4955 pascha:
1660 4881 1816 4937 tunc
1868 4874 2045 4937 enim
2090 4878 2161 4937 et
2212 4878 2633 4952 recepturum

675 4980 746 5025 se
781 4959 1092 5044 pecunias
1128 4957 1344 5023 aiebat
1378 4966 1445 5023 et
1480 4958 1869 5022 soluturum.
1930 4958 2069 5022 Nos
2104 4956 2277 5022 bona
2315 4954 2442 5020 fide
2479 4976 2632 5021 cum

676 5066 753 5111 eo
831 5054 1103 5129 agentes
1182 5064 1395 5126 neque
1473 5042 1720 5110 fraudis
1788 5042 2145 5127 quidquam
2225 5042 2635 5125 suspicantes

675 5129 959 5195 libenter
979 5128 1449 5196 consensimus.
1508 5128 1634 5194 Ille
1656 5137 1730 5194 ut
1751 5128 2210 5194 fraudulentus
2231 5149 2306 5195 ac
2328 5137 2634 5193 versutus

677 5218 991 5281 abscessit
1042 5212 1360 5280 fraudatis
1413 5214 1726 5280 fratribus
1779 5224 1845 5280 et
1888 5214 2204 5298 proximis
2258 5214 2411 5279 suis.
2500 5213 2635 5278 Hic

677 5301 989 5366 iudicium
1034 5309 1224 5365 tuum
1266 5297 1582 5378 desidere,
1629 5301 1731 5366 vir
1767 5299 2167 5367 doctissime:
2217 5301 2271 5365 si
2316 5300 2511 5378 enim,
2557 5310 2636 5365 ut

2718 575 3025 643 sanciunt
3067 576 3216 643 iura
3261 584 3329 642 et
3372 578 3515 661 ipsa
3558 587 3795 646 nature
3837 580 3952 645 lex
3995 579 4221 660 dictat,
4279 578 4433 646 fides
4467 583 4617 646 etiam

2715 660 2892 727 hosti
2951 662 3277 728 servanda
3332 674 3465 741 est,
3529 663 3685 748 quid
3746 664 3928 732 hunc
3980 666 4223 731 mereri
4279 665 4509 732 iudicas
4541 671 4623 750 qui

2716 748 3029 814 fratribus
3073 748 3212 814 suis
3255 749 3327 814 in
3351 749 3622 816 Christo
3659 751 3857 816 fidem
3893 771 4027 816 non
4073 754 4355 817 servarit
4392 763 4455 817 et
4488 753 4623 818 stau·

2718 833 2868 899 dem
2928 832 3196 900 fecerit?
3269 834 3492 900 Nolim
3554 856 3739 914 vero,
3800 838 4360 919 praestantissime
4404 835 4627 914 calm,

2717 928 2793 983 ut
2836 919 3177 986 existimes
3211 941 3319 986 me
3362 922 3491 986 ista
3534 922 3937 1006 conffingere
3982 922 4087 987 vel
4131 944 4214 988 ex
4250 923 4456 990 cordis
4490 944 4627 988 am-

2717 1004 3007 1070 ritudine
3041 1004 3239 1089 loqui.
3298 1007 3674 1072 Veritatem
3710 1008 3854 1074 dico
3891 1008 3963 1073 in
3987 1008 4256 1075 Christo
4290 1009 4457 1088 Iesu,
4486 1011 4630 1075 testi-

2717 1091 3016 1156 monium
3051 1091 3255 1158 michi
3289 1094 3676 1175 perhibente
3713 1093 4110 1160 couscientia
4145 1115 4293 1159 mea
4336 1095 4404 1158 in
4442 1096 4631 1179 spiritu

2717 1185 2966 1255 sancte,
2992 1178 3445 1244 testimouium
3468 1179 3674 1244 michi
3696 1179 4144 1263 peribentibus
4180 1180 4428 1247 cunctis
4452 1201 4632 1246 mom·

2718 1263 2862 1329 ehis
2898 1263 3144 1329 nostris
3167 1273 3234 1328 et
3267 1264 3413 1348 ipsa
3434 1265 3695 1348 publica
3715 1266 3907 1330 fama.
3969 1266 4312 1349 Descripsi
4346 1267 4459 1331 tibi
4480 1267 4633 1331 huius

2719 1348 3007 1414 hominis
3052 1350 3253 1428 dotes,
3300 1371 3517 1415 mores
3562 1359 3630 1416 et
3672 1353 3911 1417 vitam:
3959 1361 4032 1417 ιιι
4078 1371 4253 1418 nunc
4298 1350 4380 1416 de
4422 1352 4633 1417 homine

2718 1434 3037 1501 iudicium
3095 1435 3311 1502 facito.
3401 1436 3555 1503 Uno
3611 1437 3873 1514 circiter
3925 1458 4155 1503 mense
4213 1449 4542 1522 postquam
4586 1459 4635 1502 ss

2719 1518 2805 1584 ad
2848 1531 2913 1585 te
2956 1521 3234 1586 contulit
3274 1521 3359 1587 ad
3402 1544 3510 1588 me
3552 1524 3816 1605 scripsit
3857 1543 3941 1588 ex
3987 1523 4267 1589 Geneva
4322 1523 4635 1607 epistolam,

2719 1605 2789 1670 in
2834 1627 2965 1689 qua
3007 1608 3102 1670 ita
3144 1628 3252 1672 me
3295 1608 3608 1674 conviciis
3661 1608 3936 1686 lacerat,
3993 1617 4072 1674 ut
4128 1608 4320 1674 facile
4377 1621 4637 1693 appareat

2719 1692 2937 1774 ipsum
2983 1692 3318 1758 hominem
3365 1715 3508 1760 esse
3551 1694 3967 1770 maledicum,
4012 1694 4333 1772 vaffmm,
4382 1696 4638 1777 imposto-

2718 1798 2861 1842 rem
2906 1789 2974 1842 et
3014 1778 3338 1844 malorum
3381 1780 3819 1845 inventorem.
3890 1781 4105 1846 Vocat
4145 1801 4254 1846 me
4300 1789 4641 1864 apostatam.

2719 1862 3180 1947 hipochritam,
3218 1865 3528 1930 rebellem
3565 1874 3634 1932 et
3668 1866 4136 1951 abnegatorem
4171 1865 4424 1944 christi,
4466 1867 4639 1930 insen·

2721 1961 2959 2027 satum,
3021 1951 3137 2033 qui
3181 1951 3253 2015 in
3296 1955 3577 2017 veritate
3620 1952 3885 2036 cognita
3927 1973 4060 2018 non
4107 1953 4436 2017 steterim:
4490 1970 4641 2016 vocor

2721 2035 2802 2100 ab
2849 2056 2925 2100 eo
2969 2036 3212 2119 absque
3256 2036 3532 2117 christo,
3592 2039 3736 2103 sine
3783 2037 3935 2116 deo,
3995 2036 4200 2104 tradit
4239 2058 4353 2102 me
4396 2037 4641 2108 sathana,

2720 2133 2985 2187 accusat
3028 2143 3134 2186 me
3172 2122 3342 2206 quod
3388 2125 3917 2207 persecucionem
3962 2123 4061 2188 illi
4105 2123 4447 2189 intulerim
4487 2143 4643 2187 evan·

2720 2207 2874 2291 gelii
2919 2227 3137 2273 causa.
3226 2209 3395 2293 Ego,
3441 2218 3521 2273 ut
3562 2209 3685 2274 tibi
3731 2225 3963 2275 verum
4008 2210 4235 2287 fatear,
4298 2210 4357 2275 si
4404 2209 4643 2274 stetisset

2720 2291 2897 2376 apud
2931 2314 3057 2371 me,
3095 2292 3515 2360 decreveram
3553 2298 3693 2361 eius
3727 2295 3989 2380 flagicia
4016 2292 4216 2380 digna
4250 2294 4643 2379 castigacione

2719 2379 2975 2462 punire,
3018 2379 3134 2444 sed
3160 2380 3409 2446 Christi
3448 2383 3716 2465 eiusque
3752 2380 4079 2465 evangelii
4112 2402 4318 2447 causa
4352 2399 4645 2463 nunqnam

2721 2463 2818 2528 illi
2864 2465 3132 2531 molitus
3168 2487 3316 2531 sum
3361 2467 3653 2532 insidias.
3724 2467 3969 2532 Petrus
4007 2467 4345 2550 apostolus
4382 2487 4508 2530 non
4538 2463 4645 2530 vult

2722 2559 2801 2614 ut
2858 2552 3206 2634 qnisquam
3264 2553 3563 2635 paciatur
3619 2552 3807 2636 quasi
3864 2550 4194 2619 homicida
4250 2559 4373 2618 ant
4424 2552 4523 2616 fnr
4566 2561 4649 2614 aut

2724 2634 3084 2703 maledicus
3149 2645 3267 2702 aut
3330 2637 3720 2702 allienorum
3786 2639 4144 2722 appetitor,
4208 2639 4265 2704 si
4336 2647 4546 2703 antem
4595 2645 4649 2698 ut

2725 2720 3141 2802 christianus,
3187 2743 3320 2789 non
3361 2725 3706 2790 erubescat
3748 2724 3820 2788 in
3874 2725 4001 2790 isto
4040 2725 4349 2789 nomine:
4396 2722 4499 2789 hic
4530 2739 4649 2786 rem

2727 2808 2827 2871 uti
2871 2807 3271 2874 christianus
3316 2809 3522 2875 nichil
3563 2830 3852 2893 unquam
3898 2830 3937 2874 a
3980 2831 4087 2875 me
4131 2830 4371 2959 passus
4414 2818 4529 2883 est,
4563 2805 4647 2871 sed

2728 2892 2827 2957 uti
2861 2893 2985 2973 fur,
3021 2895 3118 2959 uti
3156 2894 3550 2961 allienorum
3586 2903 3829 2979 raptor,
3877 2895 3974 2960 nti
4010 2895 4141 2961 adu
4171 2903 4293 2974 ter,
4340 2892 4651 2978 propheeto

2728 2999 3048 3061 passurus
3083 2988 3226 3045 erat
3261 2982 3330 3045 ni
3364 2982 3587 3067 fugam
3610 2982 4052 3048 accelerasset
4113 2981 4285 3047 Mito
4324 2980 4447 3047 tibi
4472 2998 4651 3045 exem·

2729 3064 2876 3147 plar
2909 3066 2993 3132 ad
3028 3087 3136 3132 me
3173 3065 3499 3136 destinate
3540 3068 3838 3153 epistole,
3882 3068 4071 3134 mitto
4107 3069 4309 3134 etiam
4356 3087 4558 3133 meam
4590 3060 4649 3127 sd

2727 3152 2946 3235 ipsum
2988 3154 3455 3237 responsivam.
3521 3154 3612 3219 Et
3645 3154 3946 3239 quamvis
3987 3155 4194 3221 sciam
4240 3162 4310 3223 te
4354 3154 4429 3219 in
4468 3150 4651 3219 christi

2728 3238 2998 3323 negocio
3033 3247 3101 3305 et
3132 3240 3357 3306 arduis
3391 3239 3587 3307 rebus
3620 3260 3881 3325 semper
3903 3241 4501 3325 occupatissimum,
4532 3256 4652 3319 rogo

2727 3329 2796 3389 te
2840 3333 3062 3390 tamen
3106 3333 3181 3391 nt
3224 3334 3574 3409 utramque
3625 3326 3810 3412 legas
3853 3332 3919 3391 et
3961 3346 4115 3392 cum
4172 3325 4425 3412 legeris
4472 3330 4653 3408 posu·

2728 3408 3064 3477 diiudices.
3136 3411 3336 3490 Vale,
3400 3412 3506 3480 vir
3562 3411 3685 3478 dei.
3759 3412 3944 3478 Dens
3997 3420 4066 3477 te
4121 3410 4242 3477 din
4299 3422 4523 3477 sancte
4564 3426 4651 3473 sne

2728 3496 3025 3564 Ecclesie
3046 3506 3269 3566 servet
3303 3497 3720 3565 ineolumem.
3781 3496 4064 3565 Caburri
4093 3501 4149 3579 ¹)
4185 3518 4274 3564 ex
4296 3493 4649 3564 monasterio

2729 3589 2956 3649 nostro
2999 3584 3207 3650 Beate
3250 3585 3461 3651 marie
3502 3584 3758 3651 ordinis
3803 3582 4225 3651 benedictini.

3556 3722 3870 3789 Nicolaus
3912 3723 4360 3789 Lucernanus
4384 3724 4445 3798 ⁸)

3456 3808 3552 3873 tni
3596 3809 3668 3873 in
3712 3807 3984 3875 Christo
4026 3807 4541 3875 amantissimus.

3619 4353 3823 4423 425⁰.

3105 4523 3836 4605 MARRAQUIRIUS
3882 4521 4331 4592 CALVINO.

2909 4697 3066 4781 Ay&
3120 4696 3198 4762 de
3254 4697 3548 4762 ministro
3604 4695 3819 4780 aliquo
3876 4697 3989 4780 qui
4046 4696 4374 4764 ωάεείαα
4414 4692 4651 4761 wita-i

3040 4868 3154 4936 (sx
3188 4868 3529 4939 autographo
3567 4867 3696 4923 cod.
3718 4868 3923 4923 eonor.
3962 4865 4211 4935 109,f01.
4244 4865 4395 4933 149.)

2731 5109 2928 5191 42349.
2950 5108 3006 5177 1)
3048 5108 3364 5166 Cabur-nun
3396 5107 3705 5177 (Caum),
3748 5124 3929 5177 prope
3962 5106 4247 5176 peyna-01.
4324 5106 4541 5162 caue·
4580 5114 4645 5151 fl*

2729 5194 3001 5316 mmuh)
3037 5247 3251 5303 Nomen
3272 5246 3618 5315 yentaitium,
3650 5248 3893 5315 sortasse
3924 5246 4197 5311 fictitium
4218 5261 4256 5301 a
4290 5237 4645 5313 renen-d·-

2749 5317 3100 5373 Valdensium
3137 5316 3460 5372 deu-imma.
