4900 6125
244 377 357 442 193

233 559 589 639 scientiam,
643 581 877 644 meque
933 570 1123 644 putat
1180 582 1312 628 non
1369 561 1493 628 sibi
1535 561 1847 645 privatim
1892 562 2008 630 sed
2050 563 2182 632 illis

232 650 343 731 qni
397 667 504 711 me
558 645 902 731 publicatis
958 645 1145 713 libris
1185 647 1558 715 accusarint
1600 647 1950 731 publicatis
1995 648 2184 717 libris

231 731 639 817 respondere,
698 741 765 798 et
800 732 1062 812 Bezam,
1120 754 1319 817 quum
1364 733 1489 799 hac
1533 734 1865 813 transiret,
1935 735 2059 802 hac
2105 735 2186 802 de

231 839 301 882 re
359 817 782 903 interpellare
825 818 1145 898 debuisse,
1203 819 1449 897 scitote,
1516 819 1647 884 mei
1693 819 2186 888 clementissimi

228 902 522 983 Domini,
567 904 918 988 quominus
960 902 1027 970 id
1073 904 1337 970 fecerim
1384 903 1703 971 hactenus
1746 927 1866 989 per
1909 928 2016 973 me
2053 929 2187 972 non

228 989 507 1056 stetisse.
597 990 769 1055 Nam
814 999 882 1055 et
924 998 1084 1055 tunc
1126 988 1213 1053 D.
1265 989 1527 1057 Coxium
1570 999 1638 1056 et
1676 1013 1869 1074 porro
1913 1014 2065 1058 cum
2109 1013 2187 1059 eo

228 1075 311 1140 D.
356 1075 705 1141 Rectorem
751 1074 1095 1141 Simonem
1142 1075 1468 1143 Sulcerum
1522 1096 1602 1141 ea
1645 1076 1726 1142 de
1770 1099 1842 1143 re
1883 1080 2188 1156 conveni,

228 1167 296 1225 et
337 1159 580 1226 Raram
624 1182 758 1226 una
802 1180 951 1226 cum
996 1160 1146 1240 illis,
1206 1162 1337 1228 nisi
1390 1161 1522 1226 iam
1567 1183 1924 1246 properans
1969 1164 2185 1230 deces-

224 1246 417 1311 sisset
481 1255 924 1313 conventurus
990 1247 1101 1313 fui.
1178 1247 1270 1313 Et
1325 1268 1501 1313 nunc
1564 1257 1832 1331 paratus
1886 1271 2037 1315 sum
2104 1248 2186 1315 ad

221 1332 442 1397 omnia
480 1352 643 1415 quae
688 1331 783 1396 illi
826 1332 899 1397 in
944 1333 1081 1398 suis
1115 1332 1379 1417 scriptis
1416 1334 1875 1417 imposuerunt
1909 1334 2190 1401 crimina

226 1417 484 1500 publico
529 1418 774 1501 scripto
818 1417 1231 1501 respondere,
1277 1426 1476 1502 atque
1522 1419 1683 1484 adeo
1726 1442 1768 1484 a
1806 1420 2011 1499 vobis,
2059 1421 2188 1487 mei

224 1502 712 1569 clementissimi
757 1502 1051 1581 Domini,
1097 1513 1173 1568 ut
1216 1504 1341 1570 hoe
1381 1505 1795 1587 permittatis,
1836 1514 2186 1589 postquam

226 1590 316 1656 sic
360 1610 651 1668 accusor,
719 1589 957 1656 obnixe
1000 1600 1168 1673 peto.
1261 1592 1399 1654 Aut
1441 1591 1498 1655 si
1541 1590 1665 1657 hoc
1709 1612 1843 1656 non
1886 1593 2187 1674 impetro,

228 1681 293 1739 at
358 1672 524 1739 illud
591 1674 827 1740 saltem
894 1684 1043 1759 peto
1110 1681 1186 1740 ut
1252 1673 1432 1754 mihi,
1513 1676 1569 1742 si
1615 1676 2011 1758 respondere
2056 1698 2188 1743 non

225 1761 650 1844 permittitur,
718 1767 935 1826 tacere
978 1781 1061 1826 ne
1107 1760 1198 1828 sit
1238 1760 1471 1825 fraudi.
1547 1761 1741 1842 Quod
1787 1763 1842 1826 si
1888 1761 1988 1827 illi
2034 1769 2190 1828 sunt

226 1845 345 1911 sibi
389 1844 559 1910 bene
593 1847 853 1924 conscii,
900 1855 1316 1929 compareant
1348 1847 1497 1930 ipsi,
1542 1845 1719 1913 Besa
1759 1857 1825 1913 et
1864 1846 2187 1927 Calvinae,

224 1938 290 1997 et
329 1931 558 1996 omnia
599 1952 764 2014 quae
809 1940 1039 1997 contra
1081 1953 1188 1997 me
1222 1932 1503 1998 crimina
1535 1930 1746 1998 literis
1785 1933 2190 1999 mandarunt

224 2037 441 2084 coram
506 2016 697 2082 vobis
762 2017 927 2082 meis
993 2015 1313 2083 iudicibus
1369 2018 1667 2100 probent,
1728 2026 1795 2083 et
1836 2039 1958 2103 ego
2000 2020 2186 2085 vobis

224 2107 326 2182 (ut
387 2101 777 2186 intelligatis
841 2111 1159 2186 quantum
1204 2123 1387 2168 meae
1432 2123 1665 2169 causae
1709 2104 1987 2170 bonitati
2033 2125 2189 2171 eon-

222 2187 474 2266 fidam),
521 2188 578 2253 si
625 2188 737 2253 illa
780 2189 1221 2272 probaverint,
1292 2209 1514 2253 meum
1561 2200 1760 2273 caput
1804 2189 1890 2255 ad
1933 2189 2185 2256 iustum

222 2271 620 2357 supplicium
664 2272 844 2339 ultro
889 2274 1115 2340 offero.
1204 2273 1352 2339 Non
1400 2273 1732 2341 debebunt
1772 2283 2013 2354 autem,
2059 2275 2188 2341 nisi

222 2360 339 2426 sibi
386 2358 563 2424 male
608 2360 848 2425 conscii
896 2367 1072 2438 sunt,
1145 2359 1513 2425 Basiliense
1557 2360 1850 2427 tribunal
1896 2360 2191 2426 reformi-

222 2445 391 2523 dare,
439 2444 556 2528 qui
599 2444 716 2510 illa
761 2455 893 2512 toto
936 2443 1184 2510 mundo
1229 2443 1565 2528 publicare
1610 2468 1741 2511 non
1802 2444 2187 2512 reformidao

222 2539 409 2596 runt:
505 2531 608 2596 sin
674 2531 894 2596 minus
961 2529 1387 2614 probaverint
1463 2539 1568 2611 (ut
1604 2540 1781 2598 certe
1847 2553 2189 2616 nunqnam

222 2614 644 2770 ffibabunt),
721 2637 1004 2700 aequum
1061 2617 1187 2682 erit
1267 2625 1341 2682 ut
1408 2638 1526 2700 pro
1607 2617 2186 2683 calumniatoribus

350 2711 607 2768 eantur.

389 2787 607 2872 Spero
675 2809 811 2866 vos,
870 2788 999 2852 mei
1053 2787 1546 2853 clementissimi
1587 2786 1880 2867 Domini,
1940 2787 2071 2854 Dei
2117 2789 2186 2853 in

220 2873 338 2941 hoc
374 2874 646 2958 negotio
685 2875 978 2950 vicarios,
1027 2873 1095 2937 in
1132 2873 1256 2938 hac
1291 2894 1507 2952 eausa,
1551 2874 1723 2939 sicut
1765 2873 2085 2940 hactenus
2120 2881 2188 2940 et

220 2960 289 3024 in
332 2971 744 3027 caeterorum
791 2966 860 3025 et
901 2960 973 3023 in
1021 2979 1166 3024 mea
1207 2959 1414 3043 ipsine
1448 2978 1647 3024 causa
1688 2959 1950 3035 fecistis,
1996 2959 2184 3025 adhi-

221 3046 471 3113 bituros
530 3067 674 3112 esse
730 3067 875 3111 eam
937 3042 1372 3128 prudentiam,
1438 3045 1707 3111 afflante
1762 3067 1881 3113 voe
1946 3046 2183 3130 spiritu

222 3133 542 3209 veritatis,
603 3142 675 3196 ut
732 3131 897 3196 nihil
960 3130 1089 3196 nisi
1148 3152 1218 3196 re
1261 3130 1462 3214 probe
1504 3142 1849 3215 perspecta
1889 3153 2183 3215 pronun-

222 3219 415 3285 cietis.
529 3217 763 3301 Magni
830 3225 988 3282 sunt
1052 3226 1119 3281 et
1184 3224 1480 3299 potentes
1546 3229 1955 3283 accusatores
2019 3217 2182 3282 mei:

220 3304 329 3370 sed
397 3312 466 3369 et
532 3310 835 3386 potentes
895 3303 1096 3379 Deus,
1180 3302 1295 3385 qui
1361 3322 1793 3385 personarum
1860 3303 2181 3368 rationem

220 3412 348 3455 non
393 3388 615 3466 habet,
663 3388 744 3453 de
787 3387 949 3454 solio
994 3386 1236 3453 deiicit.
1324 3388 1471 3472 Ego
1517 3409 1675 3453 vero
1719 3409 1865 3454 sum
1912 3388 2185 3453 humilis

220 3475 588 3551 homuncio,
645 3474 756 3539 sed
817 3482 886 3539 et
940 3472 1226 3538 humiles
1269 3473 1535 3558 respicit
1578 3471 1785 3551 Deus,
1848 3481 1916 3538 et
1958 3494 2185 3538 eorum

221 3562 631 3646 sanguinem,
676 3560 733 3623 si
779 3559 1022 3624 iniuste
1066 3557 1385 3637 funditur,
1432 3558 1789 3625 ulciscitur.
1880 3558 2051 3624 Labi
2097 3560 2185 3624 fa·

218 3647 335 3711 eile
378 3655 503 3724 est,
549 3656 615 3711 et
660 3644 903 3710 vulnus
948 3665 1082 3709 uno
1126 3655 1459 3709 momento
1504 3643 1693 3710 facile
1736 3644 1978 3728 infligit
2012 3665 2187 3709 unus

218 3734 318 3799 vir
359 3732 596 3810 malus,
643 3730 816 3815 quod
859 3729 1095 3796 deinde
1137 3738 1404 3795 centum
1450 3729 1600 3794 boni
1658 3730 1893 3796 medici
1955 3729 2184 3795 multis

218 3820 406 3884 annis
450 3837 690 3883 sanare
733 3838 868 3882 non
913 3824 1206 3899 possunt.

385 3901 448 3970 Ο
500 3903 700 3980 Dens,
758 3902 871 3986 qui
933 3910 1003 3967 et
1055 3922 1269 3967 meam
1329 3910 1395 3967 et
1437 3900 1961 3967 adversariorum
2005 3921 2183 3967 meo-

220 4010 364 4056 rum
407 3988 611 4057 corda
653 3989 849 4065 nosti,
894 4008 1093 4071 surge
1138 3994 1204 4053 et
1248 3987 1465 4053 iudica
1507 4008 1771 4055 eausam
1816 4008 2051 4053 meam.

384 4075 587 4157 Quod
633 4073 715 4139 ad
760 4074 1191 4140 accusationis
1226 4084 1481 4156 partem
1526 4073 1880 4139 secundam
1925 4073 2181 4151 attinet,

216 4162 523 4228 videlicet
569 4160 739 4243 quod
788 4157 1183 4225 Bernardini
1236 4159 1462 4225 Ochim·
1506 4158 1794 4243 dialogos
1829 4157 2184 4225 transtule-

217 4246 358 4326 rim,
422 4267 562 4312 non
605 4254 766 4330 puto
810 4244 878 4309 id
921 4244 1084 4309 mihi
1126 4245 1359 4311 'fraudi
1402 4266 1545 4310 esse
1589 4246 1844 4312 debere.
1935 4246 2180 4310 Trans-

217 4332 338 4397 tuli
372 4334 573 4409 enim,
619 4333 788 4397 sicut
831 4338 900 4396 et
944 4330 1071 4396 alia
1115 4329 1407 4397 eiusdem
1452 4352 1654 4415 opera
1690 4331 2177 4407 transtuleram,

218 4440 341 4483 non
409 4429 489 4484 ut
549 4416 772 4493 iudex,
840 4416 954 4482 sed
1024 4427 1098 4482 ut
1162 4417 1540 4494 translator,
1610 4425 1675 4482 et
1730 4438 1813 4482 ex
1858 4415 2177 4483 eiusmodi

216 4524 411 4587 opera
455 4502 540 4568 ad
585 4502 886 4568 alendam
934 4501 1252 4568 familiam
1293 4512 1639 4586 quaestum
1675 4503 1888 4568 facere
1923 4502 2176 4568 solitus.

218 4588 304 4653 Et
357 4589 815 4676 typographus
873 4587 1044 4653 dixit
1100 4610 1170 4653 se
1239 4588 1487 4654 librum
1532 4587 1846 4654 obtulisse
1888 4588 2177 4666 Rectori,

218 4694 495 4760 eumque
550 4674 912 4741 secundum
956 4673 1351 4741 Basiliensia
1409 4675 1711 4741 instituta
1760 4673 1964 4741 fuisse
2025 4694 2178 4740 een-

219 4780 372 4826 sura
414 4761 870 4845 approbatum.

1001 4861 1431 4929 Sebastianus
1474 4861 1788 4931 Oastellio

728 4949 928 5015 huius
972 4947 1375 5015 defensionis
1419 4958 1611 5015 autor
1654 4970 1803 5015 mea
1843 4970 2045 5015 manu

563 5035 923 5118 subscripsi
967 5056 1141 5100 anno
1198 5039 1357 5099 1563
1403 5035 1509 5101 die
1553 5038 1633 5099 24
1681 5035 2177 5111 Novembris.⁸)

422 5222 482 5289 3)
519 5222 843 5279 Germanice
886 5222 1073 5279 cadem
1110 5224 1389 5305 Apologia
1433 5224 1618 5279 oblata
1663 5231 1743 5279 cst
1776 5225 1997 5281 cenam
2030 5223 2084 5278 d.
2120 5221 2175 5278 d.

222 5288 271 5344 4.
308 5290 439 5349 Dec.
511 5291 641 5361 Ipse
676 5307 985 5363 supremum
1021 5291 1163 5348 diem
1196 5294 1334 5350 obnt
1367 5293 1422 5347 d.
1457 5292 1542 5348 29.
1580 5292 1715 5351 Dec.

426 5376 646 5435 Οαῑυίκι·
671 5393 863 5449 opera.
942 5379 1057 5435 Vol.
1093 5378 1229 5434 XX.

1929 379 2094 442 1563
2138 375 2556 444 NOVEMB.

4139 383 4266 446 194

3190 560 3388 634 4⁰47.

2535 714 3324 784 WISSENBURGIUS
3368 716 4010 786 BULLINGERO.

2460 888 2563 955 De
2611 888 2836 955 Ochini
2891 886 3164 973 dialoyis
3209 888 3510 956 Basileus
3561 890 3897 972 impressis
3935 910 3979 956 a
4021 894 4268 976 myis-

2286 981 2457 1042 tratu
2511 975 2863 1057 inquiritur
2919 974 3028 1040 sed
3092 974 3386 1043 hactenus
3445 975 3714 1058 frustra.
3795 974 3973 1042 Besa
4037 984 4258 1045 contra

2280 1060 2708 1232 Ροὲἱοίὲἰῐιιίἳωη
2762 1059 3017 1142 empsit
3081 1061 3176 1126 ita
3219 1066 3288 1127 ut
3352 1061 3484 1143 ipsi
3540 1061 3684 1126 urbi
3739 1065 3794 1125 et
3849 1060 4089 1129 scholae
4132 1084 4258 1129 non

2314 1319 2641 1387 Excerptnm
2689 1333 2756 1370 ex
2792 1321 2918 1370 auto
3019 1316 3130 1386 pho
3165 1316 3295 1372 Cod.
3330 1318 3510 1373 Turio.
3560 1316 3783 1372 Archiv.
3821 1317 3963 1371 Plnt.
4001 1317 4098 1384 VI,
4125 1319 4250 1372 Vol.

2323 1386 2433 1452 17⁸,
2470 1387 2600 1441 olim
2619 1387 2791 1442 Scrin.
2826 1386 2884 1440 C.
2920 1333 3058 1455 gp.
3080 1386 3231 1439 Tom.
3269 1387 3319 1449 1,
3353 1387 3445 1441 fol.
3481 1385 3601 1440 541.
3625 1413 3688 1424 —
3708 1386 3906 1440 Simler
3940 1385 4066 1440 Vol.
4107 1385 4252 1457 108.)

2461 1558 2888 1642 Amplissimo
2952 1557 3096 1622 viro
3159 1554 3247 1621 D.
3316 1558 3408 1622 Μ.
3478 1556 3795 1624 Heinrico
3860 1555 4251 1642 Bullingero

2289 1643 2594 1729 theologo
2639 1663 2897 1709 summo
2941 1642 3299 1726 Tigurinae
3335 1643 3647 1710 ecclesiae
3682 1643 3927 1726 pastori
3967 1643 4252 1726 vigilan·

2288 1731 2540 1795 tissime
2585 1728 2849 1794 domino
2894 1749 2969 1793 ac
3011 1729 3194 1792 fratri
3241 1748 3361 1794 suo
3405 1750 3663 1813 semper
3708 1727 4102 1827 venerando.

3825 1814 4078 1898 auguri.

2291 2072 2396 2138 De
2447 2070 2674 2137 Ochini
2731 2069 3004 2154 dialogis
3059 2068 3236 2134 idem
3280 2069 3469 2133 nobis
3512 2069 3736 2134 evenit
3778 2068 3948 2153 quod
3994 2081 4062 2135 et
4106 2093 4260 2138 ves-

2290 2160 2412 2224 tris
2457 2156 2730 2223 civibus.
2821 2154 3156 2221 Oontinue
3196 2155 3374 2219 enim
3419 2163 3487 2219 et
3532 2156 3752 2219 variae
3787 2165 3855 2220 et
3887 2157 4142 2223 multae
4179 2159 4262 2224 ab

2290 2243 2664 2328 Argentina
2720 2242 2997 2308 veniunt
3051 2241 3282 2305 literae
3347 2240 3586 2322 quibus
3630 2260 3670 2303 a
3713 2241 3838 2323 piis
3879 2242 3988 2325 pie
4033 2265 4266 2311 mones

2288 2351 2458 2407 mur,
2505 2329 2587 2393 ab
2631 2326 2779 2392 aliis
2824 2337 3043 2391 autem
3088 2327 3321 2392 acerbe
3355 2326 3754 2402 incusamur,
3800 2326 3973 2410 quod
4017 2350 4104 2394 ex
4142 2351 4269 2398 sua

2289 2416 2449 2481 urbe
2494 2431 2739 2497 magna
2780 2411 3144 2477 multorum
3181 2412 3539 2476 offensione
3574 2412 4004 2496 magistratus
4041 2425 4270 2484 noster

2288 2500 2458 2566 tales
2522 2500 2724 2566 libros
2777 2499 2851 2562 in
2907 2498 3119 2566 lucem
3175 2496 3440 2579 prodire
3499 2498 3693 2574 sinat,
3762 2505 3831 2563 et
3870 2499 3986 2581 qui
4030 2522 4273 2589 prope-

2292 2586 2466 2651 diem
2534 2590 2639 2666 (nt
2682 2584 2947 2650 omnino
2987 2583 3463 2666 praesumitur)
3503 2582 3770 2665 publica
3812 2593 4096 2654 senatus
4144 2594 4277 2656 Ar-

2337 2670 2700 2738 entinensis
2772 2670 3104 2735 sententia
3171 2677 3490 2750 tanquam
3547 2667 3863 2736 haeretici
3921 2685 3991 2736 et
4052 2677 4275 2742 omnis

2290 2694 2652 2824 {onestatis
2717 2762 2787 2820 et
2848 2753 3185 2839 religionis
3260 2754 3412 2836 piae
3476 2764 3895 2837 corruptores
3963 2755 4276 2828 Vulcano

2290 2841 2592 2908 tradendi
2638 2841 2791 2906 sint.
2883 2840 3183 2921 Quarum
3226 2837 3492 2922 quidem
3537 2839 3900 2907 nonnullae
3946 2843 4037 2909 ad
4084 2868 4282 2913 sena·

2291 2939 2432 2993 tum
2492 2935 2790 2992 nostrum
2858 2945 3216 3009 pervenere
3277 2944 3510 3007 nuper,
3581 2926 3828 3007 quibus
3899 2943 4283 3000 commotus

2288 3014 2464 3081 idem
2510 3011 2701 3079 nobis
2744 3011 2916 3096 quod
2960 3010 3151 3078 vobis
3195 3020 3416 3075 vester
3461 3010 3786 3078 iniunxit:
3834 3014 4168 3085 nimirum
4207 3027 4290 3085 ut

2288 3101 2599 3183 inspectis
2644 3098 2939 3182 Dialogis
2993 3107 3203 3161 totum
3270 3097 3618 3181 negotium
3662 3100 3994 3181 quomodo
4039 3116 4289 3183 aetum,

2289 3195 2351 3251 et
2414 3208 2499 3251 an
2545 3205 2665 3269 per
2725 3194 2981 3250 nostros
3025 3202 3331 3248 censores
3376 3182 3655 3250 admissi
3702 3185 3843 3250 sint
3887 3184 4289 3273 diligentius

2287 3272 2820 3355 disquireremns.
2893 3270 3074 3352 Ergo
3113 3266 3286 3352 quod
3327 3267 3522 3333 iussu
3561 3291 3799 3336 sumus
3845 3286 4296 3356 exsequentes

2288 3357 2717 3441 Dialogorum
2763 3356 3189 3438 interpretem
3232 3352 3672 3421 Castalionem
3717 3358 4136 3439 invenimus,
4184 3361 4297 3444 qui

2283 3444 2353 3507 id
2399 3464 2469 3508 se
2515 3441 2749 3509 fecisse
2798 3440 3042 3505 Parmae
3085 3440 3500 3524 typographi
3547 3443 3853 3526 impulsu
3890 3463 4028 3508 non
4068 3453 4298 3529 negat.

2286 3528 2653 3594 Oensuram
2722 3527 2831 3609 qui
2892 3525 3120 3592 fecerit
3185 3523 3498 3589 nondum
3570 3528 3986 3594 invenimus.
4083 3528 4302 3594 Perna

2285 3614 2536 3680 Basilio
2580 3611 3014 3690 Amerbachio,
3071 3611 3184 3694 qui
3243 3619 3392 3673 tum
3456 3616 3753 3681 rectoris
3809 3616 3992 3682 vices
4049 3622 4303 3697 egerat,

2285 3721 2370 3766 ex
2414 3700 2557 3785 lege
2601 3698 2841 3763 librum
2886 3694 3294 3763 censendum
3343 3716 3419 3762 se
3469 3699 3845 3768 tradidisse
3890 3701 4001 3764 ait.
4076 3700 4312 3762 Amer-

2283 3785 2543 3851 bachius
2588 3783 2808 3865 Coelio,
2866 3802 3070 3866 quum
3130 3780 3362 3845 italico
3434 3804 3767 3853 sermone
3813 3787 4098 3868 scriptus
4143 3788 4311 3855 erat,

2284 3893 2355 3936 se
2399 3870 2658 3936 misisse
2704 3867 3074 3951 respondet.
3172 3866 3440 3934 Coelius
3484 3871 3774 3953 quidem
3818 3866 4188 3955 inspexisse
4233 3863 4314 3926 li-

2283 3957 2475 4024 brum
2522 3957 2784 4032 fatetur,
2847 3952 2961 4018 sed
3009 3950 3183 4016 nihil
3232 3955 3624 4034 censuisse,
3689 3979 3820 4024 nec
3858 3951 4054 4022 alicui
4098 3946 4317 4012 divul-

2285 4042 2488 4125 gandi
2546 4041 2797 4124 copiam
2854 4038 3109 4104 fecisse.
3203 4037 3442 4104 'Panto
3511 4042 3743 4127 igitur
3787 4032 4168 4126 labyrintho
4215 4049 4324 4091 res

2283 4128 2618 4212 implicata
2687 4135 2807 4203 est,
2875 4131 2951 4188 ut
3021 4124 3093 4187 in
3164 4143 3378 4205 quem
3451 4127 3750 4193 tandem
3819 4129 3984 4192 haee
4047 4112 4328 4205 cudetur

2282 4214 2431 4279 faba
2488 4232 2758 4297 prorsus
2813 4210 3143 4293 ignorem.
3237 4208 3444 4275 Huic
3512 4213 3715 4279 aliud
3762 4225 4019 4297 quoque
4059 4200 4335 4275 accessit

2281 4300 2563 4364 malum:
2633 4296 2954 4379 scriptum
3017 4292 3293 4359 seilicet
3349 4296 3668 4363 mordax
3729 4298 3897 4363 eatis
3941 4280 4112 4386 qjlod
4157 4276 4339 4340 3⁶⁸⁰

2281 4386 2355 4451 in
2418 4382 2839 4450 Castalionem
2908 4377 3149 4454 edidit,
3222 4378 3716 4461 haereticum,
3774 4380 4208 4467 Pelagiapum
4277 4362 4346 4418 et

2278 4470 2645 4553 scripturae
2731 4485 2961 4533 sacrae
3059 4463 3636 4547 depravatorem
3736 4457 4349 4549 pestilentismmmp

2280 4556 2718 4640 proclamans,
2764 4560 3076 4617 nostram
3119 4568 3302 4613 vero
3355 4549 3694 4616 scholam
3740 4558 3810 4613 et
3853 4540 4212 4609 eeclesiam,
4264 4541 4353 4616 s}-

2281 4641 2553 4724 mulque
2597 4639 2798 4704 totius
2833 4635 3030 4702 urbis
3071 4652 3450 4716 procer-ee,
3505 4638 3650 4700 etsi
3685 4632 3905 4698 lenius
3937 4615 4156 4708 paulo,
4198 4610 4360 4671 88·OE

2280 4738 2506 4793 tamen
2564 4724 2817 4789 duriter
2871 4722 3161 4785 incusat
3225 4718 3434 4798 quod
3515 4728 3794 4783 tantam
3836 4716 4090 4794 pestem
4133 4714 4202 4756 1⁰
4246 4702 4369 4783 ΡΨ.

2279 4812 2555 4879 ecclesia
2633 4818 2700 4874 et
2777 4805 2951 4872 urbe
3045 4803 3320 4868 ferant.
3443 4801 3671 4882 Quae
3751 4813 3956 4880 quum
4025 4772 4382 4909 Gssswlw’z

2278 4898 2416 4963 sint
2457 4897 2728 4970 obiecta,
2772 4889 3029 4974 quibus
3081 4885 3737 4951 satisfactionibus
3779 4888 3896 4945 aut
3936 4887 4070 4955 quss
4105 4869 4336 4941 ⁸90⁰&

2280 4983 2454 5048 hanc
2520 4982 2607 5046 sit
2670 4978 3083 5042 detersums
3172 4969 3470 5045 labem,
3549 4970 3634 5032 in
3701 4967 3841 5029 dies
3902 4952 4396 5071 exspesstssmuz

2278 5068 2538 5134 Vereor
2590 5072 2812 5129 autem
2867 5079 3004 5144 ego
3071 5075 3174 5119 ne
3243 5054 3446 5117 novi
3512 5048 3826 5118 incendii
3867 5059 4002 5106 non
4046 5042 4261 5114 Pffl'V‘*
4301 5035 4358 5078 ⁸¹

2278 5286 2481 5343 4047.
2495 5284 2556 5353 1)
2593 5282 2677 5349 Os.
2710 5276 3186 5352 praemoneam·-
3922 5336 3998 5391 13
