4900 6125
613 433 750 495 22⁷

627 616 806 683 malo
845 615 1427 702 benedictioneque
1469 637 1589 683 sua
1647 615 1932 684 solicitet.
2021 618 2262 685 Brevis
2304 639 2456 685 sum
2500 619 2582 685 li·

629 703 864 770 beuter
895 722 981 768 ne
1010 701 1341 770 laboribus
1373 701 1667 769 laborem
1706 701 2025 770 adiiciam.
2082 703 2146 769 N
2149 725 2225 770 ec
2261 704 2378 771 tibi
2401 725 2584 772 nunc

627 787 749 855 sed
791 786 1004 854 Besae
1058 798 1284 855 nostro
1340 787 1711 867 scriberem,
1775 790 1890 874 qui
1932 789 2153 856 omnia
2194 810 2344 857 mea
2387 789 2472 856 ad
2516 798 2584 857 te

623 873 918 952 referret,
983 874 1109 941 nisi
1171 873 1567 958 postulasses
1631 895 1673 941 a
1734 895 1843 940 me
1903 895 2314 959 responsum.
2412 873 2583 956 Scis,

623 960 720 1025 mi
774 958 997 1040 frater,
1052 959 1211 1044 quid
1279 981 1321 1027 a
1375 980 1485 1027 me
1538 959 1977 1044 postulaveris
2034 960 2289 1028 ultimis
2346 962 2501 1028 tuis.
2522 965 2581 1038 ²)

622 1044 772 1131 Ego
815 1064 974 1112 vero
1016 1065 1096 1111 ea
1134 1046 1205 1111 in
1246 1067 1320 1112 re
1362 1046 1457 1112 ita
1499 1067 1644 1112 sum
1690 1047 2060 1131 perplexus,
2120 1054 2200 1113 ut
2240 1048 2374 1114 iam
2418 1049 2582 1113 certi

621 1130 1923 1302 maswanffsssfflqxzs
1959 1131 2135 1286 3323,
2167 1134 2470 1286 sim..
2427 1240 2549 1304 ..a

621 1300 858 1369 tificari
911 1309 1186 1388 paratus
1238 1268 1407 1369 sum.
1497 1304 1752 1370 Verum
1810 1303 1971 1370 dum
2024 1311 2284 1372 nostros
2340 1271 2409 1371 et
2472 1326 2582 1372 res

619 1395 882 1454 nostras
937 1387 1408 1473 hominumque
1463 1399 1838 1456 nostrorum
1892 1411 2111 1457 mores
2175 1400 2245 1457 et
2311 1392 2583 1476 ingenia

622 1472 976 1559 legumque
1020 1481 1395 1541 nostrarum
1439 1476 1729 1542 rationes
1773 1484 1840 1542 et
1881 1475 2095 1542 multa
2143 1476 2275 1542 alia
2316 1498 2581 1544 mecum

616 1557 954 1643 perpendo
969 1609 987 1638 ,
1060 1559 1287 1626 videre
1353 1581 1489 1628 non
1539 1581 1839 1645 possum,
1910 1582 2038 1646 quo
2104 1583 2213 1629 res
2268 1562 2582 1629 ecclesiae

618 1651 690 1710 et
741 1645 1137 1730 reipublicae
1189 1655 1456 1713 nostrae
1517 1646 1742 1714 salvae
1796 1654 1867 1714 et
1908 1648 2267 1715 incolumes
2307 1668 2581 1715 manere

615 1730 895 1815 possint,
939 1730 999 1797 si
1041 1731 1219 1797 istud
1263 1730 1435 1816 quod
1476 1732 1607 1799 scis
1656 1734 1790 1799 fiat.
1879 1733 2170 1800 Proinde
2212 1734 2580 1801 Dominum

618 1836 706 1882 ex
747 1816 970 1883 animo
1013 1824 1235 1883 noctes
1280 1825 1475 1901 atque
1520 1817 1658 1884 dies
1701 1839 1815 1884 oro
1876 1826 1951 1885 ut
1990 1820 2050 1884 is
2090 1818 2252 1902 quid
2292 1830 2470 1887 certe
2515 1825 2585 1886 et

613 1899 968 1969 salubriter
1011 1903 1155 1969 fieri
1193 1904 1397 1987 possit
1412 1955 1429 1984 ,
1483 1903 1808 1970 ostendat.
1881 1903 2278 1972 Mirabiliter
2318 1905 2379 1973 is
2423 1905 2581 1972 hac-

617 1991 816 2054 tenus
870 2007 993 2054 nos
1047 1990 1362 2068 servavit,
1414 2000 1481 2054 et
1535 1997 1880 2075 paternam
1935 1990 2009 2057 in
2074 2012 2195 2058 nos
2238 1992 2582 2058 caritatem

618 2071 999 2140 declaravit.
1085 2073 1391 2141 Eundem
1456 2095 1571 2142 oro
1633 2082 1713 2141 ut
1773 2075 1835 2142 is
1898 2096 2042 2143 esse
2106 2076 2179 2142 in
2221 2098 2344 2144 nos
2388 2097 2584 2161 porro

616 2165 870 2311 ffmt'
914 2159 1024 2244 qui
1069 2159 1192 2226 fuit
1235 2161 1579 2229 hactenus.
1669 2159 1793 2228 Sat
1835 2162 1971 2229 scio
2021 2170 2090 2228 et
2133 2169 2200 2230 te
2243 2163 2585 2248 perpetuis

688 2245 984 2311 ominum
1042 2244 1340 2330 precibus
1407 2248 1735 2315 invocare.
1830 2248 2137 2316 Praestet
2205 2247 2314 2316 hic
2372 2250 2584 2329 nobis,

618 2329 794 2415 quod
837 2331 1025 2397 nobis
1068 2332 1374 2400 omnibus
1417 2340 1522 2401 est
1561 2333 1867 2400 salutare.
1937 2333 2023 2400 In
2063 2334 2191 2402 hoc
2239 2343 2585 2401 aeternum

617 2415 767 2484 vale
810 2425 878 2483 et
920 2438 1120 2502 perge
1162 2438 1270 2484 me
1314 2439 1394 2485 eo
1438 2439 1661 2485 amore
1702 2421 2025 2504 prosequi,
2084 2442 2213 2505 quo
2265 2420 2586 2487 hactenus

614 2514 1200 2673 zx‘tffiu‘e
1266 2504 2450 2659 ἓὲηῗέἓἻέἔῖὣὲαῗὲιέἭξῗξε
2462 2505 2589 2658 Βέἑ

616 2681 1040 2760 symmystas.
1129 2672 1446 2742 Salutant
1488 2684 1554 2742 te
1598 2687 1665 2741 et
1706 2675 1859 2744 illos
1896 2677 2124 2743 nostri.

1733 2812 1917 2881 Tuus
1959 2812 2407 2899 Bullingerus.

1501 3363 1698 3434 4⁰⁶6.

1082 3515 1758 3587 BULLINGERUS
1802 3515 2128 3584 BEZAE.

800 3685 960 3771 Ayit
998 3688 1276 3755 maxime
1318 3690 1397 3755 de
1447 3688 1680 3757 Ochino
1714 3688 1926 3756 exsule
1970 3686 2246 3754 Rhaetica
2286 3684 2589 3754 eiiciendo

621 3772 985 3926 ἳωζςοονῖεποεο
1026 3772 1354 3854 devenerit,
1399 3779 1532 3842 tum
1567 3777 1645 3841 de
1686 3774 1941 3842 concilio
1981 3772 2348 3840 Tridentino
2385 3791 2589 3856 nuper

949 4028 1063 4096 (Ex
1098 4029 1438 4101 autographo
1474 4029 1608 4087 cod.
1645 4028 1848 4086 Genev.
1885 4028 2004 4097 120,
2037 4030 2131 4085 fol.
2167 4028 2279 4099 15.)

800 4197 1184 4267 Clarissimo
1237 4202 1382 4268 viro
1425 4199 1513 4266 D.
1560 4199 1905 4268 Theodoro
1946 4201 2164 4268 Besae
2214 4200 2397 4267 fideli
2460 4199 2586 4265 mi-

621 4286 839 4353 nistro
882 4285 1299 4353 Genevensis
1343 4286 1655 4355 ecclesiae
1698 4286 1964 4354 domino
2017 4308 2164 4354 meo
2207 4285 2478 4355 colendo
2520 4293 2590 4353 et

621 4372 815 4439 fratri
856 4372 1050 4458 longe
1094 4372 1448 4441 carissimo.
2190 4457 2410 4527 Genffi

803 4627 1132 4696 Dominus
1197 4629 1389 4697 Iesus
1452 4629 1794 4697 benedicat
1858 4629 2000 4709 tibi,
2063 4651 2253 4698 carae
2318 4629 2588 4716 coniugi

630 4725 786 4781 tuae
829 4715 1309 4799 universaeque
1351 4714 1579 4783 domui
1621 4724 1691 4783 et
1733 4715 2048 4784 concedat
2109 4715 2291 4785 hunc
2333 4737 2587 4784 annum

627 4798 752 4866 tibi
792 4799 1262 4869 felicissimum.

803 4884 1091 4972 Affligor
1145 4898 1223 4953 ut
1277 4907 1413 4954 non
1476 4888 1724 4971 possim
1788 4888 2263 4957 vehementius.
2365 4887 2591 4956 Audio

629 4971 812 5037 enim
890 4970 971 5038 de
1012 4972 1378 5057 proditione
1441 4974 1624 5041 urbis
1704 4982 1965 5041 vestrae
1993 4977 2044 5054 ¹)
2121 4973 2341 5043 nescio
2410 4974 2589 5060 quid.

629 5055 895 5124 Rursus
956 5064 1182 5125 tamen
1236 5059 1349 5124 alii
1390 5067 1794 5140 asseverant,
1837 5058 1970 5126 Dei
2013 5060 2329 5129 beneficio
2373 5059 2591 5129 detec-

837 5276 1840 5350 mdesooderemroaeffliac.

631 5346 1925 5421 muddeprooeineuqummflemc.

2124 427 2657 497 EPISTOLAE
2702 433 3129 498 4065-4067

4501 433 4603 497 228

2686 627 2825 686 tam
2880 640 3026 688 esse
3082 617 3512 703 proditionem
3568 629 3633 685 et
3690 618 4004 705 plurimos
4057 619 4132 684 in
4176 618 4441 687 vincula
4476 638 4607 685 con·

2686 707 2907 774 iectos.
2997 704 3139 773 Oro
3194 712 3264 771 et
3318 703 3583 772 obsecro
3641 717 3717 771 ut
3758 726 3880 770 nos
3921 705 4159 771 liberes
4201 703 4611 771 sollicitudine

2685 797 2756 858 et
2810 791 2965 875 quid
3020 792 3108 858 sit
3159 811 3470 875 exponas.
3557 790 3913 857 Praeterea
3969 791 4025 857 si
4077 789 4238 873 quid
4294 790 4493 856 habes
4546 789 4612 856 dc

2684 877 2881 944 rebus
2925 876 3199 944 Gallicis
3241 885 3309 943 et
3342 875 3666 960 quomodo
3707 897 3813 943 res
3851 875 4186 942 Amiraldi
4222 875 4525 953 habeant,
4560 887 4615 940 et

2684 962 3008 1046 quomodo
3077 962 3389 1046 procedat
3444 963 3781 1046 negotium
3839 961 4264 1029 ecclesiarum
4358 961 4373 975 ⁸
4470 963 4484 975 '

2683 1048 2874 1114 Varii
2919 1049 3096 1116 enim
3141 1069 3435 1114 rumores
3476 1069 3597 1115 nos
3637 1047 4040 1132 perturbant.
4110 1047 4365 1113 Dicunt
4404 1045 4618 1114 Cardi-

2682 1135 2872 1200 nales
2936 1134 3195 1202 evocari
3259 1155 3346 1199 ex
3408 1133 3622 1213 Italia,
3695 1153 3930 1218 urgere
3995 1153 4217 1218 regem
4284 1143 4354 1198 et
4417 1134 4620 1197 omnia

2682 1221 2991 1305 practicis
3044 1221 3183 1287 suis
3240 1219 3582 1287 involvere
3637 1227 3832 1302 atque
3887 1217 4375 1294 confundere.²)
4462 1218 4621 1282 Tum

2682 1311 2753 1372 in
2798 1306 2950 1372 aula
2991 1306 3094 1372 Re
3141 1306 3198 1370 is
3239 1304 3452 1371 multa
3516 1314 3773 1371 tentare
3823 1304 4129 1369 dicuntur
4172 1302 4371 1369 Oard.
4418 1302 4623 1369 Ono&

2684 1401 2753 1458 et
2804 1391 3001 1458 Gard.
3111 1392 3425 1457 mariae:
3492 1411 3578 1456 ex
3635 1389 3795 1457 urbe
3852 1409 4013 1456 vero
4055 1389 4469 1455 Rhemorum
4537 1388 4623 1454 vel

2681 1477 2745 1543 N
2749 1478 2976 1545 anceio
3020 1476 3478 1558 Lotharinyum
3534 1475 3730 1542 Oard.
3787 1495 3908 1541 sua
3961 1495 4217 1559 quoque
4284 1473 4625 1541 subminis-

2683 1571 2864 1629 trare
2907 1562 3199 1630 consilia.
3268 1562 3416 1628 Hos
3458 1562 3740 1628 arbitror
3778 1569 3915 1627 tres
3956 1582 4098 1627 esse
4132 1581 4331 1627 ranas
4363 1579 4627 1644 quarum

2681 1649 2930 1715 mentio
2974 1650 3054 1714 fit
3092 1650 3166 1713 in
3200 1646 3620 1732 Apocalypsi.
3642 1650 3695 1726 ⁸)
3764 1645 3951 1714 Deus
3988 1645 4221 1731 perdat
4255 1667 4367 1712 eos
4400 1656 4469 1712 et
4502 1666 4627 1711 ser-

2683 1740 2794 1802 vet
2858 1735 3112 1819 Regem
3178 1755 3326 1801 cum
3393 1733 3682 1800 ecclesia.
3761 1730 4031 1799 Utinam
4096 1732 4355 1798 vinctos
4369 1734 4441 1807 ⁴1
4490 1731 4629 1796 illos

2683 1820 3174 1903 perturbatores
3230 1817 3663 1902 suspenderet
3726 1839 3844 1884 rex
3909 1839 3992 1884 ex
4047 1815 4407 1884 arboribus.
4476 1816 4629 1882 Pul-

2683 1905 2843 1974 chre
2897 1913 3044 1971 tum
3106 1907 3176 1970 in
3221 1904 3437 1971 media
3480 1905 3681 1970 etiam
3725 1904 3963 1990 hyeme
4005 1902 4269 1969 arbores
4312 1903 4629 1968 florerent.

2856 1991 3222 2058 Historiam
3287 1988 3512 2057 Ochini
3560 1989 3756 2074 ,leges
3812 2011 3899 2055 ex
3963 1988 4087 2054 hac
4149 1987 4406 2056 inclusa
4468 1988 4629 2072 epis»-

2686 2076 2913 2154 tola.⁵)
2999 2077 3190 2160 Rogo
3253 2083 3475 2141 autem
3529 2083 3605 2141 ut
3661 2076 3832 2142 hanc
3895 2084 3962 2140 et
4024 2074 4238 2152 illam,
4305 2093 4503 2158 quam
4568 2075 4629 2139 in

2685 2162 3007 2247 proximis
3061 2161 3225 2227 meis
3279 2160 3364 2227 ad
3409 2168 3475 2226 te
3530 2161 3815 2240 literis')
3858 2161 4041 2238 misi,
4096 2180 4236 2226 una
4276 2170 4348 2225 et
4389 2169 4531 2224 tuto
4572 2169 4631 2225 et

2686 2248 2814 2315 cito
2872 2248 3192 2314 remittas.
3260 2243 3590 2312 Audimus
3633 2245 3935 2313 Ocht‘mum
3979 2245 4360 2329 pervenisse
4378 2243 4631 2311 Sclufi'-

2686 2334 3046 2411 husiam,⁷)
3113 2352 3191 2399 ac
3243 2330 3336 2397 ibi
3377 2333 3449 2398 in
3494 2330 3689 2398 Oard.
3751 2330 4208 2416 Lotharinyum
4263 2350 4303 2395 e
4366 2329 4631 2397 concilio

2686 2420 2759 2487 in
2801 2417 3305 2503 Lotharingiam
3363 2418 3787 2483 festinantem
3841 2416 4168 2494 incidisse,
4237 2425 4308 2482 et
4359 2417 4425 2481 ei
4487 2436 4631 2482 suos

2688 2504 3007 2571 obtulisse
3071 2503 3388 2588 Dialogos
3473 2500 3784 2586 legendos
3872 2522 4034 2586 quos
4112 2524 4255 2568 ιιι
4335 2502 4633 2568 veritates

2688 2589 3117 2675 nuncupavit.
3208 2589 3485 2673 Accepit
3525 2589 3607 2655 ab
3651 2610 3728 2654 eo
3771 2587 4013 2654 librum
4057 2586 4503 2672 Lot-haringas,
4564 2607 4635 2653 ea

2689 2685 2912 2741 tamen
2973 2675 3122 2759 lege
3188 2683 3265 2741 ut
3328 2675 3383 2740 si
3452 2695 3589 2740 non
3653 2673 3986 2758 placerent
4046 2672 4222 2739 illico
4286 2673 4629 2739 comburat.

2688 2760 2955 2828 Adiecit
3003 2759 3298 2840 Ochinus,
3340 2781 3413 2827 se
3453 2759 3836 2826 observasse
3877 2778 4132 2825 errores
4173 2759 4247 2824 in
4290 2757 4633 2843 Evangeli-

2688 2866 2917 2913 corum
2961 2845 3249 2913 ecclesiis
3291 2848 3395 2924 24,
3453 2866 3615 2929 quos
3658 2845 3750 2925 ei,
3817 2844 3876 2910 si
3917 2845 4159 2928 cupiat,
4194 2842 4631 2911 demonstrare

2692 2932 2906 2999 vellet.
2994 2931 3362 3014 Respondit
3404 2930 3709 2998 Locharin
3844 2952 3860 2996 ε
3940 2930 4224 2995 nimium
4266 2931 4327 2996 si
4369 2939 4631 3014 quatuor

2688 3018 2827 3086 sint
2882 3024 2960 3084 ut
3012 3017 3333 3097 maxime,
3400 3026 3547 3083 tum
3599 3016 3836 3102 viginti
3888 3035 4026 3082 non
4089 3013 4390 3096 adiicies,
4456 3035 4629 3082 avab

2689 3125 2931 3189 susque
3007 3103 3089 3170 ab
3155 3103 3270 3170 illo
3335 3101 3651 3171 discessit.
3762 3101 4027 3169 Dicitur
4080 3100 4195 3167 ille
4260 3102 4627 3175 Plurima

2896 3358 2958 3421 2)
3002 3355 4293 3424 Ultimmaiocouessiioekbratahdtoed.
4334 3355 4457 3412 111.
4494 3356 4625 3412 Nn.

2690 3425 2830 3483 Deo.
2895 3426 2937 3482 1
2974 3441 3037 3482 so
3083 3427 3187 3482 hoc
3227 3441 3413 3482 mmo
3456 3426 3627 3483 rod-‘it
3676 3426 3843 3482 Cara.
3893 3426 4299 3495 Latiari-aus.
4370 3425 4623 3507 Longun-

2688 3495 2744 3552 ἀ.
2780 3496 2835 3552 d.
2874 3497 2904 3549 1
2944 3534 2958 3548 .
2994 3495 3132 3551 Dec.
3160 3510 3225 3565 p.
3258 3495 3394 3550 279:
3465 3496 3660 3567 Legati
3692 3495 3971 3551 Pontifici·
4013 3495 4091 3564 (ο.
4126 3498 4217 3562 a),
4250 3494 4419 3565 Regi·
4452 3496 4623 3577 Eup·

2688 3567 2813 3620 nias
2857 3571 2916 3618 et
2951 3564 3189 3620 Sabandi
3236 3581 3426 3620 recens
3467 3565 3574 3619 hnc
3622 3571 3902 3619 venerunt.
3971 3564 4241 3619 Dicuntur
4290 3563 4401 3617 buo
4434 3578 4623 3618 vnn

2688 3642 2750 3688 ut
2783 3634 3082 3689 sollicitent
3115 3633 3321 3702 Regem
3357 3634 3426 3687 de
3461 3633 3679 3689 foedere
3723 3633 3794 3688 ad
3829 3633 4178 3702 exsequenda
4210 3632 4437 3686 decreta
4468 3632 4623 3686 coad-

2687 3702 2766 3771 lii,
2801 3710 2858 3758 et
2892 3708 2956 3756 ut
2989 3702 3070 3756 Re
3112 3703 3255 3756 ‘nam
3290 3701 3571 3756 Navarrae
3614 3712 3869 3756 accusent
3904 3702 3962 3770 (a
3998 3700 4166 3770 Papa
4206 3701 4620 3756 m

2686 3770 2824 3837 tam)
2861 3788 3024 3840 quam
3112 3771 3261 3824 'cunt
3305 3771 3458 3825 brevi
3503 3771 3609 3825 huc
3656 3781 3958 3824 venturam.
4173 3808 4187 3821 .
4442 3772 4455 3783 ‘
4530 3772 4543 3782 '

2688 3841 2886 3893 talium
2921 3839 3273 3894 consiliorum
3307 3839 3605 3894 fabricator
3638 3839 3748 3893 iam
3781 3838 3982 3893 dicitur
4016 3855 4124 3893 non
4160 3840 4355 3908 procul
4390 3839 4569 3893 abs-s
4592 3853 4621 3891 s

2688 3908 3047 3978 Lotbaringia
3102 3914 3162 3961 et
3206 3908 3502 3962 sollicitare
3548 3923 3901 3989 quoscunque
3941 3913 4129 3976 potest
4160 3908 4234 3961 ad
4284 3908 4399 3962 tale
4438 3907 4617 3962 foed-

2685 3977 2876 4033 Nostri
2926 3984 3128 4040 autem,
3177 3976 3309 4031 licet
3358 3977 3648 4032 videantur
3697 3976 3949 4031 destituti
3984 3977 4225 4031 omnium
4277 3976 4497 4042 anxilio,
4526 3992 4617 4030 nn

2688 4053 2872 4101 tamen
2893 4045 3006 4182 ges
3047 4045 3276 4167 ondexnts
3278 4046 3545 4168 1amm‘laum.

3032 4130 3068 4169 a
3113 4154 3128 4169 .
3311 4154 3324 4166 .
3430 4153 3443 4166 .

2685 4733 2925 4789 macer·
2923 4739 2986 4789 at
3013 4752 3071 4816 ‚a
3130 4732 3469 4790 Wmembur'
3337 4803 3349 4814 ·
3464 4748 3537 4803 ρο
3585 4732 3913 4801 (Ηοακιρον’
3913 4774 3926 4797 ,
3977 4662 4613 4813 unffi&

2691 4802 2776 4871 01.
2810 4800 3025 4940 Bago
3056 4818 3143 4872 ep.
3171 4818 3505 4927 prowm-{m
3721 4941 3735 4952 ⁹
3777 4799 4274 4952 &Emmaus
4304 4886 4368 4927 κ
4542 4933 4599 4991 n

2691 4938 2943 5091 gamo}
2973 4941 3192 5092 &aniles
3232 4940 3954 5093 aufi'imlu‘lfffieqnhardinum
3978 4939 4207 5064 aadbiisse
4242 5026 4355 5064 non
4388 5010 4447 5064 in
4463 4936 4611 5062 {dr

2690 5096 2837 5132 mam
2880 5079 2981 5133 sed
3025 5098 3083 5133 m
3120 5079 3423 5134 Rhaetiam.
3495 5079 3669 5135 Vobis
3713 5094 3845 5149 ergo
3885 5077 4241 5133 annitendum
4292 5093 4365 5133 ne

2689 5147 2788 5202 fiat
2821 5145 3108 5203 latibulum
3144 5156 3203 5229 et
3235 5149 3449 5219 asylum
3483 5149 3782 5203 eiecturum
3816 5152 4046 5229 propter
4076 5162 4397 5229 pervers-n

2689 5230 2820 5271 nam
2870 5232 2941 5270 ex
2991 5217 3235 5271 eodesfis
3285 5215 3625 5272 orthodoxis.
3692 5214 3832 5271 mun
3884 5214 4103 5285 quidem
4210 5214 4379 5270 datur

2690 5286 2957 5341 tentanda
2989 5302 3080 5339 res
3113 5301 3201 5352 ne,
3236 5284 4131 5367 simeclasoonsequutiefuerint,
4164 5284 4609 5361 Μαίᾳ»

2691 5353 2911 5425 dantur,
2943 5353 3532 5410 autoumeisetalii
3574 5355 3785 5411 innoxn
3830 5358 4134 5409 suuntur.
4200 5350 4603 5409 prou-nn

4188 5946 4804 6108 Α
