4900 6125
2058 1694 2533 1794 MDLXI.

1834 1845 2196 1932 (οοΤοΒ.
2222 1884 2302 1896 -
2325 1847 2768 1930 neonus.)

1172 2051 1369 2123 8542.

838 2206 1314 2276 GALVINUS
1358 2207 1687 2276 BEZAE.

451 2380 812 2464 Respondet
875 2379 963 2446 ad
1015 2380 1242 2464 plures
1304 2380 1446 2446 eius
1509 2379 1761 2459 literas,
1826 2378 2107 2446 maxime
2171 2378 2243 2444 id

278 2488 470 2553 agens
530 2472 604 2532 ut
649 2465 982 2550 professor
1042 2465 1296 2550 linquae
1352 2464 1678 2534 hebraicae
1735 2465 1830 2533 vel
1882 2465 2096 2531 redeat
2149 2464 2245 2530 vel

274 2573 693 2621 messorem
713 2553 935 2618 mittat.
995 2550 1146 2634 Ipse
1166 2551 1425 2618 minime
1457 2572 1644 2638 aeyre
1673 2552 1802 2635 fert
1836 2572 1903 2617 se
1927 2550 2244 2617 Lutetiam

274 2661 396 2707 non
437 2644 730 2706 vocatum
769 2638 989 2721 fuisse.

271 2808 381 2879 (Ex
418 2808 741 2864 authentico
778 2808 1078 2878 exemplari
1114 2808 1245 2864 ch.
1293 2808 1491 2863 Gener.
1537 2806 1684 2865 107⁸.
1729 2807 1823 2862 fol.
1860 2804 1966 2861 245
2000 2823 2122 2861 cnm
2155 2806 2242 2888 ¹¹¹5

270 2879 578 2962 scriptione
630 2883 688 2933 ct
740 2878 953 2932 subscri
992 2878 1144 2931 tione
1198 2878 1553 2958 autograplga,
1609 2877 1731 2931 coll.
1768 2893 1890 2930 cum
1937 2875 2240 2958 exemplar}

268 2948 555 3074 ms
588 2945 1043 3072 assas&
1064 2944 2242 3154 1333„}g‚523ffls.v2·„31102022.215³s2211

438 3259 656 3324 Binas
713 3256 913 3324 simul
965 3256 1192 3322 literas
1271 3257 1416 3322 heri
1470 3256 1588 3322 abs
1643 3265 1710 3322 tc
1763 3256 1999 3339 recepi.
2024 3259 2076 3335 ¹)
2164 3253 2241 3322 Si

268 3345 597 3428 episcopis
648 3342 919 3409 libuerit
960 3354 1159 3427 atque
1202 3342 1403 3408 etiam
1446 3343 1837 3426 permissum
1880 3341 2084 3407 fuerit
2125 3360 2240 3407 vo-

268 3431 530 3498 biscum
589 3429 988 3517 disceptare,
1064 3428 1200 3493 iam
1349 3427 1530 3494 nitus
1594 3427 1878 3512 ingressi
1944 3426 2104 3493 estis
2169 3428 2240 3492 in

267 3516 703 3599 colloquium:
764 3513 880 3581 sed
935 3514 1065 3580 nisi
1102 3534 1208 3579 me
1366 3525 1491 3578 unt
1533 3534 1762 3580 omnes
1804 3513 2239 3591 coniecturae,

267 3602 573 3668 diffluxit
611 3610 755 3666 tota
789 3600 909 3666 illa
949 3621 1118 3685 spes.
1206 3598 1482 3667 Utinam
1524 3599 1736 3682 primo
1769 3619 2026 3683 quoque
2059 3597 2165 3664 die
2184 3598 2241 3677 ²)

267 3688 529 3755 salvum
573 3696 638 3753 te
680 3698 749 3751 et
794 3697 970 3753 recte
1015 3685 1346 3753 valentem
1389 3685 1916 3769 complectamur.
2003 3682 2140 3750 Sed
2183 3684 2241 3751 si

264 3773 424 3858 quid
458 3770 653 3839 vides
690 3772 765 3837 in
797 3771 1217 3839 festinatione
1253 3770 1546 3856 periculi,
1593 3770 2015 3837 cohibeamus
2049 3770 2240 3836 ambo

266 3872 581 3926 nostrum
622 3857 1043 3925 desiderium.
1132 3857 1402 3923 Interea
1445 3878 1531 3923 ne
1573 3876 1801 3923 corum
1845 3856 2239 3941 importuni-

266 3947 391 4013 tati
424 3946 709 4012 nimium
758 3941 1105 4028 indulgeas
1138 3943 1377 4027 quibus
1410 3963 1535 4008 nec
1569 3956 1685 4008 tua
1717 3944 1860 4008 vita
1908 3963 2034 4009 nec
2065 3963 2238 4007 com-

265 4032 493 4098 munis
553 4030 865 4097 ecclesiae
916 4030 1100 4096 salus
1141 4049 1338 4097 curae
1381 4038 1500 4094 est.
1592 4026 1812 4093 Audio
1855 4039 1920 4094 te
1962 4028 2240 4094 maciem

269 4118 702 4197 contraxisse,
765 4136 889 4182 nec
948 4116 1154 4180 miror
1209 4114 1284 4180 in
1341 4115 1605 4181 assiduo
1662 4124 1767 4180 tot
1823 4115 2239 4199 negotiorum

270 4223 628 4270 concursu:
702 4202 827 4267 etsi
891 4210 1116 4267 autem
1194 4200 1408 4267 multa
1469 4213 1821 4283 extorquet
1883 4200 2240 4267 necessitas

271 4290 397 4355 nisi
464 4300 694 4355 tamen
762 4286 1125 4354 valetudini
1191 4298 1344 4352 tuae
1409 4306 1657 4370 parcas,
1724 4286 1898 4351 male
1939 4286 2128 4353 nobis
2173 4294 2242 4351 et

273 4374 589 4442 ccclesiae
643 4373 951 4441 consulis.
1037 4371 1390 4439 Caeterum
1455 4373 1512 4437 si
1576 4373 1744 4437 mihi
1807 4371 2239 4456 obtemperas,

273 4458 367 4525 ita
419 4479 817 4546 prosequere
872 4458 1044 4542 quod
1098 4458 1369 4541 coepisti
1427 4466 1504 4524 ut
1561 4457 1794 4524 saltem
1853 4457 1937 4524 ad
1980 4468 2241 4543 tempus

272 4546 607 4612 valedicas
682 4544 887 4612 larvis
964 4544 1099 4609 illis
1175 4564 1458 4627 quarum
1527 4542 1821 4610 mellitae
1883 4544 2242 4612 blanditiae

274 4632 444 4697 nihil
534 4644 752 4697 raeter
798 4631 1214 4697 mortiferum
1248 4650 1581 4696 venenum
1614 4629 1888 4714 spirant.
1976 4629 2239 4697 Nollem

274 4716 440 4784 alios
504 4717 748 4796 estitui,
792 4716 911 4783 sed
952 4716 1081 4783 nisi
1124 4736 1233 4782 me
1272 4714 1445 4781 fallit
1486 4717 1583 4781 tui
1604 4714 1872 4780 videndi
1916 4715 2241 4801 cupiditas

273 4801 459 4870 utilis
501 4804 627 4869 crit
659 4804 885 4887 exigui
919 4802 1233 4886 temporis
1268 4800 1584 4869 absentia.
1673 4802 1964 4868 Tantum
2007 4823 2239 4887 oppor-

274 4890 530 4956 tunitas
614 4887 1058 4974 exspectanda
1148 4888 1276 4957 erit
1354 4886 1439 4953 ad
1517 4907 1718 4973 quam
1788 4896 2022 4972 sponte
2109 4888 2242 4955 eris

447 5061 555 5127 De
596 5061 1004 5129 confessione
1048 5061 1443 5146 Augustana
1484 5060 1720 5145 scripsi
1761 5058 2117 5146 diligenter
2157 5059 2241 5126 ad

281 5263 547 5388 ⁸⁴²3)
578 5264 646 5322 zv.
680 5264 835 5321 ³⁶14
867 5263 1029 5322 aaut
1083 5263 1559 5348 &massam
1592 5267 1711 5319 aa·
1743 5266 1942 5348 ψη·
1970 5270 2240 5335 pom.

484 5335 1587 5494 mxssaffl-mom-
1616 5332 1826 5401 mm

2350 2053 2678 2119 Comitem
2980 2055 3190 2140 ἱππεῦ)
3254 2061 3332 2121 ut
3385 2062 3683 2122 occurrat
3736 2055 3928 2124 malis
3986 2058 4316 2126 consiliis:

2349 2140 2603 2205 fontem
2644 2142 2809 2224 perfi
2854 2141 2958 2207 iae
3000 2139 3260 2208 ostendi
3304 2150 3372 2206 et
3425 2148 3744 2225 quantum
3791 2140 4116 2210 diluvium
4159 2144 4319 2214 inde

2350 2233 2742 2309 erumperet.
2814 2227 2921 2293 De
2961 2226 3274 2293 fratribus
3318 2227 3563 2293 nostris
3606 2228 3851 2312 recipio
3893 2228 4069 2314 quod
4112 2232 4317 2317 scrip-

2349 2312 2512 2391 sisti,
2558 2332 2688 2377 non
2735 2332 2878 2379 esse
2920 2312 3177 2392 liberos,
3224 2334 3449 2379 corum
3493 2313 3870 2381 nominibus
3927 2314 3997 2381 in
4051 2316 4315 2384 tabulas

2348 2397 2642 2480 publicas
2695 2398 2941 2465 relatis.
3031 2397 3168 2466 Sed
3232 2399 3387 2482 quia
3453 2398 3660 2464 frater
3714 2421 3901 2466 meus
3917 2402 3977 2476 ⁴)
4022 2401 4316 2470 adventu

2346 2503 2467 2549 suo
2529 2491 2784 2552 vestras
2843 2505 3072 2550 omnes
3125 2485 3634 2552 contestationes
3688 2484 3934 2553 delevit
3987 2486 4157 2554 nihil
4215 2495 4319 2557 est

2347 2567 2523 2652 quod
2591 2569 2863 2637 Merlini
2917 2568 3200 2636 reditum
3261 2568 3590 2654 impediat.
3677 2569 3784 2637 De
3836 2571 4021 2638 Gelon
4076 2573 4090 2589 ⁶
4182 2594 4316 2640 non

2347 2654 2555 2721 audeo
2598 2677 2683 2720 ur
2765 2676 2860 2734 re,
2903 2657 3059 2740 quia
3101 2677 3236 2722 non
3278 2664 3496 2740 potest
3536 2657 3873 2739 impetrari
3919 2678 3959 2721 a
4171 2661 4186 2675 '
4216 2681 4321 2741 sa,

2344 2741 2518 2824 quod
2574 2741 2633 2806 si
2734 2742 2793 2808 ic
2851 2750 3027 2809 esset
3080 2749 3266 2807 tanta
3320 2741 3741 2808 contentione
3784 2764 3935 2808 eum
3979 2745 4319 2827 postulant

2345 2825 2714 2911 Burdegali
2748 2834 2822 2892 ut
2857 2827 2999 2893 eius
3034 2824 3360 2893 retinendi
3398 2827 3584 2892 nulla
3618 2848 3767 2910 spes
3811 2829 3930 2895 sit:
3967 2837 4036 2895 et
4067 2830 4316 2899 nudius

2344 2912 2583 2979 tertius
2630 2910 2989 2980 Govalerius
3011 2912 3064 2997 ⁸)
3107 2914 3180 2978 in
3219 2912 3361 2978 eius
3404 2911 3597 2979 aedes
3640 2914 3981 2997 migravit:
4029 2916 4316 2983 sustinu-

2344 3019 2528 3066 eram
2587 2998 2876 3066 hominis
2928 3000 3238 3083 impetus,
3284 3019 3446 3084 quos
3491 2998 3696 3084 probe
3738 3000 3930 3068 nosti.
4017 3000 4318 3070 Tandem

2345 3086 2470 3152 etsi
2503 3098 2729 3170 aperte
2762 3106 2898 3151 non
2932 3086 3118 3166 cessi,
3156 3086 3452 3153 continui
3486 3105 3594 3151 me
3625 3085 3697 3150 in
3733 3086 4011 3154 silentio,
4103 3090 4320 3156 Ante-

2344 3191 2543 3254 quam
2584 3170 2742 3238 hinc
2783 3169 3151 3239 discederes
3193 3171 3323 3238 scis
3365 3169 3447 3237 de
3488 3192 3861 3239 successore
3879 3177 3933 3259 ⁶)
3975 3174 4154 3240 inter
4196 3196 4317 3244 nos

2345 3266 2570 3324 actum
2632 3277 2793 3324 esse.
2881 3256 3022 3324 Gur
3087 3257 3380 3323 nondum
3445 3277 3551 3324 res
3609 3267 3876 3342 peracta
3929 3258 4132 3326 fuerit
4192 3261 4316 3327 ali-

2344 3342 2610 3425 quando
2677 3363 3047 3428 cognosces.
3136 3341 3253 3409 Sic
3316 3341 3582 3428 quidem
3624 3342 3963 3410 existimat
4020 3353 4313 3429 senatus,

2344 3427 2746 3513 obligatione
2789 3427 3078 3494 solutum
3124 3448 3286 3507 esse,
3331 3429 3642 3514 quoniam
3684 3428 3766 3496 de
3809 3431 4147 3497 communi
4179 3432 4315 3499 col-

2344 3513 2502 3599 legii
2538 3514 2749 3580 nostri
2783 3514 3114 3580 sententia
3147 3515 3355 3597 petita
3388 3515 3512 3580 fuit
3545 3514 3823 3600 simplex
3856 3516 4106 3585 missio.
4173 3515 4314 3585 Sed

2345 3600 2503 3666 facit
2546 3620 2726 3666 mors
2768 3601 3192 3682 Amesiynam'
3234 3607 3310 3665 ut
3354 3601 3697 3667 Merlinum
3740 3600 4077 3667 retrahere
4119 3624 4314 3689 coga-

2344 3707 2514 3751 mur.
2536 3689 2593 3767 ⁷)
2672 3684 2962 3752 Causam
2993 3686 3163 3753 hanc
3198 3707 3291 3751 nu
3375 3708 3412 3752 r
3445 3686 3745 3753 subticui.
3811 3687 4313 3771 Iniquissimum

2341 3779 2564 3837 tamen
2621 3779 2795 3837 esset
2863 3770 3258 3838 Vincentius„
3276 3776 3302 3815 ⁸
3374 3778 3526 3858 post
3580 3779 3798 3839 tantos
3848 3782 4155 3860 sumptus
4199 3794 4314 3842 ex-

2345 3856 2618 3923 haustos
2651 3877 2691 3921 a
2726 3857 2914 3924 nobis
2947 3856 3179 3924 deseri.
3247 3856 3428 3939 Quid
3468 3865 3691 3924 autem
3734 3858 4071 3943 privatum
4112 3861 4312 3930 unius

2340 3942 2628 4009 hominis
2691 3943 2795 4010 ius
2853 3964 3209 4028 persequor
3252 3963 3329 4011 ac
3381 3964 3517 4012 non
3572 3945 3788 4029 potius
3842 3944 4074 4013 obiicio
4125 3948 4311 4014 nefas

2549 4231 2613 4370 ἐξ
2643 4233 2949 4372 {1⁸⁴wa
2946 4247 3020 4355 ἕ
3048 4230 3371 4368 Luthmop
3384 4230 3963 4367 (morolzis-23.
3984 4234 4143 4359 Ἥ
4166 4321 4308 4361 con·

2346 4379 2637 4426 meamus
2671 4377 2896 4425 senam
2928 4369 3008 4425 ad
3039 4367 3111 4422 28

2341 4440 2666 4509 postulasse.

2551 4507 2613 4578 6)
2646 4507 2723 4562 In
2764 4506 3007 4562 Galliam
3051 4506 3235 4562 redire
3280 4507 3549 4576 michae,
3598 4513 3648 4563 a
3699 4514 3922 4577 accepta
3964 4509 4146 4573 mia,
4181 4526 4284 4579 prs

2343 4592 2493 4632 m
2537 4577 2617 4633 ad
2659 4583 2870 4645 tempus
2914 4580 3126 4631 tantun
3192 4574 3359 4645 (Ray.
3405 4575 3484 4631 du
3523 4575 3749 4632 Oonsst'l.
3785 4576 3838 4632 8.
3883 4577 3969 4632 11.
4016 4577 4178 4643 Dec.)
4226 4579 4307 4636 aa

2341 4646 2714 4770 eOraga-tenses
2746 4660 2804 4700 ss
2834 4646 3036 4713 resep-'t
3068 4616 3373 4700 minida-ic
3402 4645 3714 4711 metum.
3786 4646 3919 4716 Ipse
3950 4644 4310 4705 Cedo-nmis

2552 4780 2608 4846 ⁷)
2647 4782 2839 4837 Rediit
2870 4780 2956 4837 23.
3000 4781 3119 4837 Oct.
3149 4780 3316 4851 (Rea.
3358 4781 3438 4836 da
3477 4780 3536 4837 0.

3112 4411 3125 4423 .
3160 4374 3304 4438 Aua.
3343 4369 3605 4426 dismas
3638 4386 3760 4426 sus·
3793 4371 4057 4428 maiorem
4089 4372 4308 4430 mun

2552 4849 2614 4921 8)
2659 4851 2976 4907 Vincentsus
3025 4851 3405 4920 typooraphus
3512 4852 3524 4863 ‘
3735 4849 3969 4907 Mor-lini
4023 4852 4303 4921 quoddam

2342 4936 2486 4990 opas
2531 4922 2633 4976 sub
2677 4918 2830 4988 prelo
2873 4920 3130 4976 habuisse
3178 4918 3329 4990 quod
3373 4919 3593 4976 obsuto
3635 4923 3827 4976 auctore
3869 4919 4147 4976 absolvers
4188 4939 4304 4979 non

2341 4997 2575 5061 poterat.
2648 4987 2942 5045 Fortassis
2983 4991 3172 5059 caim
3229 4988 3299 5043 ds
3552 4988 3709 5044 ’dous
3761 4988 4032 5043 vernonis
4108 4990 4303 5049 allieas

2794 5060 2806 5071 .
3339 4994 3582 5058 recoquunt

2361 5060 2423 5116 V.
2469 5058 2529 5114 Τ.
2576 5057 2692 5124 (Of.
2727 5065 2892 5113 suam
2927 5057 3111 5112 Besae
3153 5071 3475 5127 responsu-o
3518 5057 3572 5111 d.
3609 5056 3664 5112 d.
3699 5055 3785 5110 21.
3827 5056 3972 5125 Oct.)
4146 5058 4300 5116 1561.

2348 5128 2629 5183 Merlinus
2668 5127 2846 5183 edidit
2890 5126 3228 5182 Traduction
3269 5129 3329 5180 st
3372 5125 3685 5196 exposition
3730 5124 3830 5179 des
3874 5124 3970 5180 dix
4007 5130 4298 5185 comanda-

2343 5204 2526 5252 mcnts
2570 5196 2875 5263 (Sea-sbi«.
2922 5194 2994 5250 Π.
3049 5192 3165 5261 100,
3210 5210 3307 5266 φη
3350 5199 3530 5250 tam
3566 5192 3856 5249 Bion-iuss
3897 5199 3921 5250 t
4093 5197 4301 5265 aphun-

2342 5267 2621 5333 minat)
2670 5272 2723 5321 st
2754 5265 3089 5320 Traduction
3132 5264 3306 5334 franc.
3352 5263 3452 5318 dcc
3485 5262 3692 5321 nomm.
3725 5261 3921 5319 d’Occo
4027 5264 4171 5346 pade
4205 5283 4300 5323 sur

2343 5335 2458 5391 Job
2491 5343 2552 5391 et
2585 5335 2781 5389 Daniel
2816 5333 3015 5405 (Haeo
3047 5335 3148 5405 qus·
3179 5332 3510 5405 typam-apta·
3540 5347 3736 5389 aomos
3766 5348 3882 5389 noa
3913 5333 4165 5403 Meet).
