4900 6125
570 382 664 447 8⁷

572 589 759 636 nunc
824 567 1023 634 etiam
1088 589 1218 652 quo
1266 567 1466 634 latius
1519 567 1770 637 malum
1830 567 1955 635 hoc
2009 574 2234 652 pateat
2296 566 2544 635 latinus

573 652 842 740 prodiit,
900 651 985 718 ad
1027 660 1097 720 te
1136 653 1349 732 mitto,
1408 652 1585 738 quod
1627 662 1695 720 te
1737 653 1918 721 hunc
1961 652 2253 720 nondum
2299 652 2544 722 vidisse

574 741 967 807 existimem.
1079 739 1318 806 Missus
1382 746 1484 806 est
1560 742 1670 805 Au
1764 747 1868 805 sta
1944 739 2028 806 ad
2096 738 2544 824 Bullinyerum

573 826 910 911 superiore
954 845 1199 904 mense,
1246 824 1361 892 sed
1405 831 1627 891 nostra
1862 846 1903 891 a
1960 846 2259 893 excusus.
2345 825 2542 907 Quod

576 912 636 977 si
700 912 871 978 sorte
933 910 1215 977 latinum
1280 911 1411 976 iam
1469 919 1625 976 ante
1677 911 1987 996 accepisti
2040 911 2305 978 remitte
2362 912 2541 980 huuc

576 996 846 1064 obsecro
909 1017 1030 1081 per
1085 996 1393 1063 Livtemm
1457 1005 1775 1063 nostrum.
1879 997 2105 1065 Unum
2171 996 2351 1064 enim
2418 997 2543 1064 hoc

572 1102 765 1150 exem
813 1082 952 1147 lum
998 1081 1085 1148 ad
1126 1102 1249 1148 nos
1294 1080 1616 1166 perlatum
1661 1091 1780 1150 est.

815 1166 947 1234 uod
989 1168 1308 1252 proximis
1375 1166 1588 1234 literis
1632 1169 1763 1234 tuis
1807 1168 2183 1235 exhilarare
2225 1190 2331 1234 me
2378 1168 2541 1236 adeo

572 1252 865 1320 volueris
929 1252 1236 1339 expedita
1300 1254 1433 1319 iam
1546 1252 1756 1320 ridem
1815 1255 2014 1321 missa
2068 1253 2153 1322 ad
2218 1262 2284 1320 te
2338 1275 2538 1339 quae-

572 1339 870 1423 stione,²)
906 1340 1187 1424 gratiam
1223 1337 1343 1405 tibi
1379 1360 1447 1405 m
1523 1349 1592 1404 to
1624 1342 1983 1406 maximam
2017 1340 2247 1407 habeo.
2317 1342 2542 1407 'l‘uum

573 1425 750 1492 enim
795 1425 1109 1494 iudicium
1150 1426 1259 1494 hic
1304 1433 1380 1491 ut
1414 1425 1488 1491 in
1536 1425 1683 1493 aliis
1731 1425 2051 1494 hactenus
2083 1426 2542 1494 lubentissime

575 1511 971 1663 gmqleecga
1014 1512 1386 1663 fIIJiorninus
1449 1509 1569 1577 tibi
1628 1513 1851 1578 omnia
1865 1520 2056 1664 egilan
2078 1513 2374 1664 nfflnis
2431 1514 2540 1578 sui

619 1617 701 1662 ex
771 1619 830 1662 ri
1039 1617 1076 1663 e
1128 1619 1388 1664 cissime
1430 1618 1691 1681 semper
1734 1618 1862 1682 exp
1972 1619 2011 1663 a
2281 1619 2384 1664 en.

750 1682 996 1749 Besam
1053 1692 1355 1748 nostrum
1413 1690 1491 1748 ut
1544 1684 1708 1749 meis
1767 1685 2005 1763 verbis,
2072 1685 2183 1750 ubi
2242 1683 2326 1749 ad
2384 1705 2537 1750 eum

574 1768 938 1852 scripseris,
975 1768 1421 1834 amantissime
1456 1768 1944 1854 honorificeque
1965 1772 2214 1837 salutes
2251 1770 2537 1835 multum

573 1862 640 1919 te
684 1874 861 1939 rogo.
951 1853 1090 1920 Nos
1134 1855 1343 1940 ipsius
1387 1855 1765 1934 certamina,
1822 1855 2374 1938 quemadmodum
2421 1878 2535 1940 op·

570 1940 715 2004 timi
774 1938 1023 2007 Christi
1082 1940 1422 2025 martyris,
1478 1947 1547 2005 et
1587 1940 1864 2006 aliorum
1932 1941 2133 2008 etiam
2192 1962 2536 2026 nunquam

569 2023 887 2091 adiuvare
944 2025 1373 2092 auxiliaribus
1431 2045 1769 2092 sacrarum
1823 2028 2274 2110 precationum
2331 2029 2537 2111 copiis

567 2131 920 2190 cessamus,
966 2119 1041 2177 ιιι
1083 2111 1189 2178 vir
1219 2109 1379 2177 belli
1415 2110 1745 2178 Dominus
1784 2111 2079 2178 zebaoth
2114 2134 2234 2198 per
2269 2113 2417 2179 illos
2453 2112 2536 2179 de

566 2197 800 2264 mundi
853 2197 1180 2281 sapientia
1222 2205 1287 2263 et
1330 2198 1625 2281 potentia
1668 2196 1954 2282 gloriose
1999 2198 2393 2282 triumphet:
2463 2200 2533 2264 in

566 2302 697 2365 quo
742 2291 817 2348 tu
864 2302 1138 2367 quoque,
1181 2283 1274 2348 mi
1318 2284 1537 2348 anime
1581 2291 1649 2348 et
1691 2283 2028 2369 singulare
2072 2284 2271 2352 decus
2314 2293 2383 2350 et
2426 2305 2534 2351 or-

566 2377 957 2435 namentum
1000 2368 1312 2436 ecclesiae
1360 2367 1633 2444 Christi,
1690 2368 2066 2437 felicissime
2119 2371 2290 2438 vale.
2380 2369 2535 2438 Sal-

569 2461 766 2520 veant
799 2453 1042 2520 fratres
1080 2462 1488 2540 symmystae
1523 2461 1591 2520 et
1624 2462 1944 2539 quotquot
1976 2457 2126 2523 istic
2166 2457 2534 2523 Dominum

564 2539 786 2606 Iesum
860 2539 1201 2607 Christum
1264 2560 1423 2607 vere
1488 2538 1798 2626 diligunt,
1871 2543 2177 2627 inprimis
2241 2543 2533 2626 optimus

564 2626 790 2692 consul
837 2633 1057 2693 vester
1100 2626 1193 2692 M.
1251 2625 1538 2706 Rusazus,
1583 2627 1690 2693 cui
1732 2635 1810 2692 ut
1852 2649 1959 2694 me
2003 2637 2310 2695 accurate
2352 2649 2530 2694 com-

563 2711 839 2779 mendes
883 2710 1171 2777 multum
1216 2718 1285 2777 te
1329 2732 1592 2796 quaeso.
1680 2712 1933 2778 Iterum
1969 2715 2343 2798 iterumque
2378 2715 2534 2780 vale

563 2805 631 2863 et
689 2799 988 2882 proxime
1040 2797 1495 2881 impendentia
1552 2798 1786 2864 funera
1840 2820 1989 2865 mea
2041 2802 2301 2885 piorum
2344 2810 2532 2867 voto·

565 2904 715 2949 rum
781 2891 1043 2951 tuorum
1112 2883 1425 2951 comitatu
1491 2884 1778 2950 officiose
1829 2905 2241 2970 prosequere.
2336 2884 2534 2952 Vito-

563 2968 717 3034 duri
760 2970 850 3035 iii.
897 2968 1167 3036 Galend.
1209 2968 1606 3036 Novembris
1655 2973 1839 3037 1561.

1599 3106 1668 3174 Τ.
1699 3106 1930 3176 Ambr.
1971 3108 2353 3176 Blaurerus.

734 3310 1099 3377 Dominum
1135 3310 1361 3378 sedulo
1382 3332 1728 3396 precemur
1755 3335 1843 3380 ne
1880 3322 2373 3383 monstruosum
2408 3313 2528 3379 ali-

562 3394 752 3547 quod·
805 3396 1088 3464 Interim
1150 3398 1523 3482 parturiant
1576 3399 1699 3499 ‚isti
1755 3400 1872 3503 qui
1936 3401 2015 3501 in
2082 3399 2306 3501 Gallia
2347 3421 2530 3467 nunc

614 3500 692 3551 oc
732 3503 867 3549 iam
912 3492 1121 3570 agunt
1164 3504 1249 3549 ne
1294 3484 1673 3570 evangelica
1715 3496 2058 3553 sinceritas
2101 3486 2413 3551 obtineat.

1448 4045 1651 4118 85⁹4.

1173 4219 1420 4286 BEZA
1466 4218 1908 4288 OALVINO.

747 4389 2022 4471 Novissimatraditeoemaaetoodesiao,
2057 4394 2538 4477 dioeoesumpa·

567 4497 750 4559 rans,
778 4476 1125 4544 Perruoeui
1158 4478 1510 4557 adventum
1536 4477 1862 4546 Nemorsis‘
1893 4480 2389 4547 cosmatem
2430 4485 2536 4545 dc.

575 4648 686 4715 (Ex
732 4648 1073 4719 autographo
1110 4648 1241 4703 Ood.
1278 4648 1483 4703 Genev.
1534 4647 1653 4711 117,
1697 4649 1789 4704 fol.
1969 4652 2093 4706 coll.
2142 4668 2188 4706 c.
2234 4652 2369 4707 Ood.
2418 4653 2542 4723 119,

574 4717 670 4772 fol.
704 4716 791 4785 91,
818 4718 961 4788 Epp.
992 4718 1159 4772 Bern.
1195 4715 1285 4772 vl.
1322 4734 1399 4839 {L
1414 4714 1784 4856 θξὸόέἰιιιιιῐῧ
1806 4719 1896 4774 Vo
1922 4760 1935 4773 .
1957 4718 2075 4775 102.
2132 4721 2328 4777 Edidit
2362 4723 2540 4777 Baum

749 4959 813 5022 A
857 4957 1202 5025 Monsieur
1247 4956 1627 5041 Despeville

1830 5066 1869 5111 a
1912 5046 2367 5117 villefranche.

562 5196 915 5206 ——-.-.—

790 5296 851 5359 2)
882 5296 951 5352 dc
986 5297 1217 5355 Iudaeis
1252 5300 1344 5365 (N.
1378 5299 1535 5357 3371.
1568 5299 1745 5365 8481).

2107 376 2638 446 EPISTOLAE
2696 379 3128 446 8593—3594
4515 384 4589 445 88

2822 565 2892 634 S.
2950 565 3167 634 Valde
3219 588 3370 634 sum
3428 568 3744 636 sollicitus
3809 567 3892 636 de
3950 577 4067 635 tua
4131 568 4521 649 valetudine,
4549 573 4593 651 Ι)

2647 654 2740 718 mi
2795 661 3001 737 pater,
3067 653 3243 737 quod
3297 675 3381 720 ex
3434 654 3786 739 postremis
3839 655 3975 722 tuis
4029 655 4242 721 literis
4283 675 4594 741 cognove-

2647 739 2796 816 rim,
2861 738 2946 805 ad
3011 738 3369 824 podagram
3449 740 3735 806 cholicos
3798 760 4057 826 quoque
4102 741 4376 818 dolores,
4452 762 4594 807 cum

2646 824 2927 891 infinitis
2970 825 3404 892 incommodis
3438 827 3838 907 coniunctos,
3883 828 4247 897 accessisse.
4328 826 4593 893 Utinam

2647 910 2865 994 aliqua
2900 911 3154 977 ratione
3187 932 3500 995 praesens
3534 933 3791 997 possem
3828 921 3896 979 te
3922 913 4267 980 sublevare
4301 920 4596 979 etmeam

2646 997 2714 1062 in
2739 1005 2806 1062 te
2839 997 3150 1080 pietatem
3187 998 3433 1063 testari.
3494 996 3632 1064 Sed
3654 999 3917 1083 quando
3950 998 4021 1065 id
4054 1000 4197 1066 fieri
4235 1019 4367 1065 non
4388 1004 4596 1082 potest

2648 1083 2949 1166 precibus
3028 1082 3262 1149 saltem
3347 1083 3629 1150 assiduis
3708 1092 3776 1150 et
3850 1093 3920 1151 te
3984 1085 4225 1152 iuvabo
4287 1093 4599 1169 quantum

2644 1175 2873 1251 potero
2916 1175 2984 1233 et
3025 1189 3133 1234 me
3175 1169 3392 1252 ipsum
3438 1169 3714 1236 solabor.
3797 1169 3932 1236 Sed
3969 1190 4128 1257 rogo
4162 1180 4238 1237 ut
4280 1190 4401 1255 per
4442 1170 4599 1235 ami-

2644 1273 2994 1404 fosffisaepe
3039 1254 3122 1320 de
3163 1256 3360 1321 rebus
3404 1257 3539 1322 tuis
3581 1256 3822 1322 certior
3863 1257 4037 1323 fiam.
4126 1255 4324 1323 Nunc
4389 1256 4601 1339 accipe

2669 1358 2747 1404 ae
2801 1359 2935 1405 ora.

2818 1425 3115 1492 Tandem
3180 1426 3553 1511 impetravi,
3634 1426 3765 1493 Dei
3832 1427 4067 1512 gratia,
4147 1435 4225 1494 ut
4289 1427 4600 1494 fratribus

2645 1512 2892 1577 nostris
2953 1511 3150 1578 liceat
3213 1532 3443 1579 secure
3507 1533 3662 1578 suos
3726 1520 4091 1579 conventus
4156 1512 4418 1593 habere,
4491 1511 4602 1579 sed

2643 1618 2726 1662 ex
2771 1598 2968 1663 tacito
3014 1596 3341 1663 duntaxat
3394 1618 3717 1665 consensu
3773 1599 4097 1682 tantisper
4138 1597 4294 1665 dum
4349 1598 4604 1666 solenni

2641 1682 2854 1748 edicto
2898 1682 3173 1750 meliora
3215 1693 3282 1749 et
3319 1684 3597 1750 certiora
3630 1685 4135 1760 constituantur.
4155 1686 4217 1762 2)
4307 1685 4483 1750 Nam
4524 1706 4606 1749 ex

2641 1766 2922 1852 singulis
2981 1769 3408 1853 parlamentis
3474 1769 3601 1835 duo
3664 1769 3796 1838 huc
3860 1779 4219 1837 evocantur
4280 1769 4366 1836 ad
4433 1768 4606 1835 diem

2642 1854 3033 1921 Decembris
3077 1857 3485 1926 vicesimum,
3552 1856 3665 1938 qui
3708 1877 4050 1941 supremas
4095 1875 4324 1922 omnes
4369 1855 4605 1922 Curias

2640 1949 3158 2024 repraesentent,
3223 1949 3300 2005 ut
3341 1940 3586 2007 auditis
3631 1962 3858 2008 eorum
3925 1941 4259 2027 suffragiis
4338 1941 4516 2025 quod
4567 1961 4607 2006 a

2641 2027 2823 2109 regio
2866 2025 3140 2092 consilio
3183 2027 3382 2091 suerit
3425 2026 3506 2091 de
3549 2035 3732 2093 statu
3777 2028 4118 2112 religionis
4174 2029 4608 2093 constitutum

2640 2111 2947 2195 deinceps
3004 2113 3266 2177 firmum
3329 2122 3397 2177 et
3439 2121 3656 2177 ratum
3701 2113 4041 2180 habeatur.
4060 2116 4117 2191 ⁸)
4201 2113 4492 2192 Interea,
4535 2117 4608 2176 ut

2643 2197 2802 2276 dixi,
2850 2197 3060 2263 literis
3103 2195 3188 2262 ad
3231 2198 3665 2281 provinciales
3701 2219 3767 2263 m
3861 2201 4127 2265 'stratus
4174 2197 4444 2283 scriptis
4479 2198 4608 2263 fra·

2640 2292 2823 2348 trum
2865 2284 3205 2349 securitati
3240 2293 3535 2362 cavetur,
3572 2221 4083 2367 idqueagilversis
4105 2282 4606 2352 conditionibus.

2640 2369 2814 2434 Nam
2875 2369 2947 2434 in
3005 2369 3371 2452 Aquitania
3429 2390 3621 2452 spero
3678 2371 3818 2436 fore
3875 2378 3955 2436 ut
3997 2370 4168 2436 nihil
4212 2378 4531 2436 mutetur.
4552 2374 4606 2446 ⁸)

2640 2454 2725 2519 In
2767 2453 3184 2520 Normannia
3240 2473 3502 2537 quoque
3559 2454 3811 2538 optima
3865 2465 3965 2521 est
4020 2457 4244 2521 futura
4298 2454 4605 2522 conditio.

2642 2539 2822 2606 Alibi
2885 2541 3102 2605 minor
3157 2540 3287 2604 erit
3342 2539 3630 2619 libertas,
3688 2550 3890 2623 prout
3945 2562 4016 2606 se
4067 2540 4269 2608 habet
4327 2542 4609 2606 fratrum

2638 2625 2995 2691 multitudo
3048 2635 3118 2689 et
3169 2645 3288 2708 pro
3349 2626 3744 2710 populorum
3801 2626 4100 2712 ingenio:
4149 2626 4385 2692 volunt
4429 2627 4608 2693 enim

2640 2711 2836 2776 simul
2874 2720 2940 2776 et
2976 2710 3165 2795 regni
3202 2711 3668 2793 tranquillitati
3703 2720 3771 2777 et
3806 2711 3935 2778 Dei
3972 2713 4221 2797 gloriae
4243 2712 4606 2779 consulere.

2638 2799 2865 2880 Atque
2909 2797 3169 2862 utinam
3213 2796 3561 2880 utriusque
3594 2818 3819 2879 parem
3864 2798 4100 2864 saltem
4143 2818 4376 2864 curam
4421 2817 4611 2882 gere-

2637 2899 2807 2947 rent.
2898 2882 3208 2948 Lutetiae
3272 2882 3417 2948 fieri
3483 2901 3618 2947 non
3685 2893 3920 2966 potest,
3983 2886 4059 2948 in
4125 2891 4315 2949 tanta
4384 2882 4608 2966 populi

2637 2967 2840 3047 rabie,
2900 2978 2976 3033 ut
3040 2965 3283 3051 publici
3338 2976 3704 3033 conventus
3763 2968 4225 3036 concedantur.
4316 2969 4612 3034 Tantum

2636 3242 2828 3297 8504.
2850 3242 2910 3307 l)
3302 3241 3381 3296 ad
3414 3241 3492 3297 N.
3525 3240 3684 3296 3573.

2845 3309 2907 3379 2)
2940 3326 2992 3365 ο.
3339 3309 3406 3361 Ν.
3451 3308 3592 3364 3579
3624 3316 3739 3365 not.
3783 3308 3836 3364 8.
3872 3337 3938 3348 -
3977 3309 4146 3365 mas.
4191 3310 4260 3366 de
4310 3310 4503 3368 Condi
4543 3310 4612 3365 IL

2635 3377 2772 3433 531:
2825 3380 3077 3434 Extraict
3117 3379 3246 3434 d'un
3291 3378 3643 3434 mandement
3687 3380 3784 3449 qui
3828 3378 3947 3431 doit
3993 3380 4148 3433 avoir
4191 3380 4308 3434 este
4359 3382 4502 3436 faict
4547 3396 4614 3434 eu

2637 3447 2849 3502 Franco
2896 3448 3165 3503 touchant
3212 3449 3293 3502 les
3337 3448 3667 3502 assemblees
3711 3447 3809 3501 des
3844 3447 4104 3501 sectaires
4138 3464 4279 3503 envo
4333 3448 4344 3461 ⁹
4405 3450 4440 3503 a
4486 3448 4613 3503 Chr.

2634 3516 2879 3571 Herman
2914 3517 3127 3571 facteur
3163 3517 3260 3571 des
3278 3516 3528 3586 Fuquers
3555 3516 3831 3586 (Myer)
3864 3516 3932 3569 de
3958 3515 4116 3570 Paris
4150 3514 4238 3570 26.
4316 3534 4409 3571 ov.
4449 3515 4614 3571 1561:

2635 3585 2819 3655 Ayant
3087 3603 3195 3640 aux
3229 3586 3690 3640 Remonstranoea
3725 3590 3785 3638 at
3817 3585 4171 3653 requisitions
4206 3586 4304 3667 qui
4338 3602 4484 3641 noua
4518 3592 4614 3641 ont

2637 3654 2755 3708 este
2788 3654 2982 3708 saictes
3027 3671 3131 3723 par
3175 3653 3231 3707 la
3273 3654 3526 3724 pluspart
3567 3653 3665 3709 des
3697 3652 3780 3707 De
3820 3658 3946 3706 ntea
3988 3652 4087 3706 des
4131 3658 4269 3709 troia
4303 3655 4504 3709 Fatata
4546 3655 4616 3709 da

2637 3728 2828 3778 nostre
2861 3723 3167 3794 Royaulme
3202 3727 3262 3775 et
3295 3722 3424 3776 affin
3458 3722 3530 3777 de
3565 3723 3744 3775 eviter
3779 3669 3860 3775 fes
3895 3722 4283 3802 inconveniens
4319 3724 4420 3793 qui
4455 3740 4617 3793 pour·

2636 3792 2825 3846 roient
2858 3791 3090 3845 advenit
3133 3791 3167 3845 a
3202 3806 3363 3845 cause
3407 3790 3507 3844 des
3553 3791 3885 3844 assemblces
3934 3790 4329 3858 particulieres,
4377 3792 4616 3847 sembla-

2637 3860 2885 3943 blement
2904 3876 3056 3942 'pour
3089 3859 3145 3913 la
3164 3859 3350 3941 ‘verite‘
3385 3858 3456 3941 de
3490 3859 3545 3913 la
3561 3859 3824 3913 Doctrina
3858 3874 3999 3939 pour
4032 3858 4086 3912 le
4121 3859 4251 3914 faict
4284 3859 4355 3915 de
4393 3862 4452 3915 la
4469 3861 4615 3915 Beli-

2638 3945 2785 4052 5¹32*
2809 3925 4619 4077 wffiffifflffl‘.:<¹:3:‘⁶;.33332022“0.⁶;.:33305

2639 4072 2826 4149 tontes
2860 4080 3166 4146 personneq
3203 4065 3276 4119 de
3312 4064 3556 4155 quelque
3589 4072 3737 4147 estat
3782 4064 3990 4135 qualite
4034 4071 4113 4147 ιιι.
4135 4066 4421 4121 condition
4458 4066 4621 4137 qu'ilz

2643 4140 2840 4258 3¹⁶3?
2854 4135 3246 4258 &333⁹ss
3272 4133 3472 4284 {3⁸23
3508 4151 3668 4257 ’ἐξὲξ
3688 4132 4257 4258 ἒὲἶῗῦἔὲἒῗὲἓὲῖ
4281 4135 4622 4285 ᾟῗέἑίἓὶἷ

2645 4290 2714 4327 en
2768 4271 3118 4327 Assemblees
3169 4271 3492 4342 pubhcques
3540 4287 3682 4341 pour
3741 4287 3882 4342 ouyr
3927 4271 3983 4325 la
4030 4271 4248 4326 Parolle
4355 4276 4486 4328 vine
4560 4278 4620 4327 et

2642 4342 2782 4397 faire
2814 4341 3029 4412 prieres
3063 4348 3122 4394 et
3165 4346 3351 4393 autres
3395 4346 3546 4394 actes
3590 4345 3953 4395 concerusnta
3998 4341 4051 4395 le
4093 4340 4228 4394 faict
4259 4340 4330 4394 de
4375 4343 4436 4395 la
4472 4314 4619 4398 fioli-

2643 4410 2789 4481 gion‚
2826 4424 3073 4476 pourveu
3109 4424 3216 4478 que
3251 4408 3408 4462 ceulx
3444 4408 3513 4462 de
3547 4408 3747 4462 ladicte
3782 4409 4084 4463 assemblee
4112 4425 4183 4463 ue
4218 4409 4403 4463 soient
4438 4409 4620 4464 armes

2646 4498 2720 4551 ny
2756 4476 3105 4545 abactonne's‚
3141 4484 3200 4529 et
3230 4479 3412 4530 soient
3445 4478 3524 4531 les
3561 4477 3710 4530 lieux
3745 4475 3814 4531 oti
3856 4478 3927 4529 ilz
3975 4486 4239 4546 petissem
4273 4486 4443 4545 estre,
4483 4494 4618 4533 vena

2647 4555 2707 4602 et
2738 4548 2932 4601 visites
2965 4561 3070 4615 par
3104 4561 3205 4599 nos
3240 4545 3487 4599 Officiers
3535 4543 3573 4599 a
3615 4562 3678 4599 ce
3714 4561 3821 4615 que
3866 4560 3936 4598 ne
3970 4561 4031 4598 se
4063 4545 4181 4599 face
4216 4563 4287 4600 ne
4335 4548 4458 4603 diae
4504 4548 4618 4601 aul·

2647 4633 2785 4671 cune
2819 4615 2983 4670 chose
3017 4613 3261 4682 subjecte
3295 4613 3330 4667 a
3361 4630 3422 4667 re
3526 4614 3751 4668 hension
3788 4612 4003 4677 (Bau-s
4037 4614 4110 4667 11.
4145 4612 4298 4678 433).

2856 4682 2916 4753 3)
2953 4681 3213 4750 Lamud
3244 4681 3313 4736 11.
3352 4682 3379 4735 1
3468 4705 3484 4734 .-
3521 4682 3722 4737 Audivi
3759 4681 3828 4735 sd
3865 4682 4172 4751 proximum
4208 4699 4455 4738 mensem
4492 4701 4620 4738 con·

2649 4754 2921 4808 vocandos
2979 4768 3046 4805 ex
3102 4749 3342 4820 quolibet
3401 4750 3743 4820 pau-lamento
3795 4751 4101 4818 praesidem
4160 4758 4222 4805 et
4281 4767 4622 4807 assessorem

2645 4840 2830 4887 unum,
2867 4831 2927 4875 et
2959 4837 3030 4874 ex
3077 4820 3323 4891 qualibet
3366 4820 3650 4890 provincia
3684 4836 3751 4873 ex
3797 4820 4194 4886 ecclesiasticis,
4238 4822 4530 4876 nobilitate
4563 4826 4624 4874 et

2645 4891 2862 5014 poplulo·
2885 4890 3148 5012 sintgtlnlffi,
3183 4889 3326 5012 ignis
3359 4898 3662 4972 conventus
3689 4888 4118 5011 :iggonaturetilli
4153 4889 4249 4970 qui
4258 4888 4509 5012 alabitas
4533 4896 4624 4944 eat

2645 4980 2737 5084 {¹1¹1}
2771 4976 3081 5083 23:¹me
3119 4975 3258 5081 qum
3298 4974 3500 5080 {totamm
3483 4974 3655 5094 Ἢ
3679 4974 3950 5081 οοιιιιιιιιιιιιηιιί
3985 5025 4210 5080 decreto
4242 4977 4526 5082 concedannr
4459 4976 4620 5085 Ἣ

2644 5097 3104 5233 nmssselfd’el:
3149 5162 3274 5216 151.-
3320 5164 3448 5217 Istis
3484 5163 3678 5217 edictis
3715 5164 4104 5226 (venerationis
4142 5163 4491 5231 tenplum)
4522 5181 4618 5218 au·

2646 5236 2739 5291 dio
2775 5251 2884 5288 non
2923 5231 3308 5302 comprehendi
3340 5232 3630 5296 Vascones,
3667 5233 3798 5300 quia
3826 5232 4007 5285 sciunt
4029 5234 4428 5301 gubernatores
4466 5236 4618 5302 ipsos

2645 5322 2755 5359 non
2791 5305 3280 5372 obtemperaturos.
