4900 6125
226 356 322 420 653

222 540 372 617 ratio,
393 534 568 622 quod
590 535 752 601 haec
787 532 1060 601 ecclesia
1081 531 1408 597 ministris
1428 549 1564 595 non
1588 536 1843 594 careret
1876 524 2152 606 idoneis,

221 646 320 692 vos
355 643 514 689 vero
563 618 1017 771 §ravan-emim
1073 614 1599 684 extraordinario
1642 633 1842 678 onere
1886 632 2006 697 pro
2053 619 2156 677 ter

222 730 407 777 meam
450 715 521 774 et
630 726 778 772 enac
820 703 1206 771 absentiam.
1273 702 1377 767 Eo
1413 700 1591 767 enim
1635 697 1975 785 spectabat
2032 698 2155 763 ite-

222 814 419 864 rarum
453 812 706 860 sensus.
771 791 920 875 Ego
952 810 1132 868 vero,
1170 788 1436 854 tametsi
1467 786 1601 852 iam
1631 783 1879 851 dudum
1914 803 2157 869 magna

222 880 506 949 insideret
547 878 770 945 animo
812 896 932 942 vos
976 882 1043 940 et
1084 873 1405 940 familiam
1437 871 1773 939 revisendi
1808 870 2153 956 cupiditas,

222 971 455 1035 coactus
533 963 629 1030 fui
704 970 931 1029 tamen
1010 980 1328 1027 excusare
1406 957 1567 1023 coeli
1644 954 2154 1036 inclementiam,

222 1071 391 1137 quam
435 1059 596 1117 tunc
654 1048 967 1131 temporis
1024 1045 1313 1130 experiri
1371 1063 1505 1109 non
1529 1042 1736 1195 δοιοί
1780 1043 1923 1108 sine
1966 1062 2155 1125 prae-

222 1136 566 1205 sentissimo
646 1143 715 1199 et
790 1133 1156 1200 certissimo
1234 1150 1421 1196 meae
1482 1151 1526 1196 v
1594 1126 1881 1194 etudinis
1959 1136 2155 1211 atque

221 1224 389 1290 etiam
426 1222 606 1289 vitae
649 1218 988 1303 dispendio
1047 1223 1114 1282 et
1168 1215 1482 1301 periculo.
1560 1214 1699 1279 Vix
1743 1213 1920 1279 enim
1964 1233 2154 1279 revo-

223 1308 337 1376 cari
394 1307 581 1392 potui
644 1313 941 1390 tempore
1005 1302 1533 1379 incommodiore,
1612 1320 1815 1385 quum
1881 1298 2015 1364 iam
2080 1299 2153 1363 in

220 1396 506 1479 hyemem
551 1390 1024 1468 incidissemus,
1067 1409 1195 1473 qua
1217 1389 1333 1454 vix
1357 1385 1711 1471 quidquam
1756 1404 1940 1450 meae
1974 1384 2156 1450 vale·

221 1478 409 1546 tudini
475 1478 687 1563 magis
753 1473 1162 1544 adversatur.
1251 1473 1463 1539 Taceo
1514 1471 1803 1538 hostium
1863 1468 2155 1549 insidias,

220 1585 363 1650 quas
414 1584 551 1630 non
605 1562 795 1630 facile
852 1581 1116 1645 possum
1174 1559 1505 1625 declinare
1559 1579 1677 1642 per
1732 1558 1995 1623 viarum
2038 1576 2158 1621 an-

220 1652 444 1717 fractus
512 1647 854 1716 nocturnis
919 1647 1099 1713 horis
1174 1646 1489 1711 oberrans
1514 1694 1529 1721 ,
1609 1650 1686 1708 ut
1776 1643 1887 1727 qui
1958 1662 2159 1726 vege-

221 1737 365 1801 tiore
406 1731 587 1801 sunt'
619 1753 889 1817 corpore
947 1741 1014 1798 et
1070 1731 1290 1797 minus
1343 1737 1709 1814 opportune
1765 1727 1926 1794 coeli
1984 1728 2155 1793 iniu-

218 1822 319 1887 riis
358 1841 554 1905 saepe
597 1821 811 1887 facere
854 1837 931 1884 eo
1021 1829 1183 1882 ntur
1225 1837 1428 1900 quum
1472 1815 1627 1881 hinc
1670 1836 1742 1880 se
1776 1814 1857 1879 ad
1895 1833 2016 1879 vos
2052 1834 2157 1879 re-

221 1908 471 1991 cipiunt.
561 1904 718 1971 Huc
761 1924 911 1972 acce
962 1904 1011 1968 't
1051 1902 1224 1987 quod
1280 1901 1508 1968 eodem
1569 1907 1862 1985 tempore
1907 1901 2157 1965 valetu-

220 1993 355 2058 dine
417 2012 603 2057 eram
669 1988 1022 2056 admodum
1089 1988 1351 2067 afflicta,
1416 1996 1676 2071 praeter
1737 1984 2159 2070 quotidianas

220 2079 622 2144 infirmitates
685 2074 924 2160 quibus
980 2083 1298 2159 perpetuo
1355 2072 1640 2139 obnoxia
1693 2083 1810 2138 est.
1900 2071 2159 2156 Rogavi

220 2165 422 2247 itaque
462 2169 768 2232 senatum
812 2169 888 2227 ut
930 2167 1262 2244 pateretur
1313 2179 1534 2225 meum
1580 2157 1829 2223 differri
1876 2156 2158 2222 reditum

221 2249 289 2313 ad
332 2268 610 2315 vernum
654 2257 932 2331 tempus,
988 2267 1117 2329 qno
1175 2249 1272 2310 nti
1327 2265 1591 2328 possem
1644 2244 1823 2309 coelo
1876 2243 2160 2308 clemen-

219 2336 367 2400 tiore
430 2343 504 2400 et
560 2333 835 2398 sortasse
888 2333 1097 2398 tutius
1152 2333 1280 2396 iter
1526 2330 1611 2396 di.
1698 2329 1964 2395 Interea
2005 2347 2161 2394 vero

218 2442 440 2572 ..amm
332 2419 490 2571 ‘¹⁰52'
535 2415 2163 2586 320223‘23203520.....t‚⁰⁸.1‘{33..⁰⁰⁶,¹.·.⁸{2⁰

473 2557 489 2587 9

218 2592 459 2669 remini,
504 2610 583 2656 ro
670 2589 821 2655 bam
865 2590 1064 2657 etiam
1131 2595 1207 2653 ut
1263 2594 1530 2654 senatus
1580 2586 1916 2654 vobiscum
1963 2585 2162 2669 dispi-

218 2685 377 2743 ceret
422 2676 506 2742 de
617 2676 680 2740 io
720 2675 968 2759 collega
1013 2673 1489 2753 substituendo,
1555 2673 1611 2738 si
1668 2672 1735 2738 id
1795 2672 2009 2755 ipsum
2056 2692 2160 2737 ec-

215 2762 436 2829 clesiae
481 2761 734 2827 utilitas
794 2769 861 2826 et
915 2760 1269 2827 necessitas
1313 2758 1692 2844 postularet,
1749 2768 1816 2823 et
1869 2757 2052 2824 vobis
2095 2765 2164 2822 et

217 2848 461 2914 senatui
525 2848 624 2914 ita
680 2845 1052 2913 faciendum
1106 2845 1462 2912 videretur.
1550 2843 1935 2910 Nesciebam
1982 2844 2162 2910 enim

215 2932 525 3017 quamdiu
568 2932 795 2999 abesse
840 2932 1054 2998 adhuc
1098 2952 1383 3017 cogerer,
1442 2940 1510 2996 et
1560 2952 1678 2996 vos
1734 2933 1803 2995 in
1860 2950 1932 2994 re
1973 2948 2162 3013 prae·

214 3019 373 3087 senti
450 3018 697 3086 melius
762 3017 843 3086 de
922 3017 1236 3086 ecclesiae
1299 3017 1686 3084 necomitam
1749 3022 1816 3082 et
1878 3015 2165 3081 utilitate

214 3104 528 3191 dispicere
585 3106 872 3189 potestis.
977 3105 1070 3170 Et
1135 3110 1311 3170 certe
1363 3124 1497 3169 non
1557 3123 1789 3187 parum
1846 3102 2165 3168 hactenus

214 3194 442 3258 anxins
478 3192 645 3271 vixi,
682 3191 856 3274 quod
892 3193 1025 3256 iam
1060 3197 1161 3255 tot
1195 3190 1529 3255 mensibus
1563 3188 1751 3254 nulla
1784 3207 1935 3253 mea
1966 3207 2165 3271 opera

211 3278 475 3345 ecdesia
520 3285 745 3344 vestra
788 3275 1014 3343 adiuta
1056 3278 1160 3354 sit,
1205 3296 1327 3342 nec
1369 3295 1491 3341 vos
1549 3274 1882 3341 continuis
1924 3274 2164 3339 vestris

208 3361 537 3430 laboribus
582 3362 718 3429 ullo
760 3383 907 3429 meo
950 3363 1149 3428 levati
1194 3362 1577 3441 ministeriu,
1645 3362 1900 3425 interea
1940 3366 2164 3425 tamen

210 3450 582 3534 sumptibus
625 3449 993 3533 respublica
1035 3455 1314 3533 gravata
1355 3448 1444 3513 sit
1481 3467 1671 3512 meae
1712 3445 2021 3512 familiae.

370 3534 635 3620 Scripsi
678 3534 763 3600 ad
804 3556 924 3602 vos
966 3553 1220 3618 quoque
1262 3533 1333 3598 in
1378 3534 1550 3599 hanc
1592 3532 1729 3598 fere
1773 3532 2162 3597 sententiam

210 3640 319 3703 per
343 3619 693 3706 Payaawm
708 3619 765 3705 ²)
788 3621 1056 3686 fratrem
1081 3627 1150 3684 et
1181 3619 1515 3702 collegam,
1539 3617 1655 3684 sed
1684 3617 1948 3684 brevius
1969 3636 2166 3700 quam

209 3705 286 3771 ad
326 3716 661 3785 senatum,
730 3707 901 3772 sicut
956 3715 1024 3770 et
1076 3703 1155 3770 de
1198 3724 1395 3770 causa
1439 3702 1719 3782 Moralii,
1779 3703 1934 3786 quia
1974 3702 2163 3766 illum

210 3793 553 3876 sperabam
598 3791 774 3875 apud
820 3812 938 3858 vos
972 3790 1275 3856 futurum
1319 3790 1463 3854 vioe
1506 3790 1702 3854 vivae
1745 3798 1812 3854 et
1854 3787 2165 3872 prolixio-

210 3878 295 3942 ris
336 3878 684 4030 ep‘ilstolae.
711 3971 741 4028 t
775 3875 953 4027 apid
1014 3885 1231 4027 affl
1256 3876 1370 4026 lipe
1410 3894 1607 3940 causa
1655 3875 1881 4025 ffiritt
1912 3874 2165 3958 quomi-

208 3984 328 4029 nus
508 3983 711 4033 vose
910 3982 1069 4027 sena
1281 3983 1302 4026 1
1370 3980 1481 4027 ras
1620 3982 1655 4025 r
1753 3980 1848 4026 eri
1921 3978 2168 4044 quasa

204 4069 305 4115 me
348 4056 721 4134 acceperat,
766 4069 851 4113 ex
893 4069 970 4114 eo
1002 4044 1364 4112 audivistis.
1422 4045 1530 4111 Ad
1580 4045 1826 4112 'deram
1869 4054 1935 4111 et
1977 4044 2166 4110 sche-

207 4134 347 4201 dam
394 4156 535 4219 qua
578 4154 841 4201 summa
882 4134 1099 4216 capita
1139 4153 1363 4197 eorum
1416 4140 1800 4198 annotaram
1847 4151 2014 4214 qnae
2060 4150 2166 4195 co·

206 4240 341 4285 ram
386 4222 555 4287 viva
600 4240 758 4286 voce
801 4221 1046 4285 referre
1091 4217 1318 4285 debuit
1359 4217 1441 4283 de
1483 4219 1649 4284 meis
1691 4217 2055 4283 rationibus
2098 4227 2168 4280 et

204 4316 337 4372 toto
376 4327 541 4373 meo
583 4314 781 4374 statu.
853 4303 989 4371 Sed
1032 4305 1185 4388 quia
1229 4302 1391 4369 haec
1434 4324 1689 4387 quoqne
1732 4300 1973 4370 scheda
2016 4322 2167 4369 cum

206 4390 411 4458 literis
456 4391 817 4467 intercidit,
863 4391 1085 4457 nescio
1129 4409 1217 4455 an
1257 4388 1448 4455 vobis
1490 4409 1571 4454 ea
1611 4390 1837 4455 omnia
1866 4388 2169 4455 retulerit

240 4499 366 4544 uae
413 4481 487 4544 in
537 4478 869 4543 mandatis
902 4473 1201 4553 habebat,
1248 4477 1524 4540 fortasse
1566 4476 1884 4540 memoria
1924 4473 1991 4538 la
2069 4494 2165 4539 us.

310 4586 427 4630 um
475 4574 703 4631 autem
749 4563 1198 4646 cognovissem
1243 4560 1467 4626 literas
1516 4580 1698 4626 meas
1742 4561 1973 4627 interci
2024 4561 2165 4638 ’sse,

206 4648 285 4714 ad
339 4660 658 4717 senatum
715 4649 956 4714 iterum
1015 4647 1180 4712 mihi
1234 4645 1653 4713 scribendum
1711 4666 1853 4712 esse
1916 4645 2165 4729 putavi,

206 4756 405 4816 quum
452 4756 572 4802 me
614 4734 879 4800 disertis
920 4732 1140 4798 verbis
1183 4744 1568 4797 revocasset.
1658 4732 1910 4814 Scripsi
1951 4733 2169 4813 itaque

206 4821 269 4885 in
336 4821 631 4888 eandem
698 4840 897 4901 quam
960 4819 1153 4884 modo
1219 4819 1491 4900 exposui
1554 4817 1949 4884 sententiam
1994 4813 2170 4899 quod

208 4910 331 4972 iam
378 4918 544 4974 ante
591 4908 998 4990 scripseram.
1089 4901 1195 4969 Ad
1240 4924 1356 4969 vos
1411 4924 1568 4968 vero
1623 4914 1763 4968 tum
1810 4922 1927 4986 per
1969 4921 2170 4986 nego·

210 4994 297 5059 tia
336 4990 716 5061 rescribere
760 5012 892 5057 non
934 4989 1136 5067 licuit,
1201 5009 1411 5072 neque
1445 4987 1512 5053 id
1555 4997 1781 5072 postea
1821 4987 2172 5053 admodum

210 5080 659 5146 necessarium
728 5099 871 5144 esse
935 5075 1326 5145 existimavi.
1396 5096 1597 5157 quum
1659 5074 1832 5156 quod
1891 5096 1932 5139 a
1990 5074 2171 5138 vobis

412 5266 481 5333 2)
522 5264 751 5331 Paeoni,
786 5265 994 5320 v.d.m.
1016 5264 1171 5333 apud
1190 5262 1601 5332 Luqdunenm.
1656 5263 1729 5317 Η.
1766 5262 1887 5319 eccl.
1920 5261 2016 5316 111.
2050 5259 2173 5316 216.

1868 341 2033 403 1563
2078 337 2541 405 FEBRUAR.

4090 349 4216 413 654

2262 535 2607 595 revocatus
2651 549 2785 602 non
2831 549 3062 610 essem,
3106 535 3248 596 tum
3280 530 3454 615 quod
3500 533 3757 616 speravi
3802 532 3940 599 fore
3983 541 4061 601 ut
4103 557 4218 602 vo·

2261 612 2361 679 bis
2429 634 2584 680 snas
2649 613 2873 680 literas
2939 626 3209 682 senatus
3284 618 3809 698 communicaret,
3896 628 4220 705 qnatenus

2259 697 2524 784 quidem
2571 698 2655 766 ad
2697 721 2819 767 vos
2864 701 3272 784 pertinerent
3313 723 3483 786 qnae
3526 704 3916 790 scripseram
3961 705 4039 776 de
4084 706 4215 774 alio

2257 785 2694 870 subrogando,
2742 788 2799 853 si
2843 788 2938 852 ita
2971 796 3267 854 censeret
3310 786 3697 855 faciendum.

2428 871 2714 952 Interea,
2761 871 2918 938 dum
2960 871 3126 941 haec
3169 881 3509 958 geruntur,
3557 875 3924 942 afferuntur
3959 899 3999 943 a
4033 877 4219 946 vobis

2256 957 2490 1057 literae
2573 957 2656 1023 ad
2734 957 3079 1026 ministros
3143 970 3210 1025 et
3274 960 3562 1027 seniores
3627 962 3824 1026 buius
3891 962 4218 1046 ecclesiae,

2259 1043 2499 1126 quibus
2544 1043 2999 1112 admonebatis
3041 1044 3232 1110 vobis
3275 1045 3485 1111 videri
3570 1046 3744 1113 otius
3797 1049 4219 1116 statuendum

2260 1150 2401 1194 esse
2446 1150 2529 1194 an
2567 1129 2675 1195 hic
2696 1130 2958 1215 penitus
2994 1131 3262 1196 retineri
3302 1139 3418 1196 aut
3453 1153 3536 1197 vo
3581 1133 3637 1198 is
3673 1131 3856 1198 reddi
3894 1133 4217 1218 deberem,

2258 1235 2457 1298 quam
2514 1215 2790 1282 subinde
2851 1215 2936 1280 ad
2978 1238 3185 1282 novas
3242 1214 3457 1283 redire
3511 1218 4002 1301 postulationes,
4062 1221 4219 1305 quia

2259 1319 2541 1385 aequum
2588 1322 2723 1367 non
2767 1309 2909 1368 erat
2951 1322 3058 1368 me
3115 1302 3364 1368 diutius
3410 1323 3450 1367 a
3504 1324 3653 1369 mea
3703 1304 3959 1390 seiungi
4014 1327 4218 1373 uxore

2259 1395 2327 1450 et
2390 1386 2640 1452 familia
2705 1387 2949 1454 abesse.
3053 1387 3315 1454 Vestris
3385 1388 3689 1472 perlectis
3742 1390 3952 1459 literis
4007 1392 4220 1457 noluit

2258 1492 2601 1539 consessus
2654 1473 3108 1540 ministrorum
3164 1483 3231 1540 et
3286 1475 3618 1540 seniorum
3674 1476 4031 1559 quidquam
4075 1485 4219 1543 ten-

2259 1565 2401 1623 tare
2440 1559 2827 1643 priusquam
2867 1579 3094 1625 meum
3134 1580 3336 1644 super
3377 1558 3504 1627 hac
3544 1582 3617 1627 re
3652 1561 4001 1629 consilium
4034 1561 4220 1629 audi-

2258 1645 2480 1710 visset.
2574 1643 2930 1730 Respondi,
2987 1665 3096 1712 me
3153 1646 3476 1726 statuisse,
3533 1647 3733 1713 simul
3789 1655 3984 1732 atque
4041 1668 4220 1714 com·

2258 1729 2454 1806 moda
2519 1752 2588 1797 se
2631 1731 2899 1798 offerret
2940 1731 3419 1817 opportunitas,
3475 1732 3561 1798 ad
3594 1751 3717 1799 vos
3770 1735 4035 1815 reverti,
4099 1756 4219 1801 nec

2259 1815 2619 1900 quidquam
2660 1816 2848 1901 prius
2891 1815 3285 1884 tentandum
3331 1836 3474 1883 esse
3517 1840 3716 1904 quam
3758 1838 4070 1903 praesens
4113 1841 4220 1889 co-

2259 1921 2403 1966 ram
2438 1902 2628 1968 vobis
2671 1923 2857 1969 meas
2891 1903 3181 1969 rationes
3216 1923 3546 1986 exponere
3579 1923 3858 1988 possem,
3904 1914 3973 1971 et
4008 1906 4220 1974 vobis-

2262 2009 2411 2054 cum
2460 1995 2528 2053 et
2585 2007 2739 2053 cum
2804 1997 3038 2055 senatu
3081 1987 3163 2056 de
3226 1989 3426 2056 rebus
3490 1990 3796 2057 omnibus
3861 1989 4221 2059 deliberare

2262 2081 2327 2139 et
2370 2073 2768 2140 constituere
2813 2072 2982 2158 qnod
3024 2074 3389 2141 consultius
3434 2095 3578 2140 esse
3622 2075 4038 2158 iudicaretur,
4097 2077 4217 2143 ha-

2263 2160 2399 2227 bita
2438 2159 2638 2226 simul
2684 2168 2749 2224 et
2792 2160 3102 2226 ecclesiae
3146 2170 3214 2224 et
3266 2179 3452 2225 meae
3498 2160 3896 2229 valetudinis
3948 2164 4219 2229 ratione.

2261 2246 2622 2328 Aequievit
2686 2255 2864 2312 totus
2928 2265 3274 2313 consessus
3307 2265 3455 2310 meo
3499 2248 3798 2314 consilio:
3867 2247 3974 2315 cui
4029 2269 4219 2332 prae-

2263 2337 2445 2397 terea
2488 2351 2922 2414 exposueram
2975 2333 3044 2397 in
3103 2351 3303 2415 qnam
3347 2335 3745 2398 sententiam
3789 2333 3870 2399 ad
3916 2340 4222 2400 senatum

2263 2418 2668 2501 scripsissem
2714 2417 2796 2483 de
2839 2415 3091 2484 reditus
3134 2418 3264 2483 mei
3321 2419 3762 2501 protractione
3815 2420 3899 2485 ad
3943 2440 4222 2487 vernum

2266 2515 2546 2586 tempus.
2637 2504 2728 2569 At
2782 2523 2945 2570 vero
2999 2511 3274 2587 uterque
3333 2511 3557 2570 noster
3610 2512 3897 2580 senatus,
3964 2505 4221 2572 nescius

2265 2609 2494 2655 eorum
2539 2609 2706 2673 quae
2746 2597 2895 2656 acta
2933 2589 3195 2655 fuerant
3249 2588 3316 2653 in
3376 2599 3602 2655 nostro
3666 2612 3976 2657 consessu
4021 2592 4221 2670 (exci-

2264 2681 2444 2741 tatus
2501 2682 2576 2740 ut
2618 2672 2844 2741 audivi
2900 2675 3178 2759 privatis
3229 2673 3635 2758 quorundam
3690 2676 3918 2755 literis,
3984 2676 4222 2762 quibus

2265 2761 2458 2827 istinc
2503 2760 2978 2826 admonebatur
3020 2767 3462 2844 opportunum
3506 2782 3650 2827 esse
3695 2769 3956 2846 tempus
3998 2771 4220 2846 postn-

2265 2845 2446 2911 landi
2491 2856 2566 2911 ut
2607 2854 2784 2912 totus
2827 2846 2984 2913 huic
3024 2845 3333 2912 ecclesiae
3377 2846 3779 2931 relinquerer
3825 2857 3892 2912 et
3936 2848 4223 2915 destina-

2266 2954 2392 3010 rer,
2438 2954 2516 2999 ac
2562 2952 2744 3016 spem
2788 2931 3032 2997 bonam
3076 2953 3218 2997 esse
3261 2930 3327 2995 id
3373 2934 3589 3016 ipsum
3628 2934 3970 3018 impetrari
4049 2933 4224 3020 osse)

2265 3017 2453 3085 nobis
2533 3017 2924 3085 inconsultis
2987 3037 3062 3083 ac
3141 3016 3573 3084 inscientibus
3644 3018 3871 3085 literas
3955 2956 4047 3086 acl)
4120 3040 4221 3086 se-

2265 3112 2500 3171 natum
2544 3115 2841 3171 vestrum
2877 3103 3143 3189 scripsit
3185 3104 3408 3187 quales
3456 3103 3584 3189 ipsi
3629 3104 3904 3186 vidistis,
3951 3114 4019 3171 et
4061 3127 4222 3191 qua·

2265 3211 2413 3255 rum
2460 3209 2655 3256 causa
2701 3191 2891 3274 gravi
2934 3209 3213 3257 censura
3273 3198 3342 3255 et
3397 3191 3905 3274 reprehensione
3948 3192 4076 3258 scri
4124 3200 4223 3257 to-

2267 3296 2374 3342 res
2419 3275 2656 3360 dignos
2699 3276 3063 3342 censuistis.
3145 3272 3339 3356 Quod
3385 3278 3440 3343 si
3483 3276 3669 3344 vobis
3709 3278 3885 3344 iusta
3927 3285 4029 3343 est
4116 3286 4225 3342 ata

2264 3360 2705 3445 conquerendi
2751 3368 2818 3426 et
2860 3380 2972 3426 eos
3014 3360 3537 3446 reprehendendi
3592 3364 3860 3442 occasi0,
3906 3362 4224 3429 habemus

2264 3467 2386 3513 nos
2451 3467 2698 3527 omnes,
2765 3468 2887 3532 ego
2928 3467 3089 3513 vero
3147 3447 3484 3530 inprimis,
3538 3448 3708 3532 quod
3766 3449 4004 3514 merito
4070 3468 4225 3512 con-

2264 3554 2622 3617 queramur
2665 3541 2734 3597 et
2776 3553 3177 3599 accusemus.
3267 3530 3462 3614 Quod
3509 3533 3590 3599 ad
3656 3555 3765 3599 me
3862 3533 4082 3599 uidem
4128 3540 4228 3597 at-

2264 3620 2456 3696 tinet,
2497 3620 2680 3702 prius
2726 3618 2806 3684 de
2848 3639 2998 3683 mea
3045 3618 3383 3684 voluntate
3441 3620 3789 3702 exquirere
3877 3618 4226 3696 abuerunt,

2265 3703 2503 3770 deinde
2536 3703 2619 3770 ad
2663 3725 3043 3770 consessum
3080 3704 3531 3770 ministrorum
3576 3717 3646 3770 et
3680 3705 4013 3770 seniorum
4056 3703 4229 3767 hanc

2265 3798 2474 3855 totam
2519 3809 2782 3855 causam
2827 3790 3060 3855 referri
3104 3791 3408 3875 oportuit.
3499 3789 3638 3858 Sed
3692 3791 3788 3854 ita
3845 3809 4073 3854 omnes
4118 3808 4232 3851 su-

2265 3898 2417 3942 mus
2463 3884 2530 3941 et
2572 3876 3022 3960 praetermissi
3064 3882 3130 3942 et
3178 3876 3483 3962 neglecti,
3540 3895 3677 3941 non
3720 3874 3895 3941 malo
3945 3871 4233 3957 quidem,

2266 3970 2343 4028 ut
2406 3962 2720 4046 suspicor,
2788 3961 3212 4027 scribentium
3282 3962 3525 4041 animo,
3589 3960 3707 4027 sed
3764 3960 3982 4044 potins
4026 3953 4232 4037 negli-

2267 4048 2491 4132 gentia
2525 4058 2595 4112 et
2635 4067 2858 4113 rerum
2902 4047 3248 4131 imperitia,
3304 4055 3382 4112 ut
3425 4046 3600 4111 nihil
3654 4048 3837 4130 prins
3881 4042 3964 4108 de
4009 4056 4240 4103 eorum

2266 4133 2705 4215 postulatione
2770 4133 3112 4217 quisquam
3179 4142 3502 4212 nostrum,
3586 4153 3673 4197 ne
3737 4132 3847 4197 vel
3913 4122 4243 4211 syllabam

2266 4216 2549 4302 quidem,
2572 4218 2857 4285 audierit
2875 4238 3070 4302 quam
3095 4226 3232 4284 tota
3252 4219 3380 4283 hac
3402 4216 3487 4283 de
3526 4237 3601 4281 re
3637 4217 3795 4283 facti
3827 4214 4078 4279 fuimns
4105 4223 4246 4297 cer·

2268 4306 2468 4370 tiores
2505 4303 2783 4370 lectione
2826 4304 3168 4370 literarum
3213 4303 3421 4369 vestri
3482 4312 3782 4380 senatus,
3847 4313 4015 4379 quae
4061 4285 4255 4380 ”0¹3¹ss

2266 4392 2779 4457 communicatae
2843 4399 3017 4456 sunt.
3107 4390 3216 4455 Ex
3281 4388 3410 4452 hoc
3469 4388 3707 4469 itaque
3772 4396 4008 4472 errore·
4046 4366 4264 4469 ,fssffllss

2267 4475 2583 4540 coniicere
2627 4477 2917 4559 potestis,
2984 4494 3180 4559 quam
3237 4472 3490 4537 conscii
3547 4491 3786 4537 eorum
3828 4456 4274 4551 οοιιειὶιρτιιω

2267 4580 2409 4626 esse
2450 4582 2796 4643 possumus
2839 4579 3005 4644 quae
3042 4558 3123 4624 ad
3161 4564 3420 4623 statum
3454 4554 3868 4638 reipublicae
3903 4536 4285 4694 pertinent,

2266 4667 2469 4727 quum
2510 4647 2578 4710 in
2624 4646 2819 4712 rebus
2862 4644 3343 4721 ecclesiasticis,
3392 4660 3575 4723 quae
3625 4641 3776 4704 sine
3817 4654 3904 4700 no
3951 4648 4014 4691 18
4054 4630 4297 4717 ἶηῦῗ·

2267 4732 2359 4815 igi
2423 4751 2554 4796 non
2622 4744 2912 4816 possunt,
2977 4732 3072 4795 ita
3135 4748 3258 4793 nos
3329 4745 3488 4790 esse
3551 4721 3953 4805 praeteritos
4013 4700 4310 4800 fidens·

2267 4815 2405 4882 Sed
2446 4819 2644 4897 enim,
2687 4827 2761 4884 ut
2804 4818 2934 4882 iam
2979 4815 3227 4890 monui,
3293 4812 3430 4875 hoc
3477 4808 3725 4890 potius
3779 4815 4010 4895 rerutn
4077 4794 4326 4870 lmP‘i'

2267 4903 2458 4967 ritiae
2515 4910 2583 4968 et
2625 4902 3022 4986 quotidianis
3065 4895 3364 4983 negotiis
3413 4904 3492 4956 et
3540 4878 4110 4979 occupationibus
4164 4877 4360 4982 qm?-

2269 4987 2390 5053 bus
2432 4990 2900 5072 opprimunter,
2960 5006 3158 5069 quam
3219 4978 3442 5045 fastui
3509 4984 3643 5038 aut
3691 4970 4048 5056 superbiae
4101 4958 4323 5013 ason

2272 5073 2557 5139 bendum
2624 5096 2766 5140 esse
2831 5073 3013 5139 duce.
3118 5067 3321 5134 Serio
3385 5074 3642 5124 tamen
3711 5068 3785 5122 et
3836 5064 3917 5119 ut
3973 5056 4114 5128 par
4184 5025 4380 5089 Orat

2269 5180 2421 5225 cum
2465 5159 2596 5225 illis
2640 5156 3228 5242 expostulavimus.
3328 5145 3744 5226 Quumque
3787 5138 3974 5223 prins
4015 5108 4418 5264 amgffi

2270 5243 2434 5309 mihi
2513 5244 2964 5329 praebuissent
3043 5226 3554 5322 expostulandi
3633 5224 4017 5291 materiam,
