4900 6125
329 364 453 427 45⁷

330 549 843 618 clarissimorum
946 554 1234 619 virorum
1331 555 1724 621 testimoniis
1808 552 2286 622 convineatur?

329 633 653 719 Superest
708 659 889 704 nunc
942 648 1037 718 ut,
1093 641 1402 723 quoniam
1447 661 1612 725 quae
1665 648 1823 707 sunt
1861 661 1901 706 a
1947 640 2130 707 vobis
2173 661 2292 724 per

327 721 528 822 hosce
575 743 781 789 annos
837 725 1073 808 ubique
1125 737 1529 810 praeparata,
1567 729 1637 792 in
1680 726 1804 793 hoc
1845 735 2107 810 tempus
2149 746 2288 791 om-

328 828 441 873 ma
498 819 879 892 eruperunt,
931 820 1007 876 ut
1056 812 1339 896 amplius
1382 810 1464 877 de
1506 813 1812 891 consiliis,
1856 833 2132 895 quorum
2173 832 2287 877 ex·

328 894 497 958 itum
553 893 977 980 furoremque
1031 899 1589 981 pertimescimus,
1646 898 1930 965 dubitari
1990 895 2125 985 [fol.
2171 895 2284 985 22]

328 1000 482 1080 ιιριι.
508 982 731 1063 possit,
768 991 1100 1066 postremo
1143 983 1225 1049 de
1268 1003 1485 1060 causa,
1528 1005 1724 1068 quam
1761 984 2104 1050 defectioni
2148 994 2288 1049 tur·

324 1086 652 1150 plemmae,
700 1076 1014 1151 tanquam
1058 1069 1279 1136 fucum
1324 1071 1722 1154 praetexitis,
1767 1090 1976 1153 pauca
2016 1090 2289 1153 respon-

327 1150 618 1218 deamus.
719 1151 1115 1237 Quanquam
1172 1176 1341 1238 quae
1400 1157 1568 1222 ratio
1632 1158 1899 1223 subesse
1952 1165 2168 1240 queat,
2212 1162 2291 1221 ut

327 1258 444 1304 vos
498 1237 570 1302 in
622 1248 958 1305 certamen
1006 1261 1155 1306 eum
1199 1240 1386 1326 Rege
1428 1240 1884 1309 descendatis?
1918 1250 1998 1306 ut
2032 1244 2104 1305 in
2147 1242 2287 1307 eius

324 1321 522 1389 nrbes
567 1345 878 1408 arcesque
921 1325 1225 1392 hostilem
1281 1327 1354 1392 in
1396 1328 1664 1393 modum
1708 1326 2019 1393 irruatis?
2056 1336 2129 1391 nt
2171 1325 2286 1391 ad-

323 1410 526 1475 motis
583 1409 906 1477 machinis
971 1411 1266 1478 eiusdem
1332 1415 1689 1497 praefectos
1749 1413 1832 1479 ad
1886 1412 2285 1479 deditionem

319 1494 770 1578 compellatis?
816 1507 891 1562 nt
924 1496 1206 1581 denique
1249 1498 1535 1565 hostium
1581 1520 1859 1564 numero
1903 1519 2014 1564 eos
2057 1519 2286 1564 omnes

319 1579 642 1680 habeatis,
709 1583 820 1665 qui
875 1595 1120 1648 sartam
1166 1593 1407 1650 tectam
1451 1585 1648 1670 Regii
1692 1583 2080 1651 diadematis
2144 1605 2284 1649 ma-

319 1679 621 1732 mstatem
691 1668 1047 1733 tueantur?
1136 1667 1579 1751 Quamobrem
1663 1670 1846 1737 nulla
1904 1670 2287 1736 offensionis

318 1770 521 1852 eausa
563 1755 851 1839 confingi
897 1756 1151 1837 potuit:
1200 1777 1275 1822 ac
1320 1770 1393 1821 ut
1436 1756 1719 1838 aliquam
1763 1757 2059 1841 potuisse
2143 1770 2284 1820 uta-

319 1851 500 1918 retls,
563 1847 783 1905 tamen
850 1840 992 1906 iure
1050 1839 1433 1926 disceptare,
1503 1865 1634 1908 non
1693 1844 1895 1908 armis
1950 1779 2285 1908 vindicare

317 1922 666 1990 deberetis.
754 1923 935 2007 Quid
992 1926 1166 1992 enim
1229 1937 1365 1992 tam
1425 1928 1714 1994 alienum
1775 1929 1856 1994 ab
1912 1928 2093 1995 omni
2148 1948 2282 1992 non

315 2008 514 2076 modo
577 2010 700 2111 reli
752 2010 916 2089 'one‚
988 2011 1104 2078 sed
1168 2013 1366 2079 etiam
1441 2014 1861 2081 simulatione
1925 2013 2283 2098 religionis,

315 2097 1322 2279 fflffihffffimoessffl?
1341 2206 1382 2250 a
1409 2097 2285 2264 {gss’x‘ssspfflffifflffss

315 2266 668 2334 clientibus
709 2269 781 2333 in
824 2268 1100 2353 Regem,
1145 2270 1326 2335 nulla
1370 2272 1761 2358 praesertim
1798 2272 2039 2337 iniuria
2081 2272 2283 2337 laces-

316 2355 481 2430 sitis,
551 2353 1011 2438 indignissime
1090 2355 1532 2441 suscipiatur?
1641 2355 1779 2424 Sed
1852 2356 2050 2423 audio
2126 2356 2282 2441 quid

316 2437 500 2505 Besa
546 2452 884 2506 causetur:
942 2440 1093 2507 Non
1158 2442 1229 2506 in
1274 2442 1481 2527 Regis
1544 2453 1759 2527 caput,
1819 2445 1935 2509 sed
1990 2453 2283 2508 tantum-

317 2523 514 2589 modo
572 2525 643 2589 in
687 2523 1019 2611 Principis
1062 2526 1372 2593 Guisiani
1434 2537 1504 2593 et
1560 2526 2062 2607 Connestabilis,
2120 2549 2284 2612 quos

315 2630 484 2677 cane
529 2618 599 2675 et
640 2631 858 2696 angue
901 2613 1087 2696 peius
1119 2613 1351 2692 oderit,
1395 2615 1775 2699 perniciem,
1819 2615 2117 2680 furorum
2149 2615 2284 2680 tela

315 2696 653 2761 intentari.
741 2696 885 2763 Gur
938 2710 1164 2763 autem
1218 2698 1366 2765 illos
1420 2707 1762 2783 tantopere
1803 2711 2139 2784 suspectos
2182 2709 2283 2766 at-

316 2802 450 2865 que
509 2784 756 2848 invisos
812 2783 936 2850 sibi
989 2784 1343 2864 existimet,
1398 2786 1458 2850 si
1501 2786 1745 2851 Bezam
1806 2806 1881 2851 ro
1927 2790 2071 2860 etis,
2107 2785 2281 2852 idem

311 2868 636 2933 nimirum
703 2869 875 2952 quod
938 2869 1094 2934 olim
1151 2869 1449 2937 Fimbria
1520 2871 1719 2937 homo
1783 2871 2281 2952 famosissimus,

311 2952 928 3107 ffffiffibitfffnssffi
989 2953 1357 3107 Sffldoe·
1408 2957 1825 3108 ornatissiutio
1879 2958 2029 3036 civi,
2087 2977 2283 3042 quem

841 3061 953 3107 ere
1023 3063 1068 3106 v
1190 3061 1364 3109 eran
1426 3064 1748 3110 curavera
1778 3095 1794 3123 ,
1858 3053 2284 3129 posteaquam

311 3127 642 3209 comperit
683 3146 833 3192 eum
890 3148 1080 3211 posse
1139 3130 1382 3207 vivere,
1447 3129 1690 3197 idcirco
1745 3131 2067 3198 actionem
2122 3130 2283 3195 dici·

311 3220 433 3277 tur
468 3210 848 3292 intendisse,
892 3213 1065 3296 quod
1108 3236 1238 3280 non
1281 3226 1496 3280 totum
1541 3216 1747 3281 telum
1791 3236 2062 3299 corpore
2105 3237 2282 3281 rece-

309 3299 544 3382 pisset.
633 3300 743 3363 An
799 3320 930 3365 non
980 3307 1081 3365 est
1135 3299 1231 3365 ini
1277 3299 1450 3367 dicto
1493 3311 1689 3385 atque
1731 3302 1903 3368 facto
1945 3300 2284 3366 Fimbriae

311 3394 512 3449 tuum
556 3382 968 3449 simillimum
983 3384 1017 3448 ?
1078 3387 1369 3453 Accusas
1402 3387 1795 3453 clarissimos
1831 3388 2026 3453 huius
2063 3387 2284 3471 Regni

311 3469 671 3548 Proceres;
728 3468 885 3553 quid
942 3469 1084 3536 ita?
1146 3473 1301 3554 quia
1358 3471 1440 3538 de
1495 3472 1803 3539 manibus
1857 3474 1991 3538 tuis
2043 3472 2285 3558 effuge-

311 3564 512 3621 runt:
580 3555 735 3638 quia
772 3555 1025 3640 Regem
1092 3559 1392 3641 opprimi,
1437 3558 1748 3642 Regnum
1794 3559 2043 3626 vastari
2108 3558 2282 3642 passi

313 3652 684 3739 non-sunt:
728 3642 881 3724 quia
926 3641 1008 3707 de
1042 3644 1384 3727 utriusque
1417 3644 1629 3709 salute
1663 3665 1741 3710 ac
1775 3644 2099 3730 dignitate
2132 3664 2286 3711 con·

315 3734 428 3792 tra
473 3734 883 3809 importunos
939 3728 1362 3795 factiosorum
1420 3741 1692 3796 conatus
1749 3731 1932 3796 omni
1991 3742 2287 3813 tempore

315 3833 456 3877 non
525 3813 764 3893 minus,
823 3834 1022 3896 quam
1089 3813 1172 3879 de
1230 3816 1367 3881 vita
1426 3814 1840 3881 dimicarunt.
1942 3814 2288 3882 Attendite

315 3899 593 3963 obsecro
636 3897 776 3979 (hic
818 3919 939 3983 ego
983 3901 1187 3965 bonos
1244 3920 1473 3966 omnes
1515 3901 1803 4051 appello)
1847 3922 1976 3985 quo
2021 3901 2286 3967 tandem

313 4002 669 4067 progressa
710 3986 815 4063 sit,
862 3996 978 4050 aut
1020 3984 1104 4050 ad
1148 4007 1308 4069 quos
1352 3997 1422 4051 et
1464 4008 1548 4069 qu
1618 4009 1687 4053 es
1745 3990 1922 4052 viros
1966 3988 2290 4052 effrenata

313 4070 514 4134 istius
564 4068 835 4136 audacia
889 4071 1263 4155 permearit.
1352 4073 1683 4155 Principis
1732 4072 2039 4138 Guisiani
2094 4074 2286 4151 facta,

313 4155 452 4221 hoc
525 4164 628 4219 est
693 4155 972 4222 Achillis
1038 4157 1366 4235 Francici,
1445 4160 1631 4225 cuius
1696 4158 2029 4242 trophaeis
2095 4157 2288 4224 hodie

311 4241 489 4307 salvi
536 4250 807 4319 stamus,
861 4243 1297 4326 florentesque
1341 4244 1643 4319 vivimus,
1685 4244 1882 4310 homo
1923 4246 2180 4310 transfu
2228 4266 2285 4323 a,

311 4338 386 4393 et
449 4325 604 4392 huic
659 4326 899 4412 Regno
955 4328 1253 4412 Regique
1307 4330 1613 4395 inimicus
1668 4331 2070 4398 criminatur.
2217 4352 2279 4395 o·

309 4411 679 4489 nestabilis,
745 4412 811 4477 id
862 4421 963 4479 est
1003 4414 1309 4480 Francici
1355 4415 1653 4481 Nestoris
1708 4413 2126 4499 prudentiam
2183 4416 2287 4480 in-

309 4506 633 4574 sectatur,
669 4518 834 4580 quae
878 4521 948 4566 se
992 4500 1190 4566 toties
1232 4502 1299 4566 in
1344 4512 1630 4583 quatuor
1670 4502 1932 4601 Regum
1979 4500 2285 4567 difficilli-

309 4584 453 4649 mis
507 4582 913 4681 temporibus
971 4586 1507 4670 gravissimisque
1562 4589 1854 4672 negoc1is
1908 4588 2284 4653 ostentavit.

313 4667 386 4735 O
433 4690 742 4734 miseram
786 4670 1222 4736 conditionem
1270 4694 1405 4737 non
1450 4672 1662 4738 solum
1708 4672 2284 4750 administrandae,

313 4776 558 4823 verum
613 4756 813 4820 etiam
880 4756 1370 4823 conservandae
1426 4758 1615 4841 Reip.
1684 4760 1739 4825 si
1796 4759 2062 4842 quidem
2123 4757 2285 4823 illud

309 4843 597 4924 impune
651 4842 1046 4920 conceditur,
1094 4854 1170 4907 ut
1213 4843 1488 4909 heroum
1533 4862 1909 4911 nostrorum
1953 4844 2288 4927 praeclara

307 4928 649 5003 facinora,
729 4927 1080 4994 cuiuslibet
1133 4929 1398 5013 fugitivi
1464 4930 2081 4997 maledicentissimo
2137 4940 2284 5013 gut-

307 5013 460 5079 turi
541 5023 843 5095 pateant:
909 5024 987 5080 ut
1062 5035 1338 5097 quorum
1416 5016 1719 5082 victorias
1784 5037 1859 5082 ac
1917 5014 2286 5099 triumphos

311 5097 464 5188 [fol.
511 5095 624 5186 23]
674 5101 884 5164 nostri
926 5100 1357 5178 admirantur,
1403 5103 1560 5167 socii
1606 5102 2092 5185 obstupescunt,
2139 5101 2286 5167 hos-

309 5198 427 5251 tes
479 5184 969 5267 pertimescunt,
1035 5188 1116 5252 ab
1182 5188 1268 5252 iis
1325 5197 1664 5253 anteactae
1730 5189 1906 5253 vitae
1961 5187 2286 5253 rationem

307 5272 550 5338 nescio
604 5271 751 5353 quis
794 5273 1142 5355 quaesitor,
1201 5272 1408 5338 veluti
1453 5273 1866 5359 Virgilianus
1911 5274 2130 5340 Minos
2171 5282 2287 5339 aut

2172 369 2335 431 1562
2374 364 2556 438 IUN.

4216 367 4345 431 458

2385 553 2972 634 Rhadamanthus,
3040 552 3452 622 severissime
3516 554 3758 638 exigat.
3872 549 4126 619 Omitto
4180 552 4345 617 illud

2389 639 2582 724 quod,
2626 643 2813 726 quasi
2850 642 3148 726 Reginae
3191 639 3606 705 consiliorum
3653 649 3722 705 et
3760 657 4148 704 arcanorum
4190 659 4344 704 con·

2386 728 2562 794 scius
2618 727 3071 812 particepsque
3125 727 3340 804 fuerit,
3407 732 3475 789 et
3520 726 3788 790 intimos
3845 724 4050 790 animi
4113 744 4347 791 sensus

2434 813 2828 896 erspexerit,
2894 813 2975 878 de
3039 814 3180 879 eius
3245 813 3313 876 in
3381 809 3749 894 Principem
3818 809 4213 876 Guisianum
4282 819 4350 875 et

2387 835 2869 966 genestabilem
2921 899 3280 975 voluntate,
3327 896 3408 961 de
3462 897 3707 962 mutuis
3750 896 4106 960 eorundem
4150 895 4348 961 collo-

2387 987 2576 1069 quiis,
2619 982 2702 1050 de
2745 985 3203 1062 simultatibus,
3262 1004 3428 1065 quae
3472 1001 3807 1064 nunquam
3852 981 4138 1056 fuerunt,
4182 1001 4349 1065 quae

2388 1091 2727 1154 nunquam
2778 1090 2921 1137 esse
2978 1079 3353 1155 potuerunt,
3412 1068 3719 1133 nonnihil
3779 1088 3899 1133 suo
3941 1088 4123 1132 more
4177 1068 4347 1132 ario-

2388 1155 2581 1222 latur.
2692 1155 3043 1222 Caeterum
3102 1156 3278 1221 Beza
3354 1153 3598 1219 bellum
3675 1154 3996 1218 nefarium
4067 1151 4347 1228 Galliae,

2389 1263 2558 1326 quae
2614 1241 2944 1325 quondam
2992 1243 3133 1307 eius
3189 1241 3317 1306 fuit
3372 1242 3602 1323 patria,
3649 1238 3895 1304 inferre
3953 1237 4344 1304 meditatur:

2387 1327 2700 1394 honestas
2774 1329 2952 1411 pacis
3023 1325 3429 1395 conditiones
3492 1324 3824 1408 repudiat:
3891 1323 4130 1407 placari
4214 1344 4348 1388 non

2391 1414 2558 1480 vult:
2615 1434 2695 1479 ea
2750 1422 3013 1478 tantum
3067 1415 3327 1478 ratione
3382 1413 3554 1477 flecti
3622 1432 3691 1476 se
3750 1429 3940 1493 posse
3985 1412 4349 1493 profitetur,

2386 1521 2517 1584 qua
2548 1521 2708 1566 oves
2751 1501 3051 1583 Aesopus
3091 1500 3158 1563 in
3198 1497 3477 1583 gratiam
3522 1517 3670 1562 eum
3715 1496 3783 1562 lu
3915 1495 4184 1561 rediisse
4217 1494 4349 1561 fes-

2387 1587 2522 1652 tive
2565 1585 2914 1658 fabulatur,
2952 1588 3007 1651 si
3052 1585 3398 1667 Principes
3432 1583 3683 1666 Regiae
3717 1602 3792 1648 sa
3818 1585 3946 1647 utis
3981 1581 4349 1666 sceptrique

2386 1670 2707 1748 custodes,
2760 1671 2988 1756 procul
3040 1670 3448 1754 ablegentur,
3516 1669 3570 1733 si
3629 1666 3935 1752 deinceps
3991 1668 4132 1752 ipse
4177 1666 4349 1751 Regi

2385 1757 2748 1843 Regnoque
2802 1756 3110 1822 universo
3153 1754 3423 1822 vivendi
3466 1753 3765 1839 regulam
3807 1754 4223 1838 praescribat,
4292 1753 4347 1818 si

2387 1844 2561 1929 Regi
2615 1863 2734 1926 pro
2791 1864 2909 1909 suo
2964 1841 3285 1907 arbitratu
3333 1841 3617 1924 imperet
3661 1838 3818 1923 quid
3863 1839 4049 1904 illum
4094 1838 4347 1904 consilii

2385 1931 2459 1995 in
2516 1939 2851 2013 posterum
2918 1949 3171 2011 capere,
3230 1926 3387 2010 quid
3444 1927 3750 2011 cogitare,
3797 1926 3950 2009 quid
3997 1926 4348 2009 suscipere,

2385 2036 2548 2099 quos
2584 2015 2901 2081 Proceres
2936 2022 3006 2080 et
3038 2014 3309 2080 clientes
3344 2032 3564 2078 secum
3601 2012 3862 2089 habere,
3899 2031 4062 2095 quos
4095 2011 4347 2087 eiicere,

2387 2122 2551 2185 quos
2615 2099 2975 2184 complecti,
3040 2119 3205 2184 quos
3269 2097 3483 2163 odisse
3550 2097 3727 2174 velit,
3797 2097 4077 2180 denique
4142 2098 4196 2162 si
4263 2117 4345 2160 ex

2384 2189 2587 2252 unius
2623 2187 2836 2252 Bezae
2871 2194 3037 2252 nutu
3072 2185 3362 2251 omnium
3408 2204 3560 2268 spes
3596 2184 4148 2267 cogitationesque
4188 2203 4351 2265 pen·

2385 2272 2617 2338 deant:
2662 2272 2833 2357 quod
2870 2290 3022 2336 cum
3054 2269 3445 2354 impetrarit,
3491 2279 3558 2333 et
3591 2269 3834 2334 sensim
3879 2289 4069 2333 suam
4114 2269 4349 2332 autho-

2386 2360 2654 2425 ritatem
2743 2361 3044 2440 viresque
3109 2355 3551 2432 confirmarit,
3620 2366 3758 2419 tum
3828 2354 4113 2430 demum,
4176 2351 4349 2436 quod

2387 2444 2618 2511 tandiu
2662 2466 2781 2510 exe
2903 2451 3018 2519 tat,
3078 2462 3149 2508 se
3196 2441 3376 2507 brevi
3420 2448 3924 2507 consecuturum
3972 2439 4347 2514 arbitratur,

2387 2539 2462 2596 ut
2519 2529 2601 2595 de
2652 2551 2758 2595 me
2805 2530 2869 2594 io
2925 2527 3204 2596 sublatis
3247 2527 3549 2594 omnibus
3625 2546 3786 2610 quos
3826 2525 3930 2590 Re
3982 2525 4019 2540 ’⁶
4067 2525 4351 2590 nominis

2384 2614 2799 2682 fidelissimos
2843 2623 2911 2681 et
2956 2615 3305 2680 acerrimos
3351 2611 3643 2678 vindices
3686 2623 3878 2676 antea
3922 2547 4125 2676 gum
4179 2630 4350 2676 sem·

2387 2722 2632 2785 perque
2688 2702 2944 2766 futuros
3000 2699 3330 2784 intelligit,
3380 2699 3520 2782 ipse
3566 2697 3856 2763 Galliam
3915 2704 4226 2780 tanquam
4276 2697 4345 2760 in

2386 2786 2590 2852 dotali
2633 2786 3051 2851 matrimonio
3093 2786 3216 2852 sibi
3263 2792 3661 2850 testamento
3711 2782 3996 2867 legatam
4040 2780 4346 2847 obtineat.

2387 2875 2489 2938 'Pu
2550 2892 2710 2938 vero
2768 2881 2848 2936 ut
2907 2871 2972 2937 id
3034 2869 3387 2954 aliquando
3440 2870 3703 2947 efficias,
3753 2878 3829 2934 ut
3883 2869 4346 2933 suavissimum

2386 2957 2711 3024 libertatis
2753 2957 3041 3023 fructum
3086 2957 3409 3023 Francico
3443 2954 3682 3038 populo
3724 2975 4016 3038 unquam
4058 2950 4346 3036 eripias?

2386 3054 2466 3111 ut
2508 3042 2590 3110 ad
2632 3044 3016 3110 servitutem
3054 3040 3343 3109 adducas
3383 3039 3643 3107 transfu
3790 3040 4083 3125 proditor
4125 3060 4349 3123 spera-

2385 3129 2537 3199 bis?
2584 3150 2661 3196 ac
2703 3151 2837 3195 non
2881 3130 3098 3213 potius
3143 3127 3396 3194 Obristi
3434 3127 3864 3193 iustissimum
3910 3148 4178 3205 numen,
4214 3126 4348 3191 Re-

2387 3219 2492 3303 gis
2543 3216 3032 3283 sanctissimum
3089 3235 3352 3291 nomen,
3565 3213 3578 3227 ’
3634 3234 3711 3278 ae
3766 3213 3998 3278 matris
4051 3212 4348 3277 divinum

2385 3301 2722 3378 iudicium,
2759 3302 2966 3386 Regis
2984 3299 3049 3365 N
3052 3320 3326 3365 avarrae
3361 3298 3811 3365 admirabilem
3849 3298 4347 3381 providentiam,

2385 3387 2799 3472 Optimatum
2866 3386 3148 3472 vigilias,
3211 3385 3473 3451 Galliae
3522 3386 3747 3450 florem
3805 3384 4135 3468 roburque
4198 3403 4349 3467 per·

2384 3471 2770 3539 horresces?
2859 3473 2974 3538 Sic
3036 3472 3215 3537 enim
3288 3470 3559 3548 habeto,
3620 3469 3837 3534 Deum
3894 3470 4349 3546 immortalem,

2431 3560 2740 3642 raecipua
2812 3559 3092 3641 quadam
3141 3556 3596 3624 benevolentia
3660 3575 3819 3640 erga
3881 3555 4350 3621 Francicorum

2491 3664 2651 3730 gum
2707 3645 3020 3727 pietatem
3066 3644 3384 3716 extitisse,
3432 3641 3677 3707 indicia
3720 3660 3877 3707 suae
3922 3640 4350 3724 benignitatis

2389 3731 2731 3817 perspicua
2790 3739 2858 3793 et
2920 3730 3130 3793 multa
3187 3729 3256 3792 in
3303 3728 3406 3793 his
3450 3726 3716 3792 sedibus
3760 3727 3841 3791 ab
3885 3736 4183 3791 extremo
4228 3727 4350 3790 im-

2388 3826 2548 3902 petu
2590 3814 3000 3881 vindicandis
3035 3813 3334 3891 edidisse,
3374 3814 3624 3878 maiora
3652 3814 3848 3878 etiam
3895 3822 3962 3876 et
3995 3812 4355 3877 illustriora

2389 3904 2459 3968 in
2533 3901 3048 3985 flagitiosissima
3126 3901 3615 3966 coniuratorum
3692 3918 3896 3963 manu
3974 3898 4205 3981 procul
4269 3898 4351 3963 ab

2391 3990 2523 4053 aris
2586 3986 3142 4068 sanctissimisque
3210 3986 3488 4069 templis,
3556 3993 3621 4050 et
3677 4006 3717 4050 a
3780 3983 4024 4049 finibus
4081 3983 4350 4066 Imperii

2389 4072 2860 4149 florentissimi,
2922 4071 3331 4153 fortunisque
3374 4072 3618 4135 civium
3664 4070 4349 4136 innocentissimorum

2391 4159 2692 4236 arcenda,
2733 4156 2917 4222 brevi
2959 4165 3252 4239 tempore
3295 4156 3645 4222 editurum.
3735 4155 3889 4221 Huc
3933 4153 4178 4221 accedit
4224 4155 4352 4218 Re-

2440 4248 2585 4311 ‘nae
2638 4244 2874 4309 matris
2933 4251 3001 4308 et
3056 4242 3261 4326 Regis
3317 4241 3657 4307 Navarrae
3720 4241 4226 4308 concordissima
4281 4240 4346 4304 in

2495 4332 2608 4415 gni
2667 4329 3232 4395 administratione
3285 4328 3607 4407 voluntas,
3655 4325 3787 4414 [fol.
3834 4325 3949 4415 24]
3997 4325 4348 4409 singularis

2389 4418 2731 4500 sapientia,
2754 4413 3154 4480 incredibilis
3200 4413 3559 4498 vigilantia,
3596 4422 4130 4495 caeterorumque
4152 4410 4347 4476 Prin·

2389 4506 2604 4586 cipum
2663 4514 2729 4567 et
2763 4498 3177 4584 Optimatum
3230 4506 3301 4577 (a
3344 4519 3620 4582 quorum
3680 4498 4162 4564 existimat-ione
4212 4508 4344 4560 tam

2388 4588 2819 4653 vehementer
2865 4585 3206 4661 abhorres)
3270 4585 3560 4649 studium
3628 4594 3697 4649 et
3749 4603 4121 4661 consensus,
4186 4602 4346 4665 quo-

2388 4694 2537 4738 rum
2596 4674 2893 4738 omnium
2959 4670 3299 4754 praesidiis
3363 4668 3842 4745 circunclusus,
3906 4678 3972 4734 et
4037 4668 4347 4734 custodiis

2386 4759 2794 4836 constrictus,
2861 4764 3161 4823 aeternas
3226 4758 3323 4822 tui
3389 4757 3629 4822 furoris
3687 4756 4138 4837 amentiaeque
4192 4774 4343 4837 poe·

2387 4868 2527 4923 nas,
2592 4845 2720 4910 Dei
2803 4843 3273 4926 hominumque
3325 4840 3583 4919 iudicio,
3658 4842 3857 4907 vivus
3919 4849 4347 4921 mortuusque

2385 4930 2758 4998 sustinebis.

3178 5154 3459 5164 ———.-.-.--
3472 5154 3571 5161 --.
