4900 6125
301 412 406 474 4⁴5

296 615 423 662 rum
483 592 892 660 turbulentas
949 591 1302 660 seditiones
1363 612 1703 677 nunquam
1769 594 1964 661 aliter
2022 614 2221 678 quam

295 680 483 766 gladio
521 680 821 756 coerceri,
878 678 938 745 si
979 677 1210 744 Albios
1253 689 1321 745 et
1363 678 1719 758 Tolosates,
1764 681 1877 763 qui
1911 699 2031 764 per
2072 698 2218 762 spe·

293 766 436 832 ciem
487 764 822 849 religionis
869 785 909 830 a
949 764 1260 848 Philippo
1300 764 1608 849 Augusto
1650 763 2039 844 defecerant,
2085 785 2221 830 non

291 871 455 919 secus
496 869 688 933 quam
734 849 904 917 bello
946 870 1291 933 oppressos
1354 850 1648 917 revocari
1703 852 1996 935 potuisse
2054 849 2217 935 legi-

288 957 438 1015 mus,
478 937 532 1001 si
572 936 923 1002 severitate
980 934 1369 1003 iudiciorum
1409 935 1724 1002 finitimos
1767 937 2098 1021 principes
2141 955 2218 1001 ac

286 1021 536 1107 populos
573 1021 906 1105 integram
950 1042 1137 1088 suam
1182 1020 1652 1087 authoritatem
1694 1022 1825 1089 huc
1869 1043 2078 1105 usque
2113 1039 2217 1086 re-

285 1107 558 1184 tinuisse,
616 1107 671 1173 si
739 1126 1100 1190 paucorum
1163 1117 1375 1173 morte
1437 1106 1711 1191 reliquis
1763 1108 1900 1173 suis
1965 1105 2219 1173 civibus

286 1191 665 1259 consuluisse
718 1192 1168 1277 intelligimus,
1228 1191 1384 1275 quid
1427 1203 1544 1271 est,
1588 1193 1874 1269 obsecro,
1917 1191 2091 1276 quod
2136 1192 2218 1258 de

285 1278 676 1345 factiosorum
719 1297 932 1361 poena
973 1277 1274 1344 dubitare
1331 1277 1684 1344 debeamus
1705 1278 1739 1341 ‘2
1827 1279 2079 1344 Verum
2123 1285 2220 1342 ta·

283 1384 420 1429 men
457 1365 550 1430 sic
590 1385 661 1430 80
713 1364 893 1448 leges
947 1363 1314 1447 iudiciaque
1369 1364 1441 1428 in
1488 1364 1614 1430 hoc
1653 1385 1856 1449 regno
1898 1364 2218 1431 hactenus

281 1449 649 1527 habuerunt,
705 1457 784 1514 ut
835 1448 1388 1533 quemadmodum
1443 1448 1745 1516 videmus
1800 1469 2059 1516 muscas
2115 1449 2215 1512 in-

281 1535 579 1600 firmiores
613 1554 1006 1600 aranearum
1040 1535 1192 1600 telis
1233 1535 1577 1618 implicari,
1621 1555 1785 1619 quas
1829 1533 2063 1601 deinde
2097 1554 2215 1599 va-

277 1619 535 1686 lentiora
591 1621 906 1686 animalia
951 1619 1400 1705 perfringunt:
1452 1621 1546 1686 sic
1599 1621 1672 1686 in
1714 1620 1959 1706 vulgus
2001 1618 2215 1686 delin-

277 1705 599 1789 quentium
643 1705 948 1771 nonnihil
989 1705 1321 1772 interdum
1365 1707 1516 1771 iura
1557 1705 1941 1773 valuerunt:
1986 1714 2213 1790 poten-

277 1791 550 1870 tioribus,
609 1792 680 1856 in
745 1811 910 1875 quos
965 1791 1257 1856 maxime
1314 1789 1677 1859 districtum
1777 1791 2025 1858 ladium
2071 1811 2213 1858 esse

274 1879 557 1960 oportuit,
617 1897 752 1942 non
810 1876 1004 1943 modo
1045 1878 1298 1960 peccati
1342 1877 1622 1955 veniam,
1667 1898 1737 1944 se
1826 1878 2022 1944 etiam
2061 1897 2214 1960 pec·

273 1961 444 2027 candi
485 1962 823 2029 licentiam
872 1971 1392 2046 potestatemque
1454 1961 1892 2029 indulserunt.
1982 1963 2214 2047 Itaque

269 2048 531 2132 ignavia,
573 2049 1018 2126 occultatione,
1054 2048 1450 2132 impunitate
1478 2048 1871 2114 effrenatum
1904 2048 2211 2127 furorem,

270 2133 366 2215 qui
418 2155 598 2199 nunc
656 2153 726 2199 se
778 2134 1057 2218 proripit
1109 2144 1176 2200 et
1221 2133 1498 2217 proiicit,
1551 2134 1852 2212 fovimus,
1900 2134 2210 2213 aluimus,

435 2219 713 2297 ovimus,
767 2220 967 2285 nimis
1009 2219 1313 2300 molliter,
1356 2219 1578 2285 minus
1620 2219 1893 2298 fortiter,
1942 2219 2212 2285 omniuo

268 2313 700 2371 inconstanter
756 2304 1193 2372 velificatione
1252 2313 1511 2370 mutata
1572 2305 2070 2389 tempestatibus
2134 2326 2212 2371 ac

303 2389 548 2456 rocellis
593 2391 925 2456 cessimus.
1011 2390 1206 2456 Nunc
1242 2391 1300 2457 si
1344 2390 1598 2457 salvam
1634 2411 1876 2456 navem
1917 2411 2059 2457 esse
2093 2411 2209 2456 vo-

286 2495 462 2541 umus
483 2527 500 2556 ,
559 2476 821 2542 virilius
874 2474 1322 2542 obsistendum
1347 2527 1366 2553 ,
1423 2476 1683 2542 firmius
1758 2474 2211 2551 obnitendum.

265 2559 413 2626 velis
445 2562 779 2645 remisque
821 2560 907 2627 ad
950 2560 1389 2645 placidissima
1431 2561 1628 2628 litora
1661 2559 2206 2629 contendendum.

263 2645 493 2711 Errant
545 2647 750 2726 enim,
806 2657 875 2712 et
909 2647 1341 2713 vehementer
1382 2646 1646 2731 quidem
1693 2656 1936 2726 errant,
1995 2648 2051 2713 si
2096 2648 2208 2732 qui

263 2732 629 2799 existimant
685 2743 762 2798 ut
822 2733 895 2797 in
952 2733 1085 2798 ista
1139 2733 1462 2799 fluctuum
1516 2733 1886 2813 iactatione,
1932 2732 2091 2800 dum
2133 2732 2209 2798 in

263 2815 542 2885 diversas
595 2827 822 2904 partes
876 2817 1071 2884 modo
1126 2818 1257 2885 huc
1312 2818 1589 2904 agimur,
1638 2818 1831 2885 modo
1873 2818 2029 2885 illuc
2073 2817 2207 2885 dis-

259 2903 591 2984 trahimur,
639 2911 892 2972 rectum
925 2904 1369 2988 navigationis
1412 2925 1679 2971 cursum
1723 2918 1949 2970 tenere
1984 2904 2206 2970 valea-

258 3009 407 3068 mus,
448 3009 529 3057 ac
571 3011 710 3057 non
757 2990 978 3074 potius
1033 2989 1616 3074 periculosissimas
1659 2989 1897 3077 Syrtes
1940 2997 2010 3056 et
2050 2989 2205 3057 hor-

257 3073 448 3141 ribilis
489 3076 829 3162 naufragii
869 3076 1238 3143 luctuosum
1286 3077 1542 3143 exitum
1584 3078 2048 3161 pertimescere
2089 3075 2203 3142 de-

257 3160 524 3229 beamus.
629 3160 859 3244 Quare
914 3161 1082 3227 illud
1137 3162 1271 3228 iam
1322 3163 1858 3230 constituendum
1913 3182 1990 3228 ac
2043 3162 2203 3228 defi-

255 3245 553 3316 m‘endum
614 3254 734 3327 est,
777 3255 1007 3314 utrum
1060 3257 1354 3314 veterem
1387 3249 1592 3314 tutari
1634 3248 2091 3328 constantiam,
2135 3254 2205 3313 et

253 3332 622 3400 inviolatam
693 3333 1035 3418 religionis
1098 3334 1547 3417 integritatem
1613 3354 2008 3401 conservare
2032 3385 2049 3412 ,
2114 3352 2201 3398 an

252 3418 421 3501 prodi
471 3420 630 3487 ‘osis
673 3419 1163 3485 coniuratorum
1209 3419 1603 3487 factionibus
1650 3417 1786 3507 [fol.
1840 3417 1947 3507 10]
1997 3420 2202 3486 vitam

254 3524 321 3570 ac
453 3514 642 3572 utem
683 3517 979 3571 nostram
1023 3504 1261 3571 dedere
1305 3504 1532 3571 utilius
1566 3504 1988 3573 decentiusve
2030 3504 2202 3571 iudi·

251 3610 474 3658 cemus.
563 3590 718 3674 Qua
761 3590 843 3657 de
884 3612 960 3657 re
1003 3612 1139 3656 non
1181 3590 1450 3659 difficile
1493 3592 1679 3657 vobis
1716 3592 1847 3657 erit
1886 3590 2202 3657 iudicium

251 3675 584 3760 explicare,
641 3677 699 3742 si
751 3696 982 3744 causas
1038 3696 1205 3761 quae
1247 3677 1423 3743 inter
1475 3698 1548 3744 se
1587 3678 1951 3762 confligunt
2007 3697 2200 3743 exac-

249 3762 368 3828 tius
420 3782 568 3828 com
733 3762 837 3841 tis,
897 3782 1249 3847 rerumque
1311 3764 1604 3845 ipsarum
1669 3770 1945 3829 eventus
2001 3770 2200 3846 atque

249 3845 518 3914 incomm
696 3849 828 3914 iam
869 3848 1024 3913 inde
1069 3847 1486 3931 provideatis.
1573 3848 1808 3932 Itaque
1843 3848 2044 3914 velim
2079 3869 2199 3915 vos

249 3930 398 3999 illud
433 3935 662 4002 animo
705 3942 1031 4018 reputare,
1074 3933 1248 4017 quod
1281 3935 1564 4000 maiores
1595 3934 1810 4000 nostri
1852 3934 2198 4017 sapientis-

249 4019 385 4084 simi
425 4020 750 4104 Rerump.
787 4020 1260 4104 gubernatores
1301 4020 1373 4085 in
1407 4020 1637 4104 primis
1670 4020 2039 4086 cavendum
2082 4018 2198 4085 ad-

249 4115 655 4185 monuerunt,
698 4125 784 4170 ne
828 4105 1029 4171 ullius
1073 4113 1190 4171 aut
1238 4105 1433 4171 edicti
1478 4115 1594 4172 aut
1634 4104 1801 4189 legis
1844 4113 1964 4170 aut
2006 4104 2199 4171 disci-

248 4189 450 4272 plinae
501 4192 895 4276 imperiique
946 4190 1226 4256 mutatio
1282 4201 1531 4257 temere
1589 4200 1970 4256 tentaretur.
2082 4189 2199 4257 Sic

249 4275 414 4341 enim
447 4297 521 4343 se
577 4297 722 4342 rem
764 4276 1009 4344 habere
1044 4275 1403 4360 prudenter
1443 4286 1944 4361 prospexerunt,
1987 4286 2065 4342 ut
2107 4276 2196 4343 si-

247 4371 349 4425 cut
400 4382 697 4447 corpora,
757 4382 908 4429 cum
967 4384 1004 4427 e
1061 4372 1373 4429 consueto
1423 4371 1494 4429 et
1533 4361 1842 4428 familiari
1885 4363 2068 4428 victu
2112 4362 2198 4427 ad

249 4466 482 4513 novum
549 4455 621 4513 et
672 4448 1067 4515 insolentem
1118 4447 1639 4525 traducerentur,
1690 4446 2074 4513 conturbata
2129 4449 2195 4513 in

247 4533 497 4600 morbos
541 4552 782 4619 graves
824 4533 1212 4611 inciderent,
1245 4535 1342 4599 ita
1377 4556 1511 4601 non
1555 4534 1749 4618 longe
1791 4533 1986 4599 aliter
2026 4534 2196 4600 Res-

247 4618 386 4699 pub.
424 4618 997 4703 perniciosissimis
1038 4619 1435 4686 seditionum
1487 4619 2041 4703 factiosarumquc
2083 4640 2197 4686 cu-

247 4702 586 4785 piditatum
639 4705 925 4772 motibus
973 4705 1349 4772 laboratura
1411 4716 1600 4784 esset,
1648 4705 1705 4771 si
1749 4714 2009 4771 vetusto
2053 4705 2197 4771 eius

248 4798 411 4856 statu
453 4790 792 4871 convulso,
835 4790 1198 4874 repudiatis
1241 4792 1568 4857 maiorum
1619 4791 1960 4870 institutis,
2006 4792 2197 4858 abro-

247 4882 390 4958 geta
445 4876 746 4943 diuturni
795 4877 1109 4961 temporis
1172 4876 1447 4944 vivendi
1504 4875 1992 4955 consuetudine,
2048 4897 2196 4943 sur-

248 4980 383 5027 sum
404 4961 714 5029 deorsum
735 4963 959 5029 omnia
990 4963 1560 5047 permiscerentur.
1627 4961 1811 5027 Hinc
1843 4961 1961 5027 illa
1984 4961 2198 5030 Grae-

249 5065 458 5115 corum
503 5048 829 5129 instituta,
886 5068 1054 5132 quae
1091 5056 1322 5133 postea
1365 5048 1647 5114 Romani
1697 5067 1885 5113 suam
1929 5048 1998 5113 in
2043 5047 2199 5114 civi-

248 5138 441 5199 tatem
499 5133 1010 5214 transtulerunt,
1059 5133 1298 5218 quibus
1354 5134 1570 5221 patria
1612 5154 1799 5200 sacra
1833 5133 1980 5213 coli,
2025 5133 2196 5200 ritus

247 5228 522 5301 pastum,
569 5221 880 5303 quoniam
966 5221 1221 5286 roxime
1255 5220 1612 5305 antiquitas
1655 5218 1737 5285 ad
1782 5218 1980 5287 deum
2015 5240 2195 5286 acce-

250 5304 441 5386 deret,
513 5306 768 5373 servari
848 5242 1129 5373 voluere.
1241 5305 1420 5374 Hinc
1489 5305 1607 5371 illa
1671 5305 1846 5390 apud
1910 5304 2196 5372 Dionem

2077 407 2240 471 1562
2283 402 2470 473 IUN-

4154 414 4280 476 446

2326 592 2732 659 Mccoeuatis
2778 589 2863 656 ad
2906 593 3288 676 Augustum
3330 595 3591 677 sapiens
3633 601 3703 661 et
3745 595 4011 680 elegans
4053 599 4280 678 oratio,

2324 698 2454 763 qua
2488 680 2949 762 imperatorem
2991 686 3215 744 monet
3248 678 3496 745 nullam
3532 681 3670 746 fore
3705 685 3775 747 in
3818 683 3983 766 Rep.
4031 693 4281 766 pestem

2323 765 2786 848 capitaliorem,
2843 763 3184 847 magisque
3240 765 3683 845 avertendam,
3732 787 3928 851 quam
3975 778 4052 833 ut
4096 778 4278 835 vete-

2322 870 2462 915 rem
2514 851 2793 916 formam
2850 849 3159 931 perverti,
3215 870 3455 916 novam
3513 851 3842 919 introduci
3899 874 3975 918 ac
4029 854 4281 920 firmari

2320 936 2625 1018 patiatur.
2692 933 2872 1001 Hinc
2906 933 3024 1000 illa
3068 935 3443 1014 Persarum,
3486 938 3939 1016 Locrensium,
3985 941 4278 1005 omnium

2323 1019 2601 1104 denique
2633 1021 2951 1105 gentium,
2995 1020 3127 1085 imo
3182 1021 3802 1089 Iurisconsultorum
3850 1023 4279 1107 prudentissi·

2321 1127 2581 1172 morum
2638 1106 2984 1184 sententia,
3030 1107 3100 1170 in
3142 1107 3334 1173 novis
3377 1108 3576 1174 rebus
3619 1108 4092 1175 constituendis
4136 1113 4277 1175 evi·

2322 1191 2586 1258 dentem
2629 1199 3165 1275 perspectamque
3217 1193 3574 1261 utilitatem
3618 1215 3761 1261 esse
3795 1205 4113 1279 oportere,
4159 1217 4275 1262 an·

2432 1298 2585 1342 uam
2623 1277 2704 1344 ab
2748 1297 2827 1342 eo
2870 1278 3015 1343 iure
3060 1276 3236 1360 quod
3272 1278 3384 1345 diu
3420 1289 3756 1364 receptum
3792 1283 3893 1356 sit,
3930 1281 4277 1349 recedendi

2320 1362 2401 1429 de
2432 1363 2701 1429 ‘beratio
2765 1363 3168 1428 instituatur.
3277 1364 3456 1432 Hinc
3532 1365 3810 1450 denique
3873 1367 4037 1432 illud
4105 1367 4277 1450 quod

2318 1448 2538 1534 vulgo,
2597 1447 2712 1514 sed
2769 1455 2992 1514 tamen
3050 1450 3390 1516 verissime
3445 1452 3671 1518 iactari
3728 1452 3909 1528 solet.
3968 1475 4049 1519 ex
4092 1454 4277 1519 Reli-

2316 1534 2533 1618 gionis
2615 1534 3121 1600 commutatione
3205 1547 3522 1619 perpetuo
3609 1539 3918 1621 consequi
3993 1538 4275 1623 Reipub.

2316 1620 2834 1686 conversionem.
2937 1617 3115 1701 Quid
3172 1621 3376 1705 igitur
3431 1622 3554 1689 hoc
3608 1624 3747 1688 loco
3781 1623 3958 1690 Beza
4010 1645 4276 1709 respon-

2315 1704 2485 1782 deat,
2530 1706 2644 1805 qui
2679 1705 2883 1770 huius
2916 1706 3357 1772 florentissimi
3392 1707 3611 1793 Regni
3648 1709 3814 1775 bene
3847 1711 4274 1793 compositam

2315 1789 2752 1873 disciplinam,
2810 1791 2921 1874 qui
2964 1801 3063 1856 tot
3108 1791 3479 1858 seculorum
3524 1793 3804 1861 decursu
3845 1796 3926 1861 ab
3970 1796 4274 1863 omnibus

2315 1877 2653 1960 probatam
2711 1877 2972 1960 pietatis
3028 1877 3350 1943 rationem
3394 1879 3475 1944 ad
3530 1900 3714 1945 suam
3772 1879 4114 1947 vecordem
4161 1902 4273 1948 ve-

2315 1981 2676 2045 sanamque
2731 1961 3103 2040 libidinem,
3173 1963 3354 2029 velut
3411 1964 3494 2030 ad
3560 1965 3935 2049 plumbeam
3991 1967 4275 2034 Lesbiae

2314 2046 2786 2115 aedificationis
2867 2048 3161 2132 regulam
3228 2058 3677 2117 transmovere
3741 2062 3811 2116 et
3874 2053 4273 2132 subvertere,

2312 2133 2495 2217 leges
2537 2134 2860 2199 maiorum
2917 2141 3179 2217 apertas
3232 2143 3298 2199 et
3351 2137 3728 2220 perspicuas
3771 2138 3994 2205 nescio
4036 2139 4277 2222 quibus

2312 2220 2657 2285 insomniis
2735 2218 3093 2303 depravare
3169 2242 3245 2288 ac
3309 2241 3726 2305 corrumpere
3801 2222 4220 2290 machinatur
4238 2223 4271 2288 ?

2313 2304 2473 2371 Sint
2524 2325 2685 2371 sane
2782 2303 3060 2370 uaedam
3118 2306 3188 2370 in
3245 2315 3617 2373 nostrorum
3676 2308 4022 2374 hominum
4081 2307 4272 2375 disci-

2312 2390 2497 2474 plina
2547 2411 2737 2456 emen
2785 2391 3005 2456 atione
3050 2400 3119 2456 et
3162 2391 3734 2459 animadversione
3791 2392 4011 2478 digna,
4060 2397 4274 2461 cuius-

2311 2474 2489 2542 modi
2533 2496 2676 2542 esse
2720 2475 2939 2559 aliqua
2993 2496 3124 2541 non
3170 2477 3559 2554 inficiamur,
3615 2478 3791 2563 quod
3880 2481 4074 2545 artim
4121 2501 4273 2547 nos·

2311 2570 2419 2628 tra
2459 2561 2769 2641 socordia,
2806 2562 3046 2645 partim
3093 2571 3460 2646 temporum
3500 2571 3697 2648 atque
3738 2563 3818 2631 be
3870 2586 4058 2631 orum
4100 2566 4273 2632 cala-

2311 2649 2541 2713 mitate
2566 2699 2581 2726 ,
2632 2645 3071 2731 peccandique
3123 2645 3259 2735 [fol.
3322 2647 3431 2736 11]
3491 2649 3759 2716 licentia
3821 2650 4166 2734 paululum
4232 2673 4272 2718 a

2310 2732 2601 2817 perfecta
2655 2733 3053 2818 optimorum
3112 2743 3378 2817 patrum
3424 2736 3670 2802 virtute
3712 2737 4271 2821 sanctimoniaque

2309 2818 2719 2898 defleximus,
2763 2839 2849 2884 an
2893 2819 3207 2885 continuo
3249 2840 3471 2887 rerum
3514 2820 3797 2901 ordines,
3844 2831 4114 2906 propter
4154 2824 4272 2889 ab·

2308 2924 2470 2971 usus
2512 2902 2855 2984 tollendos,
2899 2911 2968 2970 et
3004 2903 3546 2989 quemadmodum
3584 2906 3972 3007 Lycurgum
4002 2915 4271 2992 propter

2306 2990 2700 3056 temulentos
2743 2990 2900 3056 vino
2934 2990 3108 3056 male
3152 2995 3437 3073 utentes,
3481 2992 3788 3078 stirpitus
3830 2993 4005 3059 vites
4046 2994 4272 3060 ferunt

2306 3076 2643 3157 excidisse,
2701 3078 2798 3142 ita
2840 3085 3106 3162 propter
3148 3077 3619 3145 nonnullorum
3668 3078 4013 3145 hominum
4057 3079 4271 3147 defor-

2304 3173 2520 3229 matos
2593 3183 2811 3229 mores
2880 3182 3017 3228 non
3071 3163 3554 3230 reformandam
3623 3164 3889 3231 vivendi
4140 3187 4268 3247 am,

2307 3246 2422 3314 sed
2486 3247 2958 3349 propemodum
3022 3246 3468 3349 abrogandam
3534 3250 4010 3352 existimabunt
4157 3254 4270 3352 An

2303 3334 3732 3503 εκεέςῒωῑοξεᾉᾝπ8013330,
3755 3336 4269 3489 affigas:

2304 3506 2571 3589 poribus
2625 3506 2904 3588 repetita
2962 3504 3411 3573 damnabunt?
3498 3506 3823 3573 Homines
3862 3516 4123 3575 nostros
4162 3511 4269 3575 ni-

2302 3590 2400 3656 hil
2457 3610 2708 3674 sapere,
2767 3601 2835 3656 et
2887 3589 3057 3674 quod
3114 3591 3361 3675 passim
3405 3612 3725 3676 usurpare
3768 3592 4004 3672 solent,
4039 3594 4267 3661 literas

2300 3695 2522 3743 sacras
2573 3676 2931 3760 ignorasse,
2986 3697 3130 3743 sese
3171 3675 3344 3743 solos
3397 3698 3624 3743 earum
3667 3699 3934 3744 sensum
3977 3680 4265 3758 scivisse,

2299 3761 2619 3847 mysteria
2677 3760 3028 3839 detexisse,
3084 3761 3235 3848 plus
3290 3784 3487 3829 suum
3545 3782 3618 3828 as
3665 3763 3828 3841 lum,
3875 3784 4074 3848 quam
4119 3768 4265 3830 uni-

2303 3848 2479 3914 versi
2522 3847 2699 3914 orbis
2742 3856 3067 3913 terrarum
3111 3848 3459 3914 consilium
3502 3846 3747 3915 vidisse
3788 3849 4263 3917 clamitabunt?

2300 3931 2470 4015 Quis
2525 3953 2684 3999 vero
2744 3932 2908 3999 tales
2966 3932 3153 4000 nobis
3195 3932 3601 4014 Charondae,
3659 3933 3956 4013 Solones,
4003 3937 4261 4022 Lycur·

2299 4040 2446 4170 ἓξὲξ
2457 4018 2984 4186 νωᾶᾙιέῗξ
2985 4017 3244 4171 ι’ἓέωὲο
3246 4020 3338 4169 31
3384 4018 3575 4171 ..222⁸
3602 4021 4018 4189 5253ss
4033 4021 4263 4174 023?ss

2299 4212 2407 4257 res
2448 4189 2747 4257 creavit?
2809 4187 2960 4271 Quo
3012 4191 3176 4268 iure,
3231 4211 3359 4275 quo
3415 4211 3600 4256 more
3656 4157 3955 4259 homines
3992 4196 4259 4277 privati,

2298 4275 2562 4342 nullum
2616 4276 2684 4341 in
2739 4275 2866 4341 hoc
2908 4275 3145 4359 Regno
3198 4275 3659 4360 magistratum
3714 4287 4016 4362 gerentes
4034 4330 4049 4354 ‚
4105 4279 4259 4345 novi

2300 4362 2629 4429 Arcesilae
2678 4359 2859 4427 istud
2914 4361 3247 4445 suscipere
3300 4371 3368 4426 et
3409 4361 3704 4444 polliceri
3748 4362 4036 4429 audent?
4124 4362 4263 4430 Sed

2299 4448 2431 4513 iam
2476 4468 2623 4514 cum
2684 4445 2815 4513 illis
2875 4468 3067 4532 agam
3112 4447 3329 4530 quiete
3372 4457 3438 4512 et
3475 4447 3905 4528 familiariter,
3950 4451 4261 4532 quoniam

2297 4554 2407 4599 eos
2454 4553 2692 4599 sanare
2736 4532 2958 4616 potius
3000 4533 3190 4616 Reip.
3295 4553 3447 4598 uam
3505 4534 3794 4618 perditos
3849 4555 3993 4600 esse
4050 4536 4259 4619 cupio.

2299 4620 2440 4699 Ais,
2486 4619 2681 4696 Besa,
2743 4638 2865 4684 nos
2920 4639 2961 4684 a
3014 4637 3172 4683 vera
3216 4554 3465 4684 &bristi
3520 4620 3792 4686 ecclesia
3834 4628 4099 4686 tantum
4144 4620 4259 4686 ab·

2298 4726 2461 4781 esse,
2515 4714 2834 4788 quantum
2891 4703 2977 4770 ad
3034 4704 3175 4769 eius
3228 4704 3743 4771 familiaritatem
3802 4707 4259 4791 gremiumque

2298 4791 2646 4857 accessisti.
2736 4787 2916 4872 Quid
2959 4790 3015 4855 si
3058 4790 3423 4873 probavero
3457 4790 3771 4868 Francos,
3816 4812 3961 4856 eam
4005 4791 4261 4859 Christi

2296 4876 2497 4943 fidem
2540 4897 2735 4960 quam
2772 4877 3128 4942 etiamnum
3172 4883 3489 4956 tenemus,
3527 4876 3766 4942 abhinc
3808 4877 3989 4944 mille
4034 4887 4102 4942 et
4136 4877 4256 4943 du-

2297 4963 2508 5028 centis
2538 4963 2732 5028 annis
2766 4962 3181 5029 sanctissime
3218 4962 3420 5028 fuisse
3453 4962 3830 5045 professos?
3876 4962 3933 5028 si
3978 4962 4256 5029 eandem

2298 5047 2483 5114 nullo
2521 5056 2815 5130 tempore
2870 5048 3330 5127 intermissam,
3387 5047 3571 5113 nulla
3613 5048 3995 5131 opinionum
4042 5050 4256 5116 varie-

2298 5142 2434 5199 tate
2492 5140 2607 5199 aut
2659 5133 3078 5200 contentione
3120 5133 3557 5218 interruptam
3600 5133 3945 5199 ostendero
3958 5134 3991 5198 ¹?
4035 5142 4111 5200 tu
4151 5136 4255 5201 in·

2298 5219 2491 5285 terim
2548 5219 2768 5304 Reges
2833 5218 3433 5288 christianissimos
3456 5268 3473 5299 ,
3534 5218 3878 5303 Principes
3950 5222 4253 5306 optimos,

2300 5306 2478 5373 cives
2521 5305 2999 5389 integerrimos,
3043 5312 3111 5371 et
3152 5312 3469 5387 quotquot
3509 5302 3617 5371 his
3659 5305 3898 5373 seculis
3939 5306 4254 5374 innocen-
