4900 6125
341 409 452 473 ⁸41

343 616 446 662 nes
496 591 586 658 ita
639 612 711 659 se
767 591 953 677 prius
1006 589 1291 657 sensisse
1346 589 1665 669 dicebant,
1733 609 1913 657 nunc
1970 608 2132 656 vero
2194 608 2267 657 se

341 678 574 765 plenius
650 698 791 745 rem
869 682 1076 743 totam
1142 674 1526 762 intelligere,
1614 674 1769 759 quia
1849 673 2005 741 nodi
2071 672 2268 742 soluti

340 778 521 832 erant.
622 763 911 830 Tantum
978 762 1217 848 viginti
1281 771 1397 828 aut
1459 761 1734 848 triginta
1797 761 1881 829 ad
1931 778 2269 828 summum

335 849 565 918 factiosi
609 854 678 916 et
719 848 1036 921 cervicosi
1079 847 1397 926 homines,
1443 868 1610 949 quos
1652 845 1737 913 ad
1780 867 1852 913 se
1895 846 2270 914 Alexander

337 936 630 1016 illexerat,
686 942 754 1002 et
796 955 960 1020 quos
1017 932 1194 1001 haud
1253 954 1482 1020 magm
1532 933 1693 1002 facit
1749 933 2040 1013 ecclesia,
2099 932 2264 999 mihi

333 1021 850 1089 adversabantur.
944 1020 1168 1086 Tertio
1211 1039 1444 1087 causae
1505 1020 1798 1085 incertae
1851 1017 2266 1087 animadver-

333 1109 527 1175 tebam
567 1107 946 1174 incertiores
988 1106 1126 1172 fore
1170 1104 1436 1183 iudices,
1482 1127 1603 1173 nec
1645 1125 2069 1190 congressum
2114 1126 2264 1172 nos·

332 1206 491 1259 trum
548 1192 725 1259 aliud
779 1212 976 1278 quam
1021 1192 1220 1258 inane
1263 1200 1380 1258 aut
1421 1191 1773 1257 ridiculum
1819 1191 2264 1275 spectaculum

329 1280 469 1345 fore.
542 1277 626 1344 Id
665 1280 796 1344 iam
842 1278 1003 1378 satis
1040 1284 1352 1379 expertus
1395 1298 1574 1344 eram
1620 1278 1889 1378 quoties·
1918 1277 2136 1377 ipsum
2181 1275 2262 1343 ad

324 1361 2265 1534 3832322612301122.23¹..1z1‘0522‘t0322p‘35303qffz'327

325 1536 587 1603 stultitia
619 1555 741 1602 sua
774 1546 841 1601 et
877 1536 1144 1619 ineptiis
1176 1536 1521 1620 permovit.
1590 1533 2072 1602 Sustinendum
2108 1555 2266 1621 ergo

321 1621 495 1688 nobis
528 1623 754 1689 censui
786 1642 862 1687 ac
896 1619 1417 1705 exspectandum
1441 1621 1665 1699 donec,
1701 1620 1798 1686 uti
1835 1630 2157 1704 coeperat,
2194 1641 2266 1687 se

321 1708 515 1792 magis
561 1707 898 1793 proderet:
988 1707 1125 1773 fore
1170 1707 1368 1787 enim,
1437 1704 1593 1772 dum
1641 1706 2109 1791 negligeretur,
2191 1716 2267 1772 ut

318 1794 578 1877 gravius
631 1802 1003 1878 erumperet
1061 1814 1137 1860 ac
1202 1815 1272 1859 se
1326 1792 1722 1878 patefaceret
1763 1792 1847 1858 iis
1889 1793 2001 1876 qui
2045 1793 2264 1876 ipsum

317 1878 598 1945 nondum
659 1880 821 1946 satis
874 1888 1097 1962 aperte
1156 1885 1495 1945 noverant.
1583 1876 1781 1960 Quod
1822 1879 2113 1962 profecto
2154 1898 2264 1943 me

317 1986 436 2029 non
501 1965 751 2031 fefollit.
840 1965 1007 2031 Erat
1064 1974 1283 2031 autem
1342 1973 1410 2030 et
1450 1963 1631 2029 alind
1676 1983 1879 2049 grave
1924 1964 2262 2048 negotium

315 2051 468 2133 quod
515 2051 839 2118 facessere
896 2059 1202 2134 coeperat
1256 2050 1566 2127 diaconis,
1632 2049 1872 2115 falsum
1929 2070 2262 2117 rumorem

316 2134 657 2202 adversum
700 2138 877 2237 ipsos
933 2157 1273 2239 spargens,
1340 2157 1579 2219 eosque
1641 2135 2030 2201 insimulans
2074 2136 2263 2221 quasi

313 2222 524 2288 minus
569 2219 851 2287 fideliter
884 2242 1234 2306 pecuniam
1269 2222 1774 2289 ecclesiasticam
1810 2220 2262 2288 administras·

312 2322 466 2373 sent.
570 2307 674 2374 De
732 2307 856 2373 hoc
912 2308 1074 2393 ipsis
1132 2316 1286 2373 ante
1342 2309 1563 2372 omnia
1626 2304 1959 2390 agendum
2016 2307 2260 2385 censui,

310 2394 448 2475 quia
491 2414 604 2459 me
647 2395 919 2460 absente
962 2412 1095 2458 nou
1139 2392 1328 2458 facile
1380 2414 1452 2457 se
1507 2402 1647 2456 tam
1703 2392 1892 2476 gravi
1936 2391 2263 2457 calumnia

309 2477 641 2544 liberaturi
700 2488 909 2545 erant.
1014 2477 1476 2563 Significatum
1533 2488 1637 2542 est
1691 2478 1898 2578 igitur
1950 2477 2261 2544 ecclesiae

309 2562 609 2632 diaconos
673 2574 893 2649 petere
952 2574 1027 2631 ut
1069 2564 1182 2630 alii
1226 2563 1677 2648 deligerentur
1719 2584 1789 2627 ιιι
1833 2565 2125 2647 ipsorum
2169 2562 2263 2630 lo-

309 2671 468 2730 cum,
513 2673 596 2718 ac
636 2651 937 2734 quamvis
980 2650 1259 2735 singulis
1302 2649 1638 2716 mensibus
1680 2647 2122 2715 reddidissent
2154 2670 2259 2715 ra-

309 2737 526 2814 tiones,
573 2748 792 2803 minen
837 2736 921 2801 ad
964 2736 1364 2802 obstruenda
1405 2735 1698 2800 omnium
1743 2754 1860 2799 ora
1901 2736 2141 2800 iterum
2176 2736 2261 2802 ad

306 2823 677 2906 generalem
724 2824 1042 2888 rationem
1103 2822 1504 2887 reddendam
1564 2829 1829 2905 paratos
1876 2841 2039 2887 esse.
2120 2821 2258 2887 Ita-

307 2928 422 2991 que
483 2918 564 2974 ut
624 2908 928 2975 adessent
982 2908 1090 2991 qui
1153 2906 1399 2974 vellent
1454 2906 1889 2991 praestitutus
1943 2915 2045 2972 est
2100 2907 2255 2974 dies.

305 2994 530 3061 Adfuit
579 2994 946 3064 Alexander
987 3016 1138 3061 cum
1179 2995 1335 3074 suis,
1391 2993 1595 3058 miras
1637 2993 1936 3059 excitans
1977 2991 2256 3059 difficul-

306 3087 465 3147 tates
500 3095 573 3147 et
611 3082 856 3148 nodum
894 3102 1213 3164 quaerens
1246 3081 1319 3146 in
1355 3080 1586 3162 scirpo.
1634 3080 1726 3142 ita
1765 3091 1842 3144 nt
1875 3101 2007 3144 non
2043 3080 2258 3146 solum

302 3168 435 3232 eius
499 3170 848 3234 morositas
912 3166 1028 3233 sed
1081 3167 1283 3232 etiam
1335 3164 1699 3249 indignatio
1761 3163 2137 3249 invidiaque
2191 3179 2259 3232 et

297 3253 765 3320 malevolentia
805 3263 1169 3338 appareret.
1253 3250 1542 3317 Auditus
1586 3262 1684 3317 est
1717 3252 1886 3316 mira
1922 3253 2254 3334 patientia,

299 3342 553 3407 tametsi
626 3339 912 3407 absurda
974 3353 1039 3405 et
1105 3337 1380 3423 indigna
1434 3346 1627 3403 erant
1676 3358 1844 3420 quae
1902 3339 2253 3421 proposuit.

299 3424 608 3511 Longum
653 3439 824 3493 esset
868 3427 1092 3490 omnia
1130 3445 1490 3490 recensere.
1551 3423 1799 3489 Multos
1838 3422 1977 3489 dies
2011 3424 2258 3490 frustra

297 3515 842 3596 consumpsimus,
888 3511 1125 3594 quibus
1170 3510 1341 3575 nihil
1384 3508 1562 3574 aliud
1607 3529 1801 3591 quam
1849 3510 2146 3593 querelas
2188 3520 2258 3574 et

297 3599 512 3662 inania
561 3617 907 3663 murmura
950 3596 1339 3680 proferebat.
1427 3596 1530 3660 De
1576 3595 1681 3660 his
1736 3607 1955 3660 autem
2002 3597 2255 3679 potissi-

295 3703 474 3748 mum
520 3682 989 3750 contendebat:
1049 3684 1244 3747 nimis
1286 3701 1596 3766 magnam
1641 3682 1988 3764 pecuniam
2032 3683 2104 3745 in
2146 3682 2256 3746 iti-

293 3772 561 3837 neribus
642 3789 794 3835 mea
856 3783 925 3834 et
989 3767 1274 3834 familiae
1340 3786 1536 3832 causa
1597 3764 1790 3832 factis
1854 3767 2255 3850 insumptam

295 3855 518 3921 fuisse:
569 3856 695 3920 hos
738 3863 1039 3938 sumptus
1084 3875 1218 3920 non
1265 3852 1563 3919 debuisse
1608 3872 1690 3917 ex
1737 3854 2017 3935 pecunia
2051 3853 2256 3920 eccle-

294 3941 558 4010 siastica
605 3941 747 4006 fieri
791 3960 958 4024 quae
1045 3959 1365 4023 aupcrum
1400 3949 1519 4014 est,
1564 3938 1676 4002 sed
1714 3958 1885 4002 nova
1920 3938 2254 4005 contribu—

294 4026 483 4093 tione.
579 4027 934 4093 Praeterea
1020 4047 1058 4091 e
1114 4026 1353 4109 exiguo
1407 4022 1733 4107 stipendio
1776 4043 1895 4089 suo
1939 4025 2255 4109 quereba-

291 4120 398 4177 tur
461 4129 534 4178 et
587 4135 629 4178 a
686 4112 976 4178 diaconis
1029 4110 1370 4197 sigillatim
1425 4109 1701 4176 describi
1762 4108 2022 4175 volebat
2078 4110 2256 4195 quod

289 4200 687 4367 aa&
717 4199 988 4349 etsie,
1021 4195 2254 4348 effimffltaffsztaffi

290 4390 452 4436 care.
547 4370 722 4436 Nam
770 4381 1228 4455 praeterquam
1273 4367 1448 4451 quod
1493 4366 1657 4431 mihi
1704 4376 1772 4432 et
1815 4368 2105 4434 diaconis
2148 4369 2251 4433 in-

289 4454 536 4522 vidiam
607 4477 828 4522 creare
895 4455 1171 4532 volebat,
1260 4453 1384 4520 hoc
1462 4454 1662 4518 etiam
1728 4454 2113 4535 providebat
2176 4467 2254 4520 ut

287 4555 432 4623 post
497 4541 857 4608 discessum
925 4561 1144 4607 meum
1204 4542 1587 4605 universum
1660 4539 2058 4624 stipendium
2126 4539 2250 4608 sibi

287 4628 670 4693 vendicaret
735 4638 803 4692 et
858 4629 1195 4711 arriperet,
1261 4638 1457 4708 atque
1515 4625 1714 4690 etiam
1774 4647 1885 4691 eos
1940 4627 2050 4710 qui
2119 4627 2248 4691 iam

285 4714 558 4780 nomina
605 4713 927 4779 dederunt
969 4714 1050 4777 ad
1097 4711 1163 4777 id
1222 4709 1640 4794 pendendum
1685 4720 1947 4797 cogeret
1990 4714 2060 4777 in
2100 4732 2248 4795 pos-

286 4807 520 4864 terum.
625 4799 850 4864 Nostri
894 4799 1017 4865 hoc
1061 4797 1352 4864 nondum
1395 4797 2024 4864 animadvertebant.
2114 4796 2252 4865 Sed

284 4897 512 5032 floetea
569 4897 795 4968 aperte
835 4885 1043 4970 ipsius
1086 4885 1285 4950 etiam
1328 4883 1692 4949 Alexandri
1731 4882 1974 4949 indicio
2019 4884 2250 4969 depre-

331 4969 684 5037 endernnt.
775 4971 858 5036 Ei
917 4970 1134 5054 palam
1194 4970 1420 5036 obstiti
1478 4989 1554 5034 ac
1619 4969 1984 5054 significavi
2027 4971 2247 5054 ipsum

283 5075 357 5121 eo
416 5055 719 5123 nondum
859 5057 1157 5123 rvenisse
1200 5076 1330 5140 quo
1372 5054 1668 5140 putabat,
1728 5076 1837 5120 me
1880 5077 2037 5121 vero
2081 5078 2251 5122 nun-

284 5164 482 5222 quam
555 5142 718 5208 haec
846 5155 1106 5209 turum:
1173 5141 1522 5226 indignum
1586 5163 1729 5207 esse
1794 5143 2248 5209 contentiones

283 5230 538 5294 moveri
615 5230 687 5293 in
752 5228 1028 5296 ecclesia
1089 5249 1208 5312 pro
1273 5225 1639 5311 stipendiis,
1705 5225 1971 5293 foedum
2015 5249 2100 5293 ue
2179 5241 2248 5294 et

281 5315 612 5379 nefarium
677 5315 927 5379 ventris
983 5335 1182 5381 cansa
1237 5313 1511 5380 latrare:
1579 5311 1919 5398 indignius
2008 5335 2122 5380 ore
2180 5316 2246 5381 vi

2075 400 2239 465 1582
2282 398 2569 470 mr.

4208 403 4336 467 342

2367 589 2940 760 maffia
2985 610 3080 743 ‘t
3152 681 3220 741 ω
3273 673 3403 774 t..
3416 586 4336 775 &tamam

2367 759 2704 829 hommem
2746 762 3138 829 iracundum
3178 769 3246 827 et
3288 780 3495 827 ammi
3537 768 3967 845 impotentem
4007 760 4182 828 ferre
4213 780 4331 846 po-

2368 848 2593 914 tuisse.
2683 847 2821 916 Sed
2866 846 3171 916 vincebat
3213 848 3468 913 veritas.
3555 845 3712 930 Ipse
3752 867 3911 914 vero
3953 846 4140 914 nullo
4182 854 4331 914 tan-

2367 932 2552 1019 gitur
2593 933 2862 1019 pudore.
2933 933 3018 999 In
3062 934 3272 1000 risum
3316 930 3698 999 sardonium
3743 932 4032 1017 erumpit
4071 933 4333 1017 quoties

2363 1040 2505 1085 non
2559 1018 2762 1085 habet
2812 1019 2985 1104 quod
3042 1017 3454 1103 respondeat,
3513 1018 3606 1083 ita
3664 1026 3738 1085 ut
3791 1019 4157 1085 morionem
4213 1025 4331 1086 aut

2368 1104 2654 1171 delirum
2717 1105 3056 1173 hominem
3118 1124 3263 1172 esse
3327 1103 3525 1170 dicas.
3624 1103 3869 1172 Postea
3931 1124 4068 1169 non
4133 1104 4330 1172 desiit
4380 1174 4393 1187 ,

2365 1190 2777 1271 tumultuari,
2845 1190 3191 1258 detrahere
3246 1196 3313 1256 et
3369 1209 3614 1275 augere
3667 1189 3871 1257 falsas
3924 1191 4330 1275 suspiciones

2365 1298 2530 1362 quas
2550 1276 2877 1344 malevole
2917 1277 3250 1355 iniecerat,
3294 1295 3416 1343 nec
3458 1275 3636 1341 ullus
3678 1284 3822 1342 erat
3843 1275 3955 1360 qui
3993 1275 4328 1343 hominem

2366 1372 2822 1447 compesceret.
2903 1361 3019 1430 Sic
3063 1382 3258 1447 porro
3322 1359 3617 1428 insolens
3681 1362 3888 1428 sactus
3943 1371 4086 1429 erat
4144 1362 4331 1428 inani

2366 1450 2789 1533 persuasione
2828 1450 2952 1531 sui,
3013 1457 3159 1515 tum
3201 1445 3377 1532 quod
3418 1448 3553 1512 iam
3594 1468 3668 1513 se
3707 1455 4038 1532 pastorem
4080 1447 4329 1516 factum

2367 1554 2512 1601 esse
2556 1533 2942 1615 confidebat,
2987 1555 3093 1601 me
3137 1553 3298 1601 vero
3331 1534 3556 1600 statim
3591 1533 3832 1614 abfore,
3875 1533 4059 1617 quasi
4082 1532 4327 1601 solum-

2366 1619 2562 1687 modo
2605 1620 2690 1687 ad
2742 1619 3143 1705 colligendas
3202 1619 3497 1687 sarcinas
3540 1618 3900 1699 rediissem,
3966 1628 4109 1685 tum
4153 1618 4330 1704 quod

2366 1707 2742 1791 episcopum
2784 1706 2953 1772 nihil
2990 1727 3123 1772 non
3157 1706 3178 1770 i
3228 1705 3366 1772 sius
3399 1725 3597 1771 causa
3628 1704 3966 1771 facturum
4000 1705 4328 1773 credebat.

2365 1792 2544 1858 Petii
2587 1792 2668 1859 ab
2713 1793 3016 1878 episcopo
3060 1812 3144 1858 ne
3237 1811 3350 1858 aec
3394 1790 3509 1856 diu
3551 1811 3871 1876 suspensa
3907 1790 4331 1875 relinqueret,

2364 1876 2482 1944 sed
2546 1877 2630 1945 ad
2694 1899 2836 1944 rem
2893 1877 3312 1945 iudicandam
3370 1877 3931 1945 constituerentur
3990 1878 4142 1944 boni
4197 1878 4329 1944 viri

2366 1965 2478 2049 qui
2534 1971 2743 2030 totam
2799 1964 3315 2032 controversiam
3372 1961 3780 2029 dirimerent.
3872 1962 4130 2029 Delecti
4173 1971 4332 2031 sunt

2365 2071 2408 2116 a
2486 2058 2627 2116 tota
2703 2050 2975 2117 ecclesia
3058 2048 3399 2116 duodecim
3465 2048 3786 2128 homines,
3865 2047 4100 2132 quibus
4166 2049 4330 2116 duos

2365 2138 2566 2201 etiam
2640 2134 2948 2202 adiunxit
3010 2137 3371 2220 episcopus.
3483 2132 3678 2216 Quod
3740 2154 3945 2219 quum
4009 2134 4329 2219 impedire

2363 2222 2544 2287 omni
2607 2221 2824 2287 studio
2867 2227 3219 2288 conaretur
3264 2220 3648 2299 Alexander,
3727 2240 3804 2286 ac
3846 2221 4217 2304 postularet
4251 2229 4329 2287 ut

2361 2306 2580 2457 {allam
2628 2313 2764 2373 tota
2806 2306 3079 2375 ecclesia
3120 2305 3455 2384 iudicaret,
3510 2305 3776 2372 auditus
3818 2327 3952 2372 non
3998 2316 4115 2372 est.
4204 2307 4267 2372 N
4267 2309 4323 2371 i-

2416 2393 2430 2407 ‘
2506 2392 2683 2458 enim
2729 2392 2910 2460 aliud
2953 2413 3149 2478 quam
3192 2394 3286 2460 sic
3343 2393 3566 2458 omnia
3620 2392 4003 2476 perturbata
4060 2401 4129 2458 et
4169 2413 4325 2460 con-

2361 2477 2513 2544 fusa
2568 2477 2846 2563 relinqui
2906 2478 3224 2563 cupiebat.
3329 2478 3603 2557 Delecti,
3669 2498 3742 2544 re
3798 2477 4151 2563 diligenter
4206 2500 4323 2545 ex·

2362 2584 2574 2649 pensa
2635 2573 2703 2630 et
2767 2565 3148 2631 examinata
3203 2583 3424 2630 coram
3482 2563 3848 2630 Alexandro
3910 2572 3978 2631 et
4039 2564 4326 2647 asseclis,

2363 2651 2652 2715 rationes
2709 2649 3131 2718 diaconorum
3188 2658 3258 2716 et
3300 2647 3616 2734 quidquid
3659 2648 3741 2715 ab
3783 2649 3944 2734 ipsis
3981 2670 4063 2716 ex
4108 2652 4323 2718 senio-

2364 2756 2514 2801 rum
2559 2738 2911 2802 autoritate
2954 2746 3213 2887 glestum
3259 2746 3402 2802 crat
3444 2757 3485 2801 a
3529 2734 3914 2818 probarunt,
3970 2754 4091 2802 nec
4132 2735 4319 2822 quid·

2362 2841 2561 2905 quam
2628 2820 2958 2906 deprehen
3004 2829 3200 2889 erunt
3264 2820 3434 2905 quod
3576 2842 3665 2886 na
3719 2820 3851 2887 fide
3908 2829 4127 2888 actum
4185 2843 4321 2888 non

2363 2916 2554 2973 esset.
2645 2908 3093 2974 Providerunt
3154 2908 3355 2974 etiam
3420 2927 3502 2972 ne
3546 2906 3781 2972 similis
3824 2906 4121 2974 molestia
4162 2909 4322 2989 ipsis

2364 3001 2493 3145 ιιὲιιι
2522 2994 2802 3145 ροέιοτίο
2845 2993 3291 3146 exhikteareturi
3367 2990 4179 3147 Jmnugcfftzgaesenffintgg
4222 3002 4325 3060 est

2362 3102 2399 3145 e
2498 3100 2573 3148 ec
2701 3100 2916 3146 coram
3154 3101 3264 3147 ecc
3293 3098 3428 3145 esia
3470 3100 3598 3163 quo
3855 3101 3897 3148 a
4182 3102 4319 3147 mo-

2362 3164 2520 3231 dum
2578 3187 2775 3251 aegre
2834 3166 2988 3231 tulit
3043 3184 3164 3232 nec
3220 3165 3289 3231 in
3346 3165 3656 3232 concione
3699 3185 3820 3231 sua
3862 3163 4316 3233 dissimulavit.

2360 3252 2580 3317 Tanta
2632 3254 2804 3317 enim
2864 3251 3330 3337 importunitas
3382 3259 3451 3316 et
3491 3251 3901 3335 impudentia
3942 3251 4317 3318 intolerabi-

2357 3336 2441 3403 lis
2484 3337 2614 3403 fuit
2658 3337 2859 3404 etiam
2901 3337 2986 3405 iis
3030 3337 3142 3421 qui
3198 3336 3329 3422 ipsi
3371 3356 3453 3401 ex
3500 3337 3718 3403 animo
3760 3337 3945 3422 prius
3986 3336 4314 3405 favebant.

2356 3421 2722 3508 Supererat
2761 3432 2838 3489 ut
2871 3423 3142 3490 ecclesia
3183 3422 3467 3510 ἐρωτικῷ
3505 3422 3773 3489 homine
3809 3430 3880 3488 et
3913 3423 4319 3491 contentioso

2356 3507 2626 3576 liberari
2690 3519 2930 3594 posset.
3017 3509 3156 3576 Nec
3226 3517 3453 3575 tamen
3513 3510 3620 3575 via
3671 3508 4045 3594 apparebat.
4134 3509 4317 3590 Dixi,

2356 3616 2561 3680 quum
2623 3597 2965 3680 impetrari
3027 3615 3160 3661 non
3224 3603 3450 3679 posset
3514 3594 3597 3659 ab
3660 3595 3875 3679 episco
4023 3602 4101 3660 ut
4161 3616 4315 3662 eum

2356 3690 2672 3761 moveret,
2717 3690 2787 3748 et
2826 3682 2961 3748 iam
3003 3702 3124 3766 per
3162 3691 3429 3765 tempus
3461 3678 3850 3763 quodammo
3896 3701 3935 3746 o
3967 3682 4316 3748 ministerii

2356 3768 2832 3852 possessionem
2875 3767 3284 3844 obtinuisset,
3351 3786 3547 3850 quam
3591 3767 3791 3831 etiam
3834 3767 4138 3845 iactabat,
4198 3788 4313 3852 op-

2358 3853 2606 3919 tionem
2642 3853 2883 3938 populo
2919 3851 3279 3919 faciendam
3297 3872 3460 3929 esse,
3497 3860 3573 3917 ut
3593 3851 3986 3918 alterutrum
4014 3861 4313 3919 nostrum

2357 3939 2690 4006 retineret.
2777 3937 2927 4008 Uno
2971 3939 3149 4004 enim
3193 3938 3501 4004 ministro
3542 3946 3922 4003 contentum
3969 3958 4129 4005 esse.
4209 3939 4317 4006 Ita

2355 4025 2654 4090 futurum
2700 4035 2775 4091 ut
2817 4022 3279 4092 communibus
3320 4023 3622 4089 omnium
3657 4023 3992 4108 suffragiis
4026 4034 4145 4091 aut
4179 4036 4311 4091 sta-

2356 4117 2661 4176 tueretur
2723 4120 2839 4176 aut
2895 4110 3252 4178 tolleretur.
3353 4107 3468 4177 Sic
3525 4130 3685 4175 vero
3740 4108 4035 4175 odiosum
4101 4109 4313 4177 turbis

2356 4199 2493 4262 suis
2511 4218 2584 4263 se
2606 4195 2980 4263 reddiderat
3005 4197 3383 4272 Alexander,
3420 4204 3498 4259 ut
3532 4193 3612 4260 de
3648 4194 3832 4260 exitu
3877 4216 4006 4262 non
4052 4194 4308 4262 dubita-

2354 4303 2515 4348 rem.
2604 4282 2718 4348 Sic
2816 4280 3031 4348 uidem
3090 4280 3436 4347 videbatur
3486 4301 3595 4347 res
3650 4281 3719 4345 in
3779 4291 4148 4347 extremum
4193 4282 4309 4347 ad-

2354 4368 2505 4435 duci
2563 4303 2945 4452 periodum,
3001 4375 3067 4433 et
3124 4367 3448 4452 plerisque
3494 4386 3625 4433 non
3670 4367 4084 4450 probabatur.
4174 4365 4313 4435 Sed

2352 4456 2449 4520 ita
2495 4456 2600 4538 agi
2646 4475 2912 4521 necesse
2955 4453 3097 4520 fuit.
3182 4453 3324 4520 Nec
3366 4452 3543 4518 enim
3588 4452 3781 4519 aliter
3825 4459 3943 4518 aut
3984 4452 4126 4536 ipse
4169 4452 4311 4520 diu·

2351 4542 2486 4607 tius
2507 4561 2792 4618 manere,
2816 4551 2932 4606 ant
2953 4559 3391 4607 successorem
3416 4538 3787 4622 relinquere
3809 4539 4143 4621 potuisset.
4203 4538 4309 4606 De

2352 4647 2430 4693 ea
2476 4648 2546 4691 re
2591 4626 2967 4693 admonitus
3012 4625 3378 4692 Ale-vander
3417 4624 3729 4692 ecclesiae
3772 4622 4082 4690 iudicium
4127 4627 4197 4691 in
4236 4646 4311 4693 se

2352 4711 2870 4797 exspectandum
2930 4734 3063 4779 non
3119 4712 3392 4788 censuit,
3460 4710 3574 4776 sed
3634 4709 3845 4775 multa
3908 4721 4306 4794 conquestus

2349 4799 2423 4864 in
2478 4800 2792 4866 concione
2848 4818 2921 4864 se
2975 4798 3118 4881 ipse
3178 4796 3522 4863 abdicavit.
3611 4794 3764 4878 Qua
3806 4795 3878 4861 in
3918 4816 3991 4862 re
4034 4817 4110 4863 eo
4154 4818 4306 4882 gra-

2349 4885 2480 4950 tior
2534 4885 2660 4950 fuit
2715 4882 2890 4967 plebi
2942 4881 3117 4967 quod
3174 4882 3387 4948 multa
3428 4881 3643 4960 stulte,
3688 4879 4109 4960 mendaciter,
4154 4904 4311 4950 con-

2349 4971 2710 5050 tumeliose,
2776 4970 3153 5036 turbulente
3216 4979 3287 5033 et
3347 4969 3618 5033 factiose
3683 4975 3826 5032 tum
3894 4966 4175 5035 dixisset
4236 4981 4307 5036 et

2347 5056 2480 5122 iam
2528 5057 2640 5122 diu
2682 5055 2877 5123 multi
2917 5056 3123 5140 ipsius
3167 5052 3531 5122 discessum
3571 5061 3975 5136 exoptarent.
4064 5055 4307 5124 Paucis

2346 5156 2496 5226 post
2538 5141 2767 5209 diebus
2808 5163 3006 5226 quam
3046 5142 3173 5208 hac
3216 5139 3519 5207 molestia
3572 5139 3844 5206 ecclesia
3883 5136 4161 5208 liberata
4202 5151 4307 5211 est

2345 5228 2551 5296 incidi
2593 5229 2665 5293 in
2708 5229 3030 5304 morbum,
3075 5247 3204 5312 quo
3246 5227 3380 5292 iam
3421 5224 3781 5292 octodecim
3824 5223 3967 5292 dies
4001 5229 4301 5312 graviter

2345 5315 2619 5399 affligor.
2712 5313 2895 5379 [dem
2939 5316 3113 5380 enim
3158 5311 3341 5395 pedis
3385 5309 3589 5389 dolor,
3655 5310 3770 5395 qui
3812 5331 3922 5377 me
3964 5314 4303 5397 superiore
