4900 6125
269 417 371 480 6⁷3

266 609 370 668 est:
448 599 651 665 Vobis
695 597 1007 665 donatum
1051 605 1154 666 est
1196 621 1312 683 pro
1357 599 1625 666 Christo
1670 619 1806 666 non
1850 600 2062 668 solum
2107 609 2184 666 ut

263 690 319 752 in
357 707 495 752 eum
537 684 820 752 credatis
872 684 987 750 sed
1053 695 1131 751 ut
1193 687 1392 751 etiam
1459 707 1576 769 pro
1640 687 1752 753 illo
1817 687 2180 770 patiamini.

263 772 411 838 Phil.
460 776 511 836 l.

407 855 597 937 Quod
685 865 904 922 autem
996 857 1159 923 haee
1242 857 1458 942 gratia
1546 859 1684 923 sive
1748 858 1874 924 hoc
1940 857 2184 924 donum

260 943 389 1010 fidei
430 964 559 1008 non
602 943 908 1008 omnibus
944 964 984 1008 a
1026 943 1173 1008 Deo
1216 941 1428 1021 datur,
1475 964 1679 1026 quum
1724 965 1950 1009 omnes
1996 942 2078 1007 ad
2114 965 2186 1008 se

256 1039 440 1106 vocet,
511 1037 580 1092 et
643 1027 905 1110 quidem
968 1050 1087 1111 pro
1151 1049 1270 1093 sua
1335 1030 1598 1094 infinita
1665 1032 1954 1095 bonitate
2018 1031 2187 1094 serio

260 1128 448 1180 vocet:
516 1114 757 1178 Venite
802 1112 884 1176 ad
929 1115 1212 1197 nuptias,
1257 1116 1478 1179 omnia
1523 1125 1750 1197 parata
1785 1125 1959 1193 sunt,
2005 1135 2186 1181 arca-

258 1222 397 1265 num
459 1209 557 1264 est
623 1199 745 1264 soli
812 1202 955 1264 Deo
1022 1213 1268 1276 notum,
1336 1201 1518 1265 nulla
1584 1203 1838 1266 ratione
1899 1202 2189 1266 humana

258 1286 754 1369 pervestigabile,
794 1287 1181 1369 mysterium
1222 1285 1633 1350 tremendum
1671 1297 1738 1351 et
1760 1286 2187 1363 adorandum,

257 1374 403 1436 sicut
443 1373 759 1453 seriptum
807 1385 930 1436 est:
1001 1370 1063 1436 Ο
1100 1371 1375 1437 altitudo
1412 1371 1791 1438 divitiarum
1829 1373 2189 1454 sapientiae

256 1473 311 1520 et·
349 1457 653 1521 scientiae
704 1457 860 1522 Dei!
922 1479 1116 1539 quam
1163 1459 1849 1540 incomprehensibilia
1892 1467 2046 1522 sunt
2090 1459 2190 1521 iu-

257 1543 404 1608 dicia
456 1543 601 1608 eius
646 1552 715 1607 et
780 1543 1413 1626 impervestigabiles
1456 1544 1602 1608 viae
1667 1547 1826 1609 eius.
1918 1545 2040 1608 Ro.
2098 1549 2189 1606 ll.

256 1631 333 1692 Et
373 1627 669 1694 Christus
713 1630 963 1711 gratias
1009 1630 1147 1713 agit
1190 1629 1332 1693 Deo
1395 1630 1564 1710 patri
1608 1627 1784 1712 quod
1826 1631 1988 1695 haee
2048 1628 2191 1692 abs·

256 1714 527 1778 conderit
570 1736 610 1778 a
654 1714 1062 1795 sapientibus
1106 1721 1172 1779 et
1215 1714 1647 1797 prudentibus
1692 1725 1760 1779 et
1798 1712 2194 1780 revelaverit

256 1801 547 1882 parvulis.
640 1801 875 1864 Matth.
931 1805 1024 1865 ll.

401 1885 680 1949 Interim
742 1887 1024 1950 afflictae
1084 1887 1519 1951 conscientiae
1578 1886 1701 1950 hac
1746 1887 1874 1950 Dei
1920 1886 2192 1952 abscon-

254 1971 372 2032 dita
414 1971 679 2035 divinae
725 1972 1084 2034 voluntatis
1122 1973 1375 2035 ratione
1419 1993 1551 2036 non
1598 1972 2037 2048 offendantur,
2076 1971 2190 2036 sed

252 2059 307 2119 in
349 2056 753 2121 voluntatem
798 2057 926 2120 Dei
984 2059 1050 2121 in
1096 2057 1362 2121 Christo
1418 2057 1770 2121 revelatam
1816 2059 2191 2141 respiciant,

253 2143 347 2224 qui
391 2163 620 2207 omnes
664 2153 1032 2224 peccatores
1079 2144 1161 2207 ad
1207 2165 1276 2208 se
1320 2153 1529 2208 vocat.

408 2229 639 2310 Neque
694 2251 853 2292 vero
909 2239 1255 2311 propterea
1309 2229 1625 2294 dicendus
1675 2237 1775 2293 est
1820 2230 2002 2294 Deus
2047 2250 2195 2311 pec-

252 2323 451 2377 eatum
504 2315 689 2392 velle,
727 2313 882 2378 dum
921 2325 1335 2396 peccatorum
1372 2316 1544 2379 viam
1596 2335 1726 2378 non
1772 2335 2031 2396 semper
2074 2317 2197 2378 im-

250 2399 433 2479 pedit,
519 2400 631 2464 sed
702 2402 1024 2479 permittit
1088 2422 1199 2465 eos
1280 2403 1347 2465 in
1416 2402 1696 2482 peccatis
1758 2422 2196 2483 perseverare.

252 2483 412 2549 Vere
456 2488 637 2550 enim
663 2485 846 2549 Deus
891 2487 1027 2549 odit
1071 2495 1428 2568 peceatum,
1474 2487 1659 2551 euius
1694 2499 1883 2550 autor
1925 2497 2025 2550 est
2061 2487 2199 2550 dia·

250 2569 420 2635 bolus
464 2572 577 2653 qui
624 2572 691 2634 in
737 2573 1014 2635 veritate
1060 2594 1186 2636 non
1234 2574 1609 2655 permansit.
1672 2572 1765 2636 Io.
1815 2577 1872 2636 8.

406 2656 596 2720 Deus
646 2667 863 2720 autem
912 2657 1313 2722 horribiliter
1370 2666 1632 2740 peccato
1676 2658 2004 2735 irascitur,
2050 2679 2197 2741 pro-

251 2741 418 2806 hibet
461 2755 531 2807 et
578 2743 743 2805 iram
796 2755 989 2806 'suam
1048 2745 1352 2808 omnibus
1400 2744 1993 2824 transgressoribus
2036 2744 2201 2826 legis

248 2846 393 2891 suae
452 2830 769 2892 minatur.
882 2828 1032 2892 Non
1100 2851 1168 2894 es
1228 2830 1408 2893 Deus
1478 2829 1701 2892 volens
1766 2829 2197 2911 iniquitatem.

250 2911 456 2977 Odisti
506 2934 733 2978 omnes
771 2914 882 2996 qui
929 2924 1286 2997 operantur
1328 2915 1765 2997 iniquitatem.
1829 2917 1939 2979 Ps.
1991 2923 2045 2978 5.

410 3001 515 3064 Ea
573 3011 795 3065 autem
845 3009 947 3065 est
990 3001 1115 3065 Dei
1162 3000 1421 3066 bonitas
1478 3009 1549 3065 ut
1598 3002 1771 3065 malo
1826 3001 1993 3083 quod
2052 3022 2198 3084 per-

248 3086 439 3149 mittit
504 3086 673 3150 bene
727 3098 796 3150 et
855 3088 935 3150 ad
996 3088 1284 3151 nominis
1339 3088 1439 3151 sui
1499 3087 1775 3168 gloriam
1838 3088 1929 3151 uti
1977 3089 2198 3170 possit,

246 3172 408 3234 sieut
452 3173 775 3253 scriptum
813 3182 943 3236 est:
1012 3173 1094 3236 In
1144 3173 1265 3236 hoc
1301 3173 1583 3237 excitavi
1631 3184 1695 3236 te
1741 3182 1815 3236 ut
1861 3173 2197 3238 ostendam

251 3255 311 3319 in
374 3268 441 3321 te
512 3257 823 3321 virtutem
892 3278 1125 3333 meam,
1200 3268 1263 3321 et
1329 3270 1405 3321 ut
1461 3259 1896 3322 annuncietur
1962 3280 2201 3322 nomen

250 3362 465 3407 meum
526 3344 597 3406 in
656 3345 969 3408 universa
1013 3352 1206 3407 terra.
1298 3345 1487 3408 Rom.
1532 3348 1570 3405 9
1616 3344 1829 3407 Exodi
1878 3349 1935 3408 9.
2018 3345 2203 3408 Idem

252 3428 317 3489 fit
358 3428 625 3511 quando
670 3440 1006 3511 peccatum
1046 3438 1312 3510 peccato
1358 3429 1565 3511 punit.
1604 3430 1795 3495 Rom.
1842 3436 1894 3493 1.

412 3515 652 3597 Neque
733 3535 887 3578 vero
958 3536 1266 3595 perverse
1317 3516 1464 3595 quis
1520 3515 1676 3579 inde
1741 3514 2005 3597 colligat
2063 3536 2205 3579 sese

246 3618 358 3663 vas
424 3602 569 3663 irae
636 3620 798 3675 esse,
867 3623 905 3663 a
972 3602 1115 3665 Deo
1183 3601 1265 3665 ad
1331 3602 1671 3665 interitum
1730 3604 2082 3664 formatum
2140 3610 2206 3664 et

248 3696 730 3767 praeparatum,
785 3686 896 3767 qui
955 3685 1264 3767 deceptus
1325 3708 1363 3750 a
1423 3686 1673 3751 Satana
1732 3698 1797 3748 et
1842 3708 2038 3751 carne
2084 3709 2205 3751 sua

246 3790 380 3834 sese
424 3772 658 3835 multis
702 3772 983 3853 peccatis
1028 3773 1279 3855 polluit.
1325 3772 1505 3851 Quin
1554 3774 1765 3853 potius
1800 3772 1965 3835 illud
1996 3776 2205 3854 Apos-

244 3856 351 3918 toli
412 3857 815 3921 consideret:
919 3856 995 3921 Si
1056 3858 1200 3938 quis
1268 3857 1726 3922 emundaverit
1791 3880 1860 3921 se
1913 3859 1993 3922 ab
2061 3859 2205 3923 istis

243 3941 367 4005 erit
410 3965 533 4005 vas
579 3944 645 4006 in
692 3944 1029 4021 honorem,
1075 3944 1551 4008 sanctificatum
1597 3954 1663 4005 et
1706 3944 1868 4006 utile
1898 3942 2204 4023 Domine,

244 4025 323 4089 ad
368 4048 571 4092 omne
614 4049 779 4110 opus
824 4028 1064 4092 bonum
1114 4039 1433 4110 paratum.
1502 4034 1537 4090 2
1587 4029 1757 4095 Tim.
1806 4033 1861 4091 2.

412 4115 557 4178 Nec
611 4115 732 4178 sibi
787 4115 1129 4196 quisquam
1189 4123 1456 4196 propter
1513 4114 1845 4179 electionis
1904 4116 2201 4196 gratiam,

238 4218 435 4278 quam
484 4202 553 4263 in
600 4222 670 4264 se
712 4200 855 4282 ipso
899 4201 1198 4275 senserit,
1254 4201 1351 4263 ita
1397 4199 1777 4264 blandiatur
1821 4205 1893 4263 ut
1938 4200 2009 4262 in
2054 4221 2203 4281 pec-

238 4294 382 4349 cata
468 4296 536 4349 et
615 4285 860 4351 scelera
935 4292 1163 4351 contra
1244 4287 1705 4351 conscientiam
1785 4293 1955 4350 ruat.
2069 4285 2203 4350 Sed

240 4370 541 4452 Apostoli
586 4370 1061 4435 admonitiones
1105 4391 1363 4453 semper
1406 4370 1489 4435 ob
1532 4372 1753 4436 oculos
1796 4372 2039 4453 positas
2086 4372 2203 4434 ha-

242 4454 428 4521 beat:
532 4457 609 4523 Si
678 4457 1037 4521 secundum
1112 4477 1374 4521 carnem
1456 4457 1757 4521 vixeritis
1836 4458 2203 4521 moriemini

242 4541 432 4606 Rom.
477 4548 538 4606 8.
627 4543 718 4607 Et
776 4543 1052 4607 iterum:
1107 4543 1329 4607 Nolite
1377 4562 1629 4607 errare:
1686 4563 1899 4623 neque
1958 4552 2204 4608 scorta-

242 4642 432 4705 tores,
481 4650 691 4711 neque
739 4628 929 4692 idolis
965 4630 1347 4703 servientes,
1393 4650 1602 4711 neque
1646 4627 1947 4703 adulteri,
1992 4650 2204 4712 neque

240 4714 487 4792 molles,
531 4735 741 4796 neque
777 4716 974 4791 fures,
1014 4736 1225 4796 neque
1270 4715 1475 4791 avari,
1523 4734 1737 4795 neque
1782 4714 2041 4787 ebriosi,
2088 4737 2201 4779 ne-

242 4820 363 4877 que
422 4800 742 4879 maledici,
794 4820 1004 4883 neque
1062 4821 1332 4884 rapaces
1390 4821 1671 4884 regnum
1729 4798 1858 4864 Dei
1914 4800 2204 4883 posside·

242 4884 425 4950 bunt.
496 4890 523 4949 l
575 4885 873 4950 Corinth.
922 4889 980 4949 6.
1028 4885 1178 4951 Gal.
1220 4892 1277 4951 5.

412 4972 569 5037 Huc
639 4972 931 5037 eiusdem
988 4972 1287 5054 Apostoli
1340 4971 1585 5038 dietum
1642 4973 1961 5055 pertinet:
2067 4971 2203 5051 Qui

234 5056 582 5120 existimat
635 5079 706 5122 se
756 5068 949 5135 stare,
1010 5058 1229 5122 videat
1278 5080 1361 5123 ne
1411 5058 1620 5122 cadat.
1674 5064 1699 5120 l
1752 5057 2050 5124 Corinth.
2104 5064 2202 5123 10.

240 5141 327 5204 Et
388 5144 655 5207 iterum:
748 5143 898 5207 Non
963 5164 1120 5227 ergo
1182 5153 1416 5228 regnet
1462 5150 1800 5226 peccatum
1864 5144 1935 5208 in
1980 5152 2204 5209 vestro

237 5248 516 5310 verpere
574 5229 835 5294 mortali
919 5238 995 5294 ut
1062 5229 1380 5296 obediatis
1442 5229 1989 5313 concupiscentiis
2040 5231 2200 5296 eius.

238 5312 439 5378 Rom.
488 5318 547 5379 6.

454 5416 673 5473 Calvisi
699 5432 886 5487 opem.
968 5417 1086 5473 Vol.
1118 5416 1291 5473 XIX.

2002 414 2163 477 1563
2202 411 2492 480 MART.

4129 417 4261 482 6⁷4

2450 599 2585 682 Qui
2629 600 2808 665 enim
2872 601 3417 686 concupiscentiis
3469 603 3776 670 obediunt-
3817 603 4035 684 fidem‚
4082 626 4258 690 quae

2284 707 2446 752 vera
2505 697 2575 751 et
2628 687 2782 751 viva
2832 687 3068 751 fiducia
3120 698 3224 753 est
3281 690 3352 753 in
3406 689 3920 756 misericordiam
3965 692 4093 756 Dei
4129 715 4256 777 per

2285 773 2631 839 Christum
2697 780 2764 836 et
2835 773 2909 837 in
2966 772 3235 839 Christo
3299 776 3716 857 promissam,
3783 778 4126 842 excutiunt
4183 790 4253 844 et

2287 858 2593 942 spiritum
2649 867 2948 923 sanctum
2999 861 3331 938 amittunt,
3392 882 3466 925 ae
3510 870 3644 925 tam
3696 862 3806 927 diu
3851 861 3972 927 sub
4018 872 4250 946 tyran-

2286 942 2441 1009 nide
2491 944 2758 1026 peccati,
2819 945 2919 1009 ira
2953 951 3022 1008 et
3062 944 3512 1029 indignatione
3555 947 3684 1011 Dei
3729 957 4001 1014 manent
4043 948 4251 1016 donec

2286 1029 2761 1113 poenitentiam
2816 1039 3018 1114 agant
3073 1038 3141 1095 et
3187 1053 3302 1113 per
3357 1033 3660 1114 spiritum
3708 1033 3960 1099 Christi
4005 1034 4254 1100 iterum

2290 1116 2653 1199 erigantur.

2466 1199 2690 1280 Quum
2746 1209 2962 1266 autem
3009 1200 3253 1283 duplex
3301 1203 3454 1267 finis
3496 1203 3586 1267 sit
3627 1202 3964 1270 doetrinae
4008 1212 4074 1271 et
4120 1206 4256 1271 dis-

2292 1286 2650 1369 putationis
2709 1285 2791 1351 de
2847 1284 3464 1369 praedestinatione,
3511 1289 3695 1362 alter,
3743 1298 3820 1354 ut
3863 1291 4076 1373 gratia
4119 1292 4251 1357 Dei

2291 1392 2421 1454 qua
2473 1373 2907 1437 iustificamur
2965 1373 3104 1436 sola
3159 1381 3387 1438 contra
3445 1373 3618 1439 vires
3675 1375 3997 1441 humanas
4056 1385 4124 1440 et
4168 1377 4254 1441 li-

2293 1457 2435 1522 beri
2481 1456 2737 1521 arbitrii
2782 1471 3133 1534 asseratur,
3180 1459 3248 1522 in
3298 1480 3491 1540 quam
3537 1462 3930 1525 sententiam
3977 1464 4061 1528 D.
4109 1464 4254 1527 Au-

2292 1542 2578 1626 gustini,
2637 1543 2924 1607 Lutheri
2976 1553 3042 1606 et
3103 1543 3340 1608 Buceri
3400 1545 3644 1627 scripta
3704 1557 3998 1625 exstant,
4061 1548 4252 1626 alter,

2292 1635 2369 1693 ut
2414 1629 2485 1692 in
2531 1627 2709 1693 lucta
2751 1629 2968 1694 earnis
3005 1637 3072 1692 et
3124 1630 3395 1711 spiritus
3438 1632 3696 1696 firmam
3742 1634 4254 1698 consolationem

2292 1715 2572 1779 afflictae
2616 1714 3052 1779 eonscientiae
3099 1714 3399 1790 habeant,
3449 1716 4070 1782 videlicetsalutem
4119 1739 4254 1784 nou

2293 1802 2365 1864 in
2430 1801 2568 1864 suis
2635 1801 2942 1881 ipsorum,
3009 1800 3243 1882 quibus
3309 1801 3496 1865 facile
3562 1803 3779 1867 excuti
3839 1814 4076 1885 posset,
4136 1805 4253 1869 sed

2294 1885 2544 1950 Christi
2581 1886 2887 1949 manibus
2923 1886 3295 1962 consistere,
3335 1887 3507 1952 sieut
3541 1888 3860 1968 seriptum
3898 1899 4023 1953 est:
4072 1889 4255 1956 Oves

2293 1992 2477 2035 meas
2521 1992 2713 2034 nemo
2755 1973 2967 2054 rapiet
3008 1992 3092 2035 ex
3127 1993 3326 2035 manu
3365 1993 3509 2035 mea
3545 1972 3640 2038 Io.
3673 1979 3781 2037 10:
3831 1976 3920 2037 ita
3961 1977 4028 2039 in
4068 1985 4254 2040 utro-

2295 2077 2423 2138 que
2476 2057 2684 2120 oratio
2740 2057 3180 2139 comparanda
3236 2069 3334 2120 est
3379 2079 3462 2120 ne
3518 2065 3635 2122 aut
3692 2060 3885 2124 altius
3921 2063 4256 2127 evolemus

2294 2163 2496 2224 quam
2549 2142 2842 2206 revelata
2901 2145 2969 2207 in
3027 2143 3296 2207 Christo
3354 2143 3658 2208 voluntas
3703 2144 3829 2209 Dei
3890 2148 4254 2228 permittat,

2296 2237 2413 2292 aut
2467 2227 2747 2291 nimium
2806 2249 2952 2292 cam
3001 2227 3441 2311 deprimamus
3478 2251 3606 2311 quo
3662 2231 3910 2295 viribus
3948 2233 4256 2298 humanis

2298 2313 2404 2378 vel
2447 2312 2846 2379 modiculum
2896 2315 3245 2378 tribuatur.

2475 2399 2895 2481 Quapropter
2951 2401 3224 2482 phrases
3280 2398 3576 2464 duriores
3621 2401 3688 2464 in
3735 2402 4076 2483 scripturis
4120 2424 4254 2467 non

2300 2493 2677 2569 usurpatas,
2736 2487 2971 2567 quibus
3031 2486 3272 2568 partim
3332 2487 3530 2550 etiam
3574 2486 3987 2552 ecelesiastici
4051 2490 4258 2571 scrip·

2302 2580 2478 2636 tores
2521 2579 2781 2635 veteres
2839 2581 2908 2635 et
2965 2572 3268 2636 neoterici
3315 2574 3418 2635 usi
3474 2581 3647 2651 sunt,
3707 2573 3809 2636 vel
3854 2573 4260 2641 declinemus

2303 2677 2593 2741 prorsus,
2652 2657 2758 2720 vel
2816 2657 2909 2720 ita
2969 2669 3410 2739 temperemus
3465 2679 3547 2722 ne
3605 2659 3675 2721 in
3719 2671 4259 2726 commemoratos

2306 2743 2609 2824 scopulos
2633 2741 3103 2824 Pelagianismi
3149 2753 3264 2805 aut
3308 2744 3738 2824 Epicureismi
3792 2746 4255 2828 impingamus.

2479 2829 2688 2892 Parce
2731 2831 2907 2893 enim
2952 2841 3019 2891 et
3062 2828 3414 2892 admodum
3475 2828 3685 2892 sobrie
3743 2830 3867 2892 hoc
3923 2853 4258 2897 summum

2307 2913 2541 2978 salutis
2609 2925 2869 2978 nostrae
2949 2915 3340 2998 mysterium
3407 2915 3471 2978 in
3550 2914 3874 2996 scriptura
3953 2917 4257 2982 traditur.

2306 3001 2566 3065 Passim
2615 3021 2769 3065 vero
2814 3009 2879 3063 et
2928 3001 3001 3064 iu
3046 2999 3349 3065 omnibus
3393 2999 3551 3065 loeis
3598 3002 3884 3065 revelata
3928 3004 4257 3081 voluntas,

2306 3108 2472 3169 qnae
2517 3085 2934 3151 absconditae
2978 3087 3306 3152 contraria
3351 3107 3480 3150 non
3528 3098 3644 3165 est,
3692 3088 3759 3151 in
3797 3088 4063 3154 Christo
4106 3112 4262 3173 pro-

2305 3174 2608 3255 ponitur,
2676 3171 2758 3237 ad
2817 3194 3012 3254 quam
3073 3193 3297 3236 omnes
3349 3172 3650 3237 homines
3705 3186 4117 3255 revocantur,
4184 3177 4262 3240 in

2305 3280 2433 3340 qua
2477 3260 2674 3321 etiam
2719 3259 3120 3322 tutissimum
3166 3267 3269 3322 est
3310 3258 3739 3339 acquiescere.

2547 3397 2595 3473 '³
2617 3394 3066 3545 1⁰h01232⁰3132
3071 3394 3643 3563 Ἳῗξὲξῖῗῃῖῃῖἳὲ
3645 3395 4264 3565 histriam&

2895 3506 2940 3544 s„
2988 3522 3000 3543 ι

2719 3588 2921 3630 manu
2965 3567 3228 3647 propria
3269 3576 3426 3649 sspt.

2617 3650 2949 3715 Iohannes
3007 3652 3284 3714 Flinner
3339 3653 3664 3733 parochus
3727 3656 3969 3718 summi
4033 3657 4264 3740 templi

2721 3741 3072 3819 Argentor.
3095 3737 3313 3801 'testor
3348 3737 3468 3801 hoc
3505 3759 3648 3803 meo
3685 3739 4119 3823 chirographo
4155 3764 4264 3809 me

2722 3824 2816 3887 sic
2862 3822 3157 3887 docuisse
3201 3833 3268 3886 et
3312 3821 3613 3906 deinceps
3657 3846 3772 3906 per
3815 3827 4066 3893 Christi
4109 3850 4265 3912 gra-

2723 3910 2883 3972 tiam
2929 3910 3021 3972 sic
3066 3908 3294 3973 docere
3338 3909 3523 3973 velle.

2620 3993 2944 4059 Melchior
2990 3996 3353 4076 Speccerus
3405 4006 3627 4076 pastor
3681 3996 3764 4060 ad
3809 3998 3892 4061 D.
3942 3998 4266 4064 Thomam

2723 4101 2924 4144 manu
2971 4081 3232 4161 propria
3274 4078 3675 4161 subscripsit.

2620 4164 2896 4230 Iacobus
2942 4166 3301 4231 Gloecerus
3355 4177 3577 4247 pastor
3631 4166 3940 4232 ecclesiae
3987 4172 4264 4251 Argent.

2721 4249 2802 4315 ad
2828 4251 2897 4315 S.
2927 4251 3268 4316 Nicolaum
3315 4272 3512 4315 manu
3551 4256 3813 4334 propria
3855 4255 4262 4337 subscripsit.

2619 4336 2929 4401 Nicolaus
2965 4337 3204 4402 Florus
3240 4348 3463 4420 pastor
3499 4338 3580 4401 ad
3620 4339 3700 4402 D.
3744 4339 4082 4404 Aureliam
4119 4362 4268 4422 pro-

2719 4425 2864 4504 pria
2908 4445 3112 4487 manu
3161 4425 3334 4488 subs.

2617 4509 3028 4573 Laurentius
3065 4508 3380 4573 Offnerus
3416 4516 3641 4591 pastor
3677 4509 3849 4591 apud
3886 4509 3956 4574 S.
3989 4511 4267 4577 Petrum

2722 4596 3041 4658 iuniorem
3087 4604 3246 4677 sspt.

2615 4680 3017 4745 Laurentius
3104 4681 3436 4764 Englerus
3521 4688 3904 4762 praeceptor
3990 4692 4267 4763 quartae

2717 4766 2944 4831 classis
2989 4787 3188 4831 manu
3233 4767 3497 4849 propria
3533 4766 3906 4848 subscripsi.

2619 4853 2898 4917 Ioannes
2944 4852 3178 4935 Mager
3235 4866 3458 4934 pastor
3516 4852 3825 4916 ecclesiae
3880 4852 4134 4919 Christi
4193 4856 4268 4919 in

2723 4937 3206 5020 Rnpreehtsaw
3242 4958 3442 5021 prope
3467 4937 3902 5021 Argentinam
3939 4941 4159 5006 animo
4198 4950 4274 5004 et

2719 5045 2922 5088 manu
2966 5024 3342 5107 subscripsi.

2308 5181 2548 5188 --ψ
2565 5182 2712 5187 -..-.,-.-

2305 5262 2484 5317 8819.
2509 5263 2566 5323 1)
2608 5262 2812 5317 Omnia
2847 5264 3298 5320 subscribentium
3323 5262 3552 5319 nomina
3573 5265 3877 5321 describere
3909 5277 4023 5319 non
4057 5266 4277 5323 anina.

2314 5334 2628 5388 omittimus
2661 5332 2730 5385 21
2766 5333 2996 5387 nomina
3032 5338 3278 5388 virorum
3312 5334 3637 5403 iynotorum.

3781 5417 3853 5472 43
