4900 6125
1323 581 1521 654 8941.

968 739 1444 816 GALVINUS
1492 738 1865 807 SYLVIO.

614 912 861 982 Novum
902 914 1209 997 scriptum
1251 914 1336 980 ad
1384 912 1649 979 Polonos
1691 933 1758 978 se
1792 914 2176 995 scripturum
2210 920 2392 998 negat

427 1001 644 1086 priori
676 1002 1004 1083 intercepto
1047 1006 1161 1066 aut
1200 1001 1450 1066 incuria
1490 999 1821 1081 deperdito,
1879 1001 2073 1067 simul
2114 1002 2390 1066 miratur

436 1108 537 1154 eos
578 1092 709 1154 tam
750 1107 963 1154 crasso
1006 1098 1063 1153 et
1095 1087 1449 1168 pernicioso
1505 1105 1713 1152 errore
1753 1086 1962 1170 abripi
1995 1089 2280 1169 potuisse
2320 1092 2391 1153 ut

433 1194 609 1260 spem
650 1174 880 1241 salutis
921 1174 993 1239 in
1027 1171 1166 1238 Deo
1206 1172 1576 1239 secundario
1620 1172 1902 1240 locarent.

432 1346 552 1416 (Bis
586 1346 1082 1416 descriptaflexstat
1113 1361 1148 1398 a
1181 1345 1475 1400 recentiori
1511 1360 1669 1398 manu
1706 1344 1762 1397 in
1797 1343 1930 1400 Cod.
1968 1344 2137 1400 Paris.
2172 1345 2386 1417 Dupny.

1125 1412 1244 1483 102,
1276 1413 1367 1469 fol.
1401 1412 1469 1467 2?
1506 1418 1564 1468 et
1597 1411 1711 1481 51.)

435 1588 704 1656 Eximio
747 1586 999 1655 Ohristi
1044 1607 1234 1654 servo
1276 1585 1363 1652 D.
1421 1585 1660 1654 Iacobo
1721 1584 1953 1672 Sylvio
1983 1589 2030 1663 ¹)
2075 1587 2264 1653 fratri
2322 1597 2390 1653 et

941 1682 1347 1760 symmystae
1390 1672 1557 1738 mihi
1594 1671 1883 1740 colendo.

604 1848 708 1914 De
755 1846 993 1914 vestris
1056 1845 1346 1913 dissidiis
1406 1843 1693 1928 adeoque
1750 1845 1921 1912 tristi
1966 1844 2386 1912 ecclesiarum

430 1939 805 2002 vestrarum
849 1932 1273 2018 dissipatione
1333 1944 1484 1998 ante
1531 1942 1813 2017 quatuor
1847 1953 2103 1998 menses
2152 1933 2389 1999 certior

430 2019 661 2099 factus,
729 2018 997 2087 brevem
1064 2019 1179 2086 sed
1244 2018 1597 2085 dilucidam
1663 2016 2175 2084 admonitionem
2231 2038 2384 2085 con·

431 2107 685 2191 scripsi,
704 2110 760 2187 ²)
803 2113 882 2171 ut
921 2105 1047 2171 sibi
1105 2127 1145 2172 a
1189 2105 1550 2171 Blandrata
1608 2114 1675 2171 et
1733 2104 2055 2171 similibus
2098 2103 2387 2172 Satanae

429 2192 710 2260 flabellis
790 2202 1105 2260 caverent
1168 2192 1419 2259 fratres.
1529 2190 1907 2276 Flagitabat
1966 2191 2229 2274 quidem
2296 2189 2382 2258 D.

431 2277 702 2346 Ohristo
748 2278 954 2345 horus
1026 2279 1286 2345 Trecius
1368 2288 1442 2343 ut
1507 2287 1641 2342 tam
1704 2276 1997 2343 Stancari
2060 2275 2382 2356 delirium,

429 2386 630 2451 quam
741 2364 1073 2431 landratae
1117 2384 1408 2431 errorem
1452 2364 1773 2449 copiosius
1816 2363 2214 2430 refellerem:
2269 2363 2384 2430 sed

431 2452 587 2535 quia
628 2472 1016 2535 responsum
1051 2447 1224 2536 quod
1252 2449 1559 2517 Stancaro
1603 2448 1931 2528 dederam,
1976 2451 2191 2534 gentis
2237 2471 2384 2516 ves·

431 2546 573 2604 trae
617 2538 727 2606 vel
771 2537 1024 2603 incuria
1070 2537 1174 2604 vel
1215 2536 1448 2603 fraude
1492 2535 1843 2614 intercidit,
1880 2536 2095 2601 taedio
2139 2538 2384 2602 fractus

428 2623 512 2689 ab
548 2624 672 2691 hoc
716 2623 936 2690 labore
980 2624 1281 2689 abstinui.
1372 2622 1510 2690 Nec
1553 2630 1732 2689 certe
1797 2622 2034 2688 iustam
2082 2620 2382 2689 lucubra-

429 2710 676 2777 tionem
721 2709 887 2775 mihi
924 2731 1214 2793 unquam
1250 2710 1625 2793 extorqueri
1660 2709 1889 2793 patiar,
1940 2708 2143 2776 donec
2178 2710 2383 2792 scrip-

429 2805 575 2862 tum
627 2794 792 2863 illud
845 2816 1169 2879 recepero,
1237 2794 1407 2880 quod
1460 2795 1627 2859 mihi
1683 2794 1766 2859 ad
1822 2794 2215 2860 refellendas
2259 2795 2380 2859 im-

426 2884 581 2966 puri
646 2889 715 2948 et
777 2882 1070 2967 protervi
1147 2882 1603 2949 conviciatoris
1662 2879 1957 2947 Stancari
2023 2881 2384 2948 calumnias

426 2968 579 3054 plus
637 2989 831 3052 quam
893 2968 1334 3035 necessarium
1394 2980 1514 3033 est.
1602 2967 1798 3034 Nunc
1856 2975 2074 3034 tamen
2141 2978 2254 3032 tuo
2319 2977 2386 3033 et

427 3055 655 3123 fratris
699 3055 905 3123 nostri
951 3054 1037 3122 D.
1088 3053 1373 3123 Samicii
1417 3055 1682 3121 hortatu
1728 3074 2113 3123 communes
2161 3052 2385 3121 literas

426 3279 612 3334 3041.
643 3280 702 3349 1)
736 3280 811 3334 N.
848 3277 1001 3333 3866.
1055 3279 1129 3333 In
1163 3280 1557 3348 subscriptione
1598 3277 1906 3332 Consensus
1924 3277 2390 3334 Sendomiaeiensoe

426 3364 485 3404 ae
520 3350 657 3405 dicit
694 3351 958 3404 seniorem
994 3348 1296 3405 ἀόοεσοεσοε
1339 3348 1785 3402 ‘faecis-skins&

633 3419 696 3488 2)
727 3418 800 3485 cf.
839 3418 1083 3488 Prolem.
1125 3418 1265 3487 opp.
1303 3418 1403 3471 1x.
1440 3415 1523 3470 49.

2194 397 2356 461 1563
2400 396 2709 465 APRIL.

4331 401 4457 468 730

2494 589 2706 656 scribo
2750 588 2834 655 ad
2856 589 3172 656 Proceres
3219 593 3469 655 vestros
3511 595 3578 654 et
3623 587 3984 657 Oracoviae
4027 589 4237 658 cives:
4282 592 4454 676 quod

2494 695 2628 741 non
2672 673 2848 761 apud
2891 675 3187 760 singulos
3230 674 3648 759 peculiariter
3690 674 3866 743 idem
3900 679 4217 761 praestiti,
4266 677 4450 744 dabi-

2493 763 2580 828 tis
2626 762 2904 828 veniam.
2981 762 3210 846 Neque
3254 762 3432 828 enim
3468 769 3726 828 tantum
3763 761 3926 827 mihi
3977 773 4274 846 superest
4316 765 4453 844 otii,

2493 857 2571 913 ut
2612 849 2863 915 abiecta
2907 848 3105 915 officii
3149 849 3277 914 mei
3321 866 3496 926 cura,
3555 850 3926 932 praeteritis
3970 850 4136 916 meis
4178 851 4451 935 popula·

2494 934 2693 1012 ribus,
2777 947 2874 1000 tot
2940 934 3221 1018 denique
3286 935 3817 1018 occupationibus
3882 935 4222 1019 neglectis,
4303 945 4450 1003 octo

2494 1022 2839 1087 continuos
2884 1020 3022 1086 dies
3067 1020 3249 1087 vobis
3294 1020 3690 1104 impendam.
3758 1020 3951 1088 Adde
3994 1021 4166 1105 quod
4209 1022 4292 1089 ab
4336 1023 4450 1090 ad·

2495 1127 2690 1173 versa
2730 1106 3113 1173 valetudine
3157 1129 3289 1178 non
3347 1115 3605 1172 tantum
3659 1107 4085 1174 relaxationis
4130 1109 4291 1175 mihi
4337 1108 4451 1174 da-

2495 1199 2620 1258 tur.
2712 1192 2857 1260 Tibi
2905 1215 3079 1273 vero,
3124 1193 3548 1278 integerrime
3582 1193 3804 1272 frater,
3853 1214 3990 1260 non
4024 1214 4264 1277 parum
4299 1215 4449 1281 gra·

2495 1279 2685 1358 tulor,
2769 1278 2942 1363 quod
2997 1278 3336 1346 diffluente
3395 1298 3636 1363 magna
3691 1281 3888 1347 turba
3941 1283 4172 1346 firmus
4228 1290 4448 1349 tamen

2493 1384 2644 1430 cum
2698 1367 2924 1449 paucis
2969 1375 3223 1450 perstes
3267 1368 3335 1431 in
3378 1387 3581 1449 purae
3625 1365 3778 1432 fidei
3824 1365 4214 1433 defensione.
4306 1368 4450 1434 Ex-

2494 1450 2727 1516 horrui
2770 1473 2928 1518 sane
3016 1473 3174 1517 uum
3235 1452 3525 1518 viderem
3581 1452 3919 1518 ministros
3967 1452 4278 1521 Poloniae
4323 1456 4446 1519 mi·

2493 1538 2677 1604 noris
2720 1546 2856 1603 tam
2901 1559 2979 1604 su
3027 1539 3120 1603 ito
3165 1537 3248 1603 ad
3288 1559 3575 1605 crassam
3621 1546 3690 1604 et
3737 1537 4112 1622 pudendam
4150 1539 4451 1608 defectio·

2493 1644 2646 1688 nem
2711 1624 2911 1691 fuisse
2975 1637 3361 1707 pertractos.
3445 1622 3623 1705 Quid
3691 1624 3903 1692 dicam
3971 1626 4099 1692 nisi
4157 1626 4447 1693 Felicem

2497 1708 2898 1795 &wigerum
2940 1718 3008 1778 et
3050 1711 3210 1778 alios
3253 1711 3502 1777 similes
3568 1732 3808 1778 arcano
3854 1712 3982 1778 Dei
4025 1711 4261 1779 iudicio
4306 1734 4448 1781 esse

2493 1795 2843 1863 fascinatos
2910 1807 2985 1862 ut
3024 1798 3093 1862 in
3141 1797 3285 1863 Deo
3340 1794 3725 1865 secundario
3781 1806 3849 1864 et
3905 1796 4203 1867 deificato
4260 1820 4443 1883 spem

2491 1881 2723 1948 salutis
2765 1882 3101 1950 locarent?
3172 1883 3479 1949 Ridicula
3540 1893 3761 1949 autem
3827 1904 4054 1950 eorum
4122 1887 4446 1969 superbia,

2491 1967 2665 2052 quod
2688 1969 2873 2036 nobis
2896 1992 2980 2035 ex
3015 1971 3154 2036 suis
3189 1970 3453 2037 latebris
3488 1969 3900 2050 minitantur,
3942 1990 4018 2036 ac
4051 1971 4109 2037 si
4142 1973 4446 2038 fastuosis

2490 2057 2628 2121 suis
2682 2055 3010 2122 iactantiis
3074 2077 3195 2122 nos
3258 2077 3485 2123 omnes
3539 2068 3807 2140 possent
3862 2066 4175 2123 evertere.
4262 2059 4446 2126 Bene

2490 2151 2711 2207 autem
2779 2151 2881 2208 est
2945 2141 3117 2226 quod
3184 2140 3265 2208 de
3333 2144 3599 2228 propria
3652 2142 3862 2228 gloria
3923 2164 4058 2209 non
4097 2152 4443 2226 certamus,

2489 2226 2603 2294 sed
2647 2237 2909 2294 tantum
2952 2236 3030 2294 ut
3072 2248 3228 2294 vera
3261 2237 3330 2294 et
3367 2239 3636 2295 aeterna
3692 2228 3941 2295 Christi
3999 2229 4211 2296 deitas
4255 2230 4444 2298 nobis

2487 2313 2834 2382 incolumis
2877 2326 3158 2393 maneat,
3203 2323 3270 2382 et
3312 2316 3393 2382 ab
3439 2335 3663 2380 eorum
3700 2316 4059 2400 sacrilegiis
4094 2329 4441 2384 asseratur.

2489 2400 2570 2465 In
2621 2421 2816 2483 quam
2862 2422 3002 2469 rem
3047 2401 3143 2468 sic
3186 2401 3489 2467 incumbe
3532 2422 3619 2466 ne
3672 2421 3899 2467 eorum
3944 2403 4306 2485 pertinacia
4346 2404 4442 2468 fa-

2491 2487 2734 2571 tigeris.
2825 2486 3015 2566 Vale,
3059 2488 3299 2554 eximie
3342 2489 3449 2554 vir
3492 2495 3560 2553 et
3613 2509 3697 2553 ex
3741 2489 3961 2554 animo
4005 2488 4275 2555 colende
4317 2489 4449 2554 fra·

2491 2580 2605 2639 ter.
2690 2573 3017 2640 Dominus
3061 2582 3127 2640 te
3169 2594 3288 2640 suo
3332 2572 3659 2658 praesidio
3704 2581 3987 2654 tueatur,
4034 2576 4282 2643 virtute
4322 2575 4450 2641 ful-

2489 2660 2637 2737 ciat,
2678 2657 2997 2744 donisque
3041 2660 3315 2744 spiritus
3369 2661 3474 2726 sui
3533 2660 3747 2745 magis
3791 2680 3866 2726 ac
3905 2661 4117 2746 magis
4162 2661 4450 2747 locuple-

2491 2754 2604 2812 tet.
2685 2745 3117 2831 Magnificum
3161 2745 3523 2813 Dominum
3587 2746 3972 2812 Palatinum
4027 2748 4451 2814 Poscianien-

2490 2852 2647 2908 sem,
2670 2834 2723 2909 ⁸)
2792 2832 2984 2899 cuius
3049 2833 3352 2899 minister
3414 2855 3503 2913 es,
3570 2842 3952 2900 reverenter
3993 2854 4141 2900 meo
4187 2836 4450 2901 nomine

2491 2918 2721 2984 saluta.
2795 2917 3130 2986 Genevae.
3157 2923 3212 2997 ⁴)

2699 3210 2755 3272 3)
2791 3211 2931 3279 lene:
2965 3212 3409 3281 Poenaniensem,
3453 3215 3546 3271 cui
3588 3229 3782 3268 nomen
3829 3220 3949 3269 orat
3993 3214 4252 3269 Andreae
4303 3214 4443 3270 Gor-

2493 3295 2646 3334 eano.
2696 3279 3220 3413 ifbigffssmmo
3267 3350 3450 3405 eodem
3494 3356 3728 3420 tempore
3774 3353 3984 3420 scripta
4023 3352 4139 3418 fuit
4180 3367 4249 3407 ac
4285 3369 4454 3422 prae-

645 5432 873 5489 Calvo‘ni
911 5449 1094 5504 opera.
1184 5438 1292 5491 Vol.
1331 5436 1485 5491 xlx

3889 5442 4025 5497 460*
