4900 6125
604 427 725 489 131

596 621 835 695 captus
901 621 1003 678 est
1059 611 1117 677 is
1170 631 1364 695 quem
1424 612 1713 690 miserat,
1771 619 1842 677 et
1898 631 2074 677 nunc
2134 633 2219 678 ex
2276 611 2565 679 vinculis

598 718 867 765 causam
926 696 1101 763 dicit.
1197 696 1559 764 Gwisianus
1575 698 1630 783 ⁴)
1688 697 1946 765 fortiter
2011 717 2083 762 se
2139 705 2430 774 excusat,
2498 705 2566 764 et

602 782 921 849 ludicram
979 784 1047 848 in
1105 783 1317 849 fllium
1384 785 1830 866 quaestionem
1896 803 2094 867 quam
2160 783 2231 848 in
2291 804 2560 850 suorum

594 888 907 936 consessu
930 867 1156 934 habuit
1178 868 1400 935 statim
1427 869 1557 937 huc
1578 870 1777 937 misit.
1824 867 1861 948 ἤ
1882 872 2217 952 βασίλισσα
2238 889 2356 935 suo
2377 890 2563 935 more

597 974 717 1038 per
765 955 831 1019 ‘t
900 954 1066 1021 'l'res
1110 956 1253 1021 eius
1295 953 1467 1021 filios
1502 956 1675 1024 scito
1716 954 2007 1021 mirabili
2048 975 2193 1021 esse
2240 954 2461 1021 indole
2494 962 2564 1021 et

596 1060 638 1123 q
753 1058 826 1105 es
844 1060 966 1123 pro
1005 1047 1220 1106 aetate
1253 1049 1481 1122 optare
1503 1042 1847 1125 possimus,
1856 1045 1912 1118 θ)
1934 1061 2020 1107 ne
2038 1039 2260 1108 medio
2294 1039 2562 1125 quidem

594 1132 891 1277 fflpm'
900 1127 1037 1276 ιςξιιιί
1071 1124 1465 1227 mirabiliter
1489 1125 1738 1277 pirqfuit
1770 1126 2091 1278 quodtssll?
2125 1135 2228 1192 est
2261 1136 2559 1278 οῗιιέιιιεὲ

593 1232 778 1362 mnf
780 1231 1031 1379 ‘¹132ss
1081 1231 1751 1366 ἓξῑᾍῗΐῖὲηὲῗο
1777 1233 1937 1383 ἳῖἒὲ
1971 1232 2311 1382 ωέξεῑξέῗ
2335 1234 2374 1278 “
2396 1232 2554 1378 1102,

593 1389 671 1449 ut
724 1401 934 1467 spero,
982 1383 1352 1462 curabitur,
1412 1403 1810 1467 quamquam
1866 1385 2075 1451 mirus
2140 1393 2242 1450 est
2299 1403 2556 1467 quoque

593 1466 719 1534 hac
772 1467 843 1534 in
900 1476 1088 1552 parte
1144 1469 1554 1550 quorundam
1609 1477 1854 1554 stupor.
1968 1472 2076 1535 An
2124 1469 2322 1535 licum
2388 1469 2552 1534 illud

591 1553 927 1638 negotium
952 1558 1005 1625 ο)
1051 1552 1425 1621 tardissime
1481 1555 1795 1638 procedit,
1854 1557 2052 1622 unius
2123 1557 2297 1639 egati
2337 1555 2550 1639 culpa.

592 1641 856 1723 Aquam
900 1660 937 1705 e
972 1641 1231 1723 pumice
1279 1642 1413 1705 iam
1478 1640 1735 1724 pridem
1785 1662 1985 1709 conor
2027 1641 2416 1725 exprimere,
2464 1642 2551 1706 si-

590 1733 706 1791 cut
747 1746 905 1792 vere
949 1734 1016 1791 et
1058 1726 1400 1811 eleganter
1444 1727 1692 1794 scribis.
1715 1731 1773 1807 ⁷)
1861 1725 1997 1793 Sed
2049 1726 2217 1792 nihil
2262 1728 2550 1810 proficio.

592 1811 731 1876 Ero
775 1818 997 1877 tamen
1046 1811 1113 1876 in
1172 1832 1402 1878 omnes
1445 1814 1816 1880 occasiones
1859 1813 2157 1878 intentus
2200 1821 2278 1878 ut
2324 1825 2552 1878 nostra

589 1898 842 1962 iactura
902 1899 1244 1963 sarciatur.
1333 1898 1697 1964 Ecclesiam
1758 1899 1887 1965 Dei
1947 1899 2161 1982 gratia
2217 1899 2551 1982 coepimus

590 1982 699 2049 hic
758 1984 1170 2058 constituere,
1229 1993 1297 2049 et
1347 1986 1649 2067 proximo
1716 1983 1822 2051 die
1876 1983 2200 2050 dominico
2257 2004 2548 2061 coenam,

586 2068 735 2134 Deo
790 2069 1079 2145 iuvante,
1136 2069 1632 2136 celebrabimus.
1727 2071 2161 2149 Navarrenae,
2217 2069 2547 2149 condensi,

590 2152 931 2220 Posidonio
952 2157 1005 2230 ⁸)
1071 2165 1138 2219 et
1193 2176 1417 2221 eorum
1473 2154 1814 2234 uxoribus,
1881 2155 2163 2222 salutem
2230 2155 2368 2220 dixi
2434 2165 2549 2221 tuo

585 2240 870 2317 nomine,
917 2240 1109 2306 sicuti
1153 2240 1443 2320 iubebas,
1502 2241 1678 2325 quod
1733 2242 1865 2308 illis
1906 2243 2031 2307 fuit
2071 2242 2544 2326 gratissimum.

584 2323 719 2390 Sed
761 2325 875 2391 illa
920 2346 1052 2391 non
1091 2325 1335 2392 desinit
1375 2328 1755 2428 ministrum
1792 2339 2035 2412 petere,
2083 2334 2153 2393 et
2193 2327 2437 2428 alioqui
2475 2347 2547 2394 se

579 2420 1164 2580 ffifflmuffisst
1183 2412 1877 2565 gffffisssffizff.
1936 2412 2298 2564 3333?
2432 2423 2550 2565 :1¹33

580 2583 759 2648 niam
815 2585 1017 2648 instat
1059 2583 1408 2650 Adventus
1453 2604 1647 2667 quem
1710 2592 1967 2665 vocant,
2012 2606 2225 2668 neque
2271 2585 2543 2651 dubium

579 2678 682 2734 est
725 2670 888 2753 quin
930 2668 1203 2735 clamosi
1246 2681 1314 2734 et
1346 2668 1590 2736 rabiosi
1623 2671 1732 2736 isti
1774 2690 1893 2737 suo
1928 2691 2112 2736 more
2153 2679 2395 2738 acuant
2428 2691 2545 2754 po-

578 2755 888 2840 pulorum
932 2757 1280 2835 furores,⁹)
1315 2757 1493 2821 suasi
1531 2766 1609 2820 ut
1650 2756 1881 2821 literae
1918 2758 2001 2822 ad
2038 2758 2141 2823 sin
2263 2778 2335 2822 os
2371 2758 2544 2841 epis·

579 2860 773 2923 copos
837 2849 1099 2907 mature
1168 2840 1628 2920 scriberentur,
1696 2849 1764 2907 et
1826 2843 2195 2925 impetravi,
2262 2863 2542 2926 quarum

577 2925 917 3009 exemplar
960 2925 1044 2991 ad
1091 2935 1156 2992 te
1200 2927 1405 2992 mitto.
1470 2927 1853 2993 Istiusmodi
1898 2927 2242 2993 literarum
2286 2937 2540 2993 tantam

577 3031 711 3079 uon
756 3031 899 3078 esse
941 3011 1118 3096 apud
1163 3012 1506 3097 plerosque
1551 3013 1993 3090 autoritatem,
2039 3023 2354 3097 quantam
2399 3034 2543 3080 esse

577 3106 978 3181 oportuerat,
1040 3119 1146 3164 res
1203 3099 1351 3183 ipsa
1408 3097 1714 3177 ostendit,
1775 3106 1844 3164 et
1885 3098 2173 3183 quotidie
2216 3100 2540 3184 experior,

578 3182 695 3249 sed
731 3184 887 3267 quid
924 3183 1129 3268 agas?
1177 3184 1358 3251 dabit
1380 3182 1568 3251 Deus
1604 3184 1709 3250 his
1752 3204 2009 3268 quoque
2052 3186 2266 3251 finem.
2356 3188 2544 3271 Lug-

578 3268 909 3336 dunenses
964 3270 1204 3336 iratres
1255 3271 1329 3335 in
1375 3267 1785 3336 Suburbium
1844 3270 2022 3337 reiici
2080 3270 2543 3338 molestissime

575 3356 735 3434 fere,
790 3355 907 3422 sed
959 3354 1131 3438 quod
1175 3357 1421 3421 mutari
1464 3376 1644 3423 nunc
1686 3355 1949 3440 quidem
2012 3377 2144 3421 non
2274 3368 2407 3424 test
2445 3358 2542 3423 fe-

574 3441 858 3507 rendum
936 3461 1187 3508 censeo.
1300 3440 1450 3522 Qua
1533 3441 1615 3508 de
1686 3463 1760 3507 re
1838 3441 1922 3507 ad
2000 3463 2111 3507 eos
2240 3443 2543 3528 ‘ligenter

576 3528 830 3611 scripsi,
856 3531 941 3605 ¹⁰)
986 3538 1055 3591 et
1088 3548 1248 3612 rogo
1290 3537 1365 3592 ut
1402 3540 1476 3593 tu
1520 3547 1779 3611 quoque
1822 3529 2044 3593 statim
2088 3528 2336 3594 scribas
2379 3551 2541 3613 quo·

577 3614 757 3679 niam
816 3633 1044 3680 eorum
1097 3613 1578 3696 impatientiam
1635 3613 1897 3680 luerent
1935 3634 2162 3680 omnes
2207 3614 2539 3693 ecclesiae,

577 3710 648 3763 et
690 3708 941 3765 certum
986 3706 1090 3764 est
1120 3698 1537 3765 adversarios
1574 3699 1741 3764 nihil
1788 3720 1995 3782 aeque
2025 3709 2309 3784 captare,
2347 3711 2542 3784 atque

579 3784 704 3850 hoc
760 3806 967 3850 unum
1028 3794 1103 3849 ut
1158 3784 1329 3850 bello
1391 3785 1566 3852 civili
1628 3785 2037 3850 occasionem
2098 3786 2295 3868 primi
2352 3807 2542 3870 prae-

584 3870 868 3936 beamus.

751 3956 1072 4041 'l'heologi
1116 3956 1441 4023 Germani
1496 3955 1636 4022 heri
1695 3955 2157 4022 discesserunt.
2189 3961 2276 4033 ¹¹)
2354 3957 2540 4023 Nihil

590 4128 797 4141 *4—

580 4256 643 4301 ut
689 4263 748 4300 se
798 4246 1109 4313 excusaret)
1154 4249 1503 4319 praecipuum
1552 4264 1708 4302 suum
1754 4247 2126 4302 consiliarium
2176 4246 2541 4318 [Ligneroles,

579 4332 805 4386 escuyer
839 4315 910 4368 du
948 4315 1052 4369 duc
1086 4317 1155 4370 de
1192 4316 1479 4383 Nemours,
1521 4314 1818 4371 Canama
1864 4315 1978 4387 88],
2017 4318 2109 4387 qui
2149 4321 2237 4371 vix
2274 4333 2340 4372 eo
2378 4334 2540 4372 vene·

578 4392 669 4441 rat
702 4402 869 4453 quum
905 4393 991 4437 est
1026 4386 1081 4439 iu
1122 4385 1341 4439 vincula
1372 4387 1667 4439 coniectus.

779 4454 841 4521 4)
876 4451 1016 4507 Du
1058 4453 1415 4509 stanam.
1486 4453 1675 4510 Filias
1706 4456 1966 4522 mneeps
2000 4454 2068 4508 de
2100 4453 2379 4509 Joiavnve.
2452 4454 2543 4509 Dc

569 4525 862 4647 ffintgsffloe
906 4524 967 4576 οἰι
1018 4521 1117 4578 illa
1162 4524 1546 4579 ωκύανσείοηο
1585 4523 1841 4593 partubus
1894 4540 1942 4577 v.
2002 4520 2169 4577 Μέιιι.
2231 4523 2298 4578 de
2354 4522 2542 4579 Cende·

777 4797 838 4921 g)
880 4866 1123 4937 Cdffly·
1173 4798 1363 4868 aliqua
1396 4812 1630 4865 peu-suu
1660 4797 1892 4851 cedaar.

777 4935 812 4989 9
872 4939 1282 4990 consumam-cs
1313 4935 1605 5003 pontificii.

747 5003 835 5067 10)
876 5003 1191 5072 Epistulas·
1226 5006 1467 5073 reperies
1500 5020 1537 5057 a
1579 5042 1593 5056 .
1630 5000 1834 5056 Bau-s.
1858 5002 1939 5081 β

570 5072 807 5197 wind-l
886 5072 1141 5142 lamque!
1185 5071 1273 5125 26.
1322 5072 1467 5128 Noc.
1517 5018 1607 5137 (fl.

572 5228 681 5267 nou
721 5216 808 5264 eat
843 5227 1037 5263 mirum
1092 5228 1257 5279 quum
1310 5228 1418 5265 non
1468 5210 1673 5263 fuerint
1707 5210 1851 5262 inter
1886 5224 1947 5261 se
1982 5211 2296 5264 concordes.
2367 5211 2541 5267 Petiit

571 5282 641 5337 ab
676 5281 743 5335 iis
776 5278 1054 5333 Navarrus
1100 5286 1160 5331 ut
1205 5296 1545 5334 communem
1583 5278 1976 5333 confessionem
2012 5278 2082 5332 de
2118 5280 2284 5333 rebus
2319 5288 2538 5334 contro·

568 5350 747 5405 venis
782 5346 1123 5413 exhiberent,
1162 5365 1351 5402 verum
1388 5350 1492 5418 ipsi
1538 5350 1683 5402 inter
1728 5364 1787 5401 se
1836 5364 1946 5403 non
1996 5354 2296 5417 potuerunt
2339 5366 2539 5404 conve·

2110 5042 2125 5055 .
2163 5001 2281 5058 132.

2130 422 2658 490 EPISTOLAE
2704 426 3129 489 3624—3625

879 5158 1101 5221 rgenaes
1146 5141 1308 5195 hodie
1358 5142 1485 5196 hinc
1521 5140 1907 5195 discesserunt.
1975 5140 2089 5195 Eos
2127 5141 2261 5196 nihil
2297 5142 2540 5197 effecisse
2587 5154 2594 5197 ὅ

4491 428 4594 489 132

2664 632 2937 696 prorsus
2994 631 3142 678 cum
3199 610 3329 679 illis
3384 619 3621 678 actum.
3711 611 4002 678 Tantum
4058 611 4434 697 praetexuit
4475 613 4598 677 Nu·

2663 717 2994 777 varrenas,
3052 696 3307 765 tardius
3366 698 3648 777 venisse,
3696 706 3766 763 et
3819 696 4124 765 hortatus
4180 704 4282 764 est
4325 705 4400 762 ut
4441 697 4601 781 apud

2664 804 2817 850 suos
2871 784 3206 868 principes
3261 791 3536 869 agerent
3571 782 3651 849 de
3696 782 3997 849 habendo
4036 783 4254 868 aliquo
4298 781 4599 868 colloquio

2661 877 2730 933 et
2792 878 2935 934 tota
2995 868 3114 935 illa
3176 870 3627 937 controversia
3681 867 4152 952 componenda,
4218 889 4350 952 qua
4407 866 4485 935 de
4537 890 4604 936 re

2703 975 2916 1039 noque
2962 955 3273 1038 privatim
3335 976 3487 1022 cum
3533 954 3666 1021 illis
3709 956 3813 1040 egi
3857 963 3926 1021 et
3968 955 4052 1021 ad
4098 954 4602 1021 illustrissimum

2726 1041 3039 1107 alat-‘omn
3074 1040 3324 1124 scripsi,
3371 1059 3567 1190 quam
3624 1038 4123 1125 diligentissime
4167 1041 4369 1125 potui.
4457 1039 4606 1106 Baz-

2658 1126 2901 1192 duinus
2947 1125 3214 1192 tandem
3263 1127 3333 1191 in
3418 1147 3604 1193 ucem
3707 1126 3905 1192 rodiit
3958 1148 3995 1192 e
4038 1128 4176 1193 suis
4225 1126 4490 1192 latebris
4544 1133 4607 1193 et

2657 1210 2950 1277 libellum
3010 1212 3082 1277 in
3137 1219 3205 1277 te
3261 1210 3464 1278 edidit
3520 1212 3584 1278 ν’
3700 1213 4137 1278 eutissimum.
4163 1212 4247 1290 ¹²)
4334 1212 4608 1279 Antores

2658 1297 2824 1363 mihi
2867 1296 3136 1382 quidam
3172 1307 3364 1363 erant
3407 1305 3483 1362 ut
3517 1319 3670 1363 eum
3717 1296 3797 1363 ad
3845 1307 3911 1362 te
3946 1318 4078 1363 non
4116 1298 4466 1374 mitterem,
4501 1297 4608 1363 sed

2658 1382 2968 1467 respondi
3026 1391 3091 1449 te
3150 1403 3230 1449 ea
3282 1382 3667 1450 fortitudine
3730 1383 3932 1449 animi
3977 1404 4119 1451 esse
4166 1391 4239 1450 ut
4294 1383 4484 1450 facile
4525 1383 4608 1449 is·

2657 1476 2800 1533 tum
2844 1490 3072 1535 canem
3120 1479 3594 1536 contemneres.
3684 1468 3824 1554 Ego
3870 1489 4026 1536 vero
4069 1469 4277 1535 fateor
4315 1490 4424 1535 me
4466 1489 4611 1535 cum

2655 1561 2881 1619 nostro
2923 1555 3195 1621 Gelasio
3237 1556 3330 1619 ita
3372 1555 3572 1621 fuisse
3615 1556 3745 1621 ista
3777 1554 4174 1639 indignitate
4214 1566 4608 1622 commotum

2653 1649 2732 1704 ut
2772 1639 3158 1706 febriculam
3203 1643 3401 1706 etiam
3448 1643 3787 1707 senserim.
3871 1642 3978 1708 De
4011 1643 4425 1725 responso¹⁸)
4461 1661 4613 1705 vero

2652 1725 2747 1791 sic
2802 1733 3035 1805 statuo,
3096 1747 3227 1792 non
3283 1747 3426 1792 esse
3482 1725 3580 1791 illi
3640 1726 3842 1792 alium
3902 1726 4362 1810 opponendum
4421 1746 4612 1811 quam

2657 1809 3026 1895 fflspinum
3078 1812 3284 1896 ipsius
3337 1821 3839 1879 conterraneum
3860 1864 3876 1891 ,
3933 1833 3973 1876 a
4037 1832 4169 1897 quo
4223 1814 4429 1878 etiam
4484 1832 4613 1876 non

2651 1895 2988 1963 abstinuit.
3019 1900 3102 1977 ¹⁴)
3205 1897 3340 1964 Sed
3408 1898 3535 1964 nisi
3601 1898 3778 1962 aliud
3850 1897 3967 1963 tibi
4038 1898 4315 1977 videtur,
4378 1898 4612 1965 vellem

2651 2188 2790 2241 nire.
2845 2187 3218 2242 Palatinenses
3252 2187 3563 2242 habuerunt
3598 2189 3734 2243 satis
3769 2188 3942 2242 libera
3975 2188 4234 2243 mandata
4267 2206 4303 2242 a
4339 2205 4446 2245 suo
4471 2189 4618 2258 prin·

2649 2256 2810 2378 {ipen
2823 2256 3082 2337 mandata
3099 2256 3672 2381 Wirtentibssrgenslium
3701 2257 3944 2380 ἑζονὲιιιὶ
3957 2259 4266 2339 astrictior-a
4284 2263 4344 2311 et
4362 2257 4622 2380 dehcoena

2650 2341 3021 2516 ⁸532?ss
3085 2343 4052 2517 ,ffirssffrgi‚⁰rffl3}t⁸r¹5¹¹regpgfidef{}t
4067 2342 4458 2517 ssiubi’goffisp
4483 2342 4624 2449 ig:

2649 2479 2770 2516 eam
2844 2478 2962 2515 orm
3018 2479 3124 2528 am,
3181 2479 3240 2516 se
3332 2479 3447 2516 rem
3502 2480 3556 2517 ιιι
3612 2479 3678 2517 ea
3730 2479 3839 2516 nou
3892 2480 3955 2517 sa
4000 2480 4027 2516 s
4072 2479 4138 2516 ex
4339 2503 4354 2516 .
4445 2465 4622 2529 Quare

2650 2531 3006 2585 consulebant
3055 2537 3117 2585 ut
3162 2532 3269 2585 alia
3314 2533 3584 2585 communi
3637 2548 3904 2586 consensu
3954 2548 4163 2586 conseri
4205 2539 4425 2600 eretur,
4484 2549 4622 2601 quae

2650 2615 2840 2653 causas
2876 2605 2934 2652 et
2968 2599 3190 2654 effectus
3224 2601 3550 2654 sacramenti
3585 2599 4091 2670 comprehenderet.
4143 2600 4261 2655 Hoc
4279 2618 4397 2656 non
4435 2601 4628 2670 displi-

2648 2668 2763 2722 cuit
2809 2667 3249 2723 Palatinensibus
3303 2669 3398 2723 sed
3452 2686 3486 2722 a
3535 2668 3618 2722 W.
3674 2674 3761 2722 est
3809 2669 4086 2722 reiectum.
4171 2668 4388 2736 Quibus
4458 2687 4626 2739 quum

2649 2738 2932 2807 proposita
2966 2743 3113 2791 esset
3149 2736 3395 2807 formula,
3442 2738 3498 2791 in
3545 2755 3707 2807 quam
3754 2739 3928 2792 nostri
3967 2745 4025 2791 et
4059 2739 4260 2792 delecti
4297 2740 4374 2792 ab
4415 2741 4626 2808 episco-

2647 2807 2733 2876 pis
2768 2813 3170 2870 consenserant,
3217 2806 3476 2860 dixerunt
3518 2823 3578 2859 se
3614 2823 3731 2860 eam
3779 2807 4032 2875 probare,
4081 2805 4384 2862 dummodo
4423 2807 4629 2861 intelli·

2646 2881 2869 2944 geretur
2921 2874 3216 2928 secundum
3261 2875 3565 2929 doctrinam
3610 2891 3830 2929 suarum
3869 2875 4233 2942 ecclesiarum,
4283 2887 4346 2931 et
4398 2876 4630 2930 addide-

2647 2949 2778 2996 runt
2832 2942 3106 2997 mirabiles
3165 2944 3280 2997 inte
3349 2945 3661 2998 rotationes.
3734 2943 3933 2999 Postea
3983 2944 4204 3012 utrique
4259 2947 4482 3015 scripto
4537 2959 4630 3000 ex·

2645 3012 2944 3067 hibuerunt
3006 3029 3105 3066 sua
3154 3013 3303 3068 cons‘
3333 3013 3383 3067 'a
3444 3012 3513 3066 de
3565 3013 3954 3083 componendis
4007 3015 4428 3068 controversiis.
4523 3014 4632 3069 Iac·

2645 3081 2900 3135 Andreae
2947 3082 3095 3135 visus
3131 3089 3216 3137 est
3249 3081 3382 3137 mihi
3415 3082 3637 3136 minime
3684 3088 3844 3152 aptus
3890 3082 3960 3136 ad
3995 3083 4305 3138 huiusmodi
4346 3085 4630 3138 actiones:

2647 3149 2809 3204 nimis
2856 3150 3002 3204 enim
3046 3149 3290 3207 abundat
3335 3166 3434 3204 suo
3482 3167 3662 3219 sensu,
3709 3159 3768 3205 et
3821 3158 4056 3221 quantus
4103 3159 4190 3205 est
4233 3152 4474 3206 videtur
4524 3152 4632 3206 sibi

2646 3218 2934 3288 sapientia.
3007 3218 3112 3274 Ubi
3160 3219 3440 3273 Navarrus
3487 3220 3627 3273 vidit
3671 3225 3889 3289 tempus
3937 3220 4206 3274 inutiliter
4241 3223 4379 3291 teri,
4419 3222 4636 3292 siguifi-

2646 3288 2794 3341 carit
2838 3304 2898 3342 se
2944 3289 3234 3341 maximam
3279 3288 3508 3359 gratiam
3557 3288 3691 3357 ipsis
3737 3288 3943 3343 habere
3994 3289 4141 3358 quod
4190 3289 4346 3359 ipsos
4391 3307 4510 3345 nou
4549 3289 4634 3360 pi·

2643 3356 2853 3426 guisset
2903 3360 3119 3410 tantum
3172 3358 3374 3412 laboris
3426 3363 3485 3411 et
3539 3358 3914 3412 molestiarum
3967 3358 4125 3423 ferre,
4173 3358 4270 3411 sed
4321 3375 4390 3413 ae
4439 3359 4636 3414 dolere

2645 3426 2792 3495 quod
2829 3441 2936 3479 non
2973 3425 3267 3494 venissent,
3322 3432 3616 3495 antequam
3661 3426 3731 3480 ad
3768 3443 3893 3481 suas
3933 3428 4189 3481 ecclesias
4226 3428 4497 3482 redirent
4535 3429 4636 3481 mi·

2642 3495 2803 3547 nistri
2855 3495 3140 3548 convocati
3194 3511 3262 3548 ex
3319 3496 3486 3548 variis
3533 3497 3688 3563 regni
3742 3493 4010 3563 partibus.
4093 3495 4432 3551 Potuisaeut
4487 3498 4634 3551 euim

2643 3579 2764 3616 cum
2800 3562 2936 3631 ipsis
2983 3563 3316 3618 commodius
3352 3563 3634 3617 disserere.
3709 3562 3779 3617 Se
3823 3568 4005 3617 autem
4043 3574 4232 3633 petere
4267 3570 4340 3618 ut
4378 3566 4504 3619 sint
4541 3582 4642 3620 au·

2640 3637 2792 3684 tores
2827 3632 3000 3699 princi
3042 3632 3165 3683 ibus
3198 3636 3262 3683 ut
3295 3631 3476 3685 locum
3523 3632 3760 3713 aliquem
3805 3631 4048 3713 deligant
4098 3633 4156 3685 in
4193 3650 4370 3702 quam
4411 3636 4641 3704 poa-int

2641 3699 2934 3754 convenire
3032 3700 3294 3753 ermanici
3346 3706 3405 3754 et
3448 3700 3643 3754 Gallici
3701 3700 3944 3769 theologi
3988 3710 4046 3755 et
4093 3702 4236 3756 iuter
4284 3719 4353 3757 se
4413 3704 4638 3774 placide

2641 3768 2915 3902 &maffia
2949 3835 3034 3889 Ad
3077 3810 3226 3958 ιὀξε
3268 3835 3338 3889 ee
3386 3835 3607 3890 ramosis
3653 3836 3855 3890 libeni·
3900 3842 3959 3890 et
4004 3838 4072 3891 de
4119 3838 4639 3895 calumniatoribus

2644 3905 3080 3958 commentarius.
3200 3906 3311 3957 aris
3359 3921 3444 3974 ap.
3492 3904 3633 3958 And.
3674 3904 3894 3958 Wechel
3943 3905 4093 3960 1562.
4129 3903 4179 3959 4.
4237 3906 4537 3979 Heneti-29
4575 3908 4644 3963 de

2648 3972 2718 4027 F.
2754 3972 2919 4027 Bata.
2953 3990 3008 4042 ρ.
3046 3971 3130 4026 33.
3181 3972 3323 4027 Cave
3355 3989 3427 4027 ne
3457 3974 3590 4027 haec
3621 3975 3764 4028 aaut·
3793 3978 3925 4028 nota
3960 3976 4066 4030 tibi
4152 3975 4298 4029 audi
4335 3980 4439 4032 ait.
4507 3979 4646 4046 Ipse

2643 4044 2788 4096 emb·
2830 4044 2891 4096 ia
2941 4056 3047 4096 m
3344 4042 3357 4055 “
3499 4042 3692 4108 alena,
3731 4041 3877 4098 lanz.
3917 4041 4025 4097 Iul.
4178 4044 4207 4094 2
4243 4045 4416 4100 edita
4454 4046 4602 4102 ds'cs't
4625 4062 4642 4095 :

2645 4110 2850 4165 Comm.
2892 4110 2962 4163 ad
3009 4111 3155 4180 leges
3227 4128 3259 4165 e
3293 4109 3385 4164 lib.
3433 4110 3654 4164 {amosis
3690 4127 3790 4179 ego
3817 4128 3969 4191 ‘anno
4003 4114 4273 4179 superiori
4314 4116 4646 4171 tumultua-
4743 4118 4752 4125 ‘

2646 4179 2728 4232 rie
2763 4179 3001 4233 scribere
3038 4186 3097 4233 et
3131 4178 3295 4233 edere
3329 4185 3548 4234 coactus
3584 4180 3677 4232 fui.
3725 4180 3895 4248 (3⁸9⁰
3918 4196 3974 4249 p.
4010 4179 4160 4247 239.)

2821 4246 2912 4328 13)
2947 4247 3212 4303 Balduin.
3257 4263 3399 4316 resp.
3446 4249 3623 4302 altera
3657 4247 3833 4318 (Biqa
3875 4264 3932 4317 p.
3978 4248 4136 4318 241).·
4213 4249 4374 4304 Ecce
4427 4253 4644 4306 iterum

2647 4316 2834 4386 prodit
2878 4317 3022 4369 idem
3067 4317 3212 4370 illius
3260 4316 3476 4372 libellus
3519 4318 3757 4370 famosus
3801 4317 3858 4370 in
3903 4318 4142 4386 linguam
4190 4318 4476 4387 gallicam
4517 4338 4650 4376 cou-

2647 4402 2836 4439 versus
2885 4385 3248 4440 atrocioribus
3295 4387 3458 4439 etiam
3505 4386 3764 4439 conviciis
3811 4392 3900 4449 (ut
3944 4387 4002 4439 in
4046 4404 4112 4441 ea
4146 4387 4346 4455 lingua
4386 4398 4488 4443 eat
4525 4392 4649 4443 eius

2644 4455 2897 4508 factionis
2933 4454 3448 4509 admaledicendum
3483 4455 3624 4508 mira
3644 4454 3918 4520 facundia)
3957 4454 4213 4509 refertus:
4251 4473 4465 4528 neque
4488 4475 4652 4512 acur-

2645 4524 2836 4577 rilibus
2883 4523 3044 4576 modo
3089 4524 3348 4585 dicteriis,
3383 4523 3482 4578 sed
3531 4524 3696 4578 etiam
3730 4523 3983 4593 repetitis
4019 4540 4085 4577 ex
4124 4525 4404 4581 lenonum
4609 4529 4623 4540 ‘

2643 4594 3036 4647 obscoenorum
3072 4599 3428 4647 scommatum
3465 4592 3701 4646 flosculis
3736 4598 4000 4662 comptus,
4039 4594 4201 4647 simul
4236 4602 4303 4647 et
4341 4596 4654 4651 fulmineis

2643 4661 3110 4747 anathematismis
3171 4670 3430 4727 armatus,
3486 4670 3549 4715 ut
3593 4664 3645 4743 in
3698 4662 3889 4742 vulgus
3935 4678 4158 4730 sparsus
4201 4664 4656 4748 multitudinem

2645 4732 3254 4921 iissssgzffnmmf
3272 4740 3728 4880 germ
3752 4730 4656 4881 ἑῧῖῗῗῃᾝᾘοωῗξέοωῗῖζ

2644 4878 2746 4921 ret.
2874 4883 3024 4921 mm
3079 4867 3147 4923 de
3189 4869 3393 4937 qaum
3439 4882 3689 4922 corstona
3723 4868 3894 4925 libello
3937 4884 4034 4938 qut
4079 4870 4436 4926 mentitu·
4475 4872 4658 4955 Resp-

2589 4952 2594 4983 ι
2643 4937 2712 4990 ad
2753 4935 3108 5005 versipellem
3144 4942 3242 4993 etc.
3290 4944 3420 4992 tuac
3466 4939 3726 5004 tempores
3776 4936 3930 4991 edita
3964 4937 4108 4990 πῶϋ
4141 4937 4288 4991 alubi
4327 4956 4660 4996 nse-aona

2459 5031 2474 5043 ·
2635 5004 2925 5074 proditus·
2968 5012 3063 5071 est,
3111 5009 3161 5059 et
3208 5022 3347 5076 quae
3393 5008 3495 5060 iste
3539 5006 3607 5060 de
3650 5006 3932 5061 obscoenis
3974 5010 4296 5061 scommatis
4351 5009 4540 5065 habet
4589 5012 4656 5063 ι’.

1656 5069 1807 5137 159):
1889 5070 2039 5125 Theo
2062 5073 2149 5143 ogi
2196 5072 2433 5127 Palatini
2484 5080 2541 5127 et
2587 5070 2594 5145 Ι
2646 5075 2930 5129 Calvinum
2967 5076 3188 5129 minime
3220 5076 3415 5130 eadere
3437 5073 3708 5129 videntur.
3756 5076 3849 5127 Aa

2641 5159 2743 5197 suo
2778 5148 2951 5196 marte
2986 5143 3148 5197 talen
3180 5145 3540 5199 concinnasse
3573 5143 3856 5207 vuoradus
3888 5090 4013 5197 asty
4127 5075 4188 5129 N
4385 5095 4430 5133 α

2817 5211 2910 5279 14)
2943 5212 3213 5281 Revelmq
3251 5229 3308 5281 p.
3356 5210 3450 5265 34:
3523 5211 3605 5265 Ut
3651 5229 3873 5281 gravius
3920 5218 4255 5281 pungeretur
4315 5214 4660 5271 Balduiuua

2643 5282 2786 5334 Besa
2847 5281 3132 5349 proposuit
3191 5287 3253 5334 ut
3308 5282 3389 5335 illi
3425 5280 3547 5334 Oris
3587 5282 3708 5334 inus
3744 5288 4132 5350 opponeretur.
4202 5279 4320 5347 Qui
4367 5286 4658 5340 Baldnini

2644 5349 2915 5420 quondam
2984 5352 3199 5407 amicus.
3268 5352 3539 5403 necessitu
3579 5350 3684 5404 inis
3751 5350 4108 5404 sanctissimis
4177 5350 4444 5407 vinculis
4517 5364 4658 5409 ante
