4900 6125
280 430 397 495 877

443 615 785 685 Adrianus
841 616 1042 684 etiam
1099 616 1260 685 hinc
1317 617 1566 684 eiectus
1621 623 1754 698 est,
1817 614 1933 684 sed
1976 614 2059 682 ob
2116 635 2238 682 sua

280 702 590 771 demerita
634 704 853 787 potius
894 723 1093 787 quam
1134 701 1220 770 ob
1261 701 1664 788 religionem.

1097 842 1466 906 Aeternum
1510 846 1703 907 tuum
1745 840 2151 924 mancipium

1305 925 1552 994 Petrus
1594 926 1945 995 Tossanus.

1156 1471 1350 1544 4148.

741 1627 1290 1697 BALDUINUS
1333 1624 1777 1693 OALVINO.

444 1799 654 1865 Gravi
708 1799 919 1866 morbo
974 1800 1203 1866 matris
1258 1804 1315 1864 et
1369 1803 1442 1864 ut
1494 1798 1739 1864 videtur
1788 1817 2082 1881 supremo
2123 1801 2240 1864 im-

255 1885 520 1969 peditus
563 1885 950 1952 desiderium
996 1883 1283 1952 Genevae
1334 1884 1534 1950 denuo
1591 1884 1952 1951 invisendae
1994 1885 2240 1969 explere

252 1991 381 2053 pro
426 1977 695 2055 tempore
736 1971 964 2054 nequit.
994 1971 1048 2055 ¹)

257 2141 461 2210 (Edita
478 2159 513 2195 a
530 2141 756 2197 Calvino
775 2143 849 2196 sd
882 2142 1086 2196 calcem
1103 2141 1373 2211 Respcns.
1392 2140 1462 2194 ad
1481 2140 1739 2194 Balduini
1774 2141 2020 2196 convicia
2052 2160 2105 2212 p.
2123 2141 2239 2209 49.)

439 2311 516 2379 Β.
583 2312 871 2394 Miraris,
915 2313 1013 2379 mi
1047 2319 1252 2395 pater,
1290 2319 1510 2378 mutos
1545 2334 1666 2379 nos
1700 2333 1862 2394 esse,
1902 2321 1969 2378 et
2011 2321 2237 2382 tamen

256 2399 539 2479 auritos,
583 2400 737 2484 quia
770 2365 1029 2486 ph’ysici
1071 2398 1266 2463 aliter
1302 2399 1596 2464 doceant.
1662 2400 1756 2464 Δι
1789 2421 1992 2482 quum
2035 2400 2236 2468 iidem

258 2483 566 2564 tradant,
627 2494 848 2551 mutos
908 2485 1052 2551 fieri
1106 2504 1269 2584 quos
1323 2484 1464 2567 lupi
1512 2483 1737 2550 videre
1778 2485 2058 2569 priores,
2114 2508 2236 2554 cur

253 2570 536 2637 miraris
600 2591 722 2638 nos
785 2574 964 2636 inter
1031 2570 1301 2654 agmina
1362 2572 1703 2634 κακολὸκων
1765 2571 2232 2654 obmutescere,

254 2665 379 2721 aut
424 2657 605 2722 inter
660 2664 760 2723 tot
802 2656 1050 2722 auritos
1098 2656 1467 2741 Gorycaeos
1489 2656 1546 2741 ²)
1590 2676 1783 2722 aures
1825 2678 2082 2758 quoque
2126 2679 2232 2725 ar-

251 2740 536 2828 rigere?
603 2741 922 2808 Suaviter
956 2742 1408 2826 superioribus
1442 2742 1656 2807 literis
1682 2744 1921 2809 riseras
1955 2744 2234 2827 ignavos

252 2848 586 2895 sessores:
645 2827 761 2894 sed
807 2829 865 2895 si
908 2825 1169 2894 videres
1212 2828 1449 2911 quibus
1490 2827 1599 2894 hic
1642 2826 1853 2896 modis
1892 2829 2230 2911 iactemur,

247 2933 681 2998 nequaquam
746 2912 998 2980 rideres
1062 2913 1323 2979 delitias
1387 2923 1763 2979 nostrarum
1842 2916 2229 2980 sessionum.

247 2998 404 3067 Οιιι
447 3000 686 3085 igitur,
729 2999 1020 3086 inquies,
1074 2999 1226 3066 istic
1268 3020 1486 3067 cessas
1530 3020 1606 3067 ac
1648 2999 1953 3067 desides?
2024 3001 2230 3085 Equi-

247 3086 433 3167 dem,
479 3086 576 3151 mi
617 3094 824 3171 pater,
869 3088 1001 3152 iam
1047 3086 1395 3170 compedes
1437 3106 1666 3153 omnes
1708 3088 1911 3153 semel
1957 3088 2232 3171 abrupe-

244 3193 438 3253 ram,
508 3194 586 3238 ac
651 3180 917 3238 tantum
983 3192 1117 3238 non
1182 3193 1426 3255 equum
1493 3174 1730 3239 alacris
1793 3171 2233 3239 conscendere

241 3257 614 3361 parabam:
653 3265 721 3324 et
754 3279 901 3324 ecce
937 3258 1162 3324 tristes
1196 3258 1428 3323 literae
1454 3257 1535 3323 de
1572 3258 1967 3359 gravissimo
2001 3259 2231 3324 morbo

235 3345 497 3410 matris
561 3344 851 3410 animam
921 3364 961 3408 a
1048 3344 1182 3408 ntis
1246 3353 1492 3428 cogunt
1555 3343 1685 3410 alio
1747 3344 2010 3409 flectere
2074 3344 2233 3410 lora.

237 3430 438 3512 Quid
497 3430 778 3495 facerem
835 3429 970 3494 infe
997 3428 1110 3494 ix?
1200 3427 1478 3495 Diceres
1535 3429 1734 3496 simul
1793 3449 2022 3497 omnes
2079 3449 2232 3496 con-

231 3516 518 3582 iurasse
562 3513 1017 3593 difficultates,
1073 3523 1152 3579 ut
1193 3535 1302 3580 me
1344 3513 1807 3599 praepediant,
1865 3522 1931 3580 et
1975 3524 2234 3582 tantum

235 3622 384 3668 non
453 3600 837 3685 discerpant
893 3600 1184 3667 medium
1244 3599 1687 3667 distrahendo.
1777 3601 1922 3666 Iam
1983 3601 2234 3667 dudum

236 3696 444 3754 totus
505 3686 704 3754 ardeo
758 3686 1128 3752 incredibili
1187 3686 1514 3752 desiderio
1568 3695 1830 3754 vestrae
1883 3696 2234 3754 consuetu-

233 3772 452 3841 dinis.
520 3773 655 3840 Ubi
698 3781 853 3855 post
892 3771 1160 3856 longam
1206 3773 1448 3837 luctam
1487 3772 1716 3838 videor
1749 3793 1859 3838 me
1901 3783 2236 3856 utcunque

231 3858 628 3944 expediise‚
695 3879 778 3923 en
837 3878 1051 3923 novae
1109 3858 1255 3941 piae
1312 3859 1546 3924 matris
1600 3857 1976 3942 compedes:
2036 3881 2234 3943 quam

230 3965 442 4011 nunc
488 3944 823 4022 deserere,
882 3964 1084 4027 quum
1129 3965 1236 4009 me
1281 3954 1475 4012 vocat
1527 3944 1613 4011 ad
1668 3955 2037 4010 extremum
2082 3945 2235 4012 vale

232 4028 637 4107 dicendum,
672 4028 945 4095 omnino
966 4050 1096 4095 non
1120 4050 1408 4113 possum,
1442 4040 1520 4095 ut
1552 4045 1971 4129 contemnam
1994 4030 2236 4096 damna

229 4118 344 4183 rei
439 4115 806 4182 familiaris.
919 4112 1056 4180 Sed
1121 4116 1473 4198 quominus
1541 4115 1812 4181 omnino
1891 4115 2232 4200 desperem

230 4212 599 4269 sustentor
631 4202 979 4268 obfirmato
1021 4203 1273 4266 animo:
1320 4202 1432 4283 qui
1476 4223 1678 4284 quum
1723 4202 2020 4286 erigatur
2063 4203 2235 4269 bona

228 4310 527 4374 semper
569 4307 687 4371 spe
729 4286 931 4353 nullis
975 4285 1474 4354 difficultatibus
1518 4287 1738 4372 frangi
1781 4295 2015 4373 potest.

433 4375 869 4451 Paraveram,
927 4373 1022 4437 mi
1079 4382 1298 4456 pater,
1356 4372 1724 4458 apologiam
1768 4372 2091 4440 audaculo
2133 4373 2232 4439 illi

223 4665 455 4722 4148.
478 4661 2235 4732 natans-&epistolaepzm‘naemdieeteonuleve-

225 4731 1597 4799 ffltddfflssefflinssuislocismcrffiumr.
1670 4732 2232 4789 &maceca-rata-

225 4820 377 4860 σισιι
415 4802 668 4869 fortasse
701 4815 815 4856 ιιοιι
849 4803 1029 4871 specis
1061 4800 1272 4870 decepti
1314 4816 1492 4871 supra
1526 4800 1758 4856 sedecim
1793 4801 2032 4857 diversis
2064 4804 2234 4857 annis

226 4872 684 4940 odwini-nu,
717 4871 1026 4925 Ιιοιιοοοιο
1059 4870 2116 4952 etmquaesequuntqroliauobisi

225 4941 583 5009 diffidentes
627 4946 894 5008 prom
1001 4954 1030 4993 ο
1082 4939 1440 5007 seposuimus.
1530 4938 1755 4994 Calvisi
1803 4939 1973 4994 editio
2023 4886 2235 4995 num

223 5009 866 5162 grumas:
1006 5007 1683 5132 dwm‘ffiaffl„
1610 5022 1843 5133 quos
1779 5009 2004 5076 praebat
2036 5010 2232 5077 epn'sio·

224 5146 528 5204 αισιῶι·
559 5146 661 5200 hoc
694 5146 920 5201 ordine.-
965 5142 1400 5200 1672-1648.
1437 5144 1577 5200 1002
1613 5174 1678 5186 -
1716 5173 1780 5185 -
1817 5144 1937 5200 709.
2077 5145 2231 5201 ,987

223 5244 312 5259 -
283 5213 527 5338 ο2116.
561 5213 876 5271 masma.
911 5187 2232 5351 -Ioemtfflih-Lmtradinuquamfuu·

438 5283 2080 5424 mwuffoemff‘mmmmmn
2104 5350 2226 5407 987.

1897 424 2688 494 SUPPLEMEN'PUM.

4178 428 4309 492 878

2337 614 2704 800 histrioniro
2734 634 2886 682 uem
2932 635 3235 695 accusas,
3280 615 3455 717 quod
3498 612 3904 700 temporibus
3945 612 4165 681 dubiis
4207 621 4309 682 te-

2336 719 2520 766 mere
2754 701 2828 766 it
2892 701 2963 766 in
3028 722 3463 785 proscenium.
3569 699 3705 767 Sed
3770 721 3974 784 quum
4039 701 4308 767 omnino

2338 721 2651 853 statuens
2629 721 2918 853 ¹⁵0ridere
2960 807 3190 854 omnes
3233 789 3376 853 eius
3420 786 3723 872 ineptias,
3767 785 3944 853 malo
3986 787 4305 853 confiten-

2337 879 2476 937 tem
2532 892 2720 938 reum
2776 872 3023 939 habeas
3066 892 3264 958 quam
3325 871 3677 941 ridiculum
3722 872 4042 940 vanitatis
4085 880 4309 958 patro-

2339 978 2524 1023 num.
2593 957 2990 1043 Quanquam
3026 958 3319 1025 nondum
3354 960 3534 1025 nosti
3571 966 3778 1026 totam
3804 956 4093 1024 fabulam
4128 957 4310 1025 illius

2339 1043 2619 1111 actionis
2676 1055 2944 1111 nostrae
2995 1048 3098 1108 :ml
3152 1044 3511 1145 ῃαρῤησίας.
3593 1043 3846 1111 Verum
3892 1044 4161 1144 ignosce
4202 1045 4305 1110 in-

2341 1129 2681 1195 consultae
2723 1129 2926 1197 buius
2970 1131 3206 1197 aetatis
3250 1130 3593 1211 audaciae,
3653 1130 3796 1196 sive
3923 1131 4060 1196 tius
4106 1140 4307 1196 teme-

2340 1215 2544 1281 ritati.
2613 1214 2751 1282 Sed
2787 1236 2873 1282 ne
2908 1237 3106 1301 qnam
3149 1217 3378 1283 inuras
3417 1227 3647 1282 notam
3691 1216 4074 1283 amb1tiosae
4117 1216 4308 1282 vani-

2341 1302 2519 1367 tatis.
2626 1300 2910 1368 Interim
2972 1305 3301 1369 maximas
3366 1302 3488 1369 tibi
3553 1302 3764 1368 habeo
3843 1302 4090 1401 gratias
4155 1311 4311 1368 tuae

2340 1388 2793 1472 castigationis
2837 1407 3014 1472 ergo.
3108 1392 3411 1474 Agnosco
3476 1388 3569 1473 pii
3635 1387 3934 1490 parentis
3990 1407 4183 1487 curas
4240 1397 4308 1453 et

2340 1472 2655 1540 sollicitos
2716 1473 3011 1540 affectus.
3101 1475 3331 1557 Neque
3389 1495 3546 1542 vero
3609 1495 3731 1541 nos
3794 1473 4009 1558 ignari
4075 1494 4308 1540 sumus

2341 1578 2543 1639 quam
2583 1579 2688 1624 res
2743 1560 2828 1624 sit
2881 1559 3140 1626 solliciti
3185 1560 3379 1644 plena
3422 1561 3670 1626 timoris
3714 1580 3909 1627 annor.
3934 1563 3988 1637 ο)
4075 1558 4306 1659 Quan-

2339 1664 2537 1729 quam
2585 1653 2654 1710 et
2694 1643 2957 1728 publica
3008 1666 3209 1712 causa
3265 1646 3422 1713 facit
3465 1654 3539 1712 ut
3582 1644 3664 1713 de
3709 1655 3773 1711 te
3831 1644 4042 1712 simus
4103 1645 4307 1726 anxii,

2340 1751 2550 1812 quum
2586 1730 2860 1797 insidias
2896 1733 3384 1812 veneficiorum,
3428 1752 3598 1815 quae
3641 1732 3790 1800 istic
3824 1740 4228 1831 grassantur,
4247 1731 4306 1814 ⁴)

2341 1813 2667 1882 audimus.
2737 1817 2929 1883 Nosti
2965 1816 3396 1886 Homericum
3441 1816 3608 1884 illud
3653 1817 3733 1883 de
3770 1815 4124 1883 Antilocho
4166 1818 4309 1902 mol

2339 1899 2460 1986 γὰρ
2518 1900 2613 1966 δίε
2669 1910 2907 1982 ποιμένι
2965 1905 3129 1968 λαῶν
3178 1905 3324 1984 μήτε
3375 1905 3593 1970 πάθοι.
3676 1904 3941 1969 Rursus
4000 1904 4182 1984 vale,
4239 1915 4309 1969 st

2339 1987 2644 2071 precibus
2702 1997 2892 2054 tuum
2950 1988 3370 2058 Resciscam
3427 1988 3716 2056 Domino
3780 1987 4168 2055 commenda
4232 1997 4311 2055 ut

2340 2073 2694 2156 aliquando
2739 2072 2904 2140 liber
2947 2076 3211 2142 evolare
3254 2079 3475 2161 possit.
3504 2079 3556 2148 ⁸)

3593 2213 3777 2277 Tuus
3820 2212 4132 2278 Rochius.

3126 2504 3537 2516 ᾖ*

3216 2757 3409 2831 4144.

2798 2910 3350 2979 BALDUINUS
3388 2910 3828 2979 OALVINO.

2512 3083 4301 3176 EoeLidetiavmiasuaetaliorumneyoiiaattinqit.

2333 3254 2446 3325 (Ex
2484 3254 2801 3310 authentico
2836 3256 3143 3376 exemplaril
3154 3255 3526 3393 Ῑῖοᾶὲοῗὶοἰιὸἶ.
3547 3255 3668 3322 117,
3701 3258 3794 3313 sol.
3812 3256 3898 3329 85,
3932 3261 4054 3314 coll.
4090 3278 4136 3315 c.
4168 3262 4281 3318 eod

2514 3498 2573 3562 A
2622 3495 3095 3581 Monseigneur
3140 3496 3487 3563 Monsieur
3532 3495 4021 3652 DespevilleMil

3814 3604 3856 3649 a
4025 3610 4129 3654 an.

2512 3754 2808 3821 Puderet
2850 3774 2956 3819 me
2997 3753 3424 3820 vehementer
3467 3777 3652 3823 meae
3697 3777 3937 3837 morae
3981 3761 4074 3825 mi
4097 3769 4305 3843 pater,

2335 3841 2471 3908 nisi
2514 3850 2581 3907 et
2626 3848 2918 3907 nostram
2958 3842 3393 3907 cessationem
3428 3851 3725 3909 tueretur
3756 3845 3934 3910 iusta
3967 3848 4305 3914 excusatio

2338 3934 2408 3991 et
2463 3926 2784 4011 pudorem
2844 3925 3201 3992 discuteret
3254 3937 3437 3995 recta
3491 3930 3912 3996 conscientia.
4002 3930 4142 3998 Diu
4196 3955 4304 3999 me

2336 4032 2729 4114 suspensum
2770 4020 3133 4078 tenuerunt
3176 4014 3798 4115 Argentoratenses·
3816 4026 3884 4081 et
3936 4038 4113 4085 nunc
4157 4026 4302 4083 tan-

2338 4097 2488 4163 dem
2534 4098 2619 4163 ab
2661 4098 2742 4165 iis
2786 4099 2902 4163 vix
2946 4098 3302 4182 quidquam
3361 4100 3538 4166 certi
3582 4100 3802 4185 accepi
3845 4112 4106 4185 praeter
4148 4105 4301 4170 tris·

2337 4183 2670 4250 tissimum
2712 4184 3033 4249 nuncium
3075 4186 3320 4251 mortui
3366 4185 3574 4251 nostri
3597 4187 3864 4253 Hem-ici
3884 4192 3934 4266 ¹)
3969 4198 4038 4255 et
4068 4188 4305 4274 lugen-

2335 4269 2424 4335 tis
2471 4269 2709 4337 viduae
2751 4291 2903 4336 cum
2947 4271 3266 4353 orphanis
3309 4271 3552 4338 liberis.
3640 4273 3788 4339 Iam
3845 4294 4005 4341 vero
4049 4275 4303 4358 quomi-

2334 4377 2465 4422 nus
2528 4356 2754 4422 statim
2820 4376 3163 4440 properem
3230 4356 3315 4423 ad
3381 4379 3531 4436 vos,
3598 4361 3863 4426 obstant
3904 4361 4127 4427 fratris
4170 4363 4301 4427 mei

2334 4440 2686 4527 Buryundi
2702 4442 2763 4525 2)
2830 4451 3027 4526 atque
3076 4442 3364 4509 Gallasii
3426 4446 3638 4510 nostri
3694 4445 3986 4530 negotia,
4009 4446 4068 4532 ⁸)
4133 4468 4301 4533 quae

2335 4548 2540 4611 quum
2583 4528 2717 4593 iam
2762 4527 2900 4594 fere
2943 4529 3241 4595 confecta
3282 4529 3421 4596 sint
3454 4537 3522 4596 et
3554 4541 3968 4614 praesentem
4004 4544 4301 4601 nostram

2330 4939 2766 5067 οιᾱειιιυιὸῇςυοο
2796 4953 2922 4995 cers
2954 4957 3007 4996 ο.
3040 4938 3179 4994 1545
3217 4939 3468 4995 Ges-eoae
3500 4940 3782 5010 ορώαιιιι.
3823 4875 4160 5012 (Royan.
4200 4942 4292 4998 151

2331 5007 2490 5065 “N
2540 5075 4296 5162 5)Βι’φιιᾶοοιιιίὀειε1ι“οοιοάιι.λίοήιίηιιοιιιᾼρι·ι7οιι

2331 5144 2564 5271 21²⁴
2630 5146 3778 5272 zare-idaciamretffletiaeseripm.

2456 5075 2903 5423 εῗῖα

2638 5282 4063 5408 Ornatam.azano-cadhunaiu·Galliasodcbat.⁸

2633 5369 2775 5425 quas
2808 5368 2861 5409 ο.
2901 5351 2929 5406 1
3053 5352 3645 5411 Romans-Pariusve
3677 5355 3923 5413 euram
3960 5353 4133 5426 (Βιρο
4153 5354 4297 5426 158.)
