4900 6125
362 409 449 472 ³7
2134 413 2295 478 1561
2345 407 2671 480 OOTOB.
4335 413 4425 479 38

1259 596 1448 668 85⁶1.

809 751 1288 822 OALVINUS
1325 752 1893 828 ORUOIGERO.

543 889 976 990 Blanamtaivi
1019 945 1148 1007 pro
1202 926 1421 992 merito
1487 931 1822 994 tradam
1885 927 2071 1007 docet,
2138 929 2338 996 mira-

371 1010 596 1090 turque
634 1028 759 1091 quo
797 1015 977 1095 pacto
1019 1032 1062 1076 a
1117 1011 1498 1094 quibusdam
1538 1018 1671 1080 tam
1725 1013 2082 1080 humaniter
2122 1033 2339 1097 ncep-

370 1096 481 1161 aas
517 1092 715 1175 fuerit
752 1095 882 1161 imo
927 1097 1218 1165 ecclesiae
1252 1097 1628 1182 praefecta.

371 1266 489 1330 (Ex
523 1266 837 1388 ἷροςηὲῑιο
874 1267 1037 1321 Arch.
1058 1267 1239 1350 Turio.
1258 1268 1406 1350 rut.
1439 1268 1539 1325 vl.
1580 1268 1700 1324 Vol.
1742 1268 1857 1335 168,
1893 1270 2025 1324 olim
2061 1270 2235 1326 Sorin.
2274 1270 2335 1326 B.

372 1350 500 1404 ⁰⁹¹²·
581 1334 1912 1477 ma..z‚sf²¹.·‚.¹}3.‚³3ffi:3.?⁰;.⁸atem}
1934 1339 2097 1476 ¹133
2130 1357 2188 1411 Ρ·

372 1573 680 1641 Eximiae
724 1575 994 1659 pietatis
1037 1584 1104 1643 et
1148 1574 1484 1644 doctrinae
1526 1579 1674 1644 viro
1716 1579 1802 1644 D.
1852 1577 2065 1645 Felici
2110 1576 2334 1647 Cruci-

374 1680 535 1746 gero
584 1661 853 1745 eiusque
908 1662 1174 1747 collegis
1217 1664 1637 1730 ecclesiarum
1698 1665 1975 1731 minoris
2022 1664 2338 1733 Poloniae

785 1745 934 1815 fidis
977 1749 1350 1832 pastoribus
1394 1758 1463 1815 et
1504 1750 1845 1817 ministris.
1868 1755 1922 1834 ¹)

551 1916 730 2000 Quid
779 1916 1132 1986 Stancarus
1184 1920 1552 2005 profecerit,
1612 1921 1848 2005 quibus
1892 1941 2012 1988 vos
2057 1941 2339 2007 gravare

375 2004 666 2070 tentavit
742 2005 1110 2084 calumniis,
1192 2028 1276 2072 ex
1355 2026 1672 2090 responso
1753 2015 1977 2074 nostro
2044 2016 2336 2091 apparet.

370 2088 576 2156 Nobis
619 2099 795 2158 certe
838 2112 1177 2175 nunquam
1219 2091 1439 2158 fuistis
1475 2094 1778 2175 suspecti.
1861 2092 1997 2160 Sed
2035 2094 2191 2176 quia
2224 2114 2341 2160 vo·

374 2176 481 2242 bis
546 2176 762 2243 visum
827 2184 930 2243 est
985 2199 1293 2263 purgare,
1364 2179 1422 2243 si
1487 2176 1647 2262 quid
1712 2187 2100 2264 conceptum
2166 2186 2341 2246 esset

369 2263 778 2345 suspicionis,
832 2261 1117 2329 libenter
1169 2262 1642 2330 confessionem
1701 2283 1741 2329 a
1800 2265 1983 2332 vobis
2024 2265 2340 2349 scriptam

372 2347 855 2430 amplectimur,
901 2350 1054 2433 quia
1099 2349 1242 2415 eius
1286 2350 1579 2417 brevitas
1622 2350 1792 2415 nihil
1849 2351 2052 2417 habet
2103 2350 2339 2418 obscu-

371 2453 527 2499 rum
586 2433 691 2499 vel
745 2434 1145 2520 ambiguum.
1233 2435 1375 2502 Nec
1436 2455 1589 2501 vero
1648 2436 2020 2502 timendum
2064 2438 2204 2515 fuit,
2250 2457 2337 2503 ne

369 2517 528 2584 ullis
567 2519 853 2585 sinistris
887 2520 1265 2588 rumoribus
1288 2542 1329 2586 a
1353 2521 1538 2587 vobis
1567 2520 2027 2588 alienaremur.
2089 2521 2338 2590 Sancta

366 2605 577 2690 igitur
618 2613 884 2672 maneat
923 2607 1101 2672 inter
1144 2626 1265 2673 nos
1309 2607 1700 2687 coniunctio,
1746 2628 2020 2692 eamque
2042 2607 2219 2674 ultro
2242 2608 2335 2675 ci-

366 2699 601 2775 troque
635 2691 929 2757 fraterna
962 2692 1423 2759 benevolentia
1456 2693 1768 2760 colamus.
1848 2693 2075 2762 Unum
2111 2702 2336 2761 tamen

368 2796 508 2842 non
563 2777 921 2855 dissimulo,
982 2797 1093 2843 eos
1154 2779 1268 2861 qui
1324 2785 1462 2843 tam
1523 2778 1906 2846 humaniter
1971 2779 2335 2864 Georgium

367 2860 804 2929 Blandratam
862 2873 1285 2948 exceperunt,
1303 2866 1362 2944 ²)
1419 2883 1655 2949 parum
1712 2866 1913 2932 fuisse
1979 2873 2205 2931 cautos
2269 2873 2338 2931 et

493 2948 697 3029 vidos,
741 2957 807 3014 et
848 2949 1023 3015 male
1073 2949 1481 3017 consuluisse
1524 2958 1785 3017 vestrae
1840 2952 2333 3018 existimationi.

449 3034 594 3121 agis
654 3035 854 3102 etiam
908 3036 1115 3102 miror
1173 3035 1489 3120 quosdam
1590 3037 1896 3104 rimariae
1954 3038 2335 3105 autoritatis

364 3121 553 3187 viros
607 3120 902 3205 graviter
955 3121 1217 3201 offendi,
1273 3121 1447 3207 quod
1505 3123 1552 3188 li
1598 3145 1708 3190 ere
1762 3124 2100 3190 hominem
2156 3124 2334 3190 dete-

366 3208 583 3272 xerim
628 3217 703 3273 ut
747 3228 1010 3274 necesse
1054 3217 1214 3274 erat.
1298 3210 1397 3275 Ac
1439 3231 1525 3274 ne
1568 3210 1815 3293 putetis
1849 3217 2098 3275 temere
2134 3208 2336 3276 fuisse

367 3291 729 3443 ffliidquam
785 3313 826 3358 a
876 3314 983 3359 me
1041 3293 1384 3374 creditum,
1445 3294 1825 3362 historicam
1888 3296 2335 3361 narrationem

416 3378 635 3458 ‘ctavi,
672 3399 839 3462 quae
874 3400 992 3447 vos
1027 3380 1318 3445 omnium
1356 3381 1667 3447 certiores
1687 3380 1953 3449 faceret.
1980 3384 2035 3461 ⁸)
2090 3382 2335 3448 'l'acere

366 3485 531 3532 vero
574 3465 645 3529 in
694 3474 878 3530 tanto
926 3472 1144 3531 vestro
1191 3465 1569 3532 discrimine
1612 3466 1716 3533 fas
1761 3488 1894 3532 non
1939 3467 2084 3546 fuit,
2129 3488 2334 3550 quum

366 3549 810 3636 intelligerem
875 3551 1105 3635 lupum
1163 3571 1296 3617 non
1352 3552 1544 3618 modo
1603 3554 1674 3617 in
1732 3552 1905 3618 ovile
1971 3551 2335 3619 admissum

368 3635 593 3716 fuisse,
653 3635 771 3701 sed
824 3638 1057 3704 ovibus
1115 3636 1345 3703 datum
1404 3659 1548 3704 esse
1605 3637 1962 3704 custodem.
1983 3643 2039 3715 ⁴)
2140 3638 2334 3705 Nunc

368 3730 596 3788 tamen
639 3722 697 3788 si
739 3724 1122 3806 resipiscere
1159 3725 1228 3788 in
1279 3722 1499 3789 animo
1557 3722 1798 3789 habeat
1832 3722 2216 3803 Blandrata,
2263 3744 2335 3790 re

368 3807 512 3893 ipsa
569 3806 993 3875 demonstret.
1097 3808 1293 3891 Quod
1350 3810 1408 3876 si
1469 3808 1634 3874 mihi
1691 3809 2098 3876 reconciliari
2152 3810 2332 3889 velit,

368 3893 714 3979 ignoscere
754 3901 1028 3979 paratus
1071 3915 1239 3973 sum,
1284 3895 1481 3963 simul
1524 3914 1601 3960 ac
1643 3904 1973 3960 mutatum
2015 3894 2218 3962 fuisse
2262 3896 2333 3961 in

366 3980 607 4046 melius
649 4000 1032 4065 cognovero.
1120 3979 1255 4047 Sed
1317 3980 1604 4065 profecto
1659 3981 1845 4048 vobis
1888 3980 2129 4060 illudit,
2174 3982 2331 4047 dum

368 4086 438 4132 se
494 4063 771 4151 indigne
839 4065 1217 4133 traductum
1281 4066 1485 4132 fuisse
1551 4066 1989 4150 conqueritur.
2097 4065 2277 4149 Quid
2295 4067 2329 4131 Ῥ

370 4172 573 4235 quum
609 4152 847 4218 scirem
882 4152 1103 4236 impiis
1126 4152 1377 4218 deliriis
1406 4151 1753 4231 imbutum,
1799 4173 1888 4218 an
1930 4173 2065 4217 non
2100 4152 2334 4220 fuisset

537 4237 801 4304 ‘torium
866 4238 947 4304 ds
1011 4246 1194 4304 tanto
1256 4237 1546 4322 periculo
1591 4260 1706 4304 vos
1764 4259 1897 4304 non
1963 4258 2333 4306 commone-

602 4322 637 4386 ?
726 4322 1042 4390 Sincerae
1086 4344 1243 4409 ergo
1286 4322 1369 4389 de
1410 4323 1623 4390 salute
1679 4332 1907 4390 vestra
1947 4323 2328 4391 sollicitudi-

368 4408 473 4476 nis
515 4408 808 4476 officium
843 4410 1161 4493 praestiti,
1206 4410 1397 4475 cuius
1434 4429 1772 4494 nunquam
1804 4431 1912 4476 me
1947 4411 2325 4493 poenitebit.

367 4492 624 4574 Valete,
661 4496 1074 4579 integerrimi
1132 4496 1368 4562 fratres
1412 4504 1478 4561 et
1521 4518 1605 4561 ex
1649 4498 1872 4562 animo
1915 4495 2083 4562 mihi
2125 4497 2327 4564 caris-

368 4580 537 4647 simi.
626 4581 956 4647 Dominus
997 4580 1186 4647 vobis
1231 4580 1421 4660 adsit,
1466 4602 1585 4648 vos
1628 4580 1954 4667 gubernet
2009 4602 2084 4650 ac
2139 4590 2324 4649 tuea-

365 4673 479 4733 tur
518 4674 857 4751 perpetuo.
945 4671 1004 4732 9.
1041 4666 1351 4735 Octobris
1400 4670 1586 4733 1561.

368 4836 1402 4973 magnave-..tapsum

569 4975 634 5101 Ξ)

666 4906 1727 5032 Ἠσεέωψαάᾙαάιίοῠᾶη.

378 5044 779 5186 ymnum.
825 5044 2328 5116 mmtmfflfflmiamfflmcfimaa

1138 5290 1555 5301 -———-—-——

3311 597 3508 670 8⁵⁶2.

2563 752 3039 823 OALVINUS
3093 752 3574 823 mms'rms
3619 749 4275 823 VILNENSIBUS.

2619 925 2798 994 Satis
2842 925 3166 1006 ἀποτόμως
3207 945 3312 993 eos
3352 945 3468 993 8¹60
3506 924 3878 993 Blandrata
3913 924 4192 1011 gaudere
4234 925 4405 993 iubet

2441 1269 2558 1331 (Ex
2591 1269 2908 1339 apographo
2943 1269 3107 1324 Arch.
3148 1270 3331 1326 Turio.
3378 1268 3526 1325 Plut.
3578 1267 3672 1323 vL
3722 1268 3847 1325 vol.
3883 1266 4002 1330 168.
4049 1269 4182 1323 olim
4229 1267 4405 1323 Seria.

2440 1337 2508 1391 B.
2544 1338 2688 1408 Epp.
2724 1339 2874 1392 Tom.
2911 1336 2998 1406 25,
3030 1337 3124 1393 101.
3163 1337 3282 1395 129.
3321 1337 3534 1393 Simler.
3571 1337 3701 1392 Vol.
3747 1335 3870 1392 102.
3917 1366 3984 1378 -
4027 1337 4222 1391 Edidit
4265 1340 4410 1392 Besa

2442 1406 2579 1463 Gen.
2602 1424 2656 1476 p.
2696 1405 2813 1474 258,
2848 1406 3009 1464 Laus.
3043 1424 3099 1478 p.
3117 1405 3240 1475 534,
3277 1406 3566 1546 Ηριιιιιιέἰῐῖ.
3585 1404 3707 1476 600,
3744 1405 3959 1461 Ohouet
3990 1423 4045 1477 p.
4070 1403 4191 1470 353,
4226 1405 4403 1460 Amet.

2615 1644 2810 1728 Quod
2867 1644 2948 1713 de
3002 1646 3297 1713 caritatis
3355 1654 3589 1712 mutuo
3663 1645 3837 1711 inter
3904 1665 4026 1711 nos
4091 1645 4409 1713 colendae

2440 1731 2659 1798 studio
2702 1731 3004 1812 scribitis,
3032 1731 3080 1818 ¹)
3116 1732 3397 1798 libenter
3432 1730 3822 1816 amplector:
3861 1751 3938 1797 ac
3971 1730 4120 1815 piae
4143 1740 4407 1799 vestrae

2442 1817 2872 1885 admonitioni
2914 1838 3163 1883 morem
3221 1838 3449 1903 gerere
3502 1824 3776 1901 paratus
3833 1837 4066 1894 essem,
4124 1818 4182 1884 si
4237 1817 4410 1884 mihi

2441 1905 2616 1970 iusta
2659 1905 2829 1970 ratio
2873 1924 2914 1969 a
2957 1904 3144 1971 vobis
3188 1903 3765 1987 praescriberetur,
3810 1900 4134 1987 quomodo
4176 1922 4410 1970 recon-

2440 1989 2652 2056 ciliari
2696 2009 2802 2055 me
2845 1997 3145 2074 oporteat
3186 2010 3342 2055 cum
3391 1988 3684 2074 Georgio
3736 1987 4125 2055 Blandrata.
4211 1988 4408 2071 Quod

2440 2077 2565 2141 sub
2608 2095 2892 2160 persona
2932 2074 3372 2142 Illustrissimi
3416 2075 3629 2142 Ducis
3669 2074 3960 2142 Palatini
4011 2073 4334 2141 Wneneis
4350 2077 4410 2154 ²)

2440 2182 2560 2228 vos
2602 2182 2832 2227 omnes
2867 2161 3172 2227 hortatus
3205 2182 3352 2227 sum
3391 2160 3476 2226 ad
3510 2159 3877 2229 cavendam
3912 2159 4096 2225 illam
4131 2167 4408 2244 pestem,

2442 2246 2738 2332 graviter
2781 2246 2997 2313 fuistis
3050 2247 3320 2314 offensi:
3367 2246 3533 2312 mihi
3591 2256 3771 2313 certe
3813 2244 3993 2312 dolet
4033 2246 4324 2312 officium
4368 2268 4410 2314 a

2440 2334 2697 2400 sincero
2756 2334 2967 2399 vestri
3021 2352 3243 2398 amore
3296 2333 3669 2417 profectum
3725 2341 3793 2398 st
3833 2333 3947 2416 pia
3988 2331 4219 2398 salutis
4263 2353 4409 2399 ves·

2441 2425 2585 2485 trae
2630 2437 2792 2485 cura
2833 2438 2968 2483 non
3013 2418 3357 2502 placuisse.
3439 2416 3577 2485 Sed
3611 2417 3772 2502 quid
3805 2417 4133 2484 facerem?
4174 2417 4410 2484 saltem

2442 2505 2794 2571 defunctus
2860 2522 3041 2570 sum:
3122 2525 3245 2571 nec
3312 2525 3418 2571 me
3484 2522 3774 2589 unquam
3841 2502 4205 2588 poenitebit
4268 2505 4411 2572 eius

2443 2590 2846 2669 offensionis,
2906 2610 3106 2673 quam
3162 2588 3325 2655 mihi
3382 2609 3643 2657 summa
3698 2589 4054 2656 necessitas
4096 2590 4411 2655 iniunxit.

2442 2677 2676 2761 Magni
2719 2675 2910 2743 vobis
2968 2683 3070 2742 est
3112 2676 3511 2742 existimatio
3554 2674 3982 2742 Blando-atae:
4037 2674 4193 2757 quia
4234 2675 4408 2741 inte·

2442 2761 2809 2847 gerrimum
2852 2761 3074 2828 virum
3120 2782 3263 2827 esse
3304 2761 3718 2847 cognoscitis,
3763 2780 3887 2826 nec
3931 2759 4129 2826 ullius
4163 2761 4410 2829 erroris

2443 2855 2846 2931 suspectum.
2935 2846 3118 2929 Quid
3183 2856 3408 2913 autem
3467 2847 3550 2913 de
3608 2846 3753 2931 ipso
3806 2846 4067 2930 publice
4124 2853 4408 2915 testatus

2442 2933 2590 3012 sim,
2636 2933 2924 2999 ostendit
2983 2932 3307 3016 praefatio
3350 2933 3432 2999 de
3476 2954 3609 3018 qua
3650 2953 3910 2999 mecum
3953 2954 4036 2998 ex
4159 2932 4405 2999 tulatis.

2443 3018 2586 3086 Etsi
2643 3018 2834 3087 vobis
2893 3039 3024 3085 non
3086 3029 3186 3086 est
3243 3028 3605 3103 suspectus,
3651 3017 3846 3103 plane
3886 3040 4014 3103 apu
4105 3038 4213 3085 me
4252 3038 4408 3086 con·

2441 3106 2657 3172 victus
2700 3114 2819 3184 est,
2877 3105 3011 3172 imo
3054 3125 3275 3172 coram
3319 3104 3446 3173 hac
3488 3104 3779 3172 ecclesia.
3870 3103 4044 3171 Mihi
4087 3125 4222 3172 non
4265 3126 4407 3171 cre-

2442 3191 2619 3271 ditis,
2664 3212 2783 3258 cur
2826 3212 2949 3277 ego
2985 3193 3202 3275 potius
3248 3190 3434 3258 vobis
3480 3190 3789 3257 credam?
3834 3190 4126 3257 Multum
4160 3190 4409 3258 scilicet

2439 3276 2628 3344 vobis
2671 3277 2789 3342 otii
2844 3286 2964 3356 est,
3024 3287 3102 3343 ut
3153 3275 3438 3364 synodos
3480 3278 3734 3362 cogatis
3774 3276 3860 3343 ob
3903 3277 4070 3344 tales
4112 3276 4408 3361 quisqui-

2440 3362 2586 3429 lias.
2676 3360 2812 3429 Sed
2868 3361 3272 3429 Blandratae
3328 3362 3726 3430 excellentia
3780 3384 3905 3429 vos
3948 3370 4199 3429 movet:
4256 3363 4414 3447 quia

2438 3447 2756 3514 horribile
2801 3448 3185 3515 scandalum
3241 3457 3569 3528 nascetur,
3626 3450 3684 3515 si
3742 3448 4098 3534 confligere
4146 3469 4409 3516 mecum

2435 3534 2766 3685 incipiat}i
2812 3535 2992 3619 Ergo
3056 3554 3189 3684 ιιοᾶι
3234 3535 3535 3686 guiguo
3590 3533 3758 3685 {emt
3823 3555 4059 3618 operae
4117 3533 4406 3685 pretini?

2435 3639 3254 3790 §3522¹032⁰2‘'13u3⁰31120
3299 3641 3532 3791 {offis
3549 3640 4405 3773 5¹.z.”⁰53ffl?¹2¹3.;

2436 3812 2624 3858 secus
2689 3798 2890 3875 atque
2955 3790 3268 3876 angelum
3333 3812 3370 3859 e
3433 3791 3614 3859 coelo
3659 3790 4019 3876 delapsum.
4124 3792 4403 3858 Vestras

2436 3877 2697 3944 delitias
2741 3877 3015 3943 minime
3056 3878 3245 3944 vobis
3285 3876 3577 3945 invideo:
3664 3875 3943 3944 Summo
3978 3877 4180 3943 etiam
4215 3883 4292 3943 ut
4328 3878 4405 3945 in

2435 3963 2648 4046 pretio
2698 3962 2788 4028 sit
2845 3962 3024 4047 apud
3080 3983 3221 4043 vos,
3278 3983 3400 4047 per
3458 3984 3567 4029 me
3624 3963 3807 4029 licet:
3869 3963 4062 4029 modo
4103 3963 4401 4031 vicissim

2433 4069 2557 4132 pro
2610 4057 2835 4116 vestra
2890 4049 3219 4133 aequitate
3274 4048 3444 4114 mihi
3486 4049 3887 4134 permittatis
3945 4070 4081 4115 non
4125 4050 4397 4131 nescire,

2434 4134 2610 4218 quod
2664 4133 2838 4217 apud
2895 4155 3016 4201 nos
3058 4134 3365 4201 omnibus
3408 4137 3570 4203 satis
3612 4156 3938 4220 superque
3983 4144 4397 4220 compertum

2433 4228 2554 4288 est.
2627 4220 2708 4287 Si
2743 4221 3040 4304 asperius
3076 4220 3323 4306 loquor,
3360 4241 3479 4287 vos
3509 4243 3615 4288 me
3659 4221 3968 4306 coegistis
4037 4222 4395 4290 anterum

2432 4314 2510 4371 ut
2547 4307 2767 4373 sciatis
2802 4306 3152 4373 immodica
3184 4305 3601 4391 quorundam
3634 4306 3951 4374 facilitate
3985 4309 4158 4374 male
4196 4307 4397 4374 eccle-

2431 4392 2549 4459 siis
2601 4392 2845 4459 vestris
2887 4394 3092 4459 fuisse
3135 4392 3510 4459 consultum
3554 4393 3794 4478 quibus
3838 4395 4207 4478 praefectus
4248 4392 4397 4471 fuit,

2430 4479 2623 4544 mitto
2691 4479 2892 4546 breve
2978 4479 3293 4545 historiae
3386 4480 3587 4547 totius
3661 4499 3801 4547 com
3892 4480 4152 4547 ndium:
4173 4482 4228 4559 ⁸)
4305 4497 4394 4545 ex

2428 4584 2558 4647 quo
2602 4564 3023 4649 perspicuum
3084 4565 3270 4633 vobis
3313 4566 3447 4644 fiet,
3494 4565 3625 4633 nisi
3666 4566 3787 4632 infi
3833 4565 4026 4633 eliter
4067 4573 4133 4631 et
4175 4562 4394 4650 prodi·

2425 4853 3001 4925 awannam&
3073 4855 3250 4911 Mare.
3290 4855 3618 4913 Οηώοοᾶιιο
3659 4858 3977 4927 moisem
4020 4854 4390 4911 &manama-

2425 4926 2567 4983 ierat
2600 4926 2744 4981 idm
2778 4932 2830 4981 et
2862 4925 2968 4980 has
2998 4923 3372 4981 &Paionion
3585 4924 3968 4995 am'tffleoim‘o‘,
3991 4922 4146 4992 Epic.
4169 4940 4225 4994 p.
4242 4921 4393 5007 185)ζ

2514 4995 2525 5009 ⁶
3119 4999 3271 5050 errat
3320 5011 3393 5065 qn
3521 4994 3792 5065 modun
3840 4992 4250 5049 &aecum
4294 5008 4392 5049 cu·

3071 5102 3085 5117 '
3177 5078 3217 5183 ‚²
3262 5064 3493 5188 m
3500 5081 3686 5188 130⁶oe
3731 5064 3862 5185 “i-⁸⁸⁰
3901 5062 4051 5186 m..
4070 5059 4389 5186 2³⁹1&

2425 5200 2527 5257 IV.
2568 5200 2668 5257 167
2698 5201 2921 5283 fallitur
2953 5202 3017 5255 iu
3050 5201 3262 5271 synodo
3294 5201 3635 5270 defim‘euda:
3668 5198 3795 5256 m‘de
3827 5198 3907 5253 ad
3939 5198 4005 5251 N.
4039 5197 4193 5256 3508.
