4900 6125
275 433 387 497 329

271 615 597 695 troversia,
642 637 724 683 ex
768 617 1005 701 quibus
1048 616 1310 699 scriptis
1352 614 1545 682 avide
1586 617 1700 682 isti
1742 616 2059 700 quaedam
2105 637 2212 682 ar-

269 704 638 785 ripuerunt,
716 712 784 768 et
834 723 955 786 pro
1010 701 1326 768 firmitate
1382 722 1653 769 caussae
1709 722 1866 767 suae
1921 702 2215 785 amplexi

269 795 431 855 sunt.
516 787 598 852 In
666 808 744 853 eo
805 787 1112 855 videlicet
1174 786 1332 853 dum
1399 786 1661 854 dicunt:
1749 788 1826 853 Si
1890 787 1973 854 de
2018 787 2215 854 rebus

268 874 418 958 ipsis
481 874 865 940 conveniret
881 925 897 954 ,
965 893 1098 939 non
1158 873 1374 939 multa
1426 882 1601 940 esset
1651 874 1982 939 contentio
2041 875 2218 939 inter

265 968 478 1044 partu
515 959 596 1024 de
634 959 871 1037 verbis,
917 980 1154 1043 nempe
1194 958 1276 1024 de
1309 957 1534 1025 Verbo
1567 959 1931 1036 Trinitatis,
1968 960 2214 1026 Essen-

265 1047 420 1122 tiae,
464 1044 798 1110 Personae
816 1096 832 1123 ,
877 1045 1510 1111 Oommunicationis
1568 1043 1966 1111 Idiomatum
1983 1096 1999 1123 ‚
2065 1065 2214 1128 pro-

263 1130 575 1214 prietatis,
608 1130 965 1207 relationis,
1002 1141 1071 1196 et
1104 1129 1171 1195 id
1207 1151 1437 1215 genus.
1502 1129 1687 1212 Quas
1722 1151 1951 1197 omnes
1985 1131 2213 1213 loquu-

262 1216 466 1283 tiones
499 1217 610 1281 isti
644 1214 1120 1300 quodammodo
1153 1217 1424 1283 reiicere
1458 1227 1527 1283 et
1559 1215 1855 1282 fastidire
1888 1215 2213 1294 videntur,

261 1300 428 1384 quod
469 1302 721 1368 scilicet
763 1323 898 1368 non
962 1303 1372 1385 reperiantur
1430 1301 1504 1366 in
1547 1301 1932 1385 Scripturis.
2020 1299 2215 1383 Quod

259 1407 410 1453 vero
449 1387 532 1454 de
575 1386 773 1453 rebus
814 1387 977 1471 ipsis
1018 1388 1385 1466 conveniat,
1429 1388 1825 1454 firmissimis
1879 1409 1963 1452 ex
2007 1387 2211 1472 scrip·

257 1486 406 1538 tura
460 1471 761 1539 adductis
825 1473 1220 1539 testimoniis
1287 1473 1711 1557 comprobare
1774 1483 1841 1539 et
1908 1473 2213 1539 evincere

257 1568 595 1642 satagunt,
656 1566 885 1624 tenere
927 1580 998 1624 se
1041 1570 1109 1624 et
1151 1559 1459 1642 amplecti
1501 1579 1732 1626 verum
1779 1557 1932 1624 fidei
1976 1558 2209 1623 funda-

254 1653 570 1710 mentum.
658 1643 913 1709 Dicunt
974 1646 1152 1709 enim
1217 1653 1410 1710 extra
1471 1645 1742 1710 Patrem
1762 1695 1776 1720 ‚
1843 1644 2090 1709 Filium
2145 1651 2213 1710 et

253 1728 579 1813 Spiritum
621 1728 944 1796 Sanctum
1000 1751 1133 1796 non
1191 1751 1336 1796 esse
1406 1728 1860 1796 somniandam
1920 1730 2211 1812 aliquam

252 1814 645 1880 Divinitatis
668 1815 1043 1881 Essentiam
1079 1836 1493 1882 communem
1529 1816 1772 1882 tribus:
1820 1816 1934 1882 sed
1955 1815 2206 1880 Filium

251 1897 378 1965 Dei
423 1901 869 1984 generatione,
893 1900 1218 1985 Spiritum
1264 1922 1422 1967 vero
1444 1901 1767 1968 Sanctum
1800 1902 2210 1985 processione

251 1987 575 2068 accepisse
595 1986 759 2051 illud
783 1995 995 2052 totum
1018 1987 1323 2071 quicquid
1347 1995 1504 2053 sunt
1526 1988 1799 2064 aPatre,
1822 2006 1899 2052 ac
1921 1987 2208 2070 primum

251 2072 516 2153 quidem
583 2072 911 2155 accepisse
973 2092 1085 2138 eos
1138 2074 1347 2156 ipsam
1391 2073 1713 2138 Naturam
1735 2123 1750 2150 ,
1806 2072 2206 2151 Essentiam‚

249 2177 362 2222 seu
405 2158 477 2222 in
521 2157 670 2240 ipsa
701 2156 1073 2223 Divinitate
1115 2157 1628 2235 subsistentiam,
1675 2178 1751 2223 ac
1794 2157 1957 2224 adeo
1991 2159 2204 2241 ipsum

247 2262 390 2308 esse
433 2262 666 2308 suum:
712 2242 948 2309 deinde
982 2264 1208 2327 parem
1244 2264 1364 2326 per
1395 2246 1615 2308 omnia
1649 2245 2025 2327 potentiam,
2067 2243 2207 2328 glo-

244 2327 407 2392 riam
429 2378 446 2405 ,
490 2329 932 2408 maiestatem,
978 2350 1097 2413 par
1141 2330 1488 2413 imperium
1511 2378 1529 2407 ,
1571 2349 1901 2411 unamque
1945 2338 2013 2394 et
2053 2348 2206 2393 ean·

246 2411 392 2478 dem
431 2413 869 2480 voluntatem:
909 2415 1270 2480 Aeternum
1296 2414 1543 2479 Filium
1590 2435 1674 2479 ex
1708 2422 1977 2480 aeterno
2005 2413 2207 2481 Patre

242 2508 421 2599 ante·
443 2499 669 2564 omnia
704 2499 930 2598 secula
971 2519 1056 2565 ex
1099 2499 1465 2566 substantia
1507 2500 1758 2579 Patris,
1803 2520 1938 2565 non
1983 2510 2205 2565 autem

239 2604 618 2736 &iffi
650 2605 803 2736 323
840 2585 1721 2748 3323?¹²?.‘;”3„¹²t¹2‘¹ff.1..
1737 2585 2204 2753 ‚‘¹1¹3¹2;‚.?312.⁰

242 2777 406 2823 num
455 2754 536 2822 de
577 2754 726 2822 Deo
769 2755 984 2839 pleno,
1031 2757 1388 2839 perfectum
1436 2756 1517 2821 de
1558 2756 1865 2839 perfecto,
1910 2775 2206 2822 coessen-

239 2842 492 2918 tialem,
537 2842 1109 2926 cosempiternum,
1155 2842 1566 2908 coinfinitum
1599 2851 1672 2925 et
1704 2841 2202 2918 coimmensum,

237 2927 1619 3097 mutastssfflfflaszfflfflffmfflsst.
1640 2927 2204 3080 ffltssssmm

236 3100 607 3176 consuevit,
652 3099 768 3165 sed
812 3120 931 3183 per
973 3101 1199 3164 omnia
1240 3119 1465 3183 parem
1509 3109 1579 3166 et
1611 3099 1954 3183 aequalem
1992 3099 2199 3164 Patri.

235 3184 322 3250 In
365 3206 451 3251 ea
493 3194 714 3251 tamen
758 3185 945 3268 quasi
987 3185 1350 3251 eminentia
1389 3186 1610 3251 Patris
1655 3194 1983 3268 appareat,
2031 3182 2204 3267 quod

236 3269 350 3337 ille
394 3271 487 3337 sit
526 3270 875 3355 ingenitus,
924 3281 992 3335 et
1035 3290 1076 3335 a
1118 3291 1190 3335 se
1232 3270 1406 3353 ipso,
1451 3291 1528 3335 ae
1569 3292 1653 3336 ex
1696 3291 1768 3335 se
1810 3271 1956 3352 ipso
1995 3270 2202 3336 Deus.

233 3355 461 3422 Filius
515 3376 671 3421 vero
715 3376 798 3421 ex
853 3355 1223 3421 substantia
1264 3376 1382 3421 seu
1427 3355 1770 3433 Essentia,
1828 3354 2085 3420 Natura
2126 3374 2203 3420 ac

235 3442 615 3508 Divinitate
657 3440 882 3507 Patris
925 3442 1214 3524 genitus:
1301 3441 1394 3506 Et
1446 3440 1619 3524 quod
1662 3441 1875 3506 Filius
1916 3442 2007 3507 sit
2045 3440 2204 3505 mis-

234 3549 371 3606 sus,
422 3546 558 3592 non
600 3526 821 3592 Pater.
908 3526 1123 3591 Filius
1162 3527 1561 3605 incarnatus,
1605 3547 1738 3592 non
1781 3527 2000 3592 Pater.

415 3612 866 3695 Arripuerunt
906 3621 975 3679 et
1014 3611 1181 3678 illud
1225 3632 1310 3678 ex
1350 3611 1571 3678 libello
1608 3611 1947 3679 Oensurae
1981 3611 2204 3678 Eccle·

237 3700 526 3776 siarum,
580 3695 756 3780 quod
798 3718 883 3762 ex
927 3697 1206 3764 Graecis
1250 3698 1677 3782 scriptoribus
1719 3696 1995 3762 affertur
2012 3748 2027 3775 ,
2075 3698 2204 3762 Pa-

235 3794 413 3850 trem
460 3803 605 3849 esse
648 3784 1062 3867 Principium
1106 3782 1265 3849 Filii
1309 3796 1377 3849 et
1410 3782 1703 3867 Spiritus
1739 3782 1987 3849 Sancti.
2052 3781 2203 3848 Non

235 3868 507 3951 quidem
552 3868 936 3952 intelligunt
976 3869 1370 3953 principium
1405 3872 1741 3952 temporis,
1786 3868 1901 3935 sed
1936 3888 2205 3952 genera-

236 3956 446 4021 tionis
507 3956 576 4019 in
621 3954 830 4033 Filio,
892 3966 962 4021 et
1024 3954 1458 4037 processionis
1521 3956 1591 4019 in
1637 3954 1893 4038 Spiritu
1939 3954 2202 4021 Sancto.

235 4044 343 4107 Ac
389 4038 548 4105 inde
589 4040 836 4105 inferre
877 4051 947 4105 et
986 4039 1375 4106 concludere
1418 4050 1740 4106 conantur
1764 4092 1780 4118 ,
1842 4039 2015 4124 quod
2056 4041 2204 4106 Deo

231 4125 434 4191 Patri
489 4136 835 4209 propterea
887 4126 962 4191 in
1006 4124 1368 4208 Scripturis
1409 4126 1628 4193 Unius
1673 4126 1799 4192 Dei
1857 4146 2206 4210 praeroga·

234 4214 380 4277 tiva
439 4232 555 4277 seu
614 4210 1132 4294 praeeminentia
1194 4230 1272 4278 ac
1336 4211 1689 4295 appellatio
1731 4212 2058 4281 tribuatur
2097 4232 2204 4276 ra-

235 4298 424 4363 tione
468 4298 728 4380 paterni
771 4298 1089 4376 nominis,
1145 4305 1457 4380 tanquam
1503 4298 1734 4375 autori,
1777 4298 1889 4380 qui
1935 4297 2093 4362 Filii
2138 4307 2207 4362 et

231 4383 539 4467 Spiritus
605 4382 838 4449 Sancti
900 4384 989 4449 sit
1054 4383 1446 4466 principium
1514 4396 1712 4466 atque
1776 4403 2026 4449 caussa.
2114 4383 2208 4449 Et

233 4469 415 4553 quod
462 4468 677 4534 Filius
721 4480 789 4534 et
830 4468 1121 4552 Spiritus
1164 4466 1456 4535 Sanctus
1499 4490 1581 4534 ex
1627 4469 1844 4547 Patre,
1889 4479 2202 4552 tanquam

230 4555 638 4621 Divinitatis
680 4554 1102 4639 scaturigine,
1142 4569 1538 4637 acceperunt
1565 4567 1874 4619 naturam
1896 4575 2014 4620 seu
2051 4555 2206 4620 sub-

232 4640 615 4706 sistentiam
675 4660 860 4705 suam
921 4660 1000 4706 ac
1041 4637 1203 4704 adeo
1246 4640 1409 4705 illud
1464 4638 1774 4723 quicquid
1816 4654 2005 4718 sunt,
2072 4661 2205 4705 non

229 4726 451 4792 Pater
493 4724 576 4791 ab
619 4724 769 4790 illis.
841 4726 933 4791 Et
973 4734 1321 4809 propterea
1362 4724 1549 4791 illum
1593 4746 1635 4790 a
1677 4746 1749 4791 se
1788 4726 1932 4809 ipso
1967 4726 2204 4803 Deum,

229 4811 495 4877 Filium
542 4830 775 4877 verum
819 4811 1039 4877 Deum
1084 4810 1166 4876 de
1211 4812 1354 4876 Deo
1394 4822 1464 4875 et
1498 4810 1824 4895 Spiritum
1861 4809 2204 4889 Sanctum,

231 4896 575 4981 Spiritum
614 4895 764 4973 Dei,
808 4895 935 4963 hoc
979 4908 1097 4975 est,
1134 4897 1376 4975 Patris,
1415 4895 1762 4963 dicendum
1806 4917 1950 4963 esse
1984 4898 2206 4961 existi·

229 4994 451 5049 mant.
552 4982 947 5064 Quanquam
1021 4992 1090 5047 et
1142 4980 1467 5066 Spiritum
1522 4982 1776 5049 Ohristi
1854 4983 2205 5049 dicendum

229 5090 392 5220 aaa
435 5080 890 5219 Ἐρχιρξίἰιὲι,
947 5080 1022 5132 ut
1072 5069 1357 5219 ἣξει-1η
1397 5089 1551 5218 Θ(ἑιιο
1593 5068 1922 5220 ἰέιᾶιαδίωτ
1989 5069 2202 5219 BIS-lni-

361 5174 406 5219 ο
517 5175 680 5220 mm
878 5173 1074 5238 corpo
1311 5203 1330 5232 ,
1517 5176 1608 5237 qu
1748 5174 1953 5237 aeque
2125 5176 2206 5220 us

227 5241 468 5305 mittat
509 5240 836 5323 Spiritum
928 5240 1304 5316 aracletum,
1349 5241 1520 5306 sicut
1560 5254 1628 5305 et
1671 5241 1891 5305 Pater.
1978 5240 2072 5305 Et
2108 5241 2204 5307 sic

227 5324 688 5393 Divinitatem
730 5346 855 5392 ean
902 5346 1006 5392 em
1049 5326 1118 5392 in
1163 5325 1468 5392 omnibus
1503 5327 1732 5405 tribus,
1778 5345 1944 5410 quae
1980 5336 2202 5392 tamen

2074 433 2240 497 1564
2281 428 2468 496 IUL.

4144 431 4271 494 330

2316 637 2449 682 non
2494 616 2803 684 Essentia
2853 615 3072 699 aliqua
3113 623 3431 682 extranea
3491 615 3860 682 eommunis
3899 615 4110 682 tribus
4164 616 4269 695 sit,

2317 700 2432 768 sed
2478 701 2651 786 quod
2694 702 2896 768 Pater
2938 701 3332 785 principium
3379 710 3448 767 et
3484 702 3819 787 scaturigo
3851 700 3942 768 sit
3960 699 4268 780 Deitatis,

2317 808 2404 853 ex
2444 809 2578 871 qua
2616 787 2833 854 Filius
2875 789 3297 870 generatione
3339 797 3407 852 et
3448 784 3742 871 Spiritus
3785 786 4074 854 Sanctus
4114 807 4269 871 pro-

2316 875 2612 940 cessione
2654 883 2967 957 tanquam
3010 893 3094 938 ex
3136 872 3721 939 communicatione
3763 879 4040 956 paterna
4073 893 4271 938 suum

2318 979 2463 1024 esse
2534 959 2877 1041 accipiant.
2987 957 3178 1025 Sicut
3230 958 3450 1024 Filius
3512 958 3758 1042 inquit,
3819 958 4043 1023 omnia
4104 957 4269 1024 mihi

2317 1045 2566 1110 tradita
2585 1051 2746 1110 sunt-
2777 1065 2819 1110 a
2840 1045 3041 1110 Patre
3061 1064 3226 1109 meo.
3297 1044 3391 1109 Et
3431 1043 3604 1127 quod
3639 1064 3678 1109 a
3698 1045 3900 1110 Patre
3934 1044 4022 1109 sit
4055 1044 4271 1111 omnis

2317 1131 2681 1213 paternitas
2722 1131 2795 1195 in
2838 1129 3016 1196 coelo
3058 1140 3127 1195 et
3168 1130 3239 1194 in
3284 1141 3478 1195 terra.
4278 1177 4283 1184 -

2488 1215 2713 1281 Allata
2776 1223 3116 1300 praeterea
3181 1236 3318 1281 non
3382 1217 3477 1280 ita
3538 1213 3794 1298 pridem
3858 1223 3960 1281 est
4011 1215 4093 1279 ad
4147 1237 4270 1283 nos

2316 1301 2617 1385 Epistola
2640 1301 3099 1368 Praestantiae
3141 1310 3312 1380 tuae,
3358 1302 3427 1366 in
3471 1321 3603 1384 qua
3645 1300 3761 1366 illa
3783 1301 3984 1367 verba
4024 1301 4271 1385 scripta

2315 1397 2612 1452 exstant:
2706 1387 3046 1464 „Precatio
3067 1386 3267 1470 vulgo
3306 1387 3481 1464 trita,
3505 1385 3754 1453 Sancta
3775 1386 4065 1453 Trinitas
4101 1408 4269 1454 unus

2319 1472 2544 1548 „Deus
2578 1473 2890 1538 miserere
2934 1472 3145 1538 nostri
3163 1518 3178 1547 ,
3222 1471 3387 1537 mihi
3428 1494 3557 1538 non
3604 1471 3835 1555 placet,
3881 1491 3958 1537 ac
4002 1473 4267 1539 omnino

2318 1557 2724 1634 „barbariem
2766 1579 2841 1624 sa
2887 1559 2998 1622 it.“
3088 1557 3169 1622 Id
3212 1555 3383 1640 quod
3439 1559 3640 1623 etiam
3683 1557 3796 1624 isti
3849 1554 4041 1623 avide
4100 1557 4268 1623 arri-

2312 1652 2620 1727 puerunt,
2676 1653 2744 1710 et
2797 1663 2838 1709 a
2938 1643 3319 1709 firmitatem
3378 1663 3645 1708 caussae
3698 1663 3857 1708 suae
3900 1663 4159 1710 sumere
4202 1653 4268 1709 et

2311 1749 2437 1795 usu
2523 1749 2636 1794 are
2699 1728 2933 1794 solent.
3033 1728 3292 1794 Deinde
3356 1737 3424 1794 et
3485 1728 3647 1793 illud
3714 1728 3908 1812 paulo
3970 1728 4266 1809 inferius,

2311 1835 2440 1897 quo
2540 1816 2610 1878 in
2668 1813 3246 1898 reprehensionem
3306 1813 3520 1879 delirii
3566 1813 3982 1881 Stancariani
4038 1814 4268 1880 eadem

2311 1901 2389 1966 P.
2434 1901 2509 1965 T.
2577 1899 2821 1967 ibidem
2881 1900 3072 1966 dicit:
3166 1899 3393 1974 „Unus
3438 1900 3621 1965 Deus
3674 1910 3744 1965 et
3782 1899 3972 1966 Unus
4015 1900 4268 1966 Media-

2315 1996 2477 2064 „tor,
2523 1984 2592 2051 id
2636 1996 2742 2052 est
2774 1987 3084 2052 Trinitas.
3153 1983 3358 2065 Item,
3400 1994 3481 2051 ut
3519 2006 3596 2051 co
3690 1995 3919 2052 escant
3961 1997 4027 2051 te
4061 2007 4268 2052 unum

2318 2070 2608 2152 „Deum,
2651 2071 2721 2137 id
2766 2081 2896 2151 est,
2943 2071 3353 2137 Trinitatem.
3442 2070 3572 2137 Ore
3623 2072 3711 2136 'te
3774 2073 3843 2136 in
3887 2071 4135 2146 Deum,
4202 2072 4268 2136 id

2317 2167 2489 2236 „est,
2558 2160 2625 2223 in
2671 2158 3082 2223 Trinitatem.
3174 2155 3502 2239 Quicquid
3568 2157 3886 2240 petieritis
3952 2178 3991 2223 a
4047 2157 4269 2236 Patre,

2316 2243 2420 2321 „id
2467 2255 2596 2319 est,
2643 2264 2684 2310 a
2726 2243 3072 2320 Trinitate,
3120 2262 3255 2307 non
3299 2240 3494 2308 modo
3539 2253 3850 2326 tanquam
3894 2242 4267 2326 insipidum,

2315 2328 2469 2406 „sed
2513 2329 2932 2412 prophanum
2976 2348 3229 2412 quoque
3273 2327 3755 2478 repudiamus!⁸
3845 2326 4035 2409 Quae
4068 2327 4270 2395 verba

2310 2435 2394 2480 ex
2460 2414 2737 2498 epistola
2778 2415 2856 2480 P.
2902 2414 2977 2479 T.
3044 2414 3156 2479 isti
3219 2414 3329 2478 avi
3377 2434 3414 2479 e
3477 2433 3763 2496 quoque,
3831 2422 3911 2480 ut
3967 2413 4262 2492 dicimus,

2310 2500 2753 2583 arripuerunt.
2828 2502 2929 2565 Ac
2972 2498 3169 2566 velim
3207 2499 3395 2565 nobis
3437 2499 3663 2565 credat
3682 2500 3760 2565 P.
3784 2500 3860 2564 T.
3896 2498 4021 2565 hoc
4054 2519 4265 2584 genus

2309 2584 2636 2670 dogmatis
2698 2586 2830 2651 alte
2872 2584 3127 2651 radices
3168 2585 3381 2668 egisse
3420 2586 3486 2649 in
3534 2585 3850 2652 Polonia:
3916 2586 4267 2669 praecipua

2309 2673 2486 2737 enim
2530 2670 2856 2737 Nobilitas
2913 2681 2980 2736 et
3034 2670 3364 2753 praecipui
3421 2671 3715 2736 Ministri
3772 2670 3964 2737 istam
4019 2675 4263 2755 magno

2306 2757 2544 2840 spiritu
2608 2764 2879 2823 tuentur
2941 2757 3337 2840 opinionem.
3446 2756 3584 2822 Nos
3647 2767 3866 2821 tamen
3945 2755 4264 2823 hactenus

2306 2851 2566 2908 nostros
2629 2842 2968 2908 ministros
3032 2844 3105 2906 in
3168 2842 3381 2906 officio
3460 2842 3923 2907 continuimus.
4010 2842 4263 2908 Eorum

2306 2936 2534 2993 tamen
2592 2927 2880 3011 impulsu
2938 2926 3101 2993 haec
3154 2925 3237 2992 ad
3297 2935 3364 2992 te
3422 2927 3799 3006 scribimus,
3856 2927 3968 3010 qui
4013 2947 4084 2992 se
4127 2947 4264 2992 non

2306 3012 2511 3080 semel
2554 3011 2743 3080 nobis
2767 3011 3209 3091 declararunt,
3255 3011 3426 3078 nihil
3471 3033 3543 3078 se
3585 3014 3713 3080 ista
3753 3032 3985 3079 caussa
4016 3013 4258 3092 videre,

2307 3098 2481 3183 quod
2548 3119 2589 3165 a
2643 3098 3041 3183 Prophetiea
3119 3107 3187 3164 et
3242 3100 3609 3182 Apostoliea
3677 3099 4002 3164 sententia
4015 3149 4031 3178 ‚
4119 3106 4266 3165 tum

2307 3194 2375 3250 et
2416 3203 2459 3247 a
2499 3194 2763 3251 vetusta
2819 3185 3139 3268 puritate,
3185 3195 3255 3250 et
3304 3205 3345 3250 a
3377 3184 3716 3269 principiis
3756 3183 4001 3250 solidae
4044 3184 4263 3251 Theo-

2305 3268 2519 3353 logiae
2561 3269 2904 3336 exorbitet.

2480 3355 2617 3420 Alii
2659 3375 2856 3439 porro
2898 3375 2979 3421 ex
3025 3355 3268 3421 nostris
3309 3354 3711 3440 evangelicis
3750 3363 3923 3432 sunt,
3968 3356 4080 3439 qui
4124 3357 4261 3422 usi-

2303 3449 2445 3506 tata
2486 3439 2599 3506 illa
2652 3440 2967 3508 vocabula
3021 3462 3139 3525 per
3202 3442 3426 3507 omnia
3464 3440 3812 3507 retinenda
3852 3461 3994 3506 esse
4035 3442 4261 3508 existi-

2304 3536 2513 3606 mant,
2555 3526 2896 3605 trinitatis,
2938 3527 3277 3603 essentiae,
3322 3546 3657 3611 personae,
3703 3526 3889 3592 Deus
3930 3526 4148 3593 trinus
4190 3530 4263 3593 in

2306 3613 2605 3695 personis
2648 3620 2717 3679 et
2761 3633 2933 3678 unus
2977 3613 3045 3678 in
3089 3612 3391 3689 essentia,
3435 3621 3504 3678 et
3544 3610 3612 3677 id
3656 3630 3882 3697 genus.
3961 3612 4101 3679 Nec
4143 3632 4263 3678 ex-

2303 3697 2556 3764 istimet
2597 3699 2673 3764 P.
2721 3698 2796 3763 T.
2839 3697 3056 3763 levem
3099 3718 3242 3764 esse
3282 3697 3455 3764 hane
3496 3698 3673 3763 inter
3714 3710 3936 3781 partes
3991 3707 4261 3764 conten·

2304 3784 2567 3849 tionem.
2639 3784 2812 3848 Nam
2878 3794 2946 3849 et
3004 3782 3179 3850 hanc
3243 3785 3637 3850 sententiam
3703 3783 3980 3849 maximi
4022 3784 4262 3867 quique

2305 3870 2374 3935 in
2419 3870 2700 3935 Polonia
2764 3870 2891 3935 viri
2954 3868 3286 3936 mordicus
3328 3869 3641 3934 tuendam
3692 3867 3820 3934 sibi
3876 3869 4258 3953 suscipiunt,

2306 3955 2583 4022 alteram
2628 3975 2788 4020 vero
2831 3963 3148 4038 tanquam
3193 3953 3536 4037 profanam
3579 3964 3647 4020 et
3691 3953 4089 4020 haereticam
4128 3975 4260 4022 non

2304 4040 2500 4107 modo
2544 4040 2867 4118 reiiciunt,
2912 4039 3029 4106 sed
3070 4048 3138 4106 et
3157 4040 3563 4124 inspectione
3581 4040 4074 4124 cognitioneque
4115 4061 4261 4106 eam

2307 4147 2439 4192 non
2498 4125 2874 4210 dignantur.
2962 4124 3145 4207 Quin
3185 4124 3319 4191 illis
3358 4124 3835 4209 quodammodo
3876 4125 4105 4210 religio
4161 4136 4264 4192 est

2306 4212 2676 4297 intelligere
2715 4232 3231 4296 cognoscereque
3285 4230 3546 4277 causam
3602 4211 3789 4277 hanc.
3880 4211 4263 4277 Abhorrent

2307 4298 2536 4449 aasz
2552 4296 3692 4466 ⁸.?1.21;t‘{2.}2”0.ffi.2⁰‡”..3:
3724 4306 4262 4465 ”sagma

2307 4488 2553 4554 magna
2590 4469 3016 4535 contentione
3051 4479 3119 4533 et
3152 4469 3525 4534 animorum
3562 4468 3935 4546 acerbitate,
3981 4468 4264 4552 gliscunt

2307 4554 2678 4621 simultates
2743 4564 2811 4620 et
2873 4555 3050 4631 odia,
3114 4566 3184 4619 et
3245 4576 3352 4620 res
3415 4556 3683 4620 omnino
3745 4552 3830 4618 ad
3873 4551 4264 4620 seditionem

2306 4652 2603 4724 spectare
2671 4640 2956 4706 videtur.
3067 4639 3394 4706 Exultant
3472 4653 3540 4704 et
3612 4639 3938 4705 insultant
4004 4641 4263 4724 utrique

2305 4726 2483 4810 parti
2524 4727 2837 4809 papistae.
2902 4725 3120 4810 Regia
3151 4726 3349 4791 etiam
3371 4725 3689 4791 Maiestas
3722 4724 3805 4793 ab
3847 4723 3982 4790 illis
4038 4727 4261 4792 incen-

2307 4812 2486 4877 ditur
2503 4862 2518 4889 ‚
2574 4831 2697 4877 nec
2753 4812 2997 4878 desunt
3036 4810 3325 4876 ministri
3366 4810 4093 4893 pseudotrinitariorum
4137 4812 4261 4897 (sic

2306 4897 2487 4961 enim
2531 4918 2643 4963 eos
2684 4898 2956 4982 vocant)
2999 4897 3112 4980 qui
3154 4894 3462 4981 frigidam
3503 4895 3929 4973 suffundunt,
3993 4907 4063 4962 et
4103 4917 4263 4963 exa·

2304 4993 2514 5049 cuunt
2577 4983 2832 5050 animos
2897 4985 3193 5050 istorum.
3272 4980 3353 5048 Id
3409 4980 3583 5065 quod
3624 4982 3987 5048 novissime
4026 4983 4265 5049 accidit

2301 5069 2372 5135 in
2417 5070 2678 5153 publico
2719 5070 3012 5136 omnium
3056 5066 3369 5135 ordinum
3409 5076 3773 5147 conventu,
3840 5066 3954 5133 ubi
3995 5068 4263 5153 quidam

2304 5156 2629 5234 minister,
2675 5176 2875 5238 quum
2920 5155 3129 5221 multa
3172 5153 3254 5220 de
3293 5152 3626 5221 vocabulis
3658 5154 3995 5231 trinitatis,
4039 5173 4264 5219 essen-

2305 5242 2454 5319 tiae,
2499 5259 2836 5324 personae,
2879 5240 3013 5307 Dei
3056 5241 3217 5306 trini
3260 5242 3459 5306 unius
3501 5250 3569 5304 et
3600 5241 3798 5306 unius
3830 5239 4009 5319 trini,
4058 5238 4263 5307 disse-

2305 5327 2549 5393 ruisset
2616 5336 2681 5392 et
2739 5325 3068 5394 docuisset
3129 5326 3518 5395 vocabulum
3575 5324 3892 5391 trinitatis
3936 5345 4019 5391 ex
4068 5346 4263 5393 voca-
