4900 6125
647 413 780 477 46⁷

653 597 754 666 188
789 619 917 666 uns
951 619 993 665 8
1013 597 1368 666 Bordeaux
1403 599 1517 684 qui
1551 607 1674 667 ont
1707 600 1830 668 fait
1861 602 2176 670 amendes
2209 601 2623 682 honorables,

654 684 755 752 188
799 691 1023 752 autres
1068 705 1109 751 a
1157 685 1345 772 Agen
1390 686 1504 771 qui
1546 708 1594 770 y
1636 696 1790 754 sont
1830 708 2119 756 encores.
2207 687 2318 755 On
2360 710 2445 756 en
2490 687 2629 755 voit

656 768 1056 856 aujourdhui
1127 769 1416 840 beaucou
1519 772 1601 839 de
1665 772 2057 841 semblables
2123 775 2294 858 petit
2353 795 2630 861 moynes

654 863 914 943 voyant
953 876 1097 958 que·
1125 856 1276 923 dieu
1319 793 1618 925 6861111811
1660 858 1726 926 16
1767 857 1955 926 861611
2000 859 2084 927 (16
2118 860 2363 946 justice
2397 871 2468 927 et
2499 880 2627 945 666

653 940 805 1009 1861
864 950 1171 1009 61816616
1229 962 1304 1009 66
1363 943 1678 1010 refroidit.
1765 944 1854 1014 Je
1911 945 2190 1013 delaisse
2232 965 2275 1011 a
2315 943 2459 1012 dire
2499 965 2628 1030 que

654 1049 730 1096 oe
773 1026 1031 1112 gallsnt
1071 1033 1209 1095 s’en
1255 1028 1381 1095 fuit
1423 1028 1698 1096 laissant
1739 1030 1807 1098 la
1848 1030 1945 1098 les
1984 1052 2221 1116 povres
2262 1032 2479 1099 brebis
2522 1052 2625 1098 es·
2658 1084 2672 1102 .

855 1137 890 1178 8
931 1125 999 1180 61
1041 1135 1121 1179 66
1167 1123 1272 1180 681
1312 1115 1441 1180 8116
1486 1117 1648 1182 faire
1692 1125 1928 1183 autaut
1970 1138 2054 1184 en
2098 1139 2193 1184 66
2236 1126 2427 1184 86116
2469 1116 2623 1183 1166.

716 1221 792 1264 81
833 1219 1011 1286 quoy
1057 1201 1114 1266 si
1159 1200 1246 1266 tel
1289 1201 1484 1267 estoit
1527 1213 1746 1268 vostre
1788 1202 1919 1269 bon
1964 1203 2188 1287 plaisir
2230 1217 2298 1269 et
2332 1224 2459 1286 666
2494 1213 2624 1268 tro-

655 1285 859 1352 visiez
923 1286 1065 1352 cela
1128 1298 1303 1352 estre
1368 1287 1721 1370 expedient
1781 1287 1863 1353 de
1929 1310 2097 1355 nous
2158 1289 2435 1355 mander
2494 1309 2625 1354 une

653 1370 849 1438 lettre
884 1371 1185 1438 adressee
1221 1394 1261 1437 a
1294 1394 1368 1438 ce
1403 1373 1580 1456 quilz
1619 1377 1956 1441 n'eussent
1978 1396 2019 1441 a
2041 1376 2337 1441 reoevoir
2358 1375 2624 1440 homme

655 1457 887 1524 vivant
945 1478 1111 1540 pour
1169 1457 1479 1542 presoher
1536 1460 1730 1524 sinon
1785 1481 1953 1526 ceux
2012 1461 2128 1542 qui
2183 1472 2422 1527 auront
2496 1459 2622 1525 bon

655 1543 1106 1628 tesmoignago
1173 1543 1254 1609 de
1317 1565 1483 1610 ceux
1550 1544 1840 1628 lesquelz
1904 1559 2057 1611 sont
2119 1568 2426 1632 envoyes.
2529 1546 2622 1611 Et

655 1648 826 1695 nous
869 1627 1207 1695 deffendre
1246 1630 1704 1696 estroitement
1739 1629 1820 1697 de
1856 1631 2209 1716 n‘imposer
2241 1632 2623 1698 facilement

653 1712 752 1780 les
809 1715 1025 1780 mains
1078 1734 1117 1778 a
1176 1737 1425 1782 866668
1478 1737 1604 1799 666
1660 1737 1828 1783 6668
1886 1717 1984 1784 168
2047 1718 2498 1802 cognoissions
2540 1716 2622 1783 de

653 1798 900 1884 longue
957 1799 1135 1866 main
1192 1823 1283 1887 ny
1340 1822 1586 1867 mesme
1645 1802 1742 1868 les
1784 1803 2066 1888 Eglises.
2153 1804 2289 1871 Oar
2351 1804 2400 1869 il
2442 1826 2493 1888 y
2535 1825 2621 1870 66

653 1906 698 1950 8
737 1886 852 1969 661
896 1885 1234 1970 singerent
1265 1888 1688 1971 jncontinent
1731 1889 1811 1954 de
1856 1889 2111 1955 donner
2168 1890 2503 1957 authorite
2539 1890 2622 1955 de

652 1970 968 2054 prescher
1009 1993 1164 2038 6868
1208 1973 1433 2039 s'estre
1475 1973 1931 2058 diligemment
1973 1984 2324 2059 enquestes
2360 1975 2441 2040 de
2477 1976 2623 2042 leur

655 2057 763 2123 vie
818 2069 886 2123 et
928 2057 1238 2124 doctrine.
1328 2058 1406 2124 Si
1453 2081 1613 2125 vous
1659 2059 1880 2126 faittes
1924 2061 2061 2126 cela
2101 2061 2152 2126 il
2197 2063 2309 2146 n’y
2354 2083 2395 2127 a
2439 2060 2620 2127 nulle

651 2143 832 2210 faute
933 2165 1016 2210 66
1076 2166 1235 2210 vous
1290 2146 1462 2211 feres
1518 2167 1606 2210 66
1663 2146 1876 2230 grand
1930 2147 2182 2213 service
2239 2170 2281 2213 a
2333 2146 2486 2213 dieu
2552 2155 2622 2213 et

651 2249 914 2314 6166866
964 2250 1109 2296 6168
1155 2231 1491 2313 beaucoup
1551 2231 1632 2296 de
1697 2232 2040 2298 scandales
2082 2241 2150 2298 et
2191 2234 2619 2299 confussions.

824 2317 935 2381 Au
1001 2331 1175 2382 reste
1219 2317 1564 2383 Monsieur
1623 2339 1787 2383 nous
1853 2340 2061 2384 avons
2116 2340 2310 2386 recen
2364 2339 2440 2385 ce
2489 2322 2616 2384 190.

640 2402 797 2485 jour
855 2402 935 2467 de
976 2402 1140 2469 Juin
1203 2402 1268 2468 la
1321 2402 1693 2469 confession
1756 2403 1836 2469 de
1879 2406 1992 2489 foy
2054 2404 2153 2470 les
2198 2405 2463 2471 articles
2505 2404 2617 2488 qui

649 2497 767 2553 ont
810 2498 948 2553 este
990 2507 1360 2571 approuvez
1404 2497 1472 2553 et
1514 2499 1799 2554 arrestez
1842 2510 1883 2555 a
1925 2511 2018 2555 un
2058 2488 2308 2576 synode
2341 2512 2383 2555 a
2414 2490 2616 2574 paris.

651 2572 839 2639 Nous
883 2583 1208 2640 mettrons
1250 2574 1316 2638 la
1349 2574 1688 2640 meilleure
1732 2576 1924 2659 peine
1958 2596 2088 2659 que
2122 2597 2295 2642 6668
2330 2598 2618 2660 6661668

649 2679 693 2724 8
735 2659 833 2724 168
876 2667 1117 2724 mettre
1162 2681 1243 2725 66
1289 2661 1445 2725 effet
1488 2660 1664 2726 Dieu
1708 2661 1976 2746 aydant.
2047 2662 2234 2728 Nous
2277 2684 2369 2746 ny
2407 2683 2617 2728 avons

647 2763 803 2811 soeu
847 2743 1011 2810 aller
1069 2765 1188 2829 par
1245 2747 1423 2811 faute
1481 2746 1735 2812 d’avoir
1793 2757 1929 2813 este
1989 2748 2233 2814 avertis
2278 2747 2359 2812 (16
2403 2748 2617 2814 66666

646 2829 854 2896 heure
897 2851 1149 2896 comme
1194 2852 1362 2898 6668
1405 2831 1660 2898 l’avons
1694 2832 1935 2899 mande
1971 2854 2012 2899 a
2045 2833 2174 2899 Mr.
2218 2835 2296 2900 de
2321 2832 2618 2918 cozonqes

646 2927 713 2981 et
756 2937 891 2981 aux
933 2927 1174 2983 autres.
1264 2918 1438 2984 Mais
1483 2939 1651 2984 nous
1801 2938 2010 2984 avons
2054 2940 2307 3004 envoye
2350 2919 2617 2985 homme

647 3011 794 3070 tout
837 3023 1091 3087 expres.
1164 3003 1267 3069 Le
1310 3003 1641 3089 Seigneur
1683 2940 1860 3071 igion
1902 3024 2071 3072 vous
2113 3013 2468 3092 augmento
2510 3026 2617 3072 868

647 3109 878 3173 graoes
937 3100 1004 3154 et
1063 3088 1512 3157 benedictione
1573 3090 1973 3174 spirituelles
2041 3110 2082 3155 a
2133 3112 2256 3158 son
2312 3092 2618 3157 honneur

648 3183 716 3239 et
757 3185 1250 3241 contentement
1293 3184 1361 3241 et
1403 3197 1571 3260 pour
1604 3177 1667 3242 16
1702 3176 1879 3243 salut
1911 3176 1996 3243 de
2031 3199 2106 3243 88
2136 3197 2342 3262 povre
2365 3177 2615 3262 Eglise.

649 3258 892 3326 881668
943 3282 1028 3327 66
1089 3270 1312 3327 nostre
1367 3283 1523 3327 nom
1581 3262 1684 3328 s’il
1737 3284 1904 3329 vous
1958 3262 2159 3346 plaist
2221 3272 2290 3329 et
2329 3283 2414 3328 au
2460 3284 2616 3329 nom

650 3345 731 3410 de
769 3356 946 3412 toute
984 3357 1206 3413 nostre
1227 3347 1458 3431 Eglise
1499 3356 1683 3414 toute
1718 3358 1941 3415 vostre
1971 3348 2162 3415 noble
2182 3350 2437 3433 compai
2533 3350 2615 3414 ie.

648 3430 836 3497 Nous
877 3432 1190 3516 pleurons
1235 3444 1304 3497 et
1361 3434 1728 3518 gemissons
1785 3455 1942 3501 8868
2005 3456 2186 3501 66886
2229 3434 2296 3501 18
2337 3456 2402 3499 16
2472 3435 2619 3499 adie

650 3516 733 3583 de
777 3516 906 3583 Mr.
968 3528 1190 3584 nostre
1247 3540 1404 3602 6616
1446 3520 1577 3585 Μ1.
1633 3520 1973 3602 demine
2013 3520 2108 3586 Et
2159 3522 2389 3605 prions
2456 3541 2619 3587 avec

649 3603 876 3688 pleurs
929 3614 996 3669 et
1050 3604 1295 3671 larmes
1351 3614 1573 3671 nostre
1628 3605 1762 3672 bon
1819 3606 1973 3672 dieu
2012 3616 2083 3672 et
2124 3628 2282 3690 pere
2325 3627 2452 3689 666
2496 3627 2618 3672 666

649 3687 882 3772 plaisir
923 3691 1051 3755 soit
1090 3711 1259 3756 nous
1301 3689 1366 3756 le
1409 3713 1762 3758 conserver
1804 3713 2004 3759 66661
2045 3713 2129 3758 66
2175 3713 2285 3760 668
2318 3692 2619 3758 (16161618

651 3786 868 3858 161668
911 3774 968 3839 81
1014 3776 1172 3841 (1618
1215 3788 1282 3841 61
1325 3776 1641 3842 faschenx
1697 3784 1766 3842 et
1822 3778 1962 3860 quil
2011 3800 2095 3844 66
2139 3800 2306 3844 6668
2347 3779 2619 3860 punisse

651 3880 772 3944 pas
813 3880 854 3924 a
898 3860 964 3925 la
1005 3862 1194 3945 rigur
1235 3884 1319 3927 en
1365 3882 1532 3928 nous
1577 3862 1938 3929 destituant
1979 3863 2062 3928 de
2098 3885 2219 3929 son
2252 3884 2517 3930 secours
2554 3870 2622 3928 et

651 3945 842 4030 ayde.
942 3946 1119 4013 Dieu
1196 3948 1363 4013 m’en
1431 3957 1532 4014 est
1615 3950 1895 4015 16816616
1958 3970 2089 4033 666
2144 3952 2215 4034 je
2279 3971 2365 4015 66
2429 3970 2619 4015 16668

649 4032 854 4115 66161.
940 4033 1116 4099 Ῑ)166
1159 4053 1282 4118 par
1323 4054 1398 4099 sa
1441 4034 1638 4099 66616
1679 4041 1749 4100 et
1789 4035 2210 4102 misericorde
2247 4035 2365 4120 luy
2402 4035 2619 4101 donne

651 4128 845 4184 sante
884 4118 1080 4185 Ainsi
1166 4119 1261 4184 nil
1479 4120 1608 4186 oist
1653 4128 1828 4186 estre
1871 4122 2234 4188 neeessaire
2278 4141 2446 4204 pour
2498 4141 2619 4186 son

651 4201 956 4271 honneur
995 4216 1064 4270 et
1104 4225 1150 4289 g
1174 4205 1316 4271 oire
1421 4216 1452 4270 t
1492 4205 1634 4289 quil
1676 4205 1797 4290 luy
1841 4205 2049 4289 plaise
2109 4207 2292 4272 avoir
2333 4205 2496 4289 pitie
2538 4204 2621 4271 de

651 4309 839 4443 Rouss.
869 4290 1106 4442 Bm
1139 4292 1270 4358 soit
1301 4290 1368 4356 il.
1441 4291 1666 4357 Esorit
1698 4312 1772 4357 66
1808 4294 1910 4356 25.
1936 4293 2094 4375 jour
2136 4291 2219 4359 de
2252 4294 2402 4378 juin
2454 4295 2617 4356 1559

816 4425 832 4441 .
930 4396 1036 4463 oy.

1159 4538 1296 4605 Par
1329 4546 1550 4606 vostre
1583 4536 1855 4639 humble
1902 4540 2235 4640 serviteur
2290 4540 2621 4607 obeissant

1734 4645 1776 4690 a
1799 4644 2045 4709 Jamais

1721 4733 1954 4802 866186
1985 4746 2068 4803 81.

2175 413 2702 484 ΕΡῘΒΤΟΒΔΕ
2745 420 3173 487 4194-4196

4512 423 4603 486 -168

3601 605 3800 678 41⁰5.

3248 761 3384 829 DU
3423 761 3673 829 PARO
3717 757 4159 829 OALVINO.

2912 931 3049 1000 El
3127 933 3143 949 .
3250 933 3785 1000 ..admei-31.
4011 932 4128 946 ..
4242 930 4279 996 ι
4456 933 4467 945 .
4584 933 4595 946 .

2726 1019 3090 1087 constitutas
3145 1018 3346 1085 tradit
3399 1019 3818 1085 assisiam
3859 1040 3903 1084 a
3951 1017 4621 1084 Gemmatum

2724 1105 2799 1170 in
2852 1124 3012 1171 6668
3063 1104 3359 1171 stationes
3399 1104 3652 1171 abiisse.
3758 1104 3992 1170 Verum
4031 1108 4091 1170 et
4145 1102 4249 1168 hic
4287 1103 4525 1170 didon·
4555 1123 4625 1168 rs-

2720 1191 2900 1275 9ium
2943 1209 3200 1256 cursum
3241 1189 3549 1275 evanqelii
3591 1190 3874 1273 impedit.

3013 1360 3123 1430 (Ex
3159 1361 3500 1432 autographo
3535 1359 3665 1416 Cod.
3703 1359 3908 1415 Gener.
3948 1359 4068 1424 109,
4101 1360 4196 1416 fol.
4233 1359 4377 1426 115.)

2899 1531 2986 1598 D.
3032 1531 3269 1599 Oarolo
3312 1530 3607 1599 Passelio
3651 1542 3718 1598 et
3761 1533 3899 1598 suis
3941 1533 4137 1598 unice
4179 1531 4451 1598 dilectis.

4172 1616 4498 1684 Genevae.

2895 1788 3196 1856 Salutem
3252 1809 3373 1873 per
3429 1788 3777 1855 Christum
3820 1787 4063 1857 Iesum.
4153 1788 4230 1856 Si
4294 1791 4368 1855 in
4430 1788 4637 1853 ratione

2724 1876 2936 1942 nostri
2993 1875 3341 1941 ministerii
3395 1875 3505 1941 vel
3540 1874 3906 1958 -paululum
3971 1896 4263 1941 essemus
4330 1876 4635 1958 progressi.

2723 1961 3053 2046 longiores
3090 1960 3523 2027 scriberemus
3558 1962 3814 2025 literas:
3857 1960 3973 2027 sed
4010 1962 4165 2045 qnia
4196 1962 4270 2026 16
4304 1961 4526 2045 primis
4551 1958 4641 2025 ad·

2725 2048 2854 2114 huo
2898 2048 3103 2113 initiis
3147 2067 3510 2125 versamur,
3555 2054 3623 2111 et
3666 2046 4027 2145 periculose
4070 2046 4442 2125 admodum,
4490 2067 4641 2129 6188-

2722 2134 2914 2232 61666
2948 2134 3060 2216 661
3082 2131 3549 2231 Lemovicibus
3584 2152 3862 2232 agimus,
3887 2154 4018 2198 non
4041 2132 4362 2232 habemns
4392 2134 4461 2196 in
4491 2151 4639 2215 prse-

2721 2217 3901 2370 ffiffimquffionzffigffmexgerciiffe
3944 2239 4541 2387 11Ῑ(.·ι)1’1861“66168ω116881ε
4560 2217 4643 2366 E:

2721 2389 3121 2474 Morgiensis
3156 2389 3455 2457 Usarche
3511 2400 3578 2454 et
3621 2390 3907 2474 Trignao
3942 2402 4216 2473 uterque
4260 2392 4331 2455 in
4376 2389 4645 2454 interim

2722 2485 2906 2559 parte
2964 2475 3343 2558 provinciae
3397 2476 3839 2541 Lemoviciae.
3927 2476 4259 2560 Gayensis
4316 2485 4531 2541 autem
4578 2471 4641 2538 sd

2724 2560 2795 2628 S.
2842 2561 3211 2645 Hyriacum
3276 2559 3585 2626 dimissus
3649 2571 3767 2625 est.
3865 2561 4161 2627 Tandem
4218 2583 4382 2627 vero
4443 2580 4555 2644 ego
4596 2575 4643 2624 et

2721 2647 3194 2713 Iverdunensis
3250 2646 3716 2712 Lemovioibus
3780 2647 4106 2729 designati
4171 2647 4453 2722 fuimns,
4510 2645 4643 2710 6186-

2721 2735 2900 2798 11666
2946 2752 3022 2797 86
3065 2731 3525 2797 distributione
3576 2732 3989 2815 singulorum
4041 2752 4261 2798 eoram
4313 2731 4647 2798 senioribus

2721 2819 3018 2885 omnium
3084 2817 3509 2884 ecclesiarum
3574 2819 3764 2884 faeta.
3790 2818 3842 2902 ¹)
3952 2817 4082 2883 Die
4139 2816 4429 2884 Veneris
4488 2837 4646 2882 16868

2721 2904 2886 2970 hora
2928 2915 3163 2987 quarta
3200 2906 3482 2987 primam
3526 2902 3612 2969 ad
3656 2902 3968 2987 populum
4014 2902 4371 2970 habuimus
4416 2915 4647 2985 uterque

2720 2990 2794 3055 in
2837 3010 2957 3056 868
2999 2989 3280 3056 81811666
3324 2989 3725 3066 concionem,
3770 2989 3952 3054 intra
3992 2989 4264 3055 moenia.
4356 2987 4647 3056 Postridie

2720 3096 2979 3142 summo
3037 3097 3231 3141 mane
3285 3076 3463 3141 foras
3520 3074 3887 3158 prodiimus
3941 3074 4025 3142 ad
4082 3086 4271 3160 septa
4312 3078 4647 3141 vinum

2720 3160 2851 3227 Die
2908 3182 3069 3227 vero
3134 3161 3458 3227 dominica
3519 3161 3645 3227 sub
3703 3161 4045 3227 meridiem
4110 3162 4307 3228 multi
4376 3163 4488 3245 661
4546 3180 4649 3225 nm

2719 3256 2912 3314 erant
2955 3247 3036 3313 de
3090 3247 3359 3313 ecclesia
3405 3257 3848 3325 accesserunt,
3905 3246 4002 3311 ita
4057 3258 4131 3311 ut
4186 3245 4271 3312 ad
4328 3265 4647 3312 numm

2720 3334 2983 3399 circiter
3016 3332 3651 3417 quadringentorum
3686 3330 4034 3397 hominum
4069 3334 4509 3399 assurrexerit
4538 3352 4649 3398 ene-

2719 3427 2828 3484 168
2862 3420 2975 3502 661
3012 3418 3143 3483 Ι)61
3176 3419 3393 3503 gratia
3426 3418 3499 3482 in
3534 3418 3766 3483 urbem
3809 3417 4025 3483 laetus
4068 3439 4139 3484 se
4173 3420 4447 3501 recepit.
4502 3415 4649 3497 Qu

2717 3505 2933 3589 magis
2977 3505 3370 3569 timebamus
3413 3502 3563 3568 illos
3598 3501 3888 3569 vidimus
3921 3504 4217 3568 omnium
4260 3504 4409 3570 fere
4440 3505 4651 3589 primm

2717 3590 3032 3675 pecunias
3067 3590 3138 3654 in
3174 3588 3538 3655 subsidium
3573 3609 3936 3672 pauperum
3970 3588 4269 3654 hilariter
4302 3590 4647 3674 lan-gisum

2717 3676 2907 3742 Haec
2939 3675 3206 3759 quidem
3244 3672 3433 3740 nobis
3477 3677 3734 3739 animos
3768 3674 4041 3747 addunt.
4087 3675 4204 3740 sed
4238 3674 4459 3741 Satan
4500 3674 4649 3739 nohis

2717 3761 3079 3845 plurimum
3131 3758 3551 3836 adversatur,
3608 3763 3721 3842 qui
3781 3760 3887 3825 die
3941 3760 4215 3827 sabbato
4276 3760 4649 3827 consili-sinn

2718 3848 2935 3931 regios
2975 3858 3045 3912 et
3100 3845 3399 3912 consules
3444 3846 3627 3911 urbis
3666 3846 4003 3995 praesides
4057 3846 4331 3911 induxit
4372 3860 4453 3911 nt
4500 3844 4649 3929 regio

2719 3932 2988 3998 nomine
3031 3930 3322 3997 edictum
3365 3952 3515 3997 cnm
3550 3940 3663 4015 oyt
3713 3950 3831 3996 ara
3864 3930 4375 4014 publicaverint,
4422 3953 4507 3997 ne
4536 3930 4649 4012 qni

2720 4017 3060 4084 accederet
3094 4018 3199 4083 vel
3234 4015 3529 4100 publicas
3563 4015 3672 4081 vel
3706 4017 4002 4099 privatas
4033 4018 4495 4083 ministrorum
4528 4036 4649 4081 868·

2719 4105 2941 4170 616668
2987 4101 3069 4168 8(1
3114 4123 3391 4186 6666816
3434 4102 3919 4168 confiscationis
3960 4103 4253 4185 eorporis
4296 4118 4369 4169 61
4410 4101 4651 4169 1886118-

2721 4198 2884 4255 tum.
2954 4187 3267 4254 Edictum
3303 4207 3463 4254 8866
3496 4186 3818 4253 habemus
3856 4208 4018 4270 prae
4058 4188 4367 4255 16861668
4410 4191 4651 4272 inpru-

2721 4278 2968 4351 sum.²)
3067 4273 3550 4357 Exspectamus
3612 4274 3685 4337 in
3753 4273 3951 4339 horas
4015 4272 4303 4357 81166816

2720 4359 3016 4439 1616816,
3069 4360 3202 4425 6181
3245 4359 3577 4425 Dominus
3618 4358 3821 4436 adsit,
3878 4357 4053 4442 qnod
4108 4379 4265 4425 mox
4308 4380 4351 4424 8

2720 4447 2897 4512 11666
2940 4445 3138 4512 edicti
3180 4465 3315 4510 non
3357 4453 3555 4511 noctu
3594 4444 3712 4511 sed
3754 4444 3839 4510 ad
3882 4443 4223 4510 men‘diem
4238 4489 4259 4517 .
4316 4446 4511 4530 qnn'
4546 4440 4651 4508 ὗ

2718 4531 2953 4597 invitis
2969 4578 2987 4607 ,
3051 4530 3574 4597 convenerimus.
3674 4529 3882 4596 Orate
3936 4527 4303 4595 Dominum
4550 4546 4651 4593 ne.

2719 4616 3031 4700 quoniam
3068 4615 3247 4682 solus
3280 4614 3389 4683 hic
3429 4636 3600 4692 sum,
3644 4636 3851 4698 66616
3884 4614 4138 4700 collega
4170 4636 4365 4682 mens
4398 4616 4485 4681 nd
4514 4614 4651 4678 d-

2718 4702 3027 4770 ecolesias
3058 4702 3150 4768 sit
3182 4701 3569 4778 destinatus,
3602 4700 3989 4767 Emontiers
4020 4714 4091 4766 et
4108 4700 4361 4768 Hes-e:
4408 4701 4653 4769 iu—

2717 4786 2923 4854 semel
2978 4786 3050 4853 in
3103 4807 3335 4854 mense
3387 4787 3763 4853 concionari
3816 4785 3927 4853 hic
4168 4788 4183 4801 ’
4324 4784 4471 4855 Sd
4514 4796 4647 4851 α

2718 4872 2867 4940 Hoc
2909 4892 3018 4939 me
3059 4872 3236 4940 male
3288 4872 3491 4940 habet
3541 4871 3717 4956 quod
3772 4872 4031 4938 nullum
4082 4871 4411 4939 haban:-
4462 4872 4649 4937 vi-

2714 5127 3193 5209 mnl’dq
3238 5128 4191 5211 &enuidens-maol&
4240 5130 4649 5209 aqva-⁸

2715 5192 4645 5254 minuentem-namn*

2715 5269 4453 5406 mnffleEm-oenI-eomep*
