4900 6125
638 417 764 482 481

639 607 869 668 nostra
911 620 1111 686 opera
1153 598 1540 667 necessaria.
1613 598 1787 665 Nam
1831 600 1888 664 si
1934 619 2011 665 eo
2044 598 2351 683 pervenit
2384 617 2492 662 res
2535 602 2614 662 ut

639 687 835 753 silere
891 706 1024 752 non
1083 686 1440 770 possimus,
1496 685 1658 769 quin
1714 692 2015 751 nostrum
2072 683 2406 750 silentium
2462 681 2612 766 plus

639 772 955 840 ecclesiae
998 779 1234 839 noceat
1289 792 1484 855 quam
1531 789 1680 837 eam
1738 771 1969 837 iuvare
2012 771 2218 854 possit
2234 821 2248 848 ‚
2296 769 2494 835 rebus
2536 775 2615 833 ut

638 866 800 926 sunt
841 858 1264 943 comparatis,
1323 857 1489 923 scito
1532 875 1653 922 nos
1697 876 1808 923 eos
1852 876 1996 922 esse
2040 857 2154 940 qui
2335 855 2426 919 tia
2470 852 2611 919 Do-

637 945 807 1010 mini
850 943 1106 1028 pridem
1151 942 1502 1009 didicimus
1548 942 1690 1008 Deo
1734 942 1948 1027 magis
1990 962 2188 1027 quam
2281 940 2613 1007 ominibus

687 1050 875 1096 arere
909 1035 976 1096 et
1011 1049 1117 1096 res
1152 1049 1381 1094 omnes
1411 1035 1674 1094 nostras
1707 1028 1919 1095 officio
1939 1035 2173 1093 nostro
2196 1035 2608 1110 postponere.

787 1125 932 1182 tum
974 1115 1333 1181 metuimus
1377 1135 1462 1180 ne
1520 1113 1925 1180 occasionem
1971 1114 2203 1180 demus
2262 1111 2611 1178 turbarum

639 1209 707 1268 et
749 1209 1047 1267 motuum
1107 1201 1217 1285 qui
1275 1220 1383 1266 res
1439 1208 1700 1266 nostras
1755 1198 2131 1267 disturbent
2184 1199 2415 1284 magis.
2505 1197 2610 1262 'ru

638 1288 850 1374 igitur
906 1286 1134 1353 audito
1193 1286 1433 1353 nuncio
1487 1285 1787 1370 expende
1841 1285 2001 1368 qnid
2060 1285 2177 1350 tibi
2234 1281 2611 1351 faciendum

640 1373 1056 1439 existimares
1099 1374 1194 1439 sic
1237 1393 1309 1438 se
1353 1372 1551 1438 rebus
1596 1370 2008 1450 habentibus,
2051 1378 2119 1435 et
2157 1369 2316 1454 quid
2361 1369 2611 1435 utrius-

684 1480 768 1525 ue
789 1464 825 1497 ”
858 1457 1169 1526 ecclesiae
1206 1457 1565 1525 consultius
1601 1457 1720 1522 tibi
1757 1457 2057 1523 futurum
2082 1456 2402 1524 videatur.
2460 1453 2609 1519 Non

685 1544 870 1611 ubito
913 1545 1069 1628 quin
1116 1562 1265 1609 mea
1307 1544 1505 1609 unius
1558 1562 1760 1609 causa
1801 1543 1967 1608 haec
2009 1562 2254 1627 magna
2297 1563 2380 1606 ex
2419 1547 2611 1625 parte

639 1630 779 1696 sint
832 1637 1199 1712 procurata.
1289 1628 1440 1694 Non
1499 1626 1695 1694 deero
1751 1635 1973 1694 tamen
2035 1650 2177 1695 meo
2235 1627 2448 1694 officio
2494 1625 2611 1691 ubi

643 1715 1035 1782 intellexero
1093 1713 1248 1799 quid
1295 1736 1335 1780 a
1377 1734 1484 1780 me
1542 1713 1870 1779 Dominus
1921 1716 2134 1799 magis
2191 1713 2488 1797 requirat
2545 1721 2614 1777 et

638 1800 797 1885 quid
841 1820 1165 1885 nequeam
1212 1797 1409 1888 [sine]
1469 1799 1713 1866 scelere
1757 1799 2117 1883 praeterire
2174 1807 2241 1864 et
2295 1797 2611 1865 ecclesiae

637 1888 917 1955 iactura.
1005 1886 1272 1953 Interea
1326 1895 1466 1951 esto
1509 1887 1685 1952 bono
1739 1887 1959 1953 animo
2015 1907 2166 1952 cum
2212 1882 2608 1971 [fratrJibus.

640 1973 829 2040 Haec
874 1992 1008 2038 non
1053 1981 1153 2038 est
1196 1972 1316 2036 tibi
1357 1971 1574 2057 prima
1617 1971 1703 2036 lis
1744 1972 2074 2038 intentata
2117 1978 2186 2036 et
2243 1970 2422 2036 lucta
2466 1991 2611 2035 sus·

640 2067 850 2143 cepta.
958 2058 1168 2144 Seges
1237 2065 1338 2123 est
1402 2056 1522 2122 tibi
1588 2078 1763 2124 nova
1838 2055 2336 2141 amplificandae
2411 2056 2612 2122 latius

640 2143 887 2231 gloriae
931 2143 1200 2211 Ohristi.
1291 2143 1720 2210 Plausibilius
1785 2151 1889 2209 est
1951 2144 2284 2209 humanae
2348 2141 2611 2218 rationi,

639 2230 1030 2314 praesertim
1075 2228 1428 2295 fastidiosis
1472 2230 1581 2313 qui
1640 2230 1771 2294 iam
1817 2229 2030 2294 saturi
2072 2236 2232 2294 sunt
2274 2247 2484 2310 usque
2528 2225 2612 2292 ad

638 2337 991 2396 nauseam,
1068 2315 1243 2398 quod
1309 2335 1350 2379 a
1415 2315 1661 2382 nostris
1729 2312 2127 2381 adversariis
2204 2313 2610 2397 proponitur.

639 2401 828 2468 Nihil
888 2402 1131 2486 poterit
1186 2410 1325 2467 tam
1385 2399 1744 2466 absurdum
1802 2401 2028 2466 afferri
2085 2399 2261 2484 quod
2312 2420 2448 2464 non
2508 2399 2611 2462 in·

639 2489 885 2568 veniat,
928 2487 1032 2553 vel
1071 2486 1280 2553 nostri
1316 2486 1455 2553 solo
1499 2485 1667 2566 odio,
1713 2495 2030 2570 patronos
2065 2494 2134 2551 et
2167 2484 2609 2569 applausores.

640 2572 912 2657 Quanto
964 2573 1176 2658 magis
1234 2573 1291 2638 si
1348 2573 1601 2657 specics
1659 2571 1882 2657 aliqua
1938 2569 2340 2639 obtendatur
2356 2622 2372 2649 ,
2441 2590 2612 2654 quae

639 2659 830 2726 facile
882 2660 1105 2726 fucum
1159 2659 1358 2726 faeiat
1401 2658 1486 2725 iis
1530 2659 1640 2743 qui
1699 2657 1868 2724 fucis
1912 2659 2127 2744 magis
2169 2677 2371 2741 quam
2415 2656 2612 2722 rebus

635 2746 818 2811 veris
884 2745 1312 2811 delectantur.
1402 2745 1542 2810 Vix
1608 2743 1837 2811 credas
1904 2752 2227 2829 quantum
2285 2741 2466 2808 Besa
2530 2741 2613 2806 iis

635 2831 986 2898 bominum
1031 2830 1270 2897 studiis
1314 2839 1840 2907 commoveatur,
1885 2840 1955 2895 et
1992 2838 2243 2914 quanta
2286 2828 2613 2894 afficiatur

634 2917 967 2995 molestia,
1028 2925 1097 2984 et
1154 2917 1394 2982 fratres
1449 2936 1695 2982 omnes.
1787 2919 1882 2981 At
1938 2922 2232 2984 conteret
2274 2912 2612 2980 Dominus

637 3002 962 3072 Satanam
1004 3002 1128 3071 sub
1171 2999 1446 3088 pedibus
1489 3002 1755 3083 nostris,
1799 3001 1858 3068 si
1902 3001 2096 3069 modo
2136 2999 2483 3069 Christum
2526 3019 2612 3065 ex

637 3090 1224 3245 mmaniitssmmmm‘
1225 3088 2000 3242 ἓὶιξὲωἳωῗὲωὲωἱξῗ
2032 3108 2265 3240 ..3²33
2342 3105 2614 3238 ‘'imnm

637 3264 882 3329 fratres
939 3270 1009 3329 et
1063 3260 1326 3328 amicos.
1396 3259 1568 3326 Vale
1587 3311 1602 3340 ,
1659 3262 1869 3327 frater
1926 3260 2399 3326 amantissime.
2469 3255 2611 3322 Do-

637 3349 862 3414 minus
897 3347 1093 3415 Iesus
1134 3368 1253 3414 suo
1297 3356 1364 3413 te
1405 3347 1646 3430 spiritu
1689 3347 1903 3432 magis
1937 3354 2136 3430 atque
2169 3344 2385 3430 magis
2427 3342 2610 3409 locu-

682 3434 848 3501 letet
880 3442 951 3500 et
982 3434 1330 3501 confirmet
1369 3440 1447 3498 ut
1486 3433 1748 3499 fortiter
1789 3430 2072 3516 repellas
2112 3431 2196 3497 ab
2229 3430 2373 3496 eius
2407 3448 2613 3514 grege

636 3455 833 3605 fupos
901 3527 967 3586 et
1035 3519 1213 3586 feras
1269 3518 1682 3585 truculentas
1741 3539 1782 3584 a
1846 3515 2086 3602 quibus
2142 3514 2437 3600 undique
2488 3514 2615 3579 im-

637 3605 908 3689 petitur.
997 3605 1418 3673 Lausannae.
1447 3606 1499 3688 ι)

1636 3724 1821 3790 'Puus
1864 3723 2106 3790 Petrus
2143 3721 2438 3788 Viretus.

1535 4286 1732 4357 4175.

1181 4440 1594 4509 VIRETUS
1639 4437 2080 4508 OALVINO.

964 4957 1078 5024 (Ex
1114 4956 1456 5028 autographo
1489 4955 1622 5011 Ood.
1659 4954 1868 5011 Genev.
1905 4955 2025 5022 115,
2061 4955 2154 5010 fol.
2188 4953 2305 5020 59.)

654 5141 2620 5275 Q)Qqeidddaeukgeccpistdawedm

2165 406 2697 477 EPISTOLAE
2739 412 3169 475 4174-41‘17

4524 417 4615 478 432

2887 598 3155 664 Eximio
3214 597 3467 664 Christi
3523 618 3720 665 servo
3781 599 3867 666 D.
3914 598 4154 665 Ioanni
4207 598 4473 666 calvino
4523 601 4622 668 fido

2713 682 3027 751 ecclesiae
3091 684 3510 751 Genevensis
3573 685 3823 769 pastori
3891 685 4081 751 fratri
4147 692 4217 750 et
4280 695 4623 773 symmysta

2711 770 3074 854 plurimum
3114 768 3545 836 observando.
4175 856 4479 925 omem

2886 1025 2958 1092 Β.
3032 1026 3408 1093 Etsinihil
3469 1035 3573 1094 est
3639 1027 3814 1094 and
3880 1049 4292 1098 nosrerum
4441 1051 4631 1096 var-mn

2712 1110 2888 1197 qnod
2930 1111 3014 1178 ad
3058 1121 3128 1180 te
3169 1113 3482 1194 scribam,
3528 1113 3709 1180 nolui
3752 1122 3979 1181 tamen
4021 1113 4204 1181 bunc
4245 1135 4289 1179 a
4396 1137 4432 1181 e
4467 1117 4633 1182 abd·

2713 1197 2951 1265 larium
2987 1198 3233 1284 absque
3267 1200 3435 1265 meis
3469 1199 3556 1264 ad
3598 1207 3667 1266 te
3704 1199 3917 1268 literis
3950 1198 4301 1267 dimittere.
4378 1200 4501 1267 Hie
4596 1203 4608 1215 '

2712 1284 2848 1350 iam
2893 1305 3155 1352 menses
3199 1285 3449 1370 aliquot
3489 1306 3641 1352 cum
3680 1285 4098 1369 Ripanderio.
4186 1285 4469 1353 Videtur
4622 1291 4631 1300 '

2714 1371 2821 1455 pie
2865 1371 3139 1438 affectus
3181 1369 3265 1436 ad
3310 1372 3696 1457 religionem
3712 1422 3730 1451 ,
3788 1372 4090 1456 quamvis
4142 1381 4401 1457 patrem
4442 1373 4637 1440 habnt

2713 1455 3135 1541 evangelicae
3205 1456 3545 1523 doctrinae
3611 1458 3873 1524 hostem
3938 1459 4471 1525 infensissimum.
4558 1459 4639 1524 Τπ

2712 1563 2798 1609 ex
2840 1542 2957 1608 illo
3000 1563 3356 1628 cognosces
3398 1544 3637 1628 quibus
3690 1564 3846 1610 cum
3889 1543 4387 1611 difficultatibus
4426 1545 4485 1610 ei
4530 1545 4638 1611 lm-

2713 1627 2994 1695 tandum
3053 1630 3160 1696 sit.
3248 1628 3456 1694 Illum
3512 1638 3590 1695 ut
3644 1637 3883 1715 pergat
3940 1631 4012 1696 in
4064 1639 4299 1698 sancto
4354 1633 4643 1715 proposito

2714 1713 3103 1781 hortaberis.
3178 1714 3484 1782 Fareuus
3524 1717 3652 1781 fuit
3692 1716 3997 1801 proximo
4040 1715 4147 1783 die
4191 1716 4512 1783 dominico
4542 1714 4644 1781 or·

2713 1801 2854 1866 bae.
2896 1800 3144 1866 Invisit
3165 1799 3512 1868 ecclesiam
3548 1810 3615 1867 et
3637 1822 3886 1867 novum
3921 1801 4110 1868 illum
4138 1802 4469 1887 hospitem
4487 1823 4647 1886 quen

2714 1884 2969 1952 Orbani
3027 1895 3455 1971 exceperunt.
3544 1886 3625 1954 Si
3682 1887 4008 1972 Inalpinis
4064 1888 4367 1972 pluribus
4417 1899 4515 1953 est
4550 1889 4648 1952 mi·

2714 1972 2942 2038 nistris
3006 1993 3201 2056 opus,
3263 1972 3623 2055 Stephanus
3683 1973 3798 2040 ille
3862 1972 3945 2039 de
4002 1995 4133 2059 qno
4198 1994 4417 2057 nuper
4477 1971 4557 2039 ad
4600 1985 4649 2038 te

2714 2059 2965 2142 scripsi,
3011 2058 3176 2124 mihi
3210 2058 3478 2125 videtur
3519 2058 3655 2125 illis
3689 2060 4083 2126 utilissimus
4129 2060 4417 2126 futurus.
4484 2059 4649 2124 lllnn

2715 2144 3016 2211 conveni.
3106 2146 3257 2210 Non
3325 2144 3730 2213 detrectabat
3800 2147 4206 2230 provinciam
4272 2146 4334 2211 si
4399 2153 4651 2218 vocem,

2714 2229 2833 2296 sed
2898 2231 2971 2293 in
3036 2231 3342 2297 omnibus
3400 2233 3645 2298 nostris
3703 2231 3962 2316 parebit
4014 2231 4326 2299 consiliis.
4420 2230 4651 2297 suunt

2715 2325 2784 2380 te
2848 2337 3018 2382 uxor
3081 2324 3149 2382 et
3213 2317 3424 2383 nostri
3488 2339 3733 2384 omnes.
3838 2316 4141 2385 Salutem
4206 2317 4489 2384 multam
4539 2315 4651 2382 dim

2715 2401 2907 2552 {rgitrli
2985 2410 3052 2467 et
3128 2402 3433 2469 omnibns
3512 2402 3901 2471 domesticis.
3996 2404 4186 2470 Vale.
4290 2403 4655 2469 launum

2806 2538 2819 2553 .
2905 2489 3062 2554 unii.
3093 2493 3147 2565 ¹)

3693 2626 3883 2692 'l'uns
3926 2626 4170 2692 Petrus
4218 2627 4515 2692 Viretus.

3504 2921 3737 2930 -μ
3750 2921 3913 2929 ov·—

3594 3174 3790 3245 4176.

2845 3331 2971 3398 LE
3023 3313 3331 3398 samm
3374 3329 3505 3397 DE
3532 3313 3943 3500 ξΕΕέἒζΕνΕ
3987 3329 4051 3395 A
4096 3328 4393 3397 osam
4438 3328 4564 3397 nn

2895 3603 4663 3689 wammappanieoealaserieaeoeuoeffi

2709 3689 4663 3780 ydeseutrelesdwxcmnseilsausm‘ddel'affobeffl

2911 3863 3211 3930 (Archives
3244 3863 3316 3919 de
3351 3861 3591 3916 Geneve.
3662 3862 3886 3917 Iaettres
3918 3863 3991 3917 de
4025 3863 4081 3919 la
4111 3860 4493 3933 Seiae-nina

2889 4034 3341 4121 Magnifiques
3375 4033 3737 4120 Seigneurs
3771 4042 3895 4101 etc.
3966 4033 4154 4100 Nous
4188 4054 4547 4101 reconna
4576 4051 4665 4095 m

2718 4122 2949 4189 lettres
2991 4121 3407 4205 responsives
3451 4141 3587 4186 aux
3631 4126 3892 4186 nostres
3934 4127 4003 4184 et
4046 4140 4087 4185 a
4128 4119 4296 4187 celle
4342 4120 4435 4187 de
4476 4128 4665 4186 nm*

2719 4209 2872 4275 bien
2934 4227 3129 4293 ayme
3186 4214 3254 4272 et
3316 4206 3447 4272 feal
3509 4206 3815 4273 ministre
3880 4203 4233 4290 Spectable
4288 4206 4433 4272 Er.
4474 4205 4665 4273 δὼ-

2723 4293 2954 4363 Calvia
3008 4294 3122 4359 En
3161 4313 3238 4359 ce
3280 4313 3411 4376 que
3451 4312 3775 4359 concerno
3815 4291 3915 4357 les
3954 4310 4307 4358 occurrens
4352 4300 4587 4358 cunno
4618 4290 4669 4353 h

2718 4379 2997 4465 religion
3057 4378 3410 4463 lesquelles
3465 4398 3634 4445 nous
3690 4398 3898 4444 avons
3952 4378 4431 4461 communique
4482 4397 4526 4441 a
4570 4394 4665 4439 nu

2716 4467 3069 4618 §¹¹3¹ssss
3109 4465 3471 4618 ‘lg-303⁰?
3507 4462 4173 4617 ‘'maffimjffi‘foe'
4186 4462 4497 4546 ω
4532 4460 4669 4613 3

2716 4657 3058 4726 envoyons
3098 4657 3265 4706 vous
3308 4571 3561 4721 griffi
3581 4644 3651 4702 et
3691 4635 4053 4703 exhortans
4095 4633 4176 4702 de
4208 4549 4479 4702 w
4496 4634 4663 4701 afi-

2717 4924 4081 5001 41⁷5.1)V0’daeoeepn·aeotaa.1555aeriptc
4156 4924 4663 4982 maa—

2718 4990 4659 5066 mmavirmetroeenomoeussffloefizzlnqs

2719 5071 2933 5195 ,vom
2965 5065 3551 5194 2:2³⁸}me
3596 5081 3751 5120 anno
3792 5066 4087 5135 comm
4118 5080 4179 5145 ιι.
4214 5070 4517 5145 ean-d

2719 5208 2812 5278 (N.
2883 5206 3221 5275 munel
3301 5203 3783 5270 deifer-tamna
3964 5203 3979 5217 ‘
4075 5198 4659 5259 ‘nn-fist&

2719 5362 2830 5402 m
2862 5348 2955 5404 ille
2988 5348 3100 5401 ian
3135 5361 3173 5399 a
3336 5268 4661 5410 thwmqlg
