4900 6125
340 406 450 471 565

487 586 927 656 ornatissimo
968 585 1113 653 viro
1146 584 1232 650 D.
1256 583 1654 651 Immanueli
1689 582 2035 665 Tremelio,
2080 582 2264 651 theo-

337 676 523 762 logiae
563 671 834 752 doctori,
876 671 1067 738 fratri
1110 680 1178 737 et
1220 671 1431 737 amico
1473 669 1642 735 mihi
1683 668 1977 737 colendo.

1592 753 2091 841 Heidelbergae.

486 928 679 1013 Quod
722 928 859 995 tuis
902 927 1114 995 literis
1153 926 1479 995 hactenus
1521 949 1656 994 non
1698 925 2026 1012 respondi,
2081 945 2270 992 orna-

332 1018 566 1085 tissime
607 1018 731 1093 vir,
789 1015 847 1080 si
902 1014 1264 1098 impetrare
1317 1034 1569 1096 nequeo
1611 1014 1775 1098 quin
1834 1012 2138 1099 pigritiae
2181 1013 2271 1079 si-

331 1103 594 1169 lentium
635 1121 861 1167 meum
904 1099 1211 1176 ascribas,
1269 1098 1532 1181 culpam
1590 1119 1890 1184 agnosco,
1948 1098 2066 1165 sed
2118 1116 2270 1163 cum

330 1190 443 1256 hac
483 1186 960 1272 deprecatione,
1002 1206 1203 1269 quam
1240 1184 1431 1251 facile
1470 1193 1547 1250 ut
1587 1206 1778 1269 spero
1813 1183 2140 1263 admittes,
2186 1202 2270 1250 ne

366 1273 471 1340 uid
502 1293 587 1338 ex
621 1293 845 1339 amore
879 1293 953 1337 er
1072 1291 1180 1336 me
1214 1279 1330 1336 tuo
1366 1269 1655 1336 decedat.
1721 1270 2035 1337 Nondum
2070 1270 2270 1335 etiam

328 1296 403 1426 de
439 1356 908 1425 commentario
1021 1406 1037 1423 .
1070 1356 1314 1423 Bueeri
1346 1354 1396 1441 ¹)
1440 1357 1548 1441 egi
1589 1357 1873 1441 gratias:
1917 1355 2095 1422 unde
2137 1356 2271 1421 661-

327 1446 518 1531 ligere
573 1444 694 1509 tibi
747 1442 988 1509 melius
1043 1441 1297 1520 licebit,
1356 1461 1464 1507 me
1516 1462 1651 1507 non
1704 1450 2043 1509 contemtu
2097 1442 2273 1507 eius-

328 1530 491 1597 modi
534 1529 749 1597 officia
791 1529 1337 1614 praetermittere.

481 1615 716 1699 Nuper
736 1636 943 1697 quum
977 1634 1018 1678 6
1050 1621 1289 1681 senatu
1310 1632 1431 1696 pro
1474 1633 1655 1680 more
1677 1614 1955 1696 petitum
2002 1619 2193 1693 esset,
2211 1614 2271 1691 2)

325 1710 396 1767 ut
435 1711 586 1767 tuos
629 1701 704 1766 in
746 1699 1040 1766 Hoseam
1095 1699 1601 1765 commentarios
1656 1698 1893 1765 excudi
1936 1699 2274 1782 permitte·

324 1795 437 1866 ret,
481 1785 703 1852 delata
743 1787 935 1852 nobis
976 1785 1105 1850 fuit
1147 1784 1452 1870 cognitio.
1527 1786 1675 1870 Ego
1718 1806 1875 1850 vero
1916 1783 2275 1851 absurdum

322 1892 456 1938 esse
509 1871 745 1938 censui
802 1878 918 1936 tan
962 1892 1118 1937 uam
1160 1868 1243 1936 de
1296 1890 1371 1935 re
1414 1868 1616 1935 dubia
1667 1869 1988 1938 iudicium
2037 1871 2273 1937 facere.

319 1957 485 2024 Nam
539 1958 602 2023 si
657 1956 740 2022 de
799 1976 922 2022 con
975 1957 1174 2023 ’tione
1192 1954 1249 2041 ⁸)
1307 1956 1548 2041 agitur,
1600 1956 1748 2040 quis
1804 1956 1928 2022 sibi
1987 1955 2277 2026 censoris

317 2051 531 2127 partes
568 2041 1002 2126 sumpsisset?
1049 2041 1204 2108 fidei
1238 2051 1460 2106 autem
1497 2049 1651 2107 tuae
1686 2042 2029 2108 sinceritas
2062 2041 2277 2126 magis

317 2127 500 2194 nobis
541 2135 881 2212 comperta
924 2135 1044 2206 est,
1104 2147 1301 2212 quam
1345 2135 1420 2192 ut
1475 2127 1902 2211 inquisitione
1945 2148 2110 2212 opus
2169 2126 2273 2193 sit.

316 2214 515 2280 Liber
559 2215 788 2298 itaque
829 2213 1109 2279 Antonio
1131 2217 1191 2290 ⁴)
1238 2220 1465 2278 nostro
1508 2212 1803 2280 redditus
1845 2221 1965 2291 est,
2023 2220 2102 2277 ut
2143 2233 2277 2296 666

497 2307 529 2364 t
596 2300 890 2365 maxima
954 2298 1351 2365 dexteritate
1415 2306 1682 2365 curaret
1741 2297 2275 2384 imprimendum.

375 2385 591 2452 tinam
625 2384 711 2451 ad
752 2383 918 2451 alios
961 2385 1166 2451 etiam
1198 2383 1573 2485 Prophetas
1607 2383 2030 2469 explicandos
2058 2387 2116 2462 6)
2159 2383 2278 2449 6(1-

314 2470 559 2538 iiceres.
651 2470 924 2537 Interea
977 2469 1219 2555 diguus
1275 2470 1403 2535 fmt
1441 2469 1700 2537 Hoseas
1756 2491 1799 2536 a
1840 2491 1968 2554 666
2027 2470 2276 2537 faceres

313 2556 685 2623 exordium.
753 2557 942 2623 Bene
984 2556 1155 2634 vale,
1214 2555 1632 2622 ornatissime
1686 2557 1808 2636 vir,
1860 2564 1929 2622 et
1980 2555 2146 2620 mihi
2190 2576 2275 2621 ex

315 2644 533 2709 animo
567 2641 862 2724 colende,
894 2642 1210 2708 salutabis
1245 2661 1393 2707 meo
1426 2639 1694 2708 nomine
1727 2642 2081 2728 diligenter
2114 2641 2276 2706 ami-

312 2749 436 2794 cos.
532 2729 866 2795 Dominus
929 2749 1047 2795 vos
1110 2727 1349 2811 spiritu
1412 2747 1534 2793 suo
1610 2748 1868 2812 semper
1933 2726 2278 2813 gubernet,

312 2815 561 2880 virtute
631 2815 971 2893 sustineat,
1036 2820 1105 2879 et
1164 2812 1528 2879 incolumes
1593 2821 1874 2880 tueatur.
1965 2813 2279 2880 Genevae

308 2901 409 2965 27.
453 2898 772 2969 Octobris
821 2902 1008 2966 1562.

1227 3034 1514 3103 Ioannes
1557 3033 1883 3105 Calvinus
1927 3041 2099 3103 tuus.

1201 3562 1392 3633 3871.

402 3717 778 3788 GALVIN
822 3718 886 3784 A
929 3701 1368 3784 L’EGLISE
1411 3716 1542 3781 DE
1587 3716 2173 3784 FRANOFORT.

471 3888 945 3975 Apprezoiation
987 3888 1064 3955 de
1107 3888 1278 3956 Petet
1318 3889 1430 3956 des
1471 3887 1680 3956 choses
1721 3892 1780 3954 et
1818 3888 2076 3955 conseils
2116 3887 2279 3955 rela-

296 3975 414 4059 (ιγε
460 3976 510 4042 ὰ
557 3977 630 4042 za
673 3975 993 4043 situation.

293 4146 639 4218 (L'on‘ginal
690 4146 926 4213 francds
975 4162 1010 4198 a
1054 4143 1141 4198 ete
1234 4143 1380 4198 ublie
1432 4161 1536 4213 par
1577 4145 1632 4199 J.
1670 4143 1853 4199 Balth.
1889 4144 2089 4211 Ritter,
2142 4144 2280 4199 dans

289 4215 365 4338 {o
382 4303 437 4355 p·
476 4284 517 4339 3
603 4236 617 4270 ε
655 4216 863 4285 Evang.
888 4214 1170 4268 Denckma
1261 4213 1362 4267 der
1395 4211 1557 4267 stadt.
1580 4212 1948 4267 Franckfurth
1983 4220 2088 4267 eto.
2125 4212 2277 4267 1726.

638 4283 778 4338 mais
820 4299 954 4337 avec
986 4283 1056 4337 (16
1093 4282 1448 4336 nombreuses
1494 4282 1672 4336 fantes
1707 4281 2082 4352 d’impresslon
2117 4289 2176 4335 et
2209 4282 2279 4336 (16

294 4354 475 4424 copie.
553 4353 643 4409 On
691 4353 743 4406 le
788 4358 983 4406 trouve
1029 4350 1174 4404 aussi
1224 4349 1361 4404 dans
1406 4350 1487 4404 les
1534 4350 1759 4406 Franks.
1794 4351 1915 4406 Bel.
1960 4350 2158 4405 Haudl.
2202 4350 2275 4406 11.

290 4627 492 4683 8870.
516 4627 583 4695 1)
616 4625 1019 4682 Praelectiones
1072 4626 1131 4679 in
1178 4642 1208 4679 e
1251 4666 1264 4678 .
1298 4625 1369 4681 D.
1412 4625 1571 4679 Pauli
1625 4625 1694 4679 ad
1740 4624 2009 4695 Ephesios
2059 4626 2279 4682 habitae

287 4695 701 4765 ont-brigita
742 4695 800 4748 in
837 4695 1035 4816 Augilia
1075 4713 1124 4748 a.
1151 4695 1193 4775 ‘1
1231 4692 1301 4749 50
1345 4700 1403 4747 et
1438 4692 1589 4776 l55l5
1659 4694 1745 4748 Ex
1782 4711 1878 4748 ore
1954 4696 2281 4764 raelegentis

288 4767 568 4821 collectae
606 4770 665 4817 et
698 4764 881 4817 editae
972 4764 1201 4833 hgenua
1232 4763 1273 4816 1.
1310 4764 1600 4818 Tremelhi.
1670 4764 1793 4816 Bas.
1832 4763 1862 4816 1
1936 4764 1970 4816 2
2002 4764 2094 4817 fol.

508 4833 581 4901 2)
630 4832 699 4887 δι’
813 4829 877 4884 id
921 4831 1029 4886 tale
1067 4833 1130 4886 in
1179 4833 1585 4888 commentariis
1637 4838 1863 4885 manas
1903 4832 2134 4887 releuant
2183 4840 2278 4901 cst,

286 4918 394 4958 nos
441 4902 678 4974 quiden
746 4902 884 4971 uait.
955 4900 1293 4957 Prodita-unt
1335 4900 1608 4956 Τνσικεῑιᾰι·
1643 4901 2035 4955 Euat-rationes
2076 4903 2134 4956 iu
2169 4902 2280 4957 Ho-

285 4988 441 5026 seam
499 4987 561 5025 a.
613 4968 763 5024 1563.
807 4969 1046 5039 (Δᾶαιιί
1085 4972 1232 5026 vitae
1274 4970 1431 5026 theol.
1463 4975 1629 5025 exter.
1659 4986 1716 5039 p.
1765 4968 1860 5036 72,-
1904 4968 2115 5026 Gerdes
2145 4969 2277 5028 Ital.

281 5040 393 5109 nr·
418 5056 487 5111 P·
508 5036 881 5162 ἕωὲζωῖεωε
913 5124 981 5163 ex
1016 5105 1329 5189 coniectum
1361 5106 1747 5175 superscribit.-
1783 5106 2103 5190 cognitione.

509 5112 580 5298 4}
620 5176 867 5232 Quane.
943 5176 1232 5232 Gaulloeur
1265 5176 1451 5231 studes
1483 5190 1584 5229 sur
1614 5176 1672 5230 la
1706 5177 2069 5246 typoqrapluo
2108 5177 2279 5233 Gene-

280 5246 459 5305 m
500 5243 881 5382 ssfbmlerus'
914 5315 1065 5370 mer·
1065 5312 1264 5369 endum
1294 5318 1481 5382 putat.-
1515 5312 1771 5367 animum.

2053 396 2216 460 1562
2262 392 2594 463 OOOEOB.

4206 401 4340 466 566

2370 580 2493 638 207.
2544 581 2698 638 Nous
2733 598 2801 638 sn
2827 583 3036 639 devous
3060 601 3167 641 nne
3201 599 3266 642 co
3305 586 3356 640 ie
3378 585 3735 655 authentique
3765 584 3901 641 faite
3934 601 4030 639 sur
4061 585 4342 657 l’originat

2371 651 2442 705 de
2476 652 2533 705 la
2567 650 2711 706 Bibl.
2748 652 2817 707 de
2852 652 3156 721 Frsncsort,
3196 654 3274 710 Oo
3317 655 3496 710 ection
3531 653 3850 709 Ufleubach.
3886 654 4013 710 Vol.
4047 652 4101 717 5,
4136 672 4190 725 p.
4207 653 4335 720 369,

2369 718 2408 774 a
2439 718 2792 791 l'obligeance
2825 721 2896 775 (16
2930 721 3029 776 Mt.
3065 723 3119 777 le
3152 722 3241 776 Dr,
3278 722 3344 784 G.
3369 724 3469 778 Ed.
3505 722 3696 787 Steitz‚
3732 723 3971 792 premier
4041 728 4228 778 astent
4261 724 4342 778 do

2371 788 2427 841 la
2472 788 2604 843 ville
2647 789 2718 843 (16
2767 790 3074 848 Francsort.
3126 819 3192 831 -
3245 791 3411 848 Trad.
3463 791 3631 846 latine
3666 791 3798 847 Gen.
3836 789 3958 858 883,
4091 808 4171 846 us.
4204 789 4338 856 637,

2371 856 2522 912 Han.
2538 855 2657 923 716,
2693 857 2908 914 Ohouet
2920 857 3044 924 458,
3081 859 3257 915 Amst.
3273 860 3395 916 209.
3463 861 3869 916 Relativement
3900 876 3971 913 au
4004 866 4156 914 texto
4190 860 4332 916 latin

2370 928 2751 1050 33030013‘52
2792 927 3116 1067 ἷέῗιῖοᾚέθ
3131 930 3216 1052 ιζ’
3228 928 3524 1053 1235‘3332
3554 929 3880 1065 «ἳῗῗέιῖῖηῗ
3910 928 4340 1052 ξῗὲοῗέἑιῗὲ

2371 1062 2612 1132 franceis
2666 1064 2788 1119 l’est
2838 1065 3247 1134 positivement,
3299 1082 3469 1136 voyez
3521 1071 3681 1121 notes
3725 1062 3761 1117 5
3794 1071 3853 1118 et
3884 1064 3935 1120 6.
4005 1065 4086 1121 La
4131 1071 4260 1120 note
4293 1064 4338 1120 2

2834 1134 3039 1189 semble
3073 1134 3252 1188 trahit
3285 1136 3341 1189 la
3373 1136 3556 1205 plume
3589 1135 3661 1189 de
3695 1132 3882 1200 B'eae.)

2546 1305 2733 1371 Nous
2789 1303 3173 1383 entendons,
3239 1325 3280 1370 a
3332 1313 3553 1372 nostre
3608 1303 3822 1390 grand
3878 1310 4118 1390 regret,
4178 1303 4336 1371 bien

3022 1394 3039 1424 2

2374 1410 2526 1543 1.ξέ
2530 1390 2770 1560 &affl
2783 1397 3655 1560 ἶεόηὲἓὲἒὲἷίῡξῑέἳηὲἰὲζ
3688 1388 4338 1560 ἰ“ἒζὲ“.ἶῗ,ι-ἶῗ.ἑ’ἕί

2377 1563 2683 1642 tentione,
2729 1582 2980 1628 comme
3024 1561 3082 1628 si
3116 1582 3283 1627 vous
3326 1563 3575 1627 n’avies
3616 1581 3734 1646 pas
3775 1581 3968 1627 recen
4012 1583 4143 1627 une
4188 1581 4338 1628 asse

2377 1646 2631 1733 grande
2685 1647 2879 1732 playe
2932 1667 3052 1730 par
3104 1646 3172 1712 16
3224 1645 3608 1732 dissipation
3664 1647 3745 1713 de
3800 1655 4022 1713 vostre
4079 1646 4336 1732 Eglise,

2378 1754 2451 1800 ce
2495 1734 2610 1817 qui
2652 1753 2819 1799 nous
2863 1743 2964 1798 est
3005 1741 3153 1798 tant
3185 1732 3336 1818 plus
3369 1733 3554 1817 grief,
3599 1754 3724 1816 666
3760 1754 3925 1799 6666
3958 1752 4045 1797 66
4078 1752 4339 1819 voyons

2379 1838 2595 1885 aucun
2660 1839 2903 1904 moyen
2982 1816 3065 1883 de
3130 1839 3296 1885 vous
3372 1818 3754 1885 reconcilier
3829 1839 3915 1885 en
3992 1817 4337 1884 fraternite

2378 1925 2606 1990 vraye,
2632 1909 2685 1981 ι)
2742 1924 2816 1971 66
2872 1925 2999 1988 666
3056 1924 3223 1970 6666
3267 1905 3398 1970 crai
3494 1925 3632 1982 ons,
3686 1924 3812 1989 666
3865 1905 3999 1969 fort
4041 1903 4339 1969 difficile·

2378 1998 2566 2057 ment
2628 2011 2700 2056 se
2764 2009 3009 2074 pourra
3072 1989 3332 2056 obtenir
3435 2011 3471 2055 e
3524 2010 3706 2056 vous.
3797 1989 3890 2056 Oe
3935 2008 4062 2074 666
4118 1988 4218 2054 dit
4273 1987 4339 2055 16

2380 2076 2587 2142 Poste
2612 2075 2671 2162 ²)
2716 2096 2787 2141 se
2829 2075 2969 2142 voit
3011 2095 3132 2159 par
3174 2083 3396 2140 vostre
3439 2076 3635 2141 lettre
3677 2095 3718 2139 a
3759 2075 4015 2141 scavoir
4058 2074 4218 2159 qu’il
4262 2094 4337 2140 se

2378 2169 2662 2229 commet
2685 2159 2766 2227 de
2794 2162 3007 2227 fantes
3042 2169 3110 2226 et
3130 2181 3218 2226 au
3239 2159 3487 2226 dedans
3521 2168 3589 2226 et
3610 2158 3869 2227 dehors.
3941 2160 4091 2228 Une
4125 2160 4339 2243 partie

2378 2247 2462 2314 (16
2504 2268 2671 2313 vous
2715 2247 2964 2326 estime,
3030 2267 3157 2330 666
3211 2266 3344 2312 666
3398 2245 3661 2312 obstant
3713 2247 3780 2313 la
3835 2247 4191 2312 formetur-e
4248 2244 4343 2311 du

2379 2332 2626 2417 temple
2649 2336 2710 2410 ⁸)
2766 2333 2897 2397 l'on
2968 2330 3147 2398 doibt
3210 2333 3629 2398 neantmoins
3673 2330 3971 2398 demorer
4015 2353 4101 2398 en
4145 2338 4339 2408 estat,

2371 2421 2647 2504 jusques
2692 2439 2733 2484 a
2775 2418 2840 2484 16
2876 2416 3163 2484 (16616166
3198 2416 3280 2483 (16
3323 2417 3388 2482 16
3421 2437 3615 2484 66666
3659 2418 3875 2484 finale.
3948 2419 4084 2483 Les
4119 2425 4345 2483 autres

2381 2503 2889 2582 maintiennent,
2948 2523 3033 2569 au
3089 2502 3438 2582 contraire,
3499 2524 3624 2587 666
3678 2507 3838 2569 c’est
3891 2503 4024 2569 mal
4084 2503 4259 2581 faict‚
4279 2506 4343 2578 ⁴)

2381 2591 2653 2675 qu’avec
2697 2598 2832 2655 tres
2887 2587 3142 2673 grande
3197 2586 3524 2674 indignite
3583 2596 3652 2654 et
3695 2587 3974 2674 oprobre
4017 2587 4085 2653 la
4127 2588 4344 2654 verite

2382 2675 2513 2742 soit
2555 2675 2909 2761 opprimes,
2953 2674 3048 2740 Et
3081 2695 3334 2741 comme
3370 2674 3721 2741 deohassee
3756 2695 3839 2741 en
3876 2674 4027 2740 exil.
4098 2672 4345 2756 Quand

2380 2780 2422 2827 a
2465 2781 2651 2841 nous,
2716 2781 2884 2826 nous
2929 2782 3015 2827 ne
3054 2760 3394 2826 scaurions
3436 2760 3834 2827 aultrement
3874 2761 4066 2846 inger
4107 2761 4164 2825 si
4208 2780 4348 2825 non

2382 2868 2511 2931 que
2554 2867 2726 2913 ceux
2766 2852 2886 2911 ont
2928 2855 3066 2912 tres
3110 2846 3265 2911 bien
3306 2846 3480 2924 faict,
3525 2846 3637 2930 qui
3680 2847 4112 2912 incontenant
4153 2866 4348 2928 apres

2381 2932 2450 2997 la
2493 2933 2847 2998 formeture
2891 2931 2982 2997 du
3027 2930 3272 3015 temple
3315 2938 3384 2997 et
3434 2932 3730 2999 exercice
3772 2930 3854 2998 de
3896 2932 4070 3016 picte
4113 2930 4345 2998 defen·

2382 3018 2529 3099 due,
2586 3038 2675 3084 on
2733 3025 2989 3084 trousse
3045 3017 3297 3103 bagage
3339 3025 3408 3084 et
3460 3038 3531 3084 se
3580 3025 3729 3084 sont
3771 3023 4179 3103 transportem
4223 3017 4348 3085 ail-

2380 3106 2578 3181 leurs,
2620 3105 2789 3170 mais
2811 3110 3022 3187 quant
3043 3110 3295 3182 aceux,
3339 3102 3451 3187 qui
3496 3107 3682 3170 n’ont
3701 3105 3887 3189 point
3930 3125 4014 3170 eu
4055 3104 4121 3170 la
4164 3125 4348 3171 com-

2383 3190 2629 3255 modite
2672 3189 2753 3255 de
2795 3191 2860 3256 le
2915 3189 3099 3267 faire,
3158 3209 3323 3256 nous
3376 3190 3693 3257 estimons
3734 3188 3927 3274 qu'ils
3983 3196 4138 3257 sont
4190 3189 4349 3274 plus

2380 3284 2514 3342 tost
2557 3276 2791 3361 dignes
2832 3274 2916 3340 de
2957 3275 3368 3360 compassion
3412 3296 3539 3359 que
3582 3274 3663 3340 (16
3710 3275 3807 3341 166
3849 3275 4105 3343 vouloir
4145 3297 4347 3362 pour-

2381 3362 2607 3428 suivre
2649 3359 2733 3426 de
2775 3360 2926 3445 quel
2974 3380 3056 3426 66
3097 3359 3570 3428 malveillance.
3635 3362 3730 3426 Et
3763 3359 3846 3427 de
3888 3363 4045 3429 faict
4088 3362 4347 3429 vouloir

2381 3447 2559 3513 tenir
2600 3446 2899 3513 attaches
2930 3382 3042 3512 (166
3085 3453 3464 3532 estrangers
3500 3467 3586 3513 66
3627 3445 3765 3513 1166
3799 3446 3880 3513 (16
3922 3447 4068 3514 leur
4109 3448 4344 3534 refuge

2379 3552 2633 3599 comme
2678 3532 2794 3599 des
2845 3551 3083 3617 povres
3141 3532 3432 3599 esclaves
3475 3538 3520 3597 a
3570 3530 3637 3597 16
3677 3531 3951 3614 moeule,
4007 3554 4082 3601 ce
4139 3535 4345 3601 seroit

2378 3638 2516 3683 666
2558 3617 2757 3684 chose
2784 3618 2933 3702 plus
2956 3615 3370 3703 qu'indigne:
3417 3638 3529 3683 car
3562 3617 3885 3702 faignons,
3930 3640 4055 3702 que
4088 3618 4344 3706 l’eglise

2379 3703 2483 3769 fut
2524 3722 2723 3769 encor
2765 3723 2852 3769 en
2895 3711 3069 3769 estre
3112 3702 3243 3769 l’on
3285 3723 3371 3769 ne
3411 3702 3593 3769 doibt
3626 3704 3895 3771 estimer
3935 3705 4163 3772 illicite
4206 3728 4346 3774 aux

2376 3808 2739 3938 gersonnes
2801 3790 3066 3873 privees
3131 3786 3214 3853 de
3277 3788 3571 3874 changer
3638 3788 3721 3856 de
3797 3790 3960 3871 lieu,
4042 3792 4342 3859 combien

2423 3894 2710 3958 oncques
2745 3874 2896 3958 plus
2932 3873 3115 3940 doibt
3147 3873 3198 3938 il
3243 3881 3416 3940 estre
3449 3874 3697 3958 permis
3739 3881 3784 3940 a
3824 3895 3993 3943 ceux
4030 3876 4344 3961 66666616

2378 3979 2468 4025 66
2502 3968 2642 4026 oste
2685 3960 3023 4027 l’exercice
3056 3958 3139 4025 de
3174 3959 3349 4043 piete
3384 3959 3466 4026 de
3500 3980 3572 4027 se
3606 3968 4018 4046 transporter
4050 3963 4339 4030 ailleurs.

2379 4045 2663 4111 D'autre
2704 4053 2856 4129 part
2898 4044 2982 4111 de
3018 4044 3285 4111 vouloir
3325 4056 3592 4131 reputer
3634 4055 3702 4112 et
3744 4046 4046 4114 diffamer
4087 4069 4345 4115 comme

2379 4130 2684 4198 traistres
2726 4151 2769 4196 a
2808 4131 2875 4197 la
2908 4131 3117 4198 verite
3152 4152 3317 4197 ceux
3354 4132 3467 4214 qui
3510 4138 3629 4197 ont
3670 4140 3809 4198 este
3853 4134 4233 4218 empesches
4273 4145 4345 4200 et

2382 4224 2648 4283 retenus
2683 4236 2807 4301 par
2846 4216 2913 4282 la
2954 4217 3275 4283 necessite
3303 4215 3709 4302 domestique
3731 4216 3814 4284 de
3855 4218 4035 4287 leurs
4077 4219 4343 4287 affaires

2381 4302 2466 4368 de
2510 4324 2593 4368 ne
2636 4303 2917 4386 pouvoir
2972 4303 3172 4368 sortir
3225 4309 3296 4368 et
3350 4302 3512 4369 aller
3555 4324 3596 4368 a
3638 4326 3733 4369 un
3789 4305 4002 4371 aultre
4056 4304 4211 4383 lieu,
4266 4326 4343 4373 ce

2380 4389 2585 4454 seroit
2626 4388 2826 4455 chose
2877 4388 3284 4454 inhumaine.
3380 4387 3610 4470 Quant
3652 4411 3693 4455 a
3734 4410 3809 4457 ce
3851 4396 4045 4473 qu'on
4089 4388 4344 4458 obiecte

2379 4494 2507 4558 666
2550 4494 2718 4539 ceux
2761 4474 2874 4559 qui
2917 4481 3302 4558 presentent
3352 4473 3534 4541 leurs
3589 4477 3823 4542 enfans
3875 4498 3959 4542 au
4003 4476 4344 4558 baptesme

2379 4559 2497 4626 des
2521 4559 2934 4626 adversaires
2965 4567 3288 4644 exposent
3306 4560 3358 4628 J
3357 4581 3507 4627 esus
3530 4558 3761 4627 Christ
3794 4583 3877 4627 en
3900 4563 4340 4646 moucquerie,

2378 4666 2545 4711 nous
2589 4646 2985 4726 confessons,
3026 4666 3152 4730 que
3185 4646 3244 4712 61
3287 4645 3415 4711 tels
3459 4646 3873 4712 dissimulent
3913 4656 3981 4713 et
4023 4669 4107 4714 ne
4149 4669 4339 4714 mon-

2379 4738 2592 4797 strent
2636 4740 3110 4811 ouvertemeut,
3155 4730 3347 4814 qu’ils
3392 4729 3720 4798 detestent
3760 4741 3903 4798 tant
3946 4734 4042 4800 les
4079 4754 4343 4801 erreurs

2369 4971 2552 5097 ἓξὲξ
2573 4969 2630 5036 1)
2666 4986 2775 5026 666
2811 4971 2921 5025 6116
2952 4972 3191 5026 occurrit
3223 4972 3364 5026 ratio
3398 4971 3503 5024 nisi
3527 4972 3782 5040 utrinque
3816 4975 4040 5043 propris
4071 4978 4346 5033 sententia

2553 5057 2581 5094 s

2584 5108 2647 5170 2)
2723 5110 2830 5163 6ο(1
2864 5110 3089 5177 agnovit
3121 5111 3214 5163 ille
3247 5111 3306 5163 in
3341 5110 3512 5164 Iliade
3546 5108 3784 5163 Homeri.
3824 5112 3909 5175 (ἓ)
3947 5111 4158 5167 Iliacos
4191 5121 4287 5170 etc.

2583 5177 2642 5245 3)
2678 5126 2751 5230 da
2796 5178 2962 5232 ihuen
2995 5177 3264 5232 uehmlioh
3308 5179 3398 5231 die
3444 5178 3680 5248 gehabte
3713 5178 3921 5233 Kircbe
3966 5182 4344 5240 verschlossen

2381 5247 2606 5302 worden
2639 5244 2968 5313 (Uffenbaeh
2999 5262 3066 5300 en
3100 5249 3329 5315 maroe).

2587 5313 2648 5383 4)
2685 5316 2767 5369 fas
2801 5332 2912 5370 non
2945 5316 3112 5372 fuisse
3145 5316 3350 5371 diutius
3383 5316 3681 5373 subsistere
3715 5317 3771 5370 in
3807 5332 3874 5370 eo
3909 5317 4029 5373 loco
4063 5318 4158 5374 ubi
4191 5325 4294 5379 ete.

3822 5400 3933 5457 36.
