4900 6125
288 399 359 469 ³3
2079 395 2243 462 1563
2284 393 2470 462 IUN.

284 585 555 656 inaudita
599 584 909 651 vitiorum
951 590 1249 651 monstra
1288 584 1536 651 virtute
1577 582 1765 651 verbi
1801 583 2014 652 divini
2048 604 2218 669 pug-

283 694 442 751 nare,
483 692 683 755 quum
726 670 797 735 in
841 668 1021 736 aliud
1062 671 1392 737 malorum
1426 692 1611 737 mare
1631 670 2001 750 incidimus,
2047 668 2220 755 quod

281 760 398 826 nisi
440 759 621 823 Deus
664 764 941 834 avertat,
1000 776 1084 822 ex
1126 756 1299 823 bello
1356 763 1533 822 terra
1576 758 1872 841 marique
1915 765 2219 840 suscepto

282 847 342 911 in
412 851 668 910 nostras
743 840 1051 909 ecclesias
1126 841 1521 910 effundetur.
1631 842 1741 909 Ita
1820 844 1998 909 enim
2063 849 2222 909 sunt

282 937 636 1013 comparata
715 928 1056 994 hominum
1151 928 1419 1014 ingenia
1497 935 1575 994 ut
1648 927 1820 995 bello
1899 927 2223 994 deteriora

278 1019 440 1083 fiant.
528 1017 737 1082 Porro
780 1034 913 1080 non
982 1021 1083 1079 est
1147 1014 1319 1098 quod
1363 1023 1625 1081 nostras
1667 1014 1971 1082 ecclesias
2018 1014 2220 1098 pluri·

277 1103 387 1168 bus
442 1101 561 1167 tibi
603 1098 1076 1178 commendem,
1136 1099 1268 1167 scio
1326 1101 1505 1166 enim
1562 1109 1847 1184 quantae
1906 1100 2026 1166 tibi
2084 1101 2221 1166 sint

274 1207 469 1253 curae.
561 1186 749 1264 Vale,
797 1186 999 1250 frater
1043 1186 1396 1264 carissime,
1453 1195 1524 1252 et
1577 1188 1647 1251 in
1706 1187 1831 1253 isto
1890 1184 2222 1271 evangelii

272 1271 684 1357 promovendi
718 1270 1028 1356 flagranti
1064 1271 1280 1337 studio
1315 1273 1643 1339 constanti
1677 1273 1963 1358 fortique
2000 1274 2222 1338 animo

271 1379 403 1425 esse
444 1378 659 1442 perge.
727 1356 1058 1423 Dominus
1101 1364 1172 1423 te
1215 1379 1363 1424 cum
1410 1359 1543 1425 tuis
1588 1357 1988 1424 fidelissimis
2032 1357 2222 1425 colle-

272 1446 366 1528 gis
409 1443 521 1508 diu
567 1464 726 1510 suae
780 1443 1090 1511 ecclesiae
1144 1442 1539 1509 incolumem
1598 1453 1835 1512 servet.
1924 1444 2111 1512 Uxor
2154 1451 2223 1510 et

268 1530 442 1595 filioli
485 1550 741 1597 mecum
788 1529 910 1595 tibi
954 1549 1036 1594 ex
1098 1528 1321 1595 animo
1379 1529 1663 1596 salutem
1725 1530 2076 1615 plurimam
2123 1529 2219 1595 di-

267 1625 434 1681 cunt.
456 1620 506 1693 ¹)

1470 1755 1653 1820 Tuus
1698 1775 1783 1819 ex
1826 1754 2048 1819 animo

1450 1842 1531 1909 F.
1578 1840 2074 1923 Sampaulinus.

1135 2388 1327 2458 3974.

650 2542 1127 2611 CALVINUS
1184 2541 1824 2612 BULLINGERO.

425 2713 833 2780 Gravissimo
891 2715 1099 2782 morbo
1167 2718 1485 2781 cruciatus
1547 2714 1796 2780 landem
1852 2715 2219 2796 aliqtaantu·

246 2797 377 2862 lum
422 2799 762 2865 levationis
803 2803 1004 2867 sentit.
1086 2801 1217 2866 Res
1264 2801 1520 2868 Galliac
1583 2821 1705 2882 quo
1770 2802 1841 2865 in
1883 2805 2051 2865 statu
2091 2801 2221 2866 sint

245 2886 512 2964 exponit,
558 2886 669 2950 ubi
710 2907 835 2951 non
877 2888 1043 2954 male
1083 2889 1360 2953 cederent
1399 2887 1533 2953 nisi
1556 2887 1930 2969 principum
1963 2886 2220 2952 mollitie

244 2969 720 3052 impedirentur.

244 3140 441 3203 (Plura
491 3149 716 3197 exstant
762 3143 921 3197 huius
970 3145 1237 3213 epistolae
1285 3160 1442 3199 exem
1483 3146 1637 3211 laria,
1686 3152 1816 3199 auto
1918 3144 2064 3213 phou
2100 3144 2218 3198 nul·

241 3208 367 3262 lum.
446 3212 826 3266 Describimus
886 3230 953 3266 ex
1004 3215 1191 3268 codice
1237 3213 1418 3284 Sanga
1461 3216 1577 3269 ensi
1624 3213 1739 3269 MS.
1786 3214 1903 3268 Vol.
1952 3214 2038 3268 41.
2074 3212 2216 3333 Eplp.

240 3278 365 3334 XII.
403 3280 503 3335 sol.
549 3280 673 3335 224.
744 3281 1083 3336 contulimus
1140 3289 1429 3352 practerea
1484 3283 1827 3338 Genevensia
1882 3282 2011 3336 Cod.
2068 3281 2138 3335 10
2173 3294 2215 3350 ⁸,

236 3347 327 3400 sol.
364 3348 496 3416 266,
559 3356 617 3403 et
669 3349 800 3403 Cod.
844 3349 961 3415 108,
1015 3351 1105 3404 fol.
1158 3350 1277 3413 151,
1337 3352 1613 3406 Berneuse
1649 3353 1799 3405 Tom.
1838 3350 1931 3405 VI.
1971 3368 2021 3419 p.
2060 3350 2215 3417 1222,

240 3415 552 3473 Turicense
591 3419 651 3473 F.
686 3416 771 3485 43,
826 3420 954 3474 olim
992 3419 1144 3473 VIII.
1199 3420 1292 3473 fol.
1351 3420 1457 3474 435
1508 3422 1565 3475 in
1620 3437 1728 3489 quo
1764 3422 1987 3490 legitur:
2062 3420 2220 3473 Haec

234 3484 373 3541 data
410 3486 713 3551 Blasii-ero,
761 3487 889 3542 deni
933 3505 1000 3542 ue
1035 3489 1418 3543 simlerianum
1457 3490 1578 3544 Vol.
1622 3488 1734 3555 107,
1830 3490 1885 3542 ui
1939 3506 1997 3542 se
2033 3504 2217 3556 sump-

232 3554 369 3607 sisse
408 3556 554 3609 dicit
590 3573 658 3609 ex
694 3557 943 3626 originai
982 3558 1266 3613 Iouvillaei
1312 3559 1369 3610 in
1428 3559 1561 3613 bibl.
1598 3558 1779 3612 Schmi
1821 3560 1942 3613 iuna
1977 3560 2031 3610 iu
2069 3558 2215 3612 Wol-

350 3624 616 3679 lishofen.
688 3626 1019 3681 Versionem
1057 3628 1321 3696 anglicam
1360 3627 1528 3681 habes
1564 3626 1716 3681 Tom.
1752 3626 1844 3681 IV.
1882 3645 1934 3697 p.
1969 3625 2114 3693 320.)

406 3795 486 3863 S.
538 3796 812 3863 Dictare
856 3797 1018 3863 hacc
1062 3796 1363 3865 celeriter
1408 3820 1513 3865 me
1548 3798 1723 3882 cogit
1758 3796 1908 3864 boni
1947 3798 2210 3881 quidem

226 3880 341 3945 sed
380 3904 628 3965 parum
676 3883 1065 3950 considerati
1102 3884 1387 3950 hominis
1427 3884 1874 3968 incogitantia,
1897 3885 2009 3968 qui
2042 3884 2213 3951 filios

224 3964 401 4033 istuc
450 3970 783 4034 missurus
842 3990 975 4035 non
1040 3978 1197 4035 ante
1263 3990 1370 4037 me
1437 3969 1780 4036 admonuit
1846 3970 1926 4035 de
1985 3990 2212 4036 eornm

224 4050 536 4120 discessu
597 4075 791 4137 quam
852 4054 1012 4120 dum
1071 4076 1183 4121 eos
1239 4055 1503 4122 volebat
1567 4056 1915 4123 dimittere.
2016 4056 2211 4121 Nunc

220 4158 479 4223 magno
544 4139 768 4206 dolore
826 4140 1085 4207 levatus
1126 4162 1296 4217 sum,
1353 4164 1434 4208 ex
1495 4163 1623 4226 quo
1682 4142 2007 4209 calculum
2062 4164 2210 4208 sum

222 4224 477 4292 enixus
527 4226 759 4292 nucleo
816 4227 1155 4293 avellanae
1213 4228 1351 4293 fere
1409 4248 1654 4311 parem.
1686 4229 1735 4310 ¹)
1815 4227 1990 4309 Quia
2044 4228 2212 4293 mihi

221 4309 423 4377 valde
474 4311 757 4378 molesta
791 4322 935 4379 erat
979 4314 1208 4378 urinae
1263 4314 1568 4391 retentio,
1631 4334 1871 4397 equum
1928 4336 2010 4379 ex
2056 4336 2211 4380 con-

220 4395 376 4461 silio
428 4396 678 4463 medici
722 4399 1229 4465 conscenderam
1288 4410 1363 4463 ut
1417 4399 1691 4484 agitatio
1747 4399 1829 4465 ad
1889 4399 2209 4467 calculum

216 4635 419 4690 8978.
450 4639 512 4702 1)
556 4637 693 4692 Nisi
725 4639 948 4692 omnino
979 4638 1230 4703 fallimur
1258 4638 1466 4707 scripta
1501 4644 1581 4694 est
1687 4644 1737 4693 st
1767 4640 1988 4705 finitum
2020 4640 2211 4695 bellun

216 4706 387 4760 civile
424 4722 485 4760 a.
528 4704 887 4761 1562-1563.
948 4706 1368 4775 Sampmdinus,
1406 4707 1533 4762 olan
1628 4709 1936 4777 iciacensis,
1964 4710 2079 4778 fuit
2111 4709 2213 4763 mi-

216 4778 409 4854 nister
446 4777 522 4829 in
559 4775 938 4831 Mentiuntur!
973 4775 1247 4829 1560-61
1284 4776 1559 4839 (Au-nand
1592 4776 1661 4831 11.
1695 4776 1849 4847 427),
1893 4785 2083 4847 postea
2114 4794 2211 4857 ορ..

597 4884 608 4895 .
664 4874 729 4885 -
786 4844 870 4910 Cf.
912 4844 984 4899 N.
1022 4844 1177 4899 3350.
1221 4843 1377 4900 3449.
1466 4844 1723 4915 Dieppao
1773 4849 1983 4915 scripta
2032 4846 2211 4902 viden

208 4919 407 4980 potest
438 4929 635 5038 m
669 4914 737 4968 de
778 4913 914 4969 bello
958 4919 1110 4968 terra
1143 4915 1395 4984 marique
1438 4921 1686 4984 suscepto
1732 4917 1848 4970 sive
1885 4918 2075 4985 potius
2108 4917 2207 4970 mi-

212 5050 425 5105 8⁹74.
454 5050 523 5117 1)
558 5049 781 5107 Calculo
818 5066 937 5105 eum
981 5052 1264 5107 laborasse
1300 5050 1437 5107 dicit
1483 5054 1647 5108 diam
1684 5052 1836 5107 Besa
1870 5054 1933 5108 in
1978 5054 2108 5109 Vita
2142 5052 2205 5108 0.

211 5120 639 5175 conmentario
660 5122 721 5174 in
739 5118 965 5175 Iouam
1059 5121 1241 5187 anfi-ra
1269 5136 1329 5189 p.
1346 5120 1435 5189 44,
1460 5120 1820 5177 Colladonius
1842 5128 1983 5177 tacet
2005 5139 2059 5192 p.
2088 5121 2208 5189 102,

212 5190 415 5244 nescio
454 5193 650 5242 natm-⁸
685 5204 820 5244 casu
854 5204 931 5243 an
1004 5204 1034 5242 e
1066 5189 1363 5243 Musio-ia
1436 5190 1511 5244 In
1545 5191 1672 5246 Vita
1707 5207 1746 5245 a
1775 5191 2027 5247 Nickelio
2059 5191 2209 5247 edita

208 5275 269 5326 p.
294 5259 373 5311 34
413 5258 659 5326 lepitan-
692 5257 968 5311 Calculum
992 5258 1194 5328 alioqui
1231 5275 1505 5328 nunquam
1541 5259 1645 5313 nisi
1683 5260 1893 5330 aliquot
1914 5266 2041 5314 aute
2064 5276 2208 5315 mor-

210 5334 333 5382 tem
376 5327 674 5382 mensibus
708 5333 971 5383 senserat.

4206 401 4292 465 54

2320 581 2716 650 eiiciendum
2761 603 2867 648 me
2909 583 3188 650 iuvaret.
3254 581 3550 649 Domum
3593 603 3902 652 reversus
3941 605 4090 652 ecce
4133 606 4290 653 san-

2320 669 2473 755 guis
2531 668 2939 735 faeculentus
2994 668 3138 736 loco
3191 670 3459 736 urinae:
3519 668 3836 753 postridie
3902 671 4192 739 calculus
4247 694 4288 739 e

2321 756 2543 822 vesica
2586 756 2659 820 in
2700 753 2994 821 canalem
3039 755 3377 839 prorupit:
3421 755 3580 822 hinc
3624 757 3991 824 acerbiores
4036 758 4289 825 crucia-

2320 848 2446 907 tus.
2537 841 2841 925 Longius
2885 839 3156 907 dimidia
3198 839 3363 906 hora
3421 841 3621 907 totius
3680 845 3969 927 corporis
4011 863 4288 910 concus-

2321 928 2575 993 satioue
2631 933 2905 993 conatus
2964 947 3112 992 sum
3173 924 3327 1013 [me]
3351 931 3407 1004 ²)
3479 925 3776 994 liberare.
3866 929 4006 995 Nec
4059 938 4287 995 tamen

2319 1012 2674 1096 quidquam
2699 1013 2957 1096 profeci,
2984 1012 3111 1078 uisi
3147 1010 3436 1079 subsidio
3472 1032 3679 1097 aquae
3714 1013 3967 1080 calidae
4003 1014 4285 1082 adiutus.

2320 1100 2399 1164 In
2410 1095 2659 1186 [terior]
2684 1102 2738 1175 ⁸)
2783 1098 3031 1165 canalis
3074 1097 3367 1182 undique
3406 1098 3823 1167 exulceratus
3857 1101 4001 1179 fuit,
4045 1108 4123 1166 ut
4156 1100 4287 1166 lar-

2413 1205 2447 1250 s
2511 1185 2784 1269 sanguis
2849 1186 3225 1268 proflueret.
3315 1185 3512 1251 Nunc
3577 1185 3742 1250 mihi
3797 1186 4120 1253 revixisse
4183 1189 4290 1251 vi-

2368 1291 2481 1336 eor
2525 1270 2680 1354 quia
2724 1268 2878 1336 data
2920 1278 3022 1337 est
3064 1268 3248 1336 bidui
3293 1270 3628 1337 relaxatio.

2494 1357 2601 1421 De
2635 1365 2810 1421 statu
2835 1356 3096 1422 Galliac
3120 1356 3445 1440 copiosius
3468 1356 3820 1423 scriberem
3858 1357 3915 1422 si
3948 1357 4100 1441 plus
4134 1379 4286 1442 sup-

2321 1449 2581 1526 peteret
2609 1443 2742 1508 otii.
2811 1441 3130 1525 Lugduni
3151 1441 3411 1508 reddita
3431 1450 3589 1509 sunt
3623 1442 3870 1526 templa
3890 1444 4221 1524 sacrificis,
4232 1449 4287 1523 ⁴)

2324 1539 2604 1611 quatuor
2647 1534 2910 1593 tantum
2969 1528 3156 1595 nobis
3199 1527 3448 1606 relicta,
3510 1550 3594 1595 ex
3639 1529 3879 1612 quibus
3921 1550 4129 1595 unum
4181 1550 4288 1596 as-

2324 1622 2468 1679 tute
2534 1614 2701 1679 falso
2768 1621 3117 1698 praetextu
3182 1614 3608 1697 impetratum
3676 1615 3818 1681 fuit.
3930 1614 4068 1697 Qui
4132 1623 4286 1681 ante

2322 1699 2473 1766 urbi
2519 1701 2894 1783 praefuerat
2914 1704 2967 1782 ³)
3012 1711 3359 1767 revocatus
3404 1707 3523 1778 est,
3581 1700 3774 1767 homo
3831 1700 4040 1767 sedati
4098 1721 4289 1767 man·

2323 1786 2624 1869 suetique
2667 1786 2936 1870 ingenii,
2997 1787 3275 1870 papistis
3334 1806 3571 1853 exosus
3628 1788 3784 1869 quia
3840 1787 4027 1854 uobis
4082 1787 4283 1854 favet.

2326 1872 2603 1938 Animos
2645 1871 2884 1954 ubique
2928 1873 3022 1954 pii
3066 1872 3400 1956 colligunt.
3481 1870 3720 1938 Multis
3763 1873 3831 1937 in
3868 1873 4029 1939 locis
4064 1872 4286 1940 hostes

2322 1956 2537 2022 adhuc
2583 1957 3097 2038 tumultuantur,
3158 1979 3233 2025 ac
3280 1966 3417 2023 tam
3457 1957 3781 2024 incendiis
3827 1979 4023 2042 quam
4071 1959 4286 2025 caedi-

2323 2044 2446 2109 bus
2491 2043 2782 2109 exsultat
2824 2063 3048 2109 eorum
3093 2044 3326 2110 rabies.
3407 2044 3508 2109 Eo
3554 2041 3817 2109 tandem
3855 2055 4287 2128 prorumpent

2321 2139 2397 2194 ut
2441 2150 2595 2194 snos
2639 2150 2895 2212 quoque
2940 2137 3248 2213 patronos
3291 2130 3554 2195 sensuri
3590 2131 3722 2196 sint
3743 2129 4204 2214 implacabiles.
4230 2137 4285 2210 ⁶)

2323 2214 2766 2281 Oonestabilis
2810 2216 3099 2280 mitescit
3141 2215 3371 2282 indies.
3453 2216 3733 2299 Regina,
3779 2218 4042 2282 tametsi
4088 2217 4286 2283 Prin-

2325 2301 2452 2384 cipi
2503 2300 2853 2381 blanditur,
2897 2300 3062 2367 levis
3107 2311 3325 2367 tamen
3373 2310 3440 2367 et
3483 2310 3755 2367 versuta
3796 2302 4048 2368 nullam
4096 2323 4283 2387 spem

2327 2385 2431 2452 vel
2497 2407 2816 2470 perquam
2876 2388 3181 2471 exiguam
3255 2387 3442 2454 nobis
3515 2387 3690 2454 facit.
3779 2387 3926 2454 Etsi
3985 2399 4206 2454 autem
4230 2391 4286 2472 ⁷)

2325 2471 2494 2537 nihil
2553 2474 2623 2536 iu
2684 2493 2763 2537 ea
2819 2473 3169 2550 sincerum,
3239 2493 3489 2539 morem
3549 2481 3774 2538 tamen
3831 2483 4094 2559 gereret
4116 2479 4169 2557 ⁸)
4227 2477 4285 2540 si

2322 2558 2576 2624 videret
2623 2558 2954 2624 hominem
3000 2558 3342 2626 cordatum
3380 2569 3446 2625 et
3466 2559 3983 2644 magnanimum.
4050 2560 4285 2641 Quan-

2323 2665 2523 2727 quam
2558 2646 2743 2710 curia
2787 2645 3183 2711 Parisiensis
3228 2645 3492 2711 tandem
3539 2645 3948 2711 consiliarios
3983 2649 4096 2729 qui
4131 2667 4283 2730 pro-

2323 2731 2466 2814 fugi
2509 2739 2699 2796 erant
2742 2730 3026 2810 admisit,
3073 2731 3264 2796 multi
3310 2739 3531 2796 tamen
3577 2751 3648 2796 se
3691 2753 3965 2797 munere
4022 2732 4286 2799 abdica-

2324 2825 2504 2895 runt,
2551 2817 2675 2880 hoc
2721 2824 2838 2892 est,
2884 2818 3166 2899 pecunia
3206 2827 3713 2882 commutarunt.
3795 2816 3874 2881 Id
3920 2819 4284 2901 aegerrime

2322 2902 2452 2967 fert
2475 2900 2949 2981 cancellarius,
2988 2904 3102 2986 qui
3141 2902 3338 2968 vellet
3373 2902 3512 2970 illic
3548 2923 3744 2986 quam
3784 2903 4106 2987 plurimos
4140 2925 4285 2970 esse

2322 2995 2587 3054 nostrae
2606 2988 2835 3073 partis.
2882 2988 3113 3073 Itaque
3135 3008 3363 3055 severe
3385 2988 3546 3054 istas
3570 2988 4049 3074 resignationes
4072 3010 4284 3074 quan-

2322 3083 2465 3139 tum
2509 3078 2581 3139 in
2627 3097 2697 3141 se
2741 3082 2844 3140 est
2888 3074 3206 3159 prohibet.
3295 3076 3731 3142 Admiraldus
3775 3075 3949 3142 domi
3966 3078 4025 3159 ⁹)
4062 3076 4281 3145 adbuc

2320 3161 2614 3244 quiescit.
2682 3160 2925 3227 Frater
2968 3163 3112 3227 eius
3156 3162 3224 3226 in
3272 3160 3426 3228 aula
3477 3170 3593 3227 est.
3667 3161 4119 3229 Gonnestabizis
4159 3164 4281 3230 vix

2322 3246 2590 3312 tandem
2641 3254 2976 3312 extractus
3033 3256 3109 3312 ut
3162 3254 3391 3316 contra
3435 3248 3682 3333 Anglos
3735 3249 4098 3314 exercitum
4157 3248 4281 3314 du-

2322 3342 2441 3397 cat
2517 3334 2650 3397 Aut
2675 3332 3018 3399 Condensis
3055 3332 3331 3399 mollitie
3375 3341 3443 3399 et
3485 3334 3755 3417 ignavia
3788 3333 3958 3398 nihil
3994 3336 4278 3419 turpius,

2320 3427 2433 3483 aut
2479 3416 2663 3484 brevi
2707 3420 3041 3503 continget
3101 3419 3324 3502 aliqua
3379 3420 3673 3485 mutatio.
3756 3420 3948 3500 Vale,
3995 3422 4279 3487 ornatis·

2319 3504 2483 3569 sime
2520 3505 2623 3570 vir
2667 3525 2743 3570 ac
2784 3504 3189 3572 observande
3232 3506 3454 3571 frater.
3544 3506 3874 3573 Dominus
3917 3514 3983 3572 te
4028 3507 4281 3575 incolu-

2317 3610 2492 3654 mem
2540 3598 2823 3669 tueatur,
2876 3590 3066 3656 donis
3110 3592 3247 3656 suis
3290 3592 3503 3676 magis
3546 3594 3885 3676 magisque
3929 3592 4281 3677 locupletet

2317 3697 2393 3741 ac
2437 3675 2694 3742 labores
2738 3684 2887 3741 tuos
2929 3675 3261 3742 secundet.
3352 3676 3586 3744 Saluta
3613 3680 3697 3756 ¹⁰)
3743 3676 4096 3764 diligenter
4138 3700 4280 3746 om-

2316 3781 2433 3828 nes
2515 3770 2935 3846 symmystas.
3048 3760 3361 3847 Collegae
3442 3763 3640 3828 etiam
3708 3765 3839 3829 mei
3920 3766 4030 3847 qui
4099 3787 4276 3833 nunc

2521 4018 2583 4077 2)
2619 4018 2925 4087 Eaemplar
2965 4016 3322 4088 Sanqallense
3356 4019 3416 4072 in
3451 4021 3702 4088 maraine
3734 4019 3990 4075 lacerum.

2523 4088 2582 4155 3)
2615 4089 2836 4143 Interea
2873 4086 2930 4141 S.
2965 4103 3066 4142 on.
3103 4093 3270 4142 totum
3317 4086 3449 4143 Tur.

2521 4157 2581 4223 4)
2617 4157 2763 4211 Hiar.
2803 4157 2923 4212 eccl.
2962 4156 3054 4211 111.
3090 4155 3226 4210 243:
3271 4155 3348 4210 Le
3385 4156 3684 4210 mareschal
3720 4158 3790 4211 de
3827 4158 4159 4212 Vicillcvillc
4194 4158 4278 4214 sut

2316 4226 2528 4295 envoye
2566 4226 2598 4277 a
2633 4224 2807 4296 Lyon,
2858 4242 2997 4295 pour
3049 4242 3239 4294 passer
3287 4226 3408 4295 puis
3462 4243 3625 4295 apres
3674 4242 3742 4279 en
3779 4226 4064 4296 Dauphine
4100 4234 4159 4280 et
4204 4244 4275 4280 en

2314 4294 2668 4363 Languedoc:
2715 4295 2770 4347 la
2806 4311 2980 4348 venue
3016 4294 3234 4363 duquel,
3279 4310 3487 4348 comme
3523 4295 3562 4348 il
3598 4295 3764 4348 estoit
3798 4295 4013 4349 homme
4047 4295 4276 4377 d'esprit

2315 4363 2543 4432 paisiblc
2580 4368 2639 4416 et
2671 4365 2766 4432 qui
2802 4378 2872 4416 ue
2907 4363 3117 4418 s'estoit
3152 4364 3342 4417 iamais
3366 4363 3538 4417 rendu
3559 4364 3759 4432 partial
3795 4381 3862 4418 cu
3899 4381 3989 4417 ces
4024 4364 4274 4419 derniers

2316 4432 2575 4491 troubles,
2610 4433 2788 4487 servit
2806 4433 2876 4485 de
2910 4433 3190 4503 beaucoup
3224 4449 3366 4501 pour
3399 4432 3621 4486 adoucir
3656 4432 3735 4486 les
3771 4433 3988 4500 esprits.
4043 4432 4274 4504 Lapaix

2314 4501 2401 4555 fut
2434 4501 2671 4571 publice,
2715 4501 2858 4556 lieux
2903 4502 3011 4555 assi
3052 4502 3147 4554 nes
3183 4500 3216 4554 a
3250 4516 3385 4554 ceux
3430 4502 3501 4555 de
3544 4502 3600 4554 la
3644 4502 3875 4571 religion
3913 4501 4071 4571 qu'ils
4105 4504 4273 4557 basti-

2313 4574 2441 4623 rent
2474 4570 2542 4623 de
2584 4570 2667 4622 uis
2703 4572 2738 4625 a
2871 4571 2972 4624 nds
3007 4519 3139 4622 fgrais
3177 4607 3396 4623 .....
3459 4570 3600 4623 Mais
3635 4586 3742 4639 peu
3777 4570 3810 4622 a
3845 4587 3952 4640 peu
3984 4571 4053 4623 ils
4088 4571 4276 4627 iurent

2312 4639 2426 4692 sort
2461 4656 2514 4691 m
2605 4640 2762 4694 traitt
2825 4678 2839 4692 .
2910 4638 3132 4693 L'effect
3166 4643 3412 4691 monstra
3483 4655 3551 4692 ue
3589 4639 3641 4692 le
3687 4644 3841 4693 texte
3875 4640 3945 4694 de
3979 4639 4182 4694 l’Edict
4218 4646 4276 4694 et

2313 4708 2621 4762 l'intention
2641 4707 2710 4761 de
2728 4723 2862 4761 ceux
2883 4707 2977 4777 qui
2998 4706 3296 4760 mauioient
3314 4707 3393 4760 les
3486 4708 3628 4761 sires
3651 4724 3721 4761 ne
3750 4707 4137 4764 s'acoordoient
4154 4726 4270 4779 pas.

2519 4774 2581 4839 5)
2619 4775 2880 4841 Francois
2914 4776 3016 4829 d'A
3057 4775 3198 4897 οιιίῗ
3232 4774 3421 4829 comto
3463 4776 3533 4831 de
3579 4775 3764 4843 Saulx,
3812 4793 4157 4846 gouverneur
4199 4777 4270 4833 de

2311 4845 2467 4915 Lyon
2500 4845 2695 4914 depuis
2730 4844 2865 4898 1551
2899 4846 2924 4911 (
2996 4846 3008 4857 '
3044 4884 3057 4896 .
3092 4844 3157 4897 21
3199 4845 3238 4911 ).

2348 4985 2363 5037 1
2466 4913 2579 5036 ω6)
2612 4914 2734 4967 tbat
2768 4929 2905 4968 even
2943 4914 3085 4968 their
3119 4918 3427 4983 protectors
3451 4912 3562 4966 will
3598 4912 3703 4967 feel
3738 4913 3860 4968 that
3893 4914 4026 4986 they
4045 4931 4139 4969 are
4169 4917 4272 4969 im·

2368 4999 2464 5037 sca
2527 4998 2574 5035 e.

2308 5001 2345 5054 p
2517 5051 2576 5115 7)
2610 5055 2738 5105 ante
2779 5050 2908 5105 Tur.
3094 5119 3107 5133 ο
3183 5120 3196 5132 ⁶
3243 5120 3255 5132 ⁸

2515 5120 2579 5255 5⁸³3
2611 5119 2669 5243 {⁹
2687 5204 2730 5244 e.
2766 5189 2829 5243 en
2847 5119 3570 5245 ffiissssngsshohmon.

2484 5257 2580 5321 10)
2616 5257 2741 5313 Hos
2774 5258 2992 5313 ιιιεὺηοε
3023 5271 3215 5312 verm
3245 5258 3510 5326 praebent
3544 5273 3612 5313 ex
3633 5258 3881 5384 ama
3911 5258 4272 5329 Genevensi'c,

2312 5327 2592 5383 Ber-nense
2623 5333 2676 5381 et
2712 5326 3118 5396 antennam,
3161 5341 3277 5383 non
3309 5342 3441 5383 vero
3479 5326 3632 5398 Sana
3868 5332 3918 5384 οἱ
3963 5327 4272 5386 Manae.

3779 5411 3858 5466 40
