4900 6125
345 404 472 465 401

1238 586 1430 657 4157.

871 741 1347 809 CALVINUS
1391 740 1790 809 BUOERO.

537 915 742 981 Varia
796 936 957 981 nova
1012 915 1385 980 tramittit
1435 918 1565 979 tam
1615 912 1884 995 politica
1924 933 2117 996 quam
2160 912 2319 979 theo-

345 1000 1939 1085 zoyimalaerariaviroeotemporismomento
2003 999 2316 1082 iamspi·

345 1089 544 1152 ritum
587 1088 811 1172 ayemi.

344 1259 574 1327 (Exstat
606 1259 983 1382 autograghon
1020 1255 1403 1327 cantabrigiae
1441 1257 1497 1310 in
1533 1255 1878 1310 Bibliotheca
1917 1255 2146 1326 Oollegii
2182 1256 2319 1311 Cor·

344 1329 498 1397 poris
535 1327 755 1382 Christi.
871 1327 1022 1382 XIX.
1061 1325 1130 1382 N.
1164 1323 1249 1379 56.
1315 1325 1616 1394 Descripsit
1649 1326 1707 1378 in
1743 1333 1990 1379 nostrum
2027 1342 2183 1379 usum
2220 1325 2315 1379 Dr.

1153 1393 1505 1460 Katterfeld.)

519 1568 1103 1634 Praestantissimo
1158 1565 1412 1632 Ohristi
1472 1585 1666 1630 servo
1714 1566 1795 1631 D.
1839 1564 2128 1631 Martiae
2170 1565 2316 1631 Bu·

341 1674 495 1722 cero
529 1655 699 1736 patri
736 1665 805 1718 et
837 1661 1249 1737 symmystae
1284 1650 1452 1716 mibi
1489 1650 1853 1733 plurimum
1878 1651 2310 1718 observando.

518 1823 590 1891 S.
640 1824 818 1906 Quia
862 1823 945 1889 de
985 1824 1389 1890 Germaniae
1445 1834 1624 1889 statu
1683 1823 1853 1889 nibil
1898 1823 2109 1890 habeo
2154 1824 2314 1889 scri·

341 1910 637 1977 bendum
675 1909 851 1994 quod
895 1921 961 1975 te
1005 1930 1405 1993 magnopere
1447 1910 1743 1988 oblectet,
1789 1929 1865 1973 ac
1908 1910 1968 1975 si
2010 1909 2166 1994 quid
2216 1921 2318 1975 est

341 1996 621 2081 dignum
664 1998 938 2080 cognitu
983 2017 1023 2060 a
1071 1994 1352 2062 Stamio
1373 1999 1428 2072 ¹)
1492 2007 1562 2061 et
1623 1995 1892 2078 reliquis
1908 1997 1968 2074 ²)
2006 1995 2125 2061 tibi
2169 2017 2317 2079 per-

339 2081 546 2148 scribi
581 2081 882 2160 arbitror,
919 2080 1084 2146 illud
1121 2088 1594 2165 argumentum
1620 2103 1752 2146 non
1774 2082 2048 2166 attingo.
2117 2081 2318 2165 Apud

339 2168 699 2235 Helvetios
811 2170 986 2233 uieta
1051 2169 1292 2233 omnia.
1384 2167 1558 2233 Nam
1627 2167 1983 2234 Caesarem
2039 2168 2319 2234 'l'urcieo

341 2254 520 2319 bello
538 2256 597 2338 ⁸)
642 2254 733 2319 im
812 2253 1040 2321 ‘citum
1084 2251 1252 2318 nibil
1299 2254 1368 2317 in
1414 2254 1518 2318 his
1577 2253 1955 2338 regionibus
1997 2273 2319 2320 ausurum

339 2348 602 2422 putant.
759 2340 915 2405 icini
959 2341 1172 2405 nostri
1189 2343 1248 2414 ⁴)
1295 2340 1516 2405 minus
1558 2360 1681 2405 nos
1737 2350 1964 2405 amant
2014 2348 2081 2403 et
2124 2339 2318 2406 vicis·

338 2426 473 2492 sim
519 2427 738 2492 minus
781 2425 1077 2491 studiose
1112 2445 1225 2491 eos
1260 2424 1533 2491 colimus
1570 2445 1766 2507 quam
1805 2435 2118 2509 optarem.
2185 2424 2318 2491 Ita-

336 2532 471 2612 que
532 2513 590 2577 si
648 2512 794 2594 quis
849 2512 1189 2576 exoriatur
1247 2519 1465 2577 motus
1532 2532 1760 2577 vereor
1817 2532 1902 2577 ne
1960 2531 2201 2595 parum
2242 2512 2316 2576 in

337 2595 475 2663 illis
535 2596 830 2663 habituri
885 2598 1092 2662 simus
1152 2596 1481 2680 praesidii.
1572 2596 1803 2678 Nuper
1867 2598 2068 2662 etiam
2111 2618 2198 2663 ex
2240 2617 2315 2662 re

337 2683 630 2750 levicula
706 2683 917 2749 crevit
990 2683 1294 2747 offensio:
1384 2680 1557 2765 quod
1627 2681 1766 2748 dies
1829 2682 2100 2766 quidam
2163 2684 2316 2749 festi

335 2768 520 2847 olim,
559 2778 633 2833 ut
669 2779 854 2834 tenes
897 2768 1233 2844 memoria,
1280 2769 1566 2851 suscepti
1613 2769 1680 2832 in
1726 2768 1990 2833 illorum
2031 2770 2317 2853 gratiam

336 2854 563 2920 subito
628 2874 668 2918 a
736 2855 980 2920 nostris
1046 2854 1341 2938 abrogati
1430 2865 1606 2919 sunt.
1630 2855 1683 2940 ⁸)
1795 2856 2080 2920 Antores
2147 2854 2314 2919 mihi

335 2951 606 3025 gratum
664 2940 733 3005 id
785 2941 923 3005 fore
968 2939 1349 3022 sperabant,
1426 2941 1498 3003 in
1542 2961 1671 3023 quo
1709 2958 1783 3005 se
1826 2938 2126 3023 deceptos
2167 2961 2315 3007 sero

335 3025 612 3092 tandem
680 3026 1174 3093 intellexerunt.
1263 3024 1529 3091 Interea
1571 3047 1721 3093 eum
1768 3025 2316 3110 desperatissimis

335 3113 778 3180 nebulonibus
800 3117 857 3196 ⁸)
894 3113 1057 3179 mibi
1109 3113 1499 3179 intestinum
1535 3123 1640 3177 est
1673 3122 2025 3180 certamen.
2096 3112 2314 3195 Quas-

335 3221 602 3283 cunque
657 3210 884 3266 tamen
941 3201 1279 3266 facessunt
1336 3200 1673 3265 molestias
1741 3198 2057 3267 devorare
2121 3200 2314 3267 facile

335 3294 461 3364 est,
507 3285 624 3350 ubi
660 3287 865 3351 vincit
909 3306 986 3351 ac
1031 3295 1269 3367 regnat
1311 3284 1644 3351 Christus.

517 3369 594 3437 Si
661 3392 898 3436 verum
966 3379 1100 3447 est,
1168 3370 1341 3453 quod
1388 3372 1499 3436 vix
1545 3372 1813 3437 credere
1859 3372 2099 3450 audeo,
2167 3382 2232 3436 te
2275 3391 2316 3436 a

335 3457 532 3541 Rege
589 3457 979 3522 accersitum
1037 3477 1218 3522 nunc
1262 3454 1556 3521 Londini
1599 3458 1995 3536 concionari,
2019 3459 2074 3540 ⁷)
2119 3456 2316 3538 plura

337 3564 428 3608 ex
473 3542 717 3607 nuncio
761 3541 1106 3623 intelliges.
1200 3541 1534 3607 Petendae
1580 3540 2046 3625 Cantabrigiae
2091 3541 2313 3608 nescio

337 3648 430 3693 an
452 3626 794 3693 commoda
822 3626 1098 3693 facultas
1120 3625 1398 3691 dabitur.
1467 3625 1635 3704 Scis,
1672 3628 1924 3710 opinor,
1959 3627 2094 3691 iam
2117 3648 2313 3710 quam

338 3713 705 3780 sceleratus
762 3713 850 3777 sit
902 3713 1219 3796 impostor
1275 3711 1709 3793 Florianusfl)
1766 3712 1907 3790 ille,
1963 3733 2159 3796 quem
2215 3722 2314 3778 tot

339 3799 507 3865 mihi
553 3799 786 3883 elogiis
830 3798 1348 3883 praedicaveras.
1440 3797 1545 3863 De
1602 3819 1677 3863 eo
1735 3819 1941 3882 quum
1985 3820 2197 3882 nuper
2242 3820 2313 3864 se

337 3884 430 3951 D.
477 3886 760 3952 Ioannes
805 3907 848 3950 α
891 3884 1093 3950 Lusco
1137 3892 1470 3968 purgaret,
1488 3888 1544 3957 ⁹)
1582 3884 1863 3950 inseruit
1899 3885 2119 3950 nescio
2155 3882 2314 3967 quid

337 3970 519 4041 unde
562 3971 932 4054 suspicatus
977 3991 1145 4047 sum,
1192 3969 1273 4035 de
1319 3970 1750 4036 sacramentis
1796 3971 2090 4036 nondum
2135 3972 2313 4036 inter

336 4077 464 4122 nos
506 4058 873 4123 convenire.
900 4060 985 4134 ¹⁰)
1057 4054 1456 4138 Quanquam
1492 4056 1692 4122 simul
1729 4055 2026 4138 addebat,
2072 4056 2312 4123 bonam

335 4294 518 4350 41⁶7.
557 4297 614 4356 Ι)
647 4294 882 4351 Ioanne.

454 4362 706 4488 nm
740 4365 940 4434 quem
969 4378 1111 4432 pm
1143 4364 1374 4417 caetae
1401 4361 1568 4417 em.
1597 4364 1895 4429 flatum,
1932 4365 2203 4419 amnas
2235 4365 2314 4419 aa

549 4500 610 4568 3)
641 4470 866 4555 iacente
900 4517 1049 4554 anno
1096 4502 1158 4554 in
1195 4500 1498 4569 Humana
1531 4500 1921 4568 redi-umato.
1993 4501 2309 4557 Fer-aenan-

336 4569 450 4624 dus
481 4586 582 4625 rex
617 4569 806 4624 Nonas
843 4568 1137 4622 Ianuariis
1171 4570 1408 4623 statibus
1441 4572 1662 4637 imperii
1695 4570 1763 4624 de
1798 4572 2034 4625 auca&
2063 4571 2311 4638 ferendis

338 4642 564 4708 uer-ipa
597 4644 730 4693 tem
767 4638 1031 4692 saidam
1065 4637 1158 4692 111.
1194 4636 1315 4690 241.

547 4707 610 4845 ἐξ
646 4777 730 4843 cf.
769 4721 1042 4831 N.⁸1⁶⁸4'2s
1078 4774 1231 4828 1476.
1296 4774 1429 4844 aeq.
1467 4776 1544 4830 aa
1585 4775 1802 4832 οοωοα
1837 4777 1920 4833 ιι.
1954 4784 2004 4832 a
2039 4776 2122 4831 ιι.
2165 4778 2308 4833 Non.

387 4985 399 4996 ⁸
450 4984 462 4997 ⁶
548 4913 610 4981 6)
647 4912 1088 4993 molienda-io
1121 4920 1172 4968 et
1208 4913 1312 4967 ΡΙι.
1347 4913 1557 4969 Bonna
1601 4913 1834 4983 ali-‘sque
1871 4913 2137 4979 factionis
2171 4915 2306 4970 Per·

549 4997 902 5113 Dm
950 5048 1363 5118 iannfflpt.
1412 5051 1494 5104 vel
1546 5048 1836 5106 oenum
1887 5050 2307 5121 cantabrigiae·

334 5118 958 5175 semotum?
1036 5120 1048 5132 ‘
1151 5117 2066 5185 Immemores-auocet.

548 5188 611 5257 8)
790 5190 800 5201 ‘
904 5190 929 5254 (
1001 5230 1010 5240 .
1052 5187 1202 5253 1441,
1239 5194 1353 5243 not.
1387 5187 1468 5253 6).

515 5257 611 5390 133
643 5255 1583 5395 ffffllmbrwm
1599 5326 2110 5397 approbaveram.
2129 5326 2302 5393 ms).

551 5411 776 5470 Calvino·
797 5427 987 5483 opera.
1062 5412 1187 5469 Vol.
1209 5410 1349 5467 XX.

1981 395 2772 466 SUPPLEMENTUM.

4267 409 4398 474 402

2421 606 2605 670 spem
2663 609 2807 655 esse
2870 589 3047 673 pleni
3114 610 3493 657 consensus.
3585 589 3798 673 Oupio
3841 591 4089 674 aliquid
4132 593 4401 676 prodire

2421 670 2596 755 quod
2661 695 2796 739 non
2862 674 3056 740 modo
3120 696 3512 742 consensum
3556 685 3854 743 vestrum
3898 684 4177 744 testetur
4195 729 4211 756 ,
4278 680 4398 747 sed

2420 758 2637 826 lucem
2680 760 2883 826 etiam
2925 759 3080 828 huic
3125 760 3463 828 doctrinae
3507 762 3759 842 afferat,
3803 773 3883 828 ut
3914 773 4094 830 certe
4127 764 4400 832 uberior

2418 843 2772 928 explicatio
2840 845 3033 912 valde
3096 847 3390 930 optanda
3432 846 3622 926 foret,
3691 869 3891 932 quam
3933 870 4102 933 quae
4143 851 4218 915 in
4261 851 4398 918 for-

2420 930 2606 996 mula
2647 941 2874 997 nostra
2914 933 3214 999 habetur.

2594 1014 3032 1098 Quorundam
3074 1019 3336 1102 piorum
3382 1032 3635 1104 rogatu,
3669 1019 3778 1086 vel
3822 1021 4231 1105 flagitatione
4276 1043 4395 1106 po-

2419 1101 2571 1180 tius,
2602 1124 2824 1168 meum
2858 1103 2930 1168 in
2955 1103 3325 1172 Oanonioas
3350 1106 3684 1189 Epistulas
3720 1108 4284 1188 commentarium,
4322 1115 4394 1180 et

2417 1188 2705 1253 alterum
2772 1189 2844 1254 in
2886 1188 3173 1256 Iesaiam
3215 1212 3257 1256 a
3305 1191 3596 1257 Gallasio
3645 1202 3995 1275 exceptum
4056 1191 4326 1260 dicavi.¹
4346 1200 4397 1273 ¹)

2421 1273 2901 1352 Praefationes,
2968 1276 3028 1340 si
3070 1279 3240 1342 forte
3284 1278 3356 1341 in
3399 1299 3640 1345 manus
3686 1288 3837 1344 tuas
3877 1278 4254 1360 inciderint,
4298 1279 4397 1347 le-

2417 1380 2576 1443 gere
2644 1382 2777 1427 non
2840 1361 3242 1445 gravaberis.
3354 1363 3646 1430 Privatis
3712 1376 3938 1430 tamen
3995 1364 4208 1432 literis
4268 1365 4395 1432 ali·

2418 1454 2668 1528 quanto
2710 1446 2981 1514 liberius
3040 1460 3107 1514 et
3148 1450 3365 1516 acrius
3409 1450 3790 1516 cohortatus
3835 1471 4019 1530 sum,
4080 1470 4158 1516 ac
4202 1471 4398 1535 prae·

2417 1533 2647 1597 sertim
2681 1544 2759 1597 ut
2801 1531 3047 1599 scholis
3089 1534 3340 1601 mederi
3383 1535 3659 1601 studeat.

2593 1616 2929 1700 Quoniam
2987 1617 3249 1705 longius
3302 1621 3625 1687 distamus
3678 1642 3875 1705 quam
3922 1631 3997 1687 ut
4040 1622 4395 1690 consilium

2418 1703 2535 1769 abs
2602 1715 2669 1769 te
2735 1713 2961 1788 petere
3024 1705 3252 1787 liceat,
3333 1705 3491 1790 quid
3557 1728 3770 1790 nuper
3836 1708 3922 1773 D.
3972 1706 4279 1791 Philippo
4302 1711 4392 1791 ¹²)

2417 1790 2799 1872 scripserim
2861 1800 2925 1855 te
2983 1792 3218 1858 saltem
3282 1796 3448 1859 scire
3513 1792 3707 1858 volui.
3796 1791 4029 1877 Itaque
4072 1794 4392 1877 epistolae

2419 1876 2760 1959 exemplar
2801 1877 3012 1942 mitto.
3102 1878 3290 1957 Vale,
3336 1880 3900 1962 praestantissime
3944 1881 4048 1945 vir
4114 1889 4181 1946 et
4224 1881 4393 1946 mihi

2419 1982 2683 2044 semper
2726 1983 2811 2028 ex
2852 1964 3073 2028 animo
3114 1964 3386 2031 colende
3431 1975 3636 2048 pater.
3709 1964 4041 2032 Dominus
4085 1975 4155 2031 te
4199 1966 4394 2032 fami·

2419 2047 2708 2131 liamque
2751 2069 2870 2115 suo
2912 2048 3240 2131 praesidio
3295 2060 3545 2128 servet,
3612 2052 3861 2117 faustos
3918 2061 4070 2118 tuos
4132 2051 4396 2119 labores

2422 2133 2787 2212 benedicat,
2856 2135 3095 2217 spiritu
3161 2157 3280 2203 suo
3346 2138 3672 2221 gubernet
3737 2147 3952 2202 totum
4018 2149 4168 2204 tuae
4215 2139 4394 2206 vitae

2420 2238 2708 2284 cursum.
2801 2222 3037 2287 Amen.

2596 2304 2894 2372 Far-ellus
2957 2317 3025 2372 et
3101 2307 3385 2387 Vinius,
3453 2308 3741 2392 collegae
3808 2311 3940 2374 mei
3999 2318 4067 2374 et
4122 2308 4399 2392 plurimi

2417 2391 2703 2457 fratrum
2745 2404 3127 2459 reverenter
3172 2407 3236 2459 te
3279 2395 3588 2460 salutant.
3681 2394 3999 2462 Genevae
4046 2399 4103 2460 7.
4150 2394 4399 2462 Oalen-

2421 2475 2541 2542 das
2582 2477 2765 2543 Mart
2814 2483 2998 2544 1551.
3030 2483 3117 2556 ¹⁸)

3349 2616 3637 2684 Ioannes
3681 2616 4003 2685 Calvinus
4047 2627 4224 2685 tuus.

3212 2910 3623 2921 ——-.

3317 3163 3507 3234 4158.

2893 3335 3437 3404 BALDUINUS
3484 3337 3925 3405 GALVINO.

2592 3508 2933 3575 Absentiae
2974 3529 3169 3575 caasa
3213 3529 3281 3575 sc
3325 3510 3493 3575 male
3535 3510 3764 3576 audire
3806 3511 4112 3592 queritur.

2952 3680 3065 3745 (Ex
3100 3679 3315 3733 Oalvini
3352 3680 3593 3735 editione
3628 3697 3681 3749 p.
3727 3678 3843 3747 46.)

2591 3850 2662 3917 S.
2721 3852 2871 3917 Etsi
2929 3859 3165 3918 testem
3224 3852 3503 3917 habeam
3550 3851 3768 3917 Deum
3817 3872 4167 3936 meamque
4223 3854 4387 3921 adeo

2414 3937 2920 4013 conscientiam,
2988 3958 3154 4020 quae
3220 3937 3383 4003 mibi
3441 3958 3584 4004 esse
3649 3936 3843 4002 debet
3884 3938 4065 4003 mille
4110 3940 4388 4007 testium

2414 4023 2658 4103 instar,
2684 4028 2737 4100 ¹)
2797 4024 3045 4107 optimo
3103 4023 3305 4090 fuisse
3362 4024 3582 4088 animo
3636 4025 3916 4108 scriptas
3981 4045 4145 4107 quas
4190 4025 4274 4091 ad
4318 4036 4388 4092 te

2415 4130 2629 4194 nuper
2693 4108 2840 4175 dedi
2902 4109 3164 4187 literas,
3232 4110 3308 4174 fit
3372 4118 3595 4175 tamen
3662 4110 3881 4176 nescio
3939 4110 4265 4193 quomodo
4309 4119 4388 4178 ut

2413 4216 2652 4262 verear
2693 4216 2810 4273 ne,
2876 4194 3039 4260 dum
3092 4194 3503 4260 familiariter
3557 4205 3634 4259 ut
3676 4194 3927 4263 solebat
3970 4195 4055 4261 ad
4100 4204 4167 4262 te
4210 4218 4386 4265 uuus

2415 4280 2700 4347 Baebius
2737 4281 2983 4359 scribit,
3026 4280 3329 4363 aliquem,
3376 4279 3547 4362 quod
3593 4279 3830 4359 nollet,
3875 4282 4044 4348 forte
4087 4281 4386 4349 offende-

2412 4367 2503 4431 rit
2566 4366 2966 4450 imprudens.
3058 4365 3286 4449 Neque
3343 4385 3525 4430 nunc
3581 4379 3759 4432 certe
3813 4389 4011 4434 ausus
4077 4376 4254 4434 esset
4295 4368 4385 4436 ad

2412 4452 2708 4518 infelices
2750 4462 2820 4518 et
2860 4452 3152 4536 ingratas
3196 4451 3410 4516 redire
3456 4452 3789 4533 literas22)
3834 4451 3951 4519 sed
3992 4452 4210 4520 facere
4246 4476 4383 4522 noa

2411 4548 2631 4621 potest
2673 4538 2830 4621 quin
2846 4588 2862 4615 ,
2931 4537 3194 4621 quando
3239 4536 3410 4602 nihil
3455 4546 3795 4621 praeterea
3836 4538 4165 4621 reliquum
4183 4592 4200 4619 ,
4267 4562 4380 4609 eas

2407 4846 2679 4970 wamy)
2714 4847 2937 4916 supple.-
2989 4847 3155 4970 333⁶
3189 4846 3651 4984 ποιιὶένέω
3704 4850 3887 4901 noster
3938 4861 4076 4903 casa
4128 4848 4383 4904 onaan

2584 4983 2681 5048 12)
2720 4984 2948 5040 Latera
2980 5000 3094 5039 noa
3128 4989 3363 5039 exam&

2584 5052 2682 5119 13)
2715 5052 3368 5109 malie-uma.-
3401 5052 3523 5106 Hae
3557 5053 3751 5107 literae
3787 5052 4037 5110 reddit-e
4065 5059 4194 5123 post
4227 5070 4376 5110 mor-

2404 5189 2588 5273 ωβ.
2624 5192 2681 5257 ι)
2715 5119 3950 5261 Idamhgwd-wuyw,
4000 5189 4244 5256 fortune
4285 5206 4383 5249 n·

2407 5128 2520 5175 tem
2556 5122 2620 5175 D.
2661 5122 2855 5177 Bucari
