4900 6125
34 21 1568 138 ff

380 448 505 511 293
2047 446 2208 508 1562
2246 441 2714 510 FEBRUAR.
4252 450 4380 512 294

377 644 455 700 ut
493 634 593 700 illi
636 645 957 701 vocantur
1000 632 1073 701 Β.
1120 632 1404 700 loannis.
1495 632 1587 698 Et
1628 629 1890 715 quidem
1932 651 2109 698 nunc
2151 630 2327 696 ordi-

375 742 572 787 nasse
614 724 743 787 200
783 728 854 786 et
895 719 1152 785 misisse
1194 720 1265 783 in
1309 718 1593 784 insulam
1638 715 1877 783 Elbam
1921 724 2327 801 pugnaturos

374 816 604 873 contra
645 807 912 872 'l'urcas
985 804 1265 872 Dedisse
1308 806 1466 869 item
1510 804 1713 869 annui
1753 802 2008 868 reditus
2051 801 2326 869 ducatus

377 896 609 958 25000.
697 892 992 958 Multum
1047 892 1204 956 item
1263 911 1406 956 esse
1461 909 1792 954 rumorem
1851 887 1932 953 de
1975 887 2141 953 bello
2185 887 2325 972 gal·

371 977 516 1053 lico,
573 998 649 1044 ac
707 979 776 1042 in
833 977 1031 1042 Italia
1085 997 1204 1061 pro
1261 984 1439 1041 certo
1484 975 1800 1041 affirmari
1859 972 2147 1039 Galliam
2192 973 2327 1039 fore

373 1061 844 1129 debellandam.
934 1063 1082 1129 Hoc
1125 1063 1439 1128 nimirum
1482 1060 1596 1127 ille
1620 1061 1707 1142 ¹²)
1751 1059 1976 1124 timuit
2019 1060 2132 1143 qui
2177 1080 2326 1143 pro-

371 1150 583 1214 fessus
646 1155 750 1214 est
801 1169 871 1215 se
928 1146 1342 1214 obedientem
1398 1146 1603 1212 filium
1659 1145 1798 1211 fore
1853 1164 2165 1211 romanae
2222 1165 2324 1211 eo—

367 1234 620 1301 elesiae.

544 1319 1011 1404 Heydelberga
1074 1318 1383 1386 scribitur
1453 1321 1547 1382 12.
1606 1316 1988 1383 Februarii:
2074 1315 2327 1380 Wima-

367 1407 622 1472 rienses
645 1408 727 1483 ¹⁸)
804 1405 1132 1488 principes
1210 1406 1544 1470 eiecerunt
1621 1402 1889 1469 tandem
1969 1394 2324 1486 Illyricum,

381 1490 784 1575 Wiyandum,
847 1492 1150 1568 Iudicem,
1217 1489 1557 1556 Musaeum
1620 1501 1686 1554 et
1752 1488 1918 1555 alios
1991 1487 2322 1571 quosdam,

364 1576 538 1660 quod
583 1576 1053 1643 intellexerunt
1094 1573 1253 1660 quid
1293 1576 1407 1641 isti
1450 1584 1785 1659 quaerant,
1832 1583 1900 1639 et
1934 1573 2107 1656 quod
2141 1591 2321 1639 acer-

365 1661 469 1728 bis
510 1662 773 1746 scriptis
815 1661 1287 1745 perturbarunt
1320 1661 1557 1727 omnia.
1628 1659 1965 1726 Dicuntur
2005 1660 2321 1745 migrasse

363 1749 436 1813 in
481 1749 942 1814 Pomeraniam
988 1757 1064 1813 ut
1094 1747 1277 1812 illam
1314 1767 1570 1830 quoque
1606 1746 2008 1827 perturbent.

534 1832 981 1918 Heidelberga
1024 1834 1264 1898 missae
1300 1842 1457 1897 sunt
1491 1832 1575 1897 ad
1610 1852 1717 1896 me
1752 1830 1981 1896 literae
2017 1829 2120 1895 his
2154 1831 2319 1896 meis

359 1918 656 1985 inclusae
695 1940 827 1984 una
870 1940 1021 1985 cum
1068 1917 1235 1984 libro
1270 1918 1394 1983 Til.
1441 1916 1799 1995 Hesshusii,
1846 1915 2134 1981 hominis
2169 1935 2318 1996 per-

355 2006 590 2071 n-iotae
651 2005 887 2071 frontis
955 2013 1024 2070 et
1081 2004 1312 2070 insani.
1419 2003 1855 2079 Postulatum,
1924 2001 2006 2068 ad
2068 2012 2132 2066 te
2187 2002 2318 2068 ista

356 2092 689 2157 mitterem
727 2100 998 2156 mature.
1074 2088 1325 2177 [Habet
1361 2088 1618 2172 Many·-
1650 2109 1904 2172 quoque
1937 2086 2312 2171 exemplum

356 2198 490 2260 qno
534 2177 632 2241 uti
676 2174 951 2263 potero}
984 2176 1067 2261 ¹⁴)
1150 2175 1318 2240 Heri
1364 2175 1603 2256 accepi,
1649 2173 1843 2239 hodie
1886 2175 2093 2240 mitto.
2187 2173 2314 2238 Le-

355 2282 513 2347 gam
592 2270 661 2326 et
737 2281 876 2344 ego,
964 2260 1077 2326 ubi
1142 2260 1480 2326 absolvero
1545 2261 2035 2343 responsionem
2101 2280 2316 2324 meam

355 2369 555 2431 quam
602 2346 686 2411 do
731 2345 1014 2423 Brcntio,
1070 2345 1152 2411 de
1208 2345 1404 2423 coelo,
1448 2345 1720 2411 dextera
1771 2346 1903 2423 Dei,
1972 2344 2053 2410 de
2096 2365 2315 2428 perso-

355 2432 494 2498 nali
533 2433 775 2498 unione
819 2444 885 2497 et
930 2431 1011 2496 de
1054 2452 1257 2499 coena
1302 2432 1592 2496 Domini.
1623 2430 1705 2516 ¹⁶)
1792 2431 2207 2514 Imprimitur
2248 2438 2317 2496 et

353 2517 612 2585 absolvi
655 2519 811 2583 fere.
900 2516 1136 2583 Scribo
1190 2518 1395 2582 latine
1439 2526 1508 2581 et
1545 2518 1949 2600 germanice:
2019 2514 2167 2583 Scis
2210 2517 2315 2581 ni-

351 2607 600 2670 mirum
660 2602 848 2668 illum
908 2616 1136 2669 contra
1190 2624 1295 2668 me
1355 2603 1696 2686 scripsisse
1739 2611 2018 2685 utraque
2061 2601 2309 2686 lingua.

351 2690 514 2755 Ideo
568 2711 701 2755 non
759 2690 942 2772 potui
1001 2688 1432 2765 dissimulare,
1489 2688 1643 2755 licet
1696 2689 1949 2754 invitus
2007 2708 2310 2772 pugnem.

353 2775 490 2842 Nec
559 2773 709 2839 dedi
776 2774 868 2839 illi
934 2777 1177 2839 iustam
1241 2775 1665 2850 occasionem,
1733 2794 1854 2839 nec
1919 2775 2313 2839 nominatim

353 2874 586 2928 contra
643 2861 860 2944 ipsum
915 2862 1144 2943 scripsi
1203 2873 1398 2925 antea
1454 2859 1824 2943 quidquam.
1914 2858 2125 2925 Docet
2177 2858 2309 2939 ille,

353 2948 626 3021 eoelum.
673 2945 891 3011 sedem
939 2948 1277 3012 beatorum
1323 2957 1391 3009 et
1434 2946 1769 3010 dexteram
1817 2944 1944 3010 Dei
1988 2966 2129 3010 esse
2165 2946 2308 3010 ubi·

352 3054 496 3118 que,
541 3044 612 3098 et
653 3051 889 3116 corpus
932 3031 1187 3098 Christi
1229 3052 1371 3098 esse
1417 3030 1654 3116 ubique
1698 3040 1818 3095 etc.
1901 3029 1977 3097 Si
2025 3031 2309 3099 volueris

352 3119 750 3203 respondere
795 3117 1160 3195 Hesshusio,
1217 3139 1333 3183 oro
1378 3126 1445 3184 te
1488 3130 1564 3182 ut
1605 3116 1916 3184 brevibus
1958 3126 2024 3182 et
2059 3119 2309 3201 perspi·

353 3226 468 3272 cue
514 3214 583 3269 et
639 3203 723 3268 ad
780 3225 919 3269 rem
979 3203 1391 3287 respondeas,
1450 3203 1804 3287 praeterita
1845 3204 1987 3268 eius
2032 3224 2311 3286 persona

353 3301 412 3356 et
478 3289 911 3355 dissimulatis
967 3290 1280 3358 conviciis
1338 3292 1495 3355 eius.
1599 3289 1736 3354 Sed
1793 3289 1950 3372 quid
2007 3310 2120 3354 sus
2179 3290 2308 3354 Mi-

353 3396 626 3441 nervam
643 3374 677 3439 ?
721 3386 841 3439 etc.

523 3461 676 3525 Non
755 3469 913 3543 puto
983 3460 1400 3526 Castalioncm
1464 3459 1976 3543 praeficiendum
2046 3459 2308 3526 scholae

353 3546 833 3611 Lausannensi.
946 3547 1126 3610 Dum
1197 3548 1371 3610 enim
1436 3546 1636 3610 huius
1702 3545 1947 3628 aliquid
2014 3545 2307 3611 audirem

356 3634 525 3697 serio
568 3631 879 3696 admonui
943 3634 1187 3696 amicos
1232 3640 1311 3695 ut
1352 3632 1478 3696 sibi
1522 3631 1604 3695 ab
1649 3629 1772 3697 hoc
1815 3629 2077 3695 homine
2122 3652 2308 3697 cave-

355 3727 514 3782 rent.
595 3716 751 3784 Scio
805 3726 872 3782 et
915 3717 1252 3782 Hallerum
1295 3717 1598 3783 manibus
1641 3726 1709 3781 et
1761 3715 2035 3799 pedibus
2089 3718 2304 3782 reniti.

525 3801 840 3886 synodus
883 3803 1103 3868 fuerat
1142 3802 1395 3868 indicta
1438 3802 1747 3878 Bernam,
1776 3805 1861 3876 ¹⁶)
1917 3802 2032 3867 sed
2077 3824 2305 3869 rursus

528 4128 618 4252 {33
649 4125 1115 4248 ἳῧῗεῗὲθωέἷῗῖ.
1190 4196 1346 4263 ,εωιρ
1381 4192 1616 4248 111.s43
1650 4209 1728 4262 sq.
1804 4193 2018 4248 Plance
2051 4192 2150 4247 ιν.
2184 4193 2300 4248 ese.

524 4262 615 4331 14)
649 4264 804 4318 Hace
837 4262 915 4317 ad
945 4278 1264 4331 man-quaem.

525 4333 616 4392 15)
655 4331 966 4400 Bullinyen'
999 4331 1265 4386 tractatui
1297 4329 1364 4384 de
1397 4329 1575 4384 verbis
1606 4331 1688 4384 Ιο.
1719 4330 1803 4394 14,
1842 4330 2107 4384 Brentius
2137 4345 2303 4398 oppo-

361 4405 466 4452 καί
508 4416 665 4454 uani
716 4401 1056 4454 Sententiam
1110 4400 1178 4453 de
1225 4401 1413 4453 libello
1460 4399 1760 4468 Bullingeri
1811 4405 1906 4453 etc.
1961 4399 2094 4453 Μ.
2151 4399 2300 4453 1561.

365 4467 480 4522 Ian
511 4471 600 4523 hic
631 4479 856 4524 eontra.-
947 4475 970 4486 ‘⁰
1044 4469 1299 4523 ubericbt
1332 4468 1413 4521 nff
1439 4469 1544 4522 den
1583 4468 1802 4521 Bericht
1830 4467 1961 4521 Hrn.
1997 4468 2300 4523 Iohaunsen

365 4537 623 4592 Brentzen
662 4557 766 4592 von
806 4540 927 4592 dem
1023 4539 1206 4592 immel
1254 4537 1365 4591 und
1409 4537 1509 4590 der
1545 4536 1850 4590 Gerachten
1895 4536 2106 4592 Gottes.
2176 4539 2298 4592 Ziir.

365 4605 570 4660 Prosch.
619 4607 772 4660 1561.
829 4606 878 4660 8.
963 4608 1072 4660 Bes
1115 4607 1270 4660 onsio
1323 4624 1430 4675 qua
1481 4604 1787 4658 ostenditur
1847 4607 2170 4659 sententiam
2229 4607 2298 4659 de

365 4676 503 4728 coelo
536 4687 592 4728 et
626 4676 854 4730 dextera
889 4677 986 4729 Dei
1100 4676 1342 4727 versaris
1383 4675 1449 4728 D.
1487 4675 1558 4728 lo.
1599 4676 1693 4728 Br.
1726 4675 2000 4728 sententia
2035 4690 2143 4728 non
2179 4693 2298 4730 esse

365 4757 610 4864 aarum*
682 4746 803 4812 Τίς.
847 4744 1068 4799 Frosob.
1117 4742 1268 4798 1562.
1304 4743 1353 4796 8.
1427 4743 1673 4806 (Har-tn.
1719 4758 1772 4796 ιι.
1817 4740 2033 4810 Ιαῳσν,
2081 4743 2180 4798 Br.
2229 4746 2297 4799 11.

527 4881 611 4938 161
665 4880 799 4934 Vide
830 4897 1074 4949 nuperus
1113 4881 1332 4936 Hellen·
1365 4887 1416 4936 ct
1446 4881 1849 4950 praecedentem
1883 4879 2296 4935 Tononcan'um.

373 4945 574 5004 &ebat
609 4950 712 5005 Vl.
758 4949 889 5003 446.-
937 4951 1044 5005 Les
1090 4951 1176 5004 Se·
1254 4967 1378 5004 eur·
1427 4966 1494 5005 ne
1539 4951 1749 5004 tini-ent
1793 4965 1891 5019 pas
1937 4950 2145 5019 parolle
2191 4968 2296 5004 aux

371 5018 624 5071 ministres
649 5027 707 5071 et
739 5034 800 5071 se
817 5021 1162 5087 repentirent
1218 5036 1278 5072 es
1297 5036 1530 5074 avances
1555 5018 1712 5088 qu’ils
1730 5018 1850 5072 leur
1864 5020 2081 5072 avoient
2115 5018 2293 5073 saites.

371 5083 503 5138 Dans
536 5089 584 5140 le
619 5097 730 5141 tem
832 5103 938 5156 que
975 5089 1055 5141 les
1088 5087 1315 5157 deputes
1351 5104 1410 5141 se
1444 5088 1796 5157 preparoient
1827 5087 1862 5139 a
1894 5087 2030 5140 aller
2063 5085 2097 5139 a
2123 5088 2295 5142 Berne

373 5153 428 5205 ib
458 5155 569 5209 leur
586 5157 882 5210 ecrivuent
909 5158 960 5210 le
983 5157 1069 5212 20.
1088 5157 1339 5211 Fevrier:
1379 5173 1484 5226 qne
1517 5174 1589 5210 vu
1623 5156 1704 5210 les
1737 5155 1952 5209 affaires
2024 5165 2297 5211 ressantes

375 5229 422 5273 et
451 5225 523 5277 les
571 5226 745 5279 brnits
794 5227 1096 5280 continuels
1132 5226 1201 5278 de
1237 5225 1565 5307 preparatifs
1611 5225 1680 5278 de
1721 5240 1918 5294 guerre
1963 5226 1975 5237 ‘
2071 5240 2133 5279 se
2164 5241 2296 5296 voy-

374 5289 500 5348 dunt
531 5293 634 5346 obli
691 5293 702 5306 '
752 5296 787 5348 a
806 5294 1046 5364 changer
1078 5295 1146 5347 de
1180 5295 1396 5348 dmum
1429 5301 1494 5347 st
1522 5297 1557 5349 a
1580 5293 1848 5363 rerequer
1871 5294 1924 5346 la
1939 5295 2295 5348 convocation

377 5357 480 5414 θυι
512 5309 734 5433 qnos?
761 5379 822 5418 se
857 5371 1177 5418 contentam
1223 5364 1291 5417 de
1327 5364 1736 5432 communiquer
1777 5367 1923 5416 cette
1967 5361 2154 5416 affaire
2187 5380 2292 5418 anx

2428 638 2700 716 propter
2733 631 2961 698 turbas
3002 630 3152 698 illas
3196 640 3264 696 et
3306 631 3469 699 alias
3508 654 3739 701 causas
3782 633 4173 701 intermissa.
4250 634 4379 702 Oo-

2426 727 2675 782 nantur
2735 717 2897 784 alias
2960 718 3158 785 rebus
3222 715 3389 784 bene
3468 719 3826 786 consulere.
3934 721 4038 787 De
4098 740 4229 804 qua
4304 743 4378 788 re

2426 801 2591 868 alias
2642 802 2726 867 ad
2792 812 2857 868 te
2911 802 3190 869 scribam
3246 803 3523 887 copiose,
3590 825 3793 888 quum
3851 805 4002 889 plus
4054 806 4180 871 erit
4236 806 4376 873 otii.

2428 886 2527 953 Ad
2572 887 2743 953 hanc
2786 889 2965 954 enim
3008 909 3151 954 rem
3193 909 3355 972 opus
3403 891 3529 956 erit
3562 891 3760 956 etiam
3799 900 3915 957 tua
3947 890 4125 958 fideli
4159 912 4375 976 opera.

2598 974 2845 1040 Mirum
2889 983 2990 1040 est
3032 983 3216 1041 tanto
3258 982 3553 1060 tempore
3591 974 3977 1061 Ooiynctium
4019 978 4265 1045 abesse.
4291 980 4378 1061 ¹⁷)

2427 1059 2655 1125 Metuo
2712 1080 2871 1126 sane
2927 1080 3013 1126 ne
3069 1070 3212 1126 arte
3262 1062 3385 1127 fiat
3439 1072 3509 1127 et
3565 1060 3713 1127 dolo
3750 1062 3939 1129 malo.
4022 1060 4159 1130 Sed
4199 1084 4379 1130 com-

2425 1147 2766 1211 mittamus
2810 1144 2971 1211 haec
3026 1145 3246 1211 omnia
3297 1145 3600 1213 Domino.
3689 1147 3830 1215 Oro
3878 1157 3962 1230 te,
4018 1149 4111 1215 mi
4152 1148 4375 1231 frater,

2424 1240 2505 1297 ut
2559 1239 2819 1297 mature
2873 1231 3204 1315 significes
3260 1253 3424 1298 num
3479 1253 3664 1300 meae
3718 1233 3843 1300 tibi
3884 1236 4022 1301 sint
4061 1233 4374 1315 redditae,

2424 1326 2493 1383 et
2535 1318 2594 1383 si
2636 1316 2792 1401 quid
2827 1328 3193 1383 memoratu
3228 1317 3504 1403 dignum
3539 1319 3743 1385 habes
3777 1341 3860 1386 ex
3897 1320 4118 1387 Gallia
4151 1319 4375 1400 addas,

2425 1405 2713 1469 maxime
2761 1423 2916 1468 vero
2955 1403 3300 1486 significes,
3347 1425 3506 1469 num
3554 1426 3625 1470 re
3718 1426 3833 1471 um
3877 1405 4137 1473 Galliae
4180 1407 4375 1472 mise-

2423 1490 2515 1553 rit
2552 1489 2804 1574 legatos
2847 1490 2916 1554 in
2960 1488 3328 1555 concilium.
3355 1490 3442 1568 ι8)
3527 1489 3595 1555 V
3659 1512 3715 1558 e.
3796 1492 4124 1559 Dominus
4164 1501 4376 1558 aeter-

2424 1595 2587 1640 num
2632 1585 2698 1641 te
2741 1582 2811 1640 et
2852 1584 3002 1641 tuos
3046 1584 3282 1641 servet.
3354 1573 3669 1642 Salutant
3709 1587 3775 1643 te
3809 1577 4063 1644 fratres.
4136 1576 4375 1644 Saluta

2423 1661 2790 1814 amioFosbet
2838 1661 3073 1727 fratres
3127 1681 3374 1727 omnes.
3462 1661 4051 1730 Festinantissime.
4123 1664 4371 1748 Tiguri.

2423 1749 2526 1811 20.
2633 1767 2671 1813 9
2715 1768 2766 1812 r.
2822 1750 3002 1812 1562.

3417 1885 3507 1950 H.
3553 1885 3981 1973 Bullingerus
4027 1898 4199 1954 tuus.

3188 2179 3596 2191 *—

3305 2429 3499 2502 372⁰.

2808 2602 3317 2671 HALLERUS
3363 2603 3998 2672 BULLINGERO.

2592 2774 2869 2841 Pertinet
2935 2775 3021 2840 ad
3082 2776 3392 2859 neyotium
3456 2776 3533 2841 dc
3596 2776 3944 2860 disciplina
4008 2779 4076 2841 ia
4140 2777 4372 2844 ditione

2414 2859 2732 2927 Bmcnsi
2768 2861 3151 2927 instituenda
3185 2866 3298 2926 anat
3328 2860 3749 2943 reformanda.

2416 3032 2531 3100 (Ex
2567 3032 2907 3156 autogr-apim
2943 3032 3106 3086 Arch.
3153 3031 3336 3087 Turio.
3385 3032 3533 3090 Plut.
3579 3032 3677 3090 VI.
3715 3033 3839 3089 Vol.
3891 3032 4009 3100 106,
4061 3034 4192 3089 olim
4226 3034 4366 3105 Epp.

2822 3119 2927 3156 om.
2961 3101 3030 3155 ΙΙ.
3067 3101 3158 3157 fol.
3190 3100 3311 3155 861.
3353 3129 3417 3142 -
3452 3103 3665 3158 Simler.
3703 3102 3825 3159 Vol.
3859 3102 4004 3166 103.)

2414 3272 2799 3340 Clarissimo
2860 3274 3011 3339 viro
3071 3271 3155 3338 D.
3217 3273 3602 3360 Heinrycho
3660 3274 4047 3359 Bullingero
4108 3272 4369 3358 Tiguri-

2413 3380 2538 3425 nae
2580 3358 2886 3427 ecclesiae
2939 3358 3216 3425 antistiti
3271 3359 3647 3427 fidelissimo
3690 3359 3954 3426 domino
3996 3378 4117 3424 suo
4162 3358 4369 3424 hono-

2862 3444 3068 3511 rando
3110 3453 3177 3510 et
3210 3447 3531 3530 compatri
3567 3446 3860 3513 carissim‘
3775 3446 3788 3460 ‘
3864 3468 3921 3512 o.

2581 3616 2652 3682 S.
2724 3617 2892 3682 Heri
2960 3617 3084 3682 sub
3151 3629 3407 3683 noctem
3472 3637 3580 3683 me
3642 3617 3725 3684 ab
3779 3616 4055 3683 aedibus
4100 3616 4371 3681 absente

2408 3723 2639 3768 cursor
2681 3712 2923 3782 noster,
2989 3704 3099 3785 qui
3152 3703 3495 3769 consilium
3552 3713 3855 3770 nostrum
3898 3701 3983 3768 de
4028 3696 4374 3780 disciplina

2407 3788 2491 3853 ad
2551 3809 2668 3854 vos
2727 3787 2980 3869 detulit,
3005 3787 3057 3873 ¹)
3124 3809 3428 3855 reversus
3486 3797 3589 3855 est
3645 3799 3714 3853 et
3769 3799 3923 3854 tuas
3978 3785 4223 3860 attulit,
4289 3801 4375 3845 ex

2407 3874 2644 3957 quibus
2684 3883 2909 3940 tamen
2955 3895 3087 3939 non
3130 3874 3426 3960 intelligo
3470 3873 3626 3958 quid
3671 3873 3929 3940 senatui
3975 3866 4377 3952 respondea-

2405 3959 2509 4025 tis.
2606 3960 2924 4044 Suspicor
2968 3971 3188 4025 tamen
3248 3960 3562 4043 suspendi
3618 3980 3660 4024 a
3714 3959 3903 4025 vobis
3962 3969 4381 4046 responsum.

2404 4043 2672 4110 Interea
2714 4065 2893 4130 rogo,
2964 4053 3038 4110 ut
3092 4054 3158 4111 et
3200 4049 3404 4130 prius,
3473 4054 3551 4110 ut
3596 4055 3890 4109 vestram
3937 4042 4387 4119 interponatis

2405 4130 2580 4212 apud
2624 4143 2878 4197 nostros
2935 4133 3374 4197 autoritatem.
3466 4132 3570 4196 Ea
3625 4132 3806 4195 enim
3850 4125 4230 4217 plurimum
4272 4137 4389 4212 po-

2405 4217 2582 4295 terit,
2629 4218 2685 4282 si
2727 4217 3102 4301 intelligant
3126 4239 3241 4283 vos
3276 4217 3623 4283 nobiscum
3664 4215 3936 4281 sentire.
4010 4205 4247 4269 Velim
4290 4220 4393 4295 in-

2404 4308 2585 4368 terea
2624 4304 2708 4368 D.
2776 4302 3113 4372 Calvinum
3168 4324 3429 4385 quoque
3492 4300 3897 4367 consentire:
3948 4290 4077 4358 sed
4126 4289 4257 4349 hoc
4298 4301 4401 4359 21>-

2405 4409 2549 4452 sum
2604 4393 2679 4454 tu
2733 4410 2986 4473 quoque
3042 4401 3155 4454 tua
3208 4389 3456 4453 efficies
3514 4388 3896 4451 autoritate.
3992 4375 4413 4457 Nostrorum

2403 4471 2567 4539 alias
2614 4475 2937 4559 plerisque
2995 4475 3087 4539 ita
3130 4494 3369 4539 exosus
3415 4482 3544 4545 est,
3618 4480 3694 4534 ut
3739 4472 4098 4552 ingratum
4147 4452 4242 4514 sit
4284 4445 4422 4508 illis

2402 4559 2715 4644 quidquid
2752 4561 2833 4626 ab
2870 4581 2946 4627 eo
2969 4560 3442 4643 proficiscatur.
3516 4555 3677 4620 Non
3717 4554 3945 4619 dubito
3986 4553 4243 4606 tamen
4266 4545 4435 4610 qum

2399 4817 2675 4870 ministres
2692 4820 2789 4871 des
2807 4824 3035 4870 cantone
3052 4813 3320 4868 reformes
3358 4821 3421 4864 et
3438 4811 3515 4862 de
3538 4809 3791 4878 prendre
3824 4806 3876 4857 le

2397 4884 2465 4936 ils
2501 4886 2871 4941 ordonnerent
2903 4902 3009 4937 aux
3043 4883 3325 4937 ministres
3377 4887 3439 4932 et
3478 4877 3840 4957 professam-s

2397 5022 2551 5076 etant
2582 5025 2685 5077 fait
2718 5039 2788 5078 on
2825 5025 2877 5077 le
2911 5021 3296 5087 communiqua
3348 5032 3465 5068 aux
3506 5011 3811 5064 ministres
3855 5009 3912 5056 et

2395 5089 2593 5146 zurich
2631 5100 2690 5146 et
2723 5093 2792 5146 de
2828 5090 3199 5146 Schaffbouse.

2393 5228 2592 5285 cubuit.
2666 5231 2746 5284 of.

2565 5298 2661 5363 18)
2694 5300 2820 5354 cide
2850 5303 2962 5354 aot.
2995 5294 3049 5348 4.

2391 5363 2582 5422 8780.
2606 5367 2661 5434 l)
2708 5369 2846 5424 Vide
2872 5362 3122 5436 praeced.
3157 5364 3273 5414 not.
3314 5352 3408 5408 16.
3914 5413 4034 5471 19.

3878 4816 3948 4853 ur
3990 4789 4163 4844 avin-
4218 4780 4317 4831 Eu
4340 4772 4475 4853 980ss

3883 4868 3959 4921 do
4010 4859 4167 4910 1001·
4225 4839 4487 4909 capitale

2397 4952 2467 5005 de
2499 4954 2636 5008 faire
2672 4973 2744 5008 nn
2790 4955 2917 5024 plan
2962 4969 3033 5006 ou
3084 4951 3268 5021 proJet
3313 4947 3389 5001 do
3445 4944 3763 5012 dffloiplim
3811 4936 3939 4992 ⁰⁰⁰l‘
3966 4906 4515 5063 Ρῗ-ζῐοᾭοιῗιῖὶῖξ

2574 5160 2633 5213 ¹7
2696 5162 2778 5215 Im
2893 5160 3102 5214 ‘ebatur
3136 5155 3260 5210 coni
3343 5152 3357 5165 ⁰
3430 5143 3785 5200 valetudine
3868 5147 3979 5188 nae
4022 5110 4413 5194 laniarunt
4452 5103 4544 5155 ὸῦ·

2636 5163 2662 5226 )
2780 5160 3018 5285 mrim
3053 5243 3137 5294 op.
3175 5223 3247 5277 ad
3338 5217 3443 5270 un.
3487 5213 3550 5266 ιι.
3592 5212 3653 5263 e.
3695 5207 3789 5263 aa
3826 5156 3991 5258 θοὴν.
4046 5177 4439 5255 (δυναστι-
