4900 6125
405 426 525 489 221

495 634 612 680 aec
655 614 832 681 enim
879 635 1137 682 summo
1172 614 1390 682 studio
1424 635 1567 685 com
1620 619 1916 687 ararant)
1951 614 2209 682 fortiter
2242 614 2386 700 qui-
2427 636 2433 687 4

460 720 569 766 em
637 721 711 766 se
773 701 967 781 tueri,
1046 698 1160 768 sed
1226 701 1494 768 frustra.
1650 722 1757 767 am
1822 709 2239 769 accurrentes
2302 701 2385 767 ad

411 784 783 853 subsidium
826 787 1036 853 nostri
1078 784 1491 854 suburbanos
1548 788 1802 854 interea
1844 787 1940 854 ita
1981 786 2383 872 repulerant,

407 879 491 937 ut
534 892 764 938 eorum
806 871 980 939 nulli
1020 880 1250 958 postea
1292 874 1734 957 apparuerint.
1806 872 1887 939 Id
1931 894 2141 940 unum
2179 872 2385 960 igitur

410 964 780 1042 supererat,
825 965 905 1024 ut
957 959 1252 1043 oppressi
1313 979 1542 1025 omnes
1598 957 2180 1026 obtruncarentur:
2246 958 2382 1039 sed,

408 1042 591 1128 quod
644 1046 891 1110 mirum
948 1052 1053 1111 est
1102 1046 1174 1110 in
1216 1052 1407 1111 tanto
1451 1046 1725 1130 impetu,
1791 1066 1987 1111 nemo
2029 1045 2309 1111 interem

407 1130 622 1211 tus,⁶)
670 1148 920 1208 omnes,
964 1130 1248 1215 acceptis
1290 1137 1518 1197 tamen
1560 1129 1809 1215 aliquot
1849 1130 2251 1211 vulneribus,
2310 1153 2382 1197 1n

404 1214 816 1285 deditionem
873 1217 1140 1301 recepti,
1194 1225 1263 1282 et
1313 1216 1643 1301 praefecto
1702 1216 1983 1302 vigilum
2039 1216 2266 1283 traditi
2308 1217 2382 1282 in

400 1320 664 1369 manus.
755 1299 925 1368 Inde
979 1302 1055 1367 in
1108 1303 1348 1369 turrim
1393 1302 1626 1387 templi
1684 1313 2057 1387 perrectum
2101 1311 2220 1383 est,
2265 1301 2380 1369 ubi

401 1407 647 1453 rursus
701 1387 991 1454 effractis
1045 1388 1257 1455 valvis
1314 1408 1542 1456 omnes
1598 1388 1683 1454 ad
1737 1409 1945 1455 unum
2004 1388 2199 1475 capti,
2265 1388 2379 1471 qui

399 1473 715 1539 toxinum
772 1473 1136 1558 pulsarant.
1236 1473 1472 1558 Itaque
1528 1473 1679 1559 plus
1738 1474 1950 1542 valuit
2009 1474 2079 1539 in
2142 1472 2378 1540 mediis

401 1559 609 1624 etiam
689 1560 894 1626 armis
959 1560 1126 1645 regii
1189 1560 1506 1645 praefecti
1569 1561 1906 1641 autoritas,
1984 1581 2182 1645 quam
2254 1561 2376 1628 ira.

400 1642 545 1711 Sed
624 1645 737 1729 qui
803 1644 1103 1712 hostibus
1168 1646 1438 1712 armatis
1502 1654 1951 1731 pepercerant,
2043 1645 2234 1713 idolis
2310 1654 2378 1712 et

397 1749 696 1814 panaceo
758 1729 857 1796 illi
922 1729 1070 1798 Deo
1133 1753 1402 1817 parcere
1465 1752 1600 1798 non
1710 1740 2050 1799 otuerunt:
2127 1733 2377 1798 frustra

399 1816 946 1897 reclamantibus,
984 1817 1226 1902 quibus
1269 1819 1400 1884 ista
1440 1837 1578 1884 non
1619 1840 1664 1901 p
1691 1819 1982 1886 scebant.
2048 1817 2181 1884 His
2271 1838 2375 1884 er-

396 1902 569 1969 actis
585 1953 602 1982 ,
692 1901 995 1970 absoluta
1060 1904 1371 1970 concione
1388 1955 1404 1982 ,
1494 1905 1724 1989 gratiis
1790 1903 2170 1971 solennibus
2297 1925 2374 1971 eo

396 1988 587 2069 actis,
652 1995 722 2054 et
778 1988 1133 2056 admonitis
1190 1988 1496 2057 omnibus
1537 1996 1614 2056 ut
1654 1988 2028 2057 moderatos
2070 2011 2141 2057 se
2185 2011 2373 2074 prae-

393 2072 658 2151 berent,
725 2076 783 2140 si
840 2073 1000 2159 quid
1052 2074 1125 2141 in
1181 2075 1420 2142 itinere
1476 2085 1866 2156 occurreret,
1932 2078 2028 2144 ita
2083 2076 2374 2143 reditum

389 2159 834 2229 instituimus.
906 2160 1014 2226 Ita
1056 2170 1125 2227 et
1166 2159 1557 2228 suburbium
1600 2169 1670 2228 et
1708 2161 1940 2229 urbem
1978 2170 2191 2229 totam
2224 2163 2370 2230 sine

395 2245 538 2312 ullo
582 2265 862 2329 prorsus
908 2247 1201 2313 tumultu
1243 2247 1692 2327 transivimus,
1751 2257 1820 2313 et
1871 2248 2141 2314 domum
2200 2250 2376 2334 quis-

391 2352 529 2417 que
571 2330 789 2398 rediit.
862 2331 1030 2413 Imo,
1074 2331 1251 2417 quod
1292 2334 1506 2419 magis
1540 2333 1822 2413 mireris,
1867 2333 2112 2419 captivi
2145 2333 2371 2402 hostes

393 2417 681 2503 triginta
722 2439 863 2497 sex,
929 2418 1025 2485 ita
1066 2428 1144 2484 ut
1187 2425 1379 2484 erant
1419 2420 1557 2485 fere
1599 2439 1830 2487 omnes
1872 2420 2220 2500 vulnerati,
2303 2428 2374 2486 et

393 2504 467 2571 in
531 2504 616 2570 iis
673 2502 898 2570 decem
941 2503 1027 2569 ad
1069 2505 1422 2571 minimum
1468 2505 1766 2585 sacrifici,
1825 2505 2096 2573 funibus
2139 2506 2370 2587 vincti,

396 2589 859 2674 speetantibus
911 2598 980 2655 et
1020 2610 1107 2656 ne
1148 2590 1582 2658 mutientibus
1639 2590 1907 2676 quidem
1952 2591 2367 2674 adversariis,

393 2697 532 2743 non
569 2676 764 2741 aliter
797 2675 1159 2743 transvecti
1194 2684 1374 2757 sunt,
1409 2684 1478 2744 et
1511 2677 1783 2744 minoris
1806 2676 2099 2757 castelli,
2123 2675 2179 2762 ⁷)
2223 2696 2367 2744 car·

393 2762 663 2829 ceribus
704 2760 967 2841 inclusi,
1027 2782 1224 2846 quam
1279 2762 1437 2829 olim
1481 2763 1691 2829 nostri
1733 2762 1835 2829 illi
1877 2764 2118 2830 fratres
2159 2763 2233 2828 in
2277 2763 2364 2829 D.

389 2847 621 2915 Iacobi
668 2846 813 2915 vico
853 2846 1266 2932 deprehensi.
1336 2848 1613 2917 Utinam
1648 2869 1806 2916 vero
1840 2849 2011 2916 nihil
2045 2847 2368 2916 eiusmodi

389 2932 754 3012 incidisset,
810 2955 887 3001 ao
937 2934 1301 3018 tranquille
1357 2935 1581 3021 potius
1635 2935 1858 3002 Deum
1909 2935 2100 3002 nobis
2152 2934 2368 3003 colere

391 3019 649 3088 liceret.
736 3017 874 3088 Sed
927 3020 1191 3107 quando
1248 3020 1316 3087 id
1369 3020 1558 3088 nulla
1610 3028 1840 3089 nostra
1877 3021 2071 3108 culpa
2112 3020 2368 3101 accidit,

391 3106 657 3192 gratiae
699 3104 848 3173 Deo
889 3107 1185 3192 agendae
1227 3129 1350 3194 pro
1391 3108 1640 3193 insigni
1683 3109 1984 3175 victoria:
2051 3128 2239 3193 quae,
2293 3114 2371 3174 ut

394 3213 611 3276 spero,
678 3191 993 3260 barbaros
1056 3193 1220 3261 istos
1263 3200 1332 3261 et
1373 3195 1698 3261 immanes
1742 3194 2070 3280 Cyclopas
2115 3192 2370 3260 docebit

396 3278 544 3346 suis
587 3278 846 3358 saltem,
891 3278 1066 3363 quod
1110 3280 1319 3361 aiunt,
1365 3281 1740 3366 sumptibus
1783 3301 2035 3365 sapere.
2114 3278 2368 3346 Postri-

396 3364 528 3444 die,
571 3363 643 3429 id
679 3373 797 3444 est,
836 3367 937 3432 28.
975 3363 1179 3432 huius
1213 3367 1459 3433 mensis
1492 3367 1660 3433 bene
1694 3387 1890 3433 mane
1926 3366 2057 3433 huc
2091 3364 2368 3445 accurri,

396 3457 480 3516 ut
521 3449 874 3517 calumniis
909 3451 1389 3518 malevolorum
1421 3472 1866 3520 occurrerem:
1910 3460 1997 3532 et,
2043 3466 2369 3535 quantum

393 3556 677 3622 possum
732 3537 1079 3617 coniicere,
1137 3558 1274 3603 non
1317 3537 1493 3604 male
1532 3559 1640 3604 res
1681 3539 1886 3606 cedet.
1974 3538 2227 3604 Missus
2270 3545 2373 3603 est

396 3622 631 3688 statim
689 3620 766 3687 N.
793 3625 846 3701 ⁰)
904 3624 1103 3689 homo
1158 3624 1407 3708 probus
1465 3630 1534 3690 et
1586 3645 1627 3690 a
1667 3626 1859 3692 nobis
1916 3645 2051 3690 non
2095 3623 2371 3701 alienus,

396 3707 516 3793 qui
549 3727 749 3774 eausa
780 3708 1051 3793 cognita
1081 3709 1153 3773 in
1190 3708 1535 3776 seditiosos
1569 3730 1654 3776 ex
1691 3710 2053 3777 edictorum
2084 3707 2373 3774 formula

396 3792 912 3861 animadvertat.
937 3793 992 3880 ⁹)
1105 3794 1243 3862 Sed
1320 3794 1475 3862 audi
1541 3795 1746 3862 etiam
1809 3795 1958 3864 alia.
2059 3795 2229 3861 Heri
2294 3815 2372 3860 eo

613 4049 672 4120 6)
707 4049 978 4106 Bmlart
1027 4050 1062 4106 1.
1115 4051 1182 4107 l..-
1238 4050 1350 4106 Les
1410 4050 1736 4119 Huguenots
1787 4052 2023 4105 aller-ent
2072 4066 2142 4105 en
2194 4050 2371 4121 grand

399 4119 634 4174 nombre
653 4136 720 4174 en
741 4119 966 4202 l’Eglise
983 4118 1053 4173 de
1071 4117 1127 4174 S.
1143 4119 1389 4186 Medsrd,
1408 4119 1645 4189 laquelle
1679 4121 1749 4175 ils
1767 4122 2042 4190 pillerent,
2061 4120 2374 4175 blesserent

396 4195 460 4243 st
497 4195 791 4243 navi-erent
839 4205 1059 4258 iusques
1105 4205 1140 4242 a
1185 4194 1332 4242 mort
1377 4189 1649 4257 plusieurs
1690 4206 1993 4259 personnes
2039 4191 2371 4260 paroissiens

401 4258 476 4312 de
520 4258 692 4312 ludite
737 4258 945 4329 Eglise,
990 4265 1047 4311 et
1087 4257 1278 4311 advint
1313 4274 1418 4326 que
1462 4275 1532 4310 un
1579 4274 1786 4327 pauvre
1833 4259 2152 4328 boulangier
2197 4260 2267 4313 de
2316 4260 2371 4313 la

399 4329 656 4396 paroisse
700 4327 900 4396 charge
945 4325 1014 4380 de
1055 4324 1120 4379 12
1163 4327 1381 4408 enfans,
1427 4327 1617 4380 voiant
1663 4329 1715 4381 le
1749 4344 2023 4383 massacre
2069 4327 2227 4397 qu’ils
2270 4328 2372 4382 sai-

397 4395 1770 4531 sffffmffizzzzsfflz122330353303330
1771 4398 2109 4520 {3¹20ssssssssss
2112 4414 2194 4518 ἵ
2208 4413 2371 4519 ⁰⁰33?-

395 4533 691 4587 l'honneur
724 4534 797 4588 de
831 4503 1120 4603 celuy’qui
1156 4549 1352 4603 repose
1387 4549 1456 4586 en
1492 4549 1554 4587 oe
1586 4534 1714 4589 lieu.
1803 4534 1943 4588 Lors
1978 4550 2049 4588 un
2087 4550 2234 4587 mese
2273 4541 2371 4587 ant

399 4603 501 4672 luy
537 4601 724 4656 donna
767 4619 842 4656 un
887 4618 1026 4672 coup
1073 4601 1142 4656 de
1194 4602 1509 4672 pertuisane
1565 4619 1635 4656 an
1687 4608 1906 4656 travers
1963 4603 2036 4655 du
2093 4618 2253 4672 corps
2312 4608 2371 4655 et

397 4671 678 4742 plusieurs
712 4677 897 4726 autres
941 4686 1111 4739 coups
1158 4670 1415 4740 desquels
1457 4671 1499 4724 il
1533 4679 1755 4726 mourut
1787 4672 1824 4726 a
1858 4671 2103 4726 l‘instant
2151 4670 2280 4742 pr'es
2315 4671 2370 4724 le

395 4739 583 4863 ffid
619 4740 784 4794 autel.
867 4739 1080 4795 Furent
1114 4741 1260 4794 aussi
1294 4739 1417 4794 tues
1452 4739 1595 4795 deux
1633 4747 1820 4795 autres
1855 4756 2155 4810 personnes
2191 4756 2257 4795 en
2293 4740 2371 4794 la-

583 4809 769 4879 Eglise
806 4814 865 4862 et
935 4808 1167 4862 lusienrs
1204 4815 1390 4863 autres
1415 4809 1622 4864 blesses
1659 4817 1717 4865 et
1751 4810 1965 4864 navre's.
1985 4838 2049 4849 —
2074 4808 2371 4866 Castelnau

395 4878 432 4931 1.
469 4893 551 4932 e..·
582 4878 622 4932 il
657 4895 695 4947 y
730 4883 827 4933 eut
859 4894 898 4946 p
922 4877 1132 4931 usieurs
1169 4882 1415 4946 prestres
1448 4879 1675 4934 blessez.

706 4946 756 5001 le
783 4947 918 5016 petit
951 4946 1235 5001 &hamelet-

709 5015 925 5070 Nomen
960 5016 1298 5085 ignoramus,
1333 5031 1465 5071 nom
1490 5016 1596 5072 hue
1624 5031 1738 5072 non
1767 5016 2048 5084 pertinent
2079 5029 2222 5085 quae
2255 5019 2369 5070 tra·

401 5084 552 5140 dm!
656 5082 755 5139 ἐπι.
795 5083 850 5139 d.
890 5082 1076 5140 Condi
1111 5084 1241 5139 111.
1278 5082 1400 5155 295,
1436 5086 1533 5140 ubi
1564 5085 1633 5140 do
1666 5086 1881 5140 duobus
1913 5084 1967 5139 d.
2006 5082 2089 5137 30.
2127 5081 2261 5138 Dec.
2298 5082 2375 5138 ad

392 5153 793 5282 mendum
831 5155 1016 5208 missus
1050 5160 1215 5209 autor
1262 5155 1520 5224 loquitur,
1567 5153 1683 5210 scil.
1738 5154 1965 5224 Gayant
2007 5152 2289 5222 pontificio
2325 5157 2374 5207 et

585 5240 614 5278 e
649 5222 924 5291 (Gapnio)
959 5230 1310 5292 protestante.

615 5292 677 5360 9)
709 5289 802 5347 De
853 5293 961 5346 isto
996 5293 1231 5348 mults
1261 5295 1487 5360 praeter
1520 5291 1636 5346 ian
1682 5291 1942 5346 laudatos
1984 5289 2189 5346 adeas.-
2237 5288 2373 5343 Res·

391 5378 582 5432 pones
616 5378 724 5414 aux
761 5360 1225 5416 Bemonstrances
1268 5361 1431 5415 saites
1477 5366 1668 5416 contre
1703 5362 1785 5416 les
1819 5360 2079 5416 Placsrds
2123 5357 2373 5414 attachez

2124 408 2285 491 15'61
2330 422 2744 492 DEOEMB.

4318 431 4445 493 222

2486 611 2630 697 ipso
2651 613 2793 680 loco
2825 612 3070 679 iterum
3105 613 3332 680 concio
3365 612 3593 679 habita
3627 618 3744 693 est,
3781 613 3925 682 sine
3959 614 4094 681 ullo
4127 616 4444 683 tumultu.

2488 699 2625 765 Sed
2681 719 2831 767 ecce
2883 698 2999 766 vix
3057 697 3125 763 di
3245 720 3354 767 ssa
3393 698 3841 781 multitudine,
3885 700 4152 785 quidam
4195 701 4280 768 ad
4323 701 4450 771 hoc

2486 784 2867 870 comparati,
2934 785 3005 850 in
3048 805 3126 851 ae
3171 807 3242 852 es
3297 806 3543 854 vacuas
3585 805 3752 871 quae
3792 784 3891 851 illi
3930 786 4188 872 plateae
4227 788 4449 856 immi-

2485 878 2668 952 nent,
2734 872 2958 957 ignem
3017 870 3342 938 iniioiunt.
3431 871 3660 939 Nostri
3702 880 3974 957 repente
4015 883 4449 957 recurrentes,

2485 957 2824 1024 flammam
2868 957 3323 1043 exstinguunt,
3369 965 3437 1024 et
3469 958 3720 1024 frustra
3752 967 4197 1045 repugnantes
4230 961 4450 1028 incen—

2486 1041 2750 1123 diarios,
2793 1045 2865 1110 vi
2908 1064 2996 1109 ex
3039 1043 3176 1109 suis
3220 1041 3491 1111 aedibus
3534 1049 3884 1125 extractos,
3934 1045 4220 1113 evocatis
4262 1045 4453 1113 lioto-

2484 1128 2668 1195 ribus
2709 1130 2987 1195 tradunt
3027 1129 3097 1195 in
3142 1149 3473 1196 carcerem
3519 1126 3949 1197 deducendos.
4038 1130 4123 1197 In
4167 1151 4245 1198 eo
4295 1153 4453 1201 oon-

2484 1215 2668 1281 flictu
2723 1215 3033 1281 feruntur
3096 1214 3345 1299 aliquot
3385 1236 3472 1282 ex
3515 1214 3813 1283 hostibus
3850 1217 4250 1302 interempti.
4337 1218 4454 1285 Ex

2486 1300 2736 1368 nostris
2780 1299 3105 1368 duntaxat
3146 1323 3320 1368 unus
3357 1302 3579 1386 priore
3620 1301 3736 1368 illo
3770 1302 4131 1370 certamine
4164 1303 4455 1371 trucida-

2482 1393 2594 1454 tus
2658 1386 2732 1451 in
2796 1388 2941 1471 ipso
2999 1386 3233 1472 templi
3289 1387 3537 1466 limine,
3605 1387 3855 1472 aliquot
3911 1396 4073 1455 sunt
4125 1386 4456 1474 lapidibus

2481 1472 2839 1539 vulnerati.
2926 1472 3156 1540 Habes
3197 1475 3407 1540 nostri
3452 1480 3669 1541 status
3709 1473 4087 1541 historiam:
4163 1475 4277 1559 qui
4319 1476 4454 1543 uti-

2480 1578 2638 1624 nam
2702 1559 2928 1625 minus
2988 1566 3162 1626 esset
3224 1559 3675 1641 turbulentus,
3743 1566 3859 1627 aut
3914 1559 4080 1627 mihi
4136 1560 4448 1648 imposita

2478 1665 2611 1710 non
2677 1654 2853 1712 esset
2908 1644 3265 1713 necessitas
3322 1645 3453 1713 ista
3493 1667 3629 1712 non
3672 1646 3982 1713 audiendi
4024 1653 4286 1714 tantum
4327 1647 4447 1714 sed

2479 1730 2679 1797 etiam
2744 1731 3124 1815 aspiciendi,
3192 1752 3233 1797 a
3290 1730 3530 1816 quibus
3588 1740 3832 1798 natura
3886 1732 4034 1818 ipsa
4099 1732 4444 1801 abhorreo.

2476 1816 2799 1884 Precibus
2840 1838 3007 1902 opus
3049 1824 3168 1898 est,
3213 1819 3270 1884 si
3312 1817 3577 1902 quando
3620 1817 3805 1899 alias,
3850 1818 4163 1902 quoniam
4207 1819 4444 1888 adver·

2476 1903 2685 1969 sarios
2742 1912 3002 1970 certum
3060 1913 3164 1970 est
3217 1903 3442 1970 omnia
3497 1912 3906 1988 experturos,
3951 1911 4020 1971 et
4058 1905 4446 1971 firmitatem

2474 1987 2546 2054 in
2581 1988 2814 2055 multis
2847 1990 3131 2074 requiro.
3204 1988 3341 2056 Sed
3382 1990 3571 2057 Deus
3605 1990 3834 2075 procul
3868 1988 4066 2057 dubio
4100 1990 4445 2058 ecclesiam

2477 2095 2667 2140 suam
2724 2083 2860 2141 tam
2915 2076 3285 2143 necessario
3337 2082 3472 2142 tem
3560 2097 3634 2143 re
3690 2096 3824 2142 non
3880 2076 4155 2143 deseret.
4255 2076 4446 2143 Bene

2474 2160 2643 2239 vale,
2710 2162 2804 2228 mi
2915 2169 3077 2244 ater,
3146 2183 3301 2230 cum
3366 2182 3441 2229 co
3494 2164 3633 2248 egis
3698 2169 3764 2228 et
3828 2162 4058 2229 amicis
4117 2163 4443 2230 omnibus.

2472 2245 2808 2315 Dominus
2891 2270 3042 2315 esus
3085 2255 3151 2314 te
3195 2247 3593 2315 incolumem
3648 2259 3868 2315 servet
3912 2254 3980 2315 et
4022 2249 4266 2316 sanctis
4308 2249 4446 2315 tuis

2475 2331 2810 2401 laboribus
2863 2335 3079 2420 magis
3129 2353 3207 2400 ac
3261 2335 3473 2418 magis
3527 2333 3890 2402 benedicat.
3977 2333 4091 2400 Ex
4148 2332 4445 2421 Sangar-

2474 2439 2694 2501 mano,
2743 2424 2802 2486 3.
2849 2419 3180 2488 calendas
3218 2418 3535 2485 Ianuarii.

3841 2557 4265 2625 TuusBeza.

3360 3103 3559 3174 8678.

2930 3257 3505 3328 HOLBRAOUS
3549 3258 3991 3328 GALVINO.

2652 3431 2923 3516 Neyotia
2967 3430 3547 3515 Francofurtensia.
3622 3432 3826 3499 Varia
3867 3432 3946 3499 de
3989 3430 4255 3511 zancha,
4303 3427 4442 3499 Ho—

2474 3523 2741 3598 tomano,
2788 3516 3161 3584 Perrucezzo.

2715 3689 2829 3758 (Ex
2865 3689 3206 3760 autographo
3239 3689 3373 3744 Ood.
3404 3688 3740 3745 Genevensis
3775 3687 3895 3752 196,
3929 3689 4021 3744 fol.
4056 3687 4206 3758 250.)

2649 3860 3037 3928 Clarissimo
3079 3862 3325 3947 pietate
3368 3869 3439 3927 et
3479 3860 3846 3928 eruditione
3888 3861 4035 3928 viro
4078 3858 4165 3927 D.
4201 3861 4442 3927 Ioanni

2476 3946 2761 4014 Calvino
2804 3947 3227 4014 Genevensis
3269 3946 3587 4015 ecclesiae
3626 3947 3894 4031 pastori.
3928 4029 4246 4100 Gemma

2647 4204 2721 4273 S.
2767 4202 3086 4290 Optarem
3128 4206 3401 4271 meliora
3436 4204 3518 4271 de
3551 4203 3828 4272 ecclesia
3859 4202 4440 4270 Francofordiensi

2475 4291 2594 4357 tibi
2639 4292 2775 4357 iam
2818 4312 2928 4358 me
2972 4289 3256 4358 scribere
3295 4311 3505 4376 posse.
3580 4289 3937 4357 Caeterum
3974 4309 4139 4374 quae
4173 4309 4257 4355 ex
4289 4289 4443 4356 lite-

2474 4378 2567 4443 ris
2633 4378 2911 4444 Amoldi
2935 4376 2986 4464 ¹)
3051 4384 3115 4443 et
3188 4377 3559 4460 Queroetani
3618 4396 3834 4459 nuper
3897 4375 3982 4442 ad
4045 4395 4154 4441 me
4216 4375 4443 4443 missis

2474 4462 2774 4529 intellexi
2817 4463 3200 4529 summatim
3262 4484 3613 4549 exponam.
3699 4462 3962 4530 Fervor
4004 4458 4254 4528 dissidii
4297 4468 4441 4528 stu-

2475 4547 2584 4614 dio
2628 4556 2697 4614 et
2738 4547 3089 4633 diligentia
3132 4549 3410 4617 Amoldi
3452 4569 3699 4635 magna
3741 4569 3826 4615 ex
3858 4554 4048 4632 parte
4081 4549 4441 4614 restinctus

2475 4641 2592 4700 est.
2701 4633 2980 4701 Electus
3057 4634 3286 4719 itaque
3304 4639 3362 4712 ²)
3437 4634 3894 4703 communibus
3972 4633 4308 4718 suffragiis
4370 4638 4443 4698 et

2472 4945 2527 4998 le
2563 4940 2647 4999 18.
2682 4943 2842 4998 ΔπίΙ
2880 4939 3016 4997 1562
3058 4958 3127 4997 en
3162 4958 3226 4999 oe
3260 4942 3488 5012 qu’elles
3520 4942 3785 4998 touchest
3829 4943 3882 4996 le
3926 4940 4062 4995 faict
4106 4945 4167 4994 et
4198 4939 4437 4996 sedition

2472 5014 2542 5067 de
2577 5012 2634 5068 S.
2671 5011 2899 5068 Medard
2977 5009 3142 5069 Μέηι.
3191 5011 3259 5067 de
3298 5008 3485 5068 Condi
3528 5011 3624 5069 111.
3656 5009 3800 5080 291).
3888 5010 4147 5077 Lanquet
4188 5008 4258 5063 11.
4313 5008 4437 5064 189.

2474 5082 2616 5146 nist.
2649 5081 2919 5135 veritsble
4372 5096 4438 5133 ar

2471 5152 2553 5205 les
2611 5150 2901 5204 Prebstres
2952 5150 3022 5205 de
3068 5151 3124 5206 8.
3177 5150 3408 5205 medard
3456 5150 3510 5203 le
3562 5148 3785 5219 samedy
3827 5147 3980 5202 xxvii
4016 5148 4146 5218 jour
4189 5147 4260 5202 de
4304 5095 4438 5203 1300.

2471 5218 2728 5274 MDLXI.
2798 5217 2993 5285 (Mem.
3028 5217 3098 5274 de
3132 5215 3318 5282 Condi
3349 5219 3420 5275 11.
3456 5215 3609 5285 541.)

2474 5286 2651 5342 3678.
2680 5287 2736 5410 ἑ)
2768 5286 2971 5342 Banci.

2720 5362 2746 5424 )
2781 5354 2846 5411 N.
2884 5352 3041 5411 8640.

2988 5098 3018 5135 e
3063 5081 3120 5136 la
3152 5080 3444 5135 mutinerie
3488 5080 3724 5135 tumulte
3772 5083 3832 5134 et
3865 5079 4105 5133 sedition
4147 5077 4281 5133 faite
