<?xml version="1.0" encoding="UTF-8"?>
<!DOCTYPE html PUBLIC "-//W3C//DTD XHTML 1.0 Transitional//EN"
    "http://www.w3.org/TR/xhtml1/DTD/xhtml1-transitional.dtd">
<html xmlns="http://www.w3.org/1999/xhtml" xml:lang="en" lang="en">
 <head>
  <title>
</title>
<meta http-equiv="Content-Type" content="text/html;charset=utf-8" />
  <meta name='ocr-system' content='tesseract 3.04.00' />
  <meta name='ocr-capabilities' content='ocr_page ocr_carea ocr_par ocr_line ocrx_word'/>
</head>
<body>
  <div class='ocr_page' id='page_1' title='image "./ioanniscalvinio12unkngoog/ioanniscalvinio12unkngoog_0138.png"; bbox 0 0 4900 6125; ppageno 0'>
   <div class='ocr_carea' id='block_1_1' title="bbox 569 407 704 470">
    <p class='ocr_par' dir='ltr' id='par_1_1' title="bbox 569 407 704 470">
     <span class='ocr_line' id='line_1_1' title="bbox 569 407 704 470; baseline 0.015 -1"><span class='ocrx_word' id='word_1_1' title='bbox 569 407 704 470; x_wconf 76' lang='lat'><strong>243</strong></span> 
     </span>
    </p>
   </div>
   <div class='ocr_carea' id='block_1_2' title="bbox 565 587 2542 3235">
    <p class='ocr_par' dir='ltr' id='par_1_2' title="bbox 565 587 2540 1002">
     <span class='ocr_line' id='line_1_2' title="bbox 565 587 2539 673; baseline -0.003 -15"><span class='ocrx_word' id='word_1_2' title='bbox 565 591 852 658; x_wconf 80' lang='lat' dir='ltr'><strong>concilio</strong></span> <span class='ocrx_word' id='word_1_3' title='bbox 896 590 1232 657; x_wconf 90' lang='lat' dir='ltr'><strong>humiliter</strong></span> <span class='ocrx_word' id='word_1_4' title='bbox 1273 590 1752 670; x_wconf 76' lang='lat' dir='ltr'><strong>submittentes,</strong></span> <span class='ocrx_word' id='word_1_5' title='bbox 1794 587 1964 673; x_wconf 92' lang='lat' dir='ltr'><strong>quod</strong></span> <span class='ocrx_word' id='word_1_6' title='bbox 2003 596 2080 655; x_wconf 90' lang='lat' dir='ltr'><strong>ut</strong></span> <span class='ocrx_word' id='word_1_7' title='bbox 2104 587 2539 656; x_wconf 84' lang='lat' dir='ltr'><strong>Abbacellen-</strong></span> 
     </span>
     <span class='ocr_line' id='line_1_3' title="bbox 575 672 2540 761; baseline -0.004 -16"><span class='ocrx_word' id='word_1_8' title='bbox 575 701 684 745; x_wconf 87' lang='lat' dir='ltr'><strong>ses</strong></span> <span class='ocrx_word' id='word_1_9' title='bbox 736 675 1174 743; x_wconf 80' lang='lat' dir='ltr'><strong>confoederati</strong></span> <span class='ocrx_word' id='word_1_10' title='bbox 1232 697 1493 761; x_wconf 90' lang='lat' dir='ltr'><strong>quoque</strong></span> <span class='ocrx_word' id='word_1_11' title='bbox 1537 677 1828 743; x_wconf 87' lang='lat' dir='ltr'><strong>facerent</strong></span> <span class='ocrx_word' id='word_1_12' title='bbox 1870 675 2102 740; x_wconf 91' lang='lat' dir='ltr'><strong>multis</strong></span> <span class='ocrx_word' id='word_1_13' title='bbox 2145 672 2540 760; x_wconf 88' lang='lat' dir='ltr'><strong>persuadere</strong></span> 
     </span>
     <span class='ocr_line' id='line_1_4' title="bbox 575 759 2540 845; baseline -0.002 -15"><span class='ocrx_word' id='word_1_14' title='bbox 575 764 796 830; x_wconf 89' lang='lat' dir='ltr'><strong>conati</strong></span> <span class='ocrx_word' id='word_1_15' title='bbox 840 768 1011 839; x_wconf 88' lang='lat' dir='ltr'><strong>sunt,</strong></span> <span class='ocrx_word' id='word_1_16' title='bbox 1061 760 1176 829; x_wconf 89' lang='lat' dir='ltr'><strong>sed</strong></span> <span class='ocrx_word' id='word_1_17' title='bbox 1219 763 1497 828; x_wconf 82' lang='lat' dir='ltr'><strong>frustra:</strong></span> <span class='ocrx_word' id='word_1_18' title='bbox 1535 761 1581 827; x_wconf 90' lang='lat' dir='ltr'><strong>ii</strong></span> <span class='ocrx_word' id='word_1_19' title='bbox 1618 762 1796 828; x_wconf 91' lang='lat' dir='ltr'><strong>enim</strong></span> <span class='ocrx_word' id='word_1_20' title='bbox 1834 761 2086 829; x_wconf 86' lang='lat' dir='ltr'><strong>rustica</strong></span> <span class='ocrx_word' id='word_1_21' title='bbox 2121 759 2540 845; x_wconf 75' lang='lat' dir='ltr'><strong>simplicitate</strong></span> 
     </span>
     <span class='ocr_line' id='line_1_5' title="bbox 578 847 2539 999; baseline -0.003 -83"><span class='ocrx_word' id='word_1_22' title='bbox 578 858 956 999; x_wconf 61' lang='grc' dir='ltr'>οοηὲιιίιιιιθι·</span> <span class='ocrx_word' id='word_1_23' title='bbox 1017 847 1534 932; x_wconf 89' lang='lat' dir='ltr'><strong>responderunt:</strong></span> <span class='ocrx_word' id='word_1_24' title='bbox 1601 847 1771 914; x_wconf 88' lang='lat' dir='ltr'><strong>nihil</strong></span> <span class='ocrx_word' id='word_1_25' title='bbox 1835 847 1959 915; x_wconf 90' lang='lat' dir='ltr'><strong>sibi</strong></span> <span class='ocrx_word' id='word_1_26' title='bbox 2027 847 2123 913; x_wconf 88' lang='lat' dir='ltr'><strong>rei</strong></span> <span class='ocrx_word' id='word_1_27' title='bbox 2190 867 2332 914; x_wconf 88' lang='lat' dir='ltr'><strong>esse</strong></span> <span class='ocrx_word' id='word_1_28' title='bbox 2385 867 2539 913; x_wconf 90' lang='lat' dir='ltr'><strong>cum</strong></span> 
     </span>
     <span class='ocr_line' id='line_1_6' title="bbox 577 935 1009 1002; baseline -0.009 0"><span class='ocrx_word' id='word_1_29' title='bbox 577 955 696 1002; x_wconf 89' lang='lat' dir='ltr'><strong>oon</strong></span> <span class='ocrx_word' id='word_1_30' title='bbox 741 935 755 949; x_wconf 86' lang='lat'><em>&#39;</em></span> <span class='ocrx_word' id='word_1_31' title='bbox 787 935 848 999; x_wconf 91' lang='lat' dir='ltr'><strong>io</strong></span> <span class='ocrx_word' id='word_1_32' title='bbox 891 944 1009 999; x_wconf 87' lang='lat' dir='ltr'><strong>eto.</strong></span> 
     </span>
    </p>

    <p class='ocr_par' dir='ltr' id='par_1_3' title="bbox 569 1018 2542 2135">
     <span class='ocr_line' id='line_1_7' title="bbox 751 1018 2542 1104; baseline -0.001 -19"><span class='ocrx_word' id='word_1_33' title='bbox 751 1019 977 1085; x_wconf 90' lang='lat' dir='ltr'><strong>Hiero.</strong></span> <span class='ocrx_word' id='word_1_34' title='bbox 1027 1018 1349 1099; x_wconf 50' lang='lat' dir='ltr'><strong>Zeno-hist)</strong></span> <span class='ocrx_word' id='word_1_35' title='bbox 1395 1019 1676 1103; x_wconf 88' lang='lat' dir='ltr'><strong>insignis</strong></span> <span class='ocrx_word' id='word_1_36' title='bbox 1723 1019 1944 1085; x_wconf 85' lang='lat' dir='ltr'><strong>theolo</strong></span> <span class='ocrx_word' id='word_1_37' title='bbox 1996 1021 2009 1034; x_wconf 87' lang='lat'>&#39;</span> <span class='ocrx_word' id='word_1_38' title='bbox 2049 1028 2117 1085; x_wconf 90' lang='lat' dir='ltr'><strong>et</strong></span> <span class='ocrx_word' id='word_1_39' title='bbox 2145 1021 2542 1104; x_wconf 82' lang='lat' dir='ltr'><strong>Argentora-</strong></span> 
     </span>
     <span class='ocr_line' id='line_1_8' title="bbox 577 1104 2540 1188; baseline -0.001 -17"><span class='ocrx_word' id='word_1_40' title='bbox 577 1106 785 1172; x_wconf 89' lang='lat' dir='ltr'><strong>tensis</strong></span> <span class='ocrx_word' id='word_1_41' title='bbox 835 1105 1098 1172; x_wconf 89' lang='lat' dir='ltr'><strong>scholae</strong></span> <span class='ocrx_word' id='word_1_42' title='bbox 1156 1106 1577 1188; x_wconf 82' lang='lat' dir='ltr'><strong>professoris,</strong></span> <span class='ocrx_word' id='word_1_43' title='bbox 1636 1104 1856 1171; x_wconf 89' lang='lat' dir='ltr'><strong>theses</strong></span> <span class='ocrx_word' id='word_1_44' title='bbox 2029 1117 2094 1171; x_wconf 84' lang='lat' dir='ltr'><strong>te</strong></span> <span class='ocrx_word' id='word_1_45' title='bbox 2140 1105 2361 1183; x_wconf 90' lang='lat' dir='ltr'><strong>mitto,</strong></span> <span class='ocrx_word' id='word_1_46' title='bbox 2419 1125 2540 1188; x_wconf 88' lang='lat' dir='ltr'><strong>per</strong></span> 
     </span>
     <span class='ocr_line' id='line_1_9' title="bbox 575 1190 2538 1276; baseline -0.002 -19"><span class='ocrx_word' id='word_1_47' title='bbox 575 1192 941 1258; x_wconf 87' lang='lat' dir='ltr'><strong>Dominum</strong></span> <span class='ocrx_word' id='word_1_48' title='bbox 985 1200 1050 1257; x_wconf 90' lang='lat' dir='ltr'><strong>te</strong></span> <span class='ocrx_word' id='word_1_49' title='bbox 1093 1190 1443 1257; x_wconf 73' lang='lat' dir='ltr'><strong>obsecrans</strong></span> <span class='ocrx_word' id='word_1_50' title='bbox 1487 1202 1566 1256; x_wconf 91' lang='lat' dir='ltr'><strong>ut</strong></span> <span class='ocrx_word' id='word_1_51' title='bbox 1607 1212 1718 1257; x_wconf 89' lang='lat' dir='ltr'><strong>eas</strong></span> <span class='ocrx_word' id='word_1_52' title='bbox 1765 1192 1982 1276; x_wconf 89' lang='lat' dir='ltr'><strong>legere</strong></span> <span class='ocrx_word' id='word_1_53' title='bbox 2027 1213 2111 1257; x_wconf 92' lang='lat' dir='ltr'><strong>ne</strong></span> <span class='ocrx_word' id='word_1_54' title='bbox 2152 1192 2389 1276; x_wconf 81' lang='lat' dir='ltr'><strong>pigeat,</strong></span> <span class='ocrx_word' id='word_1_55' title='bbox 2426 1190 2538 1255; x_wconf 90' lang='lat' dir='ltr'><strong>iti-</strong></span> 
     </span>
     <span class='ocr_line' id='line_1_10' title="bbox 577 1275 2538 1361; baseline 0.001 -19"><span class='ocrx_word' id='word_1_56' title='bbox 577 1278 727 1343; x_wconf 87' lang='lat' dir='ltr'><strong>dem</strong></span> <span class='ocrx_word' id='word_1_57' title='bbox 772 1278 828 1343; x_wconf 90' lang='lat' dir='ltr'><strong>si</strong></span> <span class='ocrx_word' id='word_1_58' title='bbox 886 1276 1042 1360; x_wconf 89' lang='lat' dir='ltr'><strong>quid</strong></span> <span class='ocrx_word' id='word_1_59' title='bbox 1101 1279 1268 1342; x_wconf 81' lang='lat' dir='ltr'><strong>forte</strong></span> <span class='ocrx_word' id='word_1_60' title='bbox 1326 1278 1394 1342; x_wconf 91' lang='lat' dir='ltr'><strong>in</strong></span> <span class='ocrx_word' id='word_1_61' title='bbox 1451 1276 1583 1342; x_wconf 90' lang='lat' dir='ltr'><strong>illis</strong></span> <span class='ocrx_word' id='word_1_62' title='bbox 1641 1275 1968 1344; x_wconf 76' lang='lat' dir='ltr'><strong>desideres</strong></span> <span class='ocrx_word' id='word_1_63' title='bbox 2011 1278 2082 1342; x_wconf 91' lang='lat' dir='ltr'><strong>in</strong></span> <span class='ocrx_word' id='word_1_64' title='bbox 2127 1277 2538 1361; x_wconf 81' lang='lat' dir='ltr'><strong>marginibus</strong></span> 
     </span>
     <span class='ocr_line' id='line_1_11' title="bbox 577 1361 2539 1446; baseline -0.001 -18"><span class='ocrx_word' id='word_1_65' title='bbox 577 1372 851 1429; x_wconf 88' lang='lat' dir='ltr'><strong>annotes</strong></span> <span class='ocrx_word' id='word_1_66' title='bbox 915 1385 991 1429; x_wconf 88' lang='lat' dir='ltr'><strong>ac</strong></span> <span class='ocrx_word' id='word_1_67' title='bbox 1057 1382 1175 1446; x_wconf 92' lang='lat' dir='ltr'><strong>per</strong></span> <span class='ocrx_word' id='word_1_68' title='bbox 1240 1362 1547 1427; x_wconf 78' lang='lat' dir='ltr'><strong>Linerum</strong></span> <span class='ocrx_word' id='word_1_69' title='bbox 1611 1374 1908 1430; x_wconf 89' lang='lat' dir='ltr'><strong>nostrum</strong></span> <span class='ocrx_word' id='word_1_70' title='bbox 1975 1364 2289 1430; x_wconf 80' lang='lat' dir='ltr'><strong>remittas.</strong></span> <span class='ocrx_word' id='word_1_71' title='bbox 2401 1361 2539 1444; x_wconf 81' lang='lat' dir='ltr'><strong>Qui</strong></span> 
     </span>
     <span class='ocr_line' id='line_1_12' title="bbox 575 1447 2535 1534; baseline -0.001 -20"><span class='ocrx_word' id='word_1_72' title='bbox 575 1448 874 1533; x_wconf 88' lang='lat' dir='ltr'><strong>primarii</strong></span> <span class='ocrx_word' id='word_1_73' title='bbox 911 1458 1065 1514; x_wconf 88' lang='lat' dir='ltr'><strong>sunt</strong></span> <span class='ocrx_word' id='word_1_74' title='bbox 1102 1447 1411 1514; x_wconf 87' lang='lat' dir='ltr'><strong>ecclesiae</strong></span> <span class='ocrx_word' id='word_1_75' title='bbox 1434 1450 2017 1534; x_wconf 86' lang='lat' dir='ltr'><strong>Argentoratensis</strong></span> <span class='ocrx_word' id='word_1_76' title='bbox 2047 1449 2335 1515; x_wconf 86' lang='lat' dir='ltr'><strong>ministri</strong></span> <span class='ocrx_word' id='word_1_77' title='bbox 2372 1448 2535 1514; x_wconf 88' lang='lat' dir='ltr'><strong>acri-</strong></span> 
     </span>
     <span class='ocr_line' id='line_1_13' title="bbox 579 1533 2539 1602; baseline -0.001 -2"><span class='ocrx_word' id='word_1_78' title='bbox 579 1546 680 1600; x_wconf 87' lang='lat' dir='ltr'><strong>ter</strong></span> <span class='ocrx_word' id='word_1_79' title='bbox 742 1554 892 1600; x_wconf 90' lang='lat' dir='ltr'><strong>cum</strong></span> <span class='ocrx_word' id='word_1_80' title='bbox 941 1533 1188 1600; x_wconf 76' lang='grc' dir='ltr'><strong>ΖαηοΙιο</strong></span> <span class='ocrx_word' id='word_1_81' title='bbox 1234 1533 1641 1601; x_wconf 83' lang='lat' dir='ltr'><strong>contendunt</strong></span> <span class='ocrx_word' id='word_1_82' title='bbox 1695 1546 1762 1602; x_wconf 89' lang='lat' dir='ltr'><strong>et</strong></span> <span class='ocrx_word' id='word_1_83' title='bbox 1807 1536 2135 1602; x_wconf 90' lang='lat' dir='ltr'><strong>diversam</strong></span> <span class='ocrx_word' id='word_1_84' title='bbox 2182 1533 2539 1600; x_wconf 87' lang='lat' dir='ltr'><strong>defendunt</strong></span> 
     </span>
     <span class='ocr_line' id='line_1_14' title="bbox 575 1620 2538 1718; baseline -0.001 -31"><span class='ocrx_word' id='word_1_85' title='bbox 575 1620 970 1687; x_wconf 88' lang='lat' dir='ltr'><strong>sententiam</strong></span> <span class='ocrx_word' id='word_1_86' title='bbox 1003 1640 1206 1703; x_wconf 91' lang='lat' dir='ltr'><strong>quum</strong></span> <span class='ocrx_word' id='word_1_87' title='bbox 1231 1620 1831 1718; x_wconf 80' lang='lat' dir='ltr'><strong>Marpurgensium,</strong></span> <span class='ocrx_word' id='word_1_88' title='bbox 1857 1620 2538 1706; x_wconf 87' lang='lat' dir='ltr'><strong>Heidelbergensium‚</strong></span> 
     </span>
     <span class='ocr_line' id='line_1_15' title="bbox 573 1704 2540 1791; baseline -0.001 -18"><span class='ocrx_word' id='word_1_89' title='bbox 573 1705 1041 1773; x_wconf 82' lang='lat' dir='ltr'><strong>Basiliensium</strong></span> <span class='ocrx_word' id='word_1_90' title='bbox 1112 1704 1596 1771; x_wconf 75' lang='lat' dir='ltr'><strong>academiarum</strong></span> <span class='ocrx_word' id='word_1_91' title='bbox 1661 1708 2058 1791; x_wconf 84' lang='lat' dir='ltr'><strong>professores</strong></span> <span class='ocrx_word' id='word_1_92' title='bbox 2123 1706 2220 1772; x_wconf 89' lang='lat' dir='ltr'><strong>illi</strong></span> <span class='ocrx_word' id='word_1_93' title='bbox 2296 1727 2362 1771; x_wconf 95' lang='lat' dir='ltr'><strong>m</strong></span> <span class='ocrx_word' id='word_1_94' title='bbox 2498 1728 2540 1771; x_wconf 91' lang='lat' dir='ltr'><strong>a</strong></span> 
     </span>
     <span class='ocr_line' id='line_1_16' title="bbox 573 1790 2540 1877; baseline -0.001 -18"><span class='ocrx_word' id='word_1_95' title='bbox 573 1793 1001 1859; x_wconf 90' lang='lat' dir='ltr'><strong>consensione</strong></span> <span class='ocrx_word' id='word_1_96' title='bbox 1024 1790 1536 1876; x_wconf 75' lang='lat' dir='ltr'><strong>subscripserint</strong></span> <span class='ocrx_word' id='word_1_97' title='bbox 1558 1813 1708 1857; x_wconf 91' lang='lat' dir='ltr'><strong>cum</strong></span> <span class='ocrx_word' id='word_1_98' title='bbox 1738 1793 2315 1877; x_wconf 76' lang='lat' dir='ltr'><strong>Tigurinensibus.</strong></span> <span class='ocrx_word' id='word_1_99' title='bbox 2437 1793 2540 1857; x_wconf 90' lang='lat' dir='ltr'><strong>uit</strong></span> 
     </span>
     <span class='ocr_line' id='line_1_17' title="bbox 572 1876 2539 1961; baseline 0 -17"><span class='ocrx_word' id='word_1_100' title='bbox 572 1878 774 1945; x_wconf 88' lang='lat' dir='ltr'><strong>etiam</strong></span> <span class='ocrx_word' id='word_1_101' title='bbox 820 1898 968 1943; x_wconf 92' lang='lat' dir='ltr'><strong>cum</strong></span> <span class='ocrx_word' id='word_1_102' title='bbox 1020 1877 1284 1943; x_wconf 79' lang='lat' dir='ltr'><strong>Brentio</strong></span> <span class='ocrx_word' id='word_1_103' title='bbox 1328 1876 1800 1961; x_wconf 84' lang='lat' dir='ltr'><strong>Stuttgardiae‚</strong></span> <span class='ocrx_word' id='word_1_104' title='bbox 1847 1879 2130 1944; x_wconf 89' lang='lat' dir='ltr'><strong>multum</strong></span> <span class='ocrx_word' id='word_1_105' title='bbox 2189 1878 2539 1945; x_wconf 87' lang='lat' dir='ltr'><strong>obsecrans</strong></span> 
     </span>
     <span class='ocr_line' id='line_1_18' title="bbox 571 1963 2536 2049; baseline -0.001 -19"><span class='ocrx_word' id='word_1_106' title='bbox 571 1973 647 2030; x_wconf 89' lang='lat' dir='ltr'><strong>ut</strong></span> <span class='ocrx_word' id='word_1_107' title='bbox 712 1963 867 2049; x_wconf 87' lang='lat' dir='ltr'><strong>quid</strong></span> <span class='ocrx_word' id='word_1_108' title='bbox 927 1963 1007 2030; x_wconf 90' lang='lat' dir='ltr'><strong>de</strong></span> <span class='ocrx_word' id='word_1_109' title='bbox 1087 1963 1382 2029; x_wconf 90' lang='lat' dir='ltr'><strong>thesibus</strong></span> <span class='ocrx_word' id='word_1_110' title='bbox 1448 1964 1591 2030; x_wconf 87' lang='lat' dir='ltr'><strong>istis</strong></span> <span class='ocrx_word' id='word_1_111' title='bbox 1647 1965 1940 2031; x_wconf 88' lang='lat' dir='ltr'><strong>’sentiret</strong></span> <span class='ocrx_word' id='word_1_112' title='bbox 2002 1965 2206 2031; x_wconf 89' lang='lat' dir='ltr'><strong>libere</strong></span> <span class='ocrx_word' id='word_1_113' title='bbox 2273 1963 2536 2030; x_wconf 90' lang='lat' dir='ltr'><strong>diceret.</strong></span> 
     </span>
     <span class='ocr_line' id='line_1_19' title="bbox 569 2049 2537 2135; baseline 0 -20"><span class='ocrx_word' id='word_1_114' title='bbox 569 2049 696 2115; x_wconf 92' lang='lat' dir='ltr'><strong>Ille</strong></span> <span class='ocrx_word' id='word_1_115' title='bbox 759 2070 935 2127; x_wconf 89' lang='lat' dir='ltr'><strong>vero,</strong></span> <span class='ocrx_word' id='word_1_116' title='bbox 997 2050 1110 2115; x_wconf 92' lang='lat' dir='ltr'><strong>ubi</strong></span> <span class='ocrx_word' id='word_1_117' title='bbox 1155 2049 1440 2131; x_wconf 90' lang='lat' dir='ltr'><strong>primum</strong></span> <span class='ocrx_word' id='word_1_118' title='bbox 1484 2050 1813 2116; x_wconf 87' lang='lat' dir='ltr'><strong>intellexit</strong></span> <span class='ocrx_word' id='word_1_119' title='bbox 1857 2050 1941 2116; x_wconf 90' lang='lat' dir='ltr'><strong>D.</strong></span> <span class='ocrx_word' id='word_1_120' title='bbox 1983 2050 2360 2135; x_wconf 77' lang='lat' dir='ltr'><strong>Marpachio</strong></span> <span class='ocrx_word' id='word_1_121' title='bbox 2407 2053 2537 2117; x_wconf 86' lang='lat' dir='ltr'><strong>Ar-</strong></span> 
     </span>
    </p>

    <p class='ocr_par' dir='ltr' id='par_1_4' title="bbox 570 2134 2541 3235">
     <span class='ocr_line' id='line_1_20' title="bbox 619 2134 2538 2221; baseline 0 -20"><span class='ocrx_word' id='word_1_122' title='bbox 619 2136 1057 2202; x_wconf 88' lang='lat' dir='ltr'><strong>entoratensis</strong></span> <span class='ocrx_word' id='word_1_123' title='bbox 1117 2134 1427 2207; x_wconf 87' lang='lat' dir='ltr'><strong>ecclesiae</strong></span> <span class='ocrx_word' id='word_1_124' title='bbox 1488 2136 1771 2202; x_wconf 85' lang='lat' dir='ltr'><strong>antistiti</strong></span> <span class='ocrx_word' id='word_1_125' title='bbox 1839 2136 1966 2202; x_wconf 88' lang='lat' dir='ltr'><strong>ista</strong></span> <span class='ocrx_word' id='word_1_126' title='bbox 2011 2137 2373 2221; x_wconf 85' lang='lat' dir='ltr'><strong>displicere,</strong></span> <span class='ocrx_word' id='word_1_127' title='bbox 2422 2157 2538 2202; x_wconf 90' lang='lat' dir='ltr'><strong>no-</strong></span> 
     </span>
     <span class='ocr_line' id='line_1_21' title="bbox 599 2221 2539 2306; baseline 0.001 -20"><span class='ocrx_word' id='word_1_128' title='bbox 599 2221 699 2286; x_wconf 86' lang='lat' dir='ltr'><strong>uit</strong></span> <span class='ocrx_word' id='word_1_129' title='bbox 741 2221 1103 2306; x_wconf 83' lang='lat' dir='ltr'><strong>quidquam</strong></span> <span class='ocrx_word' id='word_1_130' title='bbox 1145 2222 1605 2303; x_wconf 86' lang='lat' dir='ltr'><strong>pronunciare,</strong></span> <span class='ocrx_word' id='word_1_131' title='bbox 1663 2243 1865 2305; x_wconf 92' lang='lat' dir='ltr'><strong>quum</strong></span> <span class='ocrx_word' id='word_1_132' title='bbox 1911 2224 2042 2288; x_wconf 93' lang='lat' dir='ltr'><strong>iam</strong></span> <span class='ocrx_word' id='word_1_133' title='bbox 2087 2231 2240 2289; x_wconf 86' lang='lat' dir='ltr'><strong>ante</strong></span> <span class='ocrx_word' id='word_1_134' title='bbox 2285 2224 2349 2288; x_wconf 91' lang='lat' dir='ltr'><strong>in</strong></span> <span class='ocrx_word' id='word_1_135' title='bbox 2399 2224 2539 2289; x_wconf 88' lang='lat' dir='ltr'><strong>suis</strong></span> 
     </span>
     <span class='ocr_line' id='line_1_22' title="bbox 571 2307 2541 2391; baseline -0.001 -17"><span class='ocrx_word' id='word_1_136' title='bbox 571 2308 832 2391; x_wconf 87' lang='lat' dir='ltr'><strong>scriptis</strong></span> <span class='ocrx_word' id='word_1_137' title='bbox 888 2328 1076 2373; x_wconf 91' lang='lat' dir='ltr'><strong>suam</strong></span> <span class='ocrx_word' id='word_1_138' title='bbox 1138 2308 1538 2373; x_wconf 89' lang='lat' dir='ltr'><strong>sententiam</strong></span> <span class='ocrx_word' id='word_1_139' title='bbox 1595 2309 1754 2374; x_wconf 88' lang='lat' dir='ltr'><strong>satis</strong></span> <span class='ocrx_word' id='word_1_140' title='bbox 1810 2308 2174 2374; x_wconf 86' lang='lat' dir='ltr'><strong>declararit.</strong></span> <span class='ocrx_word' id='word_1_141' title='bbox 2265 2307 2400 2374; x_wconf 83' lang='lat' dir='ltr'><strong>Sed</strong></span> <span class='ocrx_word' id='word_1_142' title='bbox 2448 2310 2541 2373; x_wconf 84' lang='lat' dir='ltr'><strong>ita</strong></span> 
     </span>
     <span class='ocr_line' id='line_1_23' title="bbox 571 2392 2538 2478; baseline 0 -19"><span class='ocrx_word' id='word_1_143' title='bbox 571 2402 1029 2461; x_wconf 87' lang='lat' dir='ltr'><strong>transversum</strong></span> <span class='ocrx_word' id='word_1_144' title='bbox 1075 2393 1371 2477; x_wconf 88' lang='lat' dir='ltr'><strong>rapimur</strong></span> <span class='ocrx_word' id='word_1_145' title='bbox 1417 2392 1764 2460; x_wconf 86' lang='lat' dir='ltr'><strong>malesanis</strong></span> <span class='ocrx_word' id='word_1_146' title='bbox 1819 2395 1964 2461; x_wconf 85' lang='lat' dir='ltr'><strong>istis</strong></span> <span class='ocrx_word' id='word_1_147' title='bbox 2010 2394 2350 2461; x_wconf 82' lang='lat' dir='ltr'><strong>affectibus</strong></span> <span class='ocrx_word' id='word_1_148' title='bbox 2397 2395 2538 2478; x_wconf 90' lang='lat' dir='ltr'><strong>ple·</strong></span> 
     </span>
     <span class='ocr_line' id='line_1_24' title="bbox 572 2479 2537 2564; baseline 0.001 -19"><span class='ocrx_word' id='word_1_149' title='bbox 572 2479 777 2564; x_wconf 89' lang='lat' dir='ltr'><strong>rique,</strong></span> <span class='ocrx_word' id='word_1_150' title='bbox 837 2490 914 2545; x_wconf 91' lang='lat' dir='ltr'><strong>ut</strong></span> <span class='ocrx_word' id='word_1_151' title='bbox 971 2479 1170 2546; x_wconf 86' lang='lat' dir='ltr'><strong>etiam</strong></span> <span class='ocrx_word' id='word_1_152' title='bbox 1231 2500 1381 2546; x_wconf 90' lang='lat' dir='ltr'><strong>cum</strong></span> <span class='ocrx_word' id='word_1_153' title='bbox 1443 2480 1743 2547; x_wconf 88' lang='lat' dir='ltr'><strong>veritatis</strong></span> <span class='ocrx_word' id='word_1_154' title='bbox 1784 2482 2038 2548; x_wconf 87' lang='lat' dir='ltr'><strong>iactura</strong></span> <span class='ocrx_word' id='word_1_155' title='bbox 2080 2502 2308 2547; x_wconf 88' lang='lat' dir='ltr'><strong>eorum</strong></span> <span class='ocrx_word' id='word_1_156' title='bbox 2372 2481 2537 2546; x_wconf 89' lang='lat' dir='ltr'><strong>ami·</strong></span> 
     </span>
     <span class='ocr_line' id='line_1_25' title="bbox 570 2564 2535 2650; baseline 0.001 -18"><span class='ocrx_word' id='word_1_157' title='bbox 570 2566 812 2641; x_wconf 83' lang='lat' dir='ltr'><strong>citiam.</strong></span> <span class='ocrx_word' id='word_1_158' title='bbox 858 2565 970 2648; x_wconf 92' lang='lat' dir='ltr'><strong>qui</strong></span> <span class='ocrx_word' id='word_1_159' title='bbox 1015 2564 1204 2632; x_wconf 90' lang='lat' dir='ltr'><strong>nobis</strong></span> <span class='ocrx_word' id='word_1_160' title='bbox 1247 2564 1597 2632; x_wconf 89' lang='lat' dir='ltr'><strong>insolentia</strong></span> <span class='ocrx_word' id='word_1_161' title='bbox 1619 2565 1930 2650; x_wconf 83' lang='lat' dir='ltr'><strong>dogmata</strong></span> <span class='ocrx_word' id='word_1_162' title='bbox 1965 2566 2377 2633; x_wconf 87' lang='lat' dir='ltr'><strong>tradentibus</strong></span> <span class='ocrx_word' id='word_1_163' title='bbox 2428 2589 2535 2633; x_wconf 86' lang='lat' dir='ltr'><strong>as·</strong></span> 
     </span>
     <span class='ocr_line' id='line_1_26' title="bbox 572 2652 2536 2726; baseline 0 -8"><span class='ocrx_word' id='word_1_164' title='bbox 572 2652 969 2726; x_wconf 81' lang='lat' dir='ltr'><strong>sentiuntur.</strong></span> <span class='ocrx_word' id='word_1_165' title='bbox 1030 2653 1314 2717; x_wconf 89' lang='lat' dir='ltr'><strong>retinere</strong></span> <span class='ocrx_word' id='word_1_166' title='bbox 1375 2652 1584 2717; x_wconf 89' lang='lat' dir='ltr'><strong>modis</strong></span> <span class='ocrx_word' id='word_1_167' title='bbox 1628 2653 1935 2719; x_wconf 89' lang='lat' dir='ltr'><strong>omnibus</strong></span> <span class='ocrx_word' id='word_1_168' title='bbox 1980 2653 2278 2719; x_wconf 88' lang='lat' dir='ltr'><strong>velimus.</strong></span> <span class='ocrx_word' id='word_1_169' title='bbox 2368 2654 2536 2718; x_wconf 86' lang='lat' dir='ltr'><strong>Pre-</strong></span> 
     </span>
     <span class='ocr_line' id='line_1_27' title="bbox 572 2736 2532 2823; baseline 0 -19"><span class='ocrx_word' id='word_1_170' title='bbox 572 2758 798 2804; x_wconf 91' lang='lat' dir='ltr'><strong>cemur</strong></span> <span class='ocrx_word' id='word_1_171' title='bbox 834 2736 1202 2803; x_wconf 89' lang='lat' dir='ltr'><strong>Dominum</strong></span> <span class='ocrx_word' id='word_1_172' title='bbox 1239 2737 1456 2804; x_wconf 87' lang='lat' dir='ltr'><strong>Iesum</strong></span> <span class='ocrx_word' id='word_1_173' title='bbox 1497 2736 1836 2804; x_wconf 85' lang='lat' dir='ltr'><strong>Christum</strong></span> <span class='ocrx_word' id='word_1_174' title='bbox 1881 2747 1956 2804; x_wconf 93' lang='lat' dir='ltr'><strong>ut</strong></span> <span class='ocrx_word' id='word_1_175' title='bbox 1998 2759 2308 2823; x_wconf 89' lang='lat' dir='ltr'><strong>sponsam</strong></span> <span class='ocrx_word' id='word_1_176' title='bbox 2344 2760 2532 2805; x_wconf 90' lang='lat' dir='ltr'><strong>suam</strong></span> 
     </span>
     <span class='ocr_line' id='line_1_28' title="bbox 574 2822 2535 2908; baseline 0 -19"><span class='ocrx_word' id='word_1_177' title='bbox 574 2822 931 2889; x_wconf 88' lang='lat' dir='ltr'><strong>clementer</strong></span> <span class='ocrx_word' id='word_1_178' title='bbox 991 2823 1298 2906; x_wconf 88' lang='lat' dir='ltr'><strong>respiciat</strong></span> <span class='ocrx_word' id='word_1_179' title='bbox 1341 2834 1408 2888; x_wconf 90' lang='lat' dir='ltr'><strong>et</strong></span> <span class='ocrx_word' id='word_1_180' title='bbox 1463 2823 1534 2887; x_wconf 92' lang='lat' dir='ltr'><strong>in</strong></span> <span class='ocrx_word' id='word_1_181' title='bbox 1602 2824 1858 2891; x_wconf 89' lang='lat' dir='ltr'><strong>sincera</strong></span> <span class='ocrx_word' id='word_1_182' title='bbox 1900 2825 2183 2908; x_wconf 89' lang='lat' dir='ltr'><strong>purioris</strong></span> <span class='ocrx_word' id='word_1_183' title='bbox 2228 2824 2535 2891; x_wconf 87' lang='lat' dir='ltr'><strong>christia-</strong></span> 
     </span>
     <span class='ocr_line' id='line_1_29' title="bbox 573 2908 2535 2994; baseline 0.001 -19"><span class='ocrx_word' id='word_1_184' title='bbox 573 2910 769 2975; x_wconf 87' lang='lat' dir='ltr'><strong>nismi</strong></span> <span class='ocrx_word' id='word_1_185' title='bbox 825 2908 1245 2992; x_wconf 86' lang='lat' dir='ltr'><strong>simplicitate</strong></span> <span class='ocrx_word' id='word_1_186' title='bbox 1312 2930 1390 2975; x_wconf 91' lang='lat' dir='ltr'><strong>us</strong></span> <span class='ocrx_word' id='word_1_187' title='bbox 1435 2930 1516 2974; x_wconf 91' lang='lat' dir='ltr'><strong>ue</strong></span> <span class='ocrx_word' id='word_1_188' title='bbox 1569 2920 1930 2976; x_wconf 87' lang='lat' dir='ltr'><strong>conservet.</strong></span> <span class='ocrx_word' id='word_1_189' title='bbox 2036 2911 2119 2976; x_wconf 92' lang='lat' dir='ltr'><strong>In</strong></span> <span class='ocrx_word' id='word_1_190' title='bbox 2172 2932 2299 2994; x_wconf 89' lang='lat' dir='ltr'><strong>quo</strong></span> <span class='ocrx_word' id='word_1_191' title='bbox 2366 2909 2535 2976; x_wconf 89' lang='lat' dir='ltr'><strong>bene</strong></span> 
     </span>
     <span class='ocr_line' id='line_1_30' title="bbox 573 2994 2534 3076; baseline -0.001 -15"><span class='ocrx_word' id='word_1_192' title='bbox 573 2994 776 3066; x_wconf 83' lang='lat' dir='ltr'><strong>simul</strong></span> <span class='ocrx_word' id='word_1_193' title='bbox 821 3002 889 3061; x_wconf 91' lang='lat' dir='ltr'><strong>et</strong></span> <span class='ocrx_word' id='word_1_194' title='bbox 932 3002 1273 3060; x_wconf 88' lang='lat' dir='ltr'><strong>aeternum</strong></span> <span class='ocrx_word' id='word_1_195' title='bbox 1318 3016 1364 3061; x_wconf 87' lang='lat' dir='ltr'><strong>v</strong></span> <span class='ocrx_word' id='word_1_196' title='bbox 1429 3016 1485 3076; x_wconf 90' lang='lat' dir='ltr'><strong>e,</strong></span> <span class='ocrx_word' id='word_1_197' title='bbox 1528 3014 1606 3060; x_wconf 90' lang='lat' dir='ltr'><strong>ac</strong></span> <span class='ocrx_word' id='word_1_198' title='bbox 1649 3015 1862 3063; x_wconf 91' lang='lat' dir='ltr'><strong>meam</strong></span> <span class='ocrx_word' id='word_1_199' title='bbox 1910 2997 2080 3063; x_wconf 91' lang='lat' dir='ltr'><strong>hanc</strong></span> <span class='ocrx_word' id='word_1_200' title='bbox 2124 3004 2534 3064; x_wconf 85' lang='lat' dir='ltr'><strong>senectutem</strong></span> 
     </span>
     <span class='ocr_line' id='line_1_31' title="bbox 573 3081 2534 3166; baseline -0.001 -19"><span class='ocrx_word' id='word_1_201' title='bbox 573 3091 652 3147; x_wconf 91' lang='lat' dir='ltr'><strong>ut</strong></span> <span class='ocrx_word' id='word_1_202' title='bbox 695 3083 904 3166; x_wconf 86' lang='lat' dir='ltr'><strong>magis</strong></span> <span class='ocrx_word' id='word_1_203' title='bbox 965 3089 1160 3164; x_wconf 89' lang='lat' dir='ltr'><strong>atque</strong></span> <span class='ocrx_word' id='word_1_204' title='bbox 1215 3103 1280 3146; x_wconf 94' lang='lat' dir='ltr'><strong>m</strong></span> <span class='ocrx_word' id='word_1_205' title='bbox 1373 3081 1387 3095; x_wconf 84' lang='lat'>‘</span> <span class='ocrx_word' id='word_1_206' title='bbox 1480 3082 1842 3148; x_wconf 89' lang='lat' dir='ltr'><strong>secundum</strong></span> <span class='ocrx_word' id='word_1_207' title='bbox 1893 3083 2276 3150; x_wconf 86' lang='lat' dir='ltr'><strong>interiorem</strong></span> <span class='ocrx_word' id='word_1_208' title='bbox 2322 3083 2534 3148; x_wconf 89' lang='lat' dir='ltr'><strong>homi-</strong></span> 
     </span>
     <span class='ocr_line' id='line_1_32' title="bbox 577 3167 2535 3235; baseline 0 -3"><span class='ocrx_word' id='word_1_209' title='bbox 577 3187 732 3234; x_wconf 89' lang='lat' dir='ltr'><strong>nem</strong></span> <span class='ocrx_word' id='word_1_210' title='bbox 775 3167 1230 3233; x_wconf 87' lang='lat' dir='ltr'><strong>reiuvenescat</strong></span> <span class='ocrx_word' id='word_1_211' title='bbox 1273 3168 1319 3233; x_wconf 87' lang='lat' dir='ltr'>fi</span> <span class='ocrx_word' id='word_1_212' title='bbox 1365 3167 1575 3233; x_wconf 89' lang='lat' dir='ltr'><strong>elibus</strong></span> <span class='ocrx_word' id='word_1_213' title='bbox 1620 3168 1755 3234; x_wconf 93' lang='lat' dir='ltr'><strong>tuis</strong></span> <span class='ocrx_word' id='word_1_214' title='bbox 1815 3181 1879 3234; x_wconf 89' lang='lat' dir='ltr'><strong>et</strong></span> <span class='ocrx_word' id='word_1_215' title='bbox 1924 3168 2056 3234; x_wconf 88' lang='lat' dir='ltr'><strong>fide</strong></span> <span class='ocrx_word' id='word_1_216' title='bbox 2099 3170 2144 3233; x_wconf 84' lang='lat' dir='ltr'>fl</span> <span class='ocrx_word' id='word_1_217' title='bbox 2233 3167 2535 3235; x_wconf 85' lang='lat' dir='ltr'><strong>rantibus</strong></span> 
     </span>
    </p>
   </div>
   <div class='ocr_carea' id='block_1_3' title="bbox 577 3252 2593 3360">
    <p class='ocr_par' dir='ltr' id='par_1_5' title="bbox 577 3252 2593 3360">
     <span class='ocr_line' id='line_1_33' title="bbox 577 3252 2593 3360; baseline 0 -42"><span class='ocrx_word' id='word_1_218' title='bbox 577 3253 748 3318; x_wconf 89' lang='lat' dir='ltr'><strong>votis</strong></span> <span class='ocrx_word' id='word_1_219' title='bbox 793 3255 995 3319; x_wconf 68' lang='lat' dir='ltr'><strong>stater</strong></span> <span class='ocrx_word' id='word_1_220' title='bbox 1039 3252 1296 3319; x_wconf 85' lang='lat' dir='ltr'><strong>adiuva.</strong></span> <span class='ocrx_word' id='word_1_221' title='bbox 1375 3252 1628 3319; x_wconf 88' lang='lat' dir='ltr'><strong>Iterum</strong></span> <span class='ocrx_word' id='word_1_222' title='bbox 1675 3254 1838 3321; x_wconf 91' lang='lat' dir='ltr'><strong>vale.</strong></span> <span class='ocrx_word' id='word_1_223' title='bbox 1906 3254 2217 3320; x_wconf 78' lang='lat' dir='ltr'><strong>Vitodun</strong></span> <span class='ocrx_word' id='word_1_224' title='bbox 2243 3259 2298 3333; x_wconf 83' lang='lat'><strong>⁴)</strong></span> <span class='ocrx_word' id='word_1_225' title='bbox 2337 3256 2535 3320; x_wconf 86' lang='lat' dir='ltr'><strong>Anno</strong></span> <span class='ocrx_word' id='word_1_226' title='bbox 2590 3347 2593 3360; x_wconf 40' lang='grc' dir='ltr'>Ι</span> 
     </span>
    </p>
   </div>
   <div class='ocr_carea' id='block_1_4' title="bbox 583 3338 2366 3542">
    <p class='ocr_par' dir='ltr' id='par_1_6' title="bbox 583 3338 2366 3542">
     <span class='ocr_line' id='line_1_34' title="bbox 583 3338 1232 3405; baseline 0.002 -3"><span class='ocrx_word' id='word_1_227' title='bbox 583 3342 767 3405; x_wconf 80' lang='lat'><strong>1562.</strong></span> <span class='ocrx_word' id='word_1_228' title='bbox 815 3343 874 3404; x_wconf 89' lang='grc'><strong>8.</strong></span> <span class='ocrx_word' id='word_1_229' title='bbox 921 3338 1232 3404; x_wconf 90' lang='lat' dir='ltr'><strong>Ianuarii.</strong></span> 
     </span>
     <span class='ocr_line' id='line_1_35' title="bbox 1865 3476 2366 3542; baseline 0 -1"><span class='ocrx_word' id='word_1_230' title='bbox 1865 3477 1937 3541; x_wconf 82' lang='grc' dir='ltr'><strong>Τ.</strong></span> <span class='ocrx_word' id='word_1_231' title='bbox 1985 3477 2213 3542; x_wconf 81' lang='lat' dir='ltr'><strong>Ambr.</strong></span> <span class='ocrx_word' id='word_1_232' title='bbox 2263 3476 2366 3541; x_wconf 91' lang='lat' dir='ltr'><strong>Bl.</strong></span> 
     </span>
    </p>
   </div>
   <div class='ocr_carea' id='block_1_5' title="bbox 965 3985 2157 4212">
    <p class='ocr_par' dir='ltr' id='par_1_7' title="bbox 965 3985 2157 4212">
     <span class='ocr_line' id='line_1_36' title="bbox 1459 3985 1656 4058; baseline 0.005 -1"><span class='ocrx_word' id='word_1_233' title='bbox 1459 3985 1656 4058; x_wconf 75' lang='grc'><strong>3000.</strong></span> 
     </span>
     <span class='ocr_line' id='line_1_37' title="bbox 965 4142 2157 4212; baseline 0.001 -3"><span class='ocrx_word' id='word_1_234' title='bbox 965 4142 1636 4210; x_wconf 75' lang='lat' dir='ltr'>BULLINGERUS</span> <span class='ocrx_word' id='word_1_235' title='bbox 1686 4143 2157 4212; x_wconf 78' lang='lat' dir='ltr'><strong>HALLERO.</strong></span> 
     </span>
    </p>
   </div>
   <div class='ocr_carea' id='block_1_6' title="bbox 569 4314 2535 4488">
    <p class='ocr_par' dir='ltr' id='par_1_8' title="bbox 569 4314 2535 4488">
     <span class='ocr_line' id='line_1_38' title="bbox 749 4314 2535 4399; baseline 0.002 -17"><span class='ocrx_word' id='word_1_236' title='bbox 749 4314 964 4382; x_wconf 68' lang='lat' dir='ltr'><strong>Enixa</strong></span> <span class='ocrx_word' id='word_1_237' title='bbox 1040 4321 1212 4399; x_wconf 75' lang='lat' dir='ltr'><strong>royat</strong></span> <span class='ocrx_word' id='word_1_238' title='bbox 1291 4321 1359 4380; x_wconf 74' lang='lat' dir='ltr'><strong>ut</strong></span> <span class='ocrx_word' id='word_1_239' title='bbox 1424 4335 1497 4381; x_wconf 81' lang='lat' dir='ltr'><strong>ne</strong></span> <span class='ocrx_word' id='word_1_240' title='bbox 1567 4315 1845 4382; x_wconf 74' lang='lat' dir='ltr'><strong>Castalio</strong></span> <span class='ocrx_word' id='word_1_241' title='bbox 1914 4314 2197 4382; x_wconf 78' lang='lat' dir='ltr'><strong>Bemam</strong></span> <span class='ocrx_word' id='word_1_242' title='bbox 2269 4324 2535 4398; x_wconf 62' lang='lat' dir='ltr'><strong>vocam,</strong></span> 
     </span>
     <span class='ocr_line' id='line_1_39' title="bbox 569 4401 2531 4488; baseline 0.002 -21"><span class='ocrx_word' id='word_1_243' title='bbox 569 4401 747 4467; x_wconf 70' lang='lat' dir='ltr'><strong>homo</strong></span> <span class='ocrx_word' id='word_1_244' title='bbox 789 4407 1130 4484; x_wconf 75' lang='lat' dir='ltr'><strong>suspectus,</strong></span> <span class='ocrx_word' id='word_1_245' title='bbox 1178 4404 1583 4468; x_wconf 55' lang='lat' dir='ltr'><strong>novatur-iens</strong></span> <span class='ocrx_word' id='word_1_246' title='bbox 1625 4407 1681 4466; x_wconf 80' lang='lat' dir='ltr'><strong>et</strong></span> <span class='ocrx_word' id='word_1_247' title='bbox 1721 4401 2185 4468; x_wconf 72' lang='lat' dir='ltr'><strong>Genevensibus</strong></span> <span class='ocrx_word' id='word_1_248' title='bbox 2219 4405 2531 4488; x_wconf 56' lang='lat' dir='ltr'><strong>inmotus.</strong></span> 
     </span>
    </p>
   </div>
   <div class='ocr_carea' id='block_1_7' title="bbox 574 4571 2535 4712">
    <p class='ocr_par' dir='ltr' id='par_1_9' title="bbox 574 4571 2535 4712">
     <span class='ocr_line' id='line_1_40' title="bbox 574 4571 2535 4643; baseline 0.003 -16"><span class='ocrx_word' id='word_1_249' title='bbox 574 4573 687 4640; x_wconf 80' lang='lat' dir='ltr'><strong>(Ex</strong></span> <span class='ocrx_word' id='word_1_250' title='bbox 737 4572 1053 4643; x_wconf 74' lang='lat' dir='ltr'><strong>apographo</strong></span> <span class='ocrx_word' id='word_1_251' title='bbox 1101 4573 1443 4625; x_wconf 72' lang='lat' dir='ltr'><strong>amanuensis</strong></span> <span class='ocrx_word' id='word_1_252' title='bbox 1491 4571 1806 4642; x_wconf 82' lang='lat' dir='ltr'><strong>Hottingeri</strong></span> <span class='ocrx_word' id='word_1_253' title='bbox 1857 4573 1910 4626; x_wconf 88' lang='lat' dir='ltr'><strong>in</strong></span> <span class='ocrx_word' id='word_1_254' title='bbox 1957 4573 2087 4627; x_wconf 88' lang='lat' dir='ltr'><strong>Ood.</strong></span> <span class='ocrx_word' id='word_1_255' title='bbox 2138 4576 2314 4629; x_wconf 85' lang='lat' dir='ltr'><strong>Turic.</strong></span> <span class='ocrx_word' id='word_1_256' title='bbox 2365 4573 2429 4630; x_wconf 81' lang='lat' dir='ltr'><strong>F.</strong></span> <span class='ocrx_word' id='word_1_257' title='bbox 2466 4575 2535 4632; x_wconf 77' lang='lat'><strong>46</strong></span> 
     </span>
     <span class='ocr_line' id='line_1_41' title="bbox 850 4638 2265 4712; baseline -0.001 -16"><span class='ocrx_word' id='word_1_258' title='bbox 850 4643 977 4696; x_wconf 85' lang='lat' dir='ltr'><strong>olim</strong></span> <span class='ocrx_word' id='word_1_259' title='bbox 1017 4642 1157 4710; x_wconf 78' lang='lat' dir='ltr'><strong>Epp.</strong></span> <span class='ocrx_word' id='word_1_260' title='bbox 1193 4641 1286 4695; x_wconf 85' lang='lat' dir='ltr'><strong>XI.</strong></span> <span class='ocrx_word' id='word_1_261' title='bbox 1325 4641 1418 4695; x_wconf 74' lang='lat' dir='ltr'><strong>fol.</strong></span> <span class='ocrx_word' id='word_1_262' title='bbox 1451 4638 1570 4694; x_wconf 83' lang='grc'><strong>600.</strong></span> <span class='ocrx_word' id='word_1_263' title='bbox 1617 4667 1674 4678; x_wconf 90' lang='lat'><em>-</em></span> <span class='ocrx_word' id='word_1_264' title='bbox 1711 4640 1921 4696; x_wconf 82' lang='lat' dir='ltr'><strong>Simler.</strong></span> <span class='ocrx_word' id='word_1_265' title='bbox 1961 4641 2079 4696; x_wconf 85' lang='lat' dir='ltr'><strong>Vol.</strong></span> <span class='ocrx_word' id='word_1_266' title='bbox 2119 4642 2265 4712; x_wconf 71' lang='lat'><strong>103.)</strong></span> 
     </span>
    </p>
   </div>
   <div class='ocr_carea' id='block_1_8' title="bbox 575 4812 2536 4982">
    <p class='ocr_par' dir='ltr' id='par_1_10' title="bbox 575 4812 2536 4982">
     <span class='ocr_line' id='line_1_42' title="bbox 747 4812 2533 4895; baseline 0.001 -15"><span class='ocrx_word' id='word_1_267' title='bbox 747 4813 819 4881; x_wconf 81' lang='lat' dir='ltr'><strong>S.</strong></span> <span class='ocrx_word' id='word_1_268' title='bbox 868 4813 951 4878; x_wconf 90' lang='lat' dir='ltr'><strong>D.</strong></span> <span class='ocrx_word' id='word_1_269' title='bbox 1015 4812 1194 4895; x_wconf 82' lang='lat' dir='ltr'><strong>Quid</strong></span> <span class='ocrx_word' id='word_1_270' title='bbox 1241 4812 1470 4892; x_wconf 88' lang='lat' dir='ltr'><strong>dicam,</strong></span> <span class='ocrx_word' id='word_1_271' title='bbox 1507 4813 1842 4879; x_wconf 86' lang='lat' dir='ltr'><strong>carissime</strong></span> <span class='ocrx_word' id='word_1_272' title='bbox 1887 4813 2134 4880; x_wconf 84' lang='lat' dir='ltr'><strong>frater?</strong></span> <span class='ocrx_word' id='word_1_273' title='bbox 2205 4815 2533 4894; x_wconf 80' lang='lat' dir='ltr'><strong>Manibus,</strong></span> 
     </span>
     <span class='ocr_line' id='line_1_43' title="bbox 575 4899 2536 4982; baseline 0.002 -18"><span class='ocrx_word' id='word_1_274' title='bbox 575 4899 870 4981; x_wconf 87' lang='lat' dir='ltr'><strong>pedibus,</strong></span> <span class='ocrx_word' id='word_1_275' title='bbox 938 4908 1004 4964; x_wconf 90' lang='lat' dir='ltr'><strong>et</strong></span> <span class='ocrx_word' id='word_1_276' title='bbox 1065 4910 1242 4964; x_wconf 90' lang='lat' dir='ltr'><strong>totus</strong></span> <span class='ocrx_word' id='word_1_277' title='bbox 1307 4907 1590 4982; x_wconf 86' lang='lat' dir='ltr'><strong>quantus</strong></span> <span class='ocrx_word' id='word_1_278' title='bbox 1649 4920 1792 4964; x_wconf 90' lang='lat' dir='ltr'><strong>sum</strong></span> <span class='ocrx_word' id='word_1_279' title='bbox 1855 4900 2120 4976; x_wconf 88' lang='lat' dir='ltr'><strong>renitor,</strong></span> <span class='ocrx_word' id='word_1_280' title='bbox 2186 4900 2536 4968; x_wconf 85' lang='lat' dir='ltr'><strong>dissuadeo</strong></span> 
     </span>
    </p>
   </div>
   <div class='ocr_carea' id='block_1_9' title="bbox 581 5037 938 5046">
    <p class='ocr_par' dir='ltr' id='par_1_11' title="bbox 581 5037 938 5046">
     <span class='ocr_line' id='line_1_44' title="bbox 581 5037 938 5046; baseline 0 1079"><span class='ocrx_word' id='word_1_281' title='bbox 581 5037 938 5046; x_wconf 95' lang='lat' dir='ltr'><strong> </strong></span> 
     </span>
    </p>
   </div>
   <div class='ocr_carea' id='block_1_10' title="bbox 578 5119 2538 5392">
    <p class='ocr_par' dir='ltr' id='par_1_12' title="bbox 578 5119 2538 5392">
     <span class='ocr_line' id='line_1_45' title="bbox 783 5119 2538 5272; baseline 0.005 -33"><span class='ocrx_word' id='word_1_282' title='bbox 783 5120 844 5254; x_wconf 56' lang='lat' dir='ltr'><strong>ii</strong></span> <span class='ocrx_word' id='word_1_283' title='bbox 878 5119 1077 5270; x_wconf 51' lang='lat' dir='ltr'><strong>{is-22</strong></span> <span class='ocrx_word' id='word_1_284' title='bbox 1111 5120 1410 5270; x_wconf 55' lang='grc' dir='ltr'><strong>ἓῗῖῗέηυη·</strong></span> <span class='ocrx_word' id='word_1_285' title='bbox 1447 5187 1584 5242; x_wconf 78' lang='lat'>1569</span> <span class='ocrx_word' id='word_1_286' title='bbox 1628 5191 1834 5246; x_wconf 61' lang='lat' dir='ltr'><strong>renas</strong></span> <span class='ocrx_word' id='word_1_287' title='bbox 1882 5189 2058 5245; x_wconf 63' lang='lat' dir='ltr'><strong>Beue</strong></span> <span class='ocrx_word' id='word_1_288' title='bbox 2109 5191 2431 5272; x_wconf 60' lang='lat' dir='ltr'><strong>viteam„</strong></span> <span class='ocrx_word' id='word_1_289' title='bbox 2479 5207 2538 5247; x_wconf 66' lang='lat' dir='ltr'><strong>ae</strong></span> 
     </span>
     <span class='ocr_line' id='line_1_46' title="bbox 579 5255 2533 5324; baseline 0.003 -13"><span class='ocrx_word' id='word_1_290' title='bbox 579 5255 884 5311; x_wconf 70' lang='lat' dir='ltr'><strong>concula-at</strong></span> <span class='ocrx_word' id='word_1_291' title='bbox 927 5263 1189 5324; x_wconf 66' lang='lat' dir='ltr'><strong>monitu·</strong></span> <span class='ocrx_word' id='word_1_292' title='bbox 1237 5265 1476 5324; x_wconf 68' lang='lat' dir='ltr'><strong>adum,</strong></span> <span class='ocrx_word' id='word_1_293' title='bbox 1522 5267 1574 5313; x_wconf 75' lang='lat' dir='ltr'><strong>ee</strong></span> <span class='ocrx_word' id='word_1_294' title='bbox 1607 5273 1806 5314; x_wconf 67' lang='lat' dir='ltr'><strong>nunus</strong></span> <span class='ocrx_word' id='word_1_295' title='bbox 1849 5260 2264 5316; x_wconf 61' lang='lat' dir='ltr'><strong>melerinum</strong></span> <span class='ocrx_word' id='word_1_296' title='bbox 2302 5261 2410 5317; x_wconf 68' lang='lat' dir='ltr'><strong>ou&#39;bu·</strong></span> <span class='ocrx_word' id='word_1_297' title='bbox 2444 5263 2533 5317; x_wconf 77' lang='lat' dir='ltr'><strong>ob·</strong></span> 
     </span>
     <span class='ocr_line' id='line_1_47' title="bbox 578 5325 1659 5392; baseline 0.001 -13"><span class='ocrx_word' id='word_1_298' title='bbox 578 5326 751 5379; x_wconf 66' lang='lat' dir='ltr'><strong>letum</strong></span> <span class='ocrx_word' id='word_1_299' title='bbox 787 5331 1030 5392; x_wconf 57' lang='lat' dir='ltr'><strong>vergente</strong></span> <span class='ocrx_word' id='word_1_300' title='bbox 1064 5343 1116 5379; x_wconf 80' lang='lat' dir='ltr'><strong>a.</strong></span> <span class='ocrx_word' id='word_1_301' title='bbox 1158 5325 1290 5380; x_wconf 82' lang='lat'>1561</span> <span class='ocrx_word' id='word_1_302' title='bbox 1329 5326 1659 5385; x_wconf 57' lang='lat' dir='ltr'><strong>metavit.</strong></span> 
     </span>
    </p>
   </div>
   <div class='ocr_carea' id='block_1_11' title="bbox 2077 399 3077 468">
    <p class='ocr_par' dir='ltr' id='par_1_13' title="bbox 2077 399 3077 468">
     <span class='ocr_line' id='line_1_48' title="bbox 2077 399 3077 468; baseline -0.001 -1"><span class='ocrx_word' id='word_1_303' title='bbox 2077 399 2606 468; x_wconf 77' lang='lat' dir='ltr'><strong>EPISTOLAE</strong></span> <span class='ocrx_word' id='word_1_304' title='bbox 2650 402 3077 466; x_wconf 80' lang='lat'><strong>3689-3693</strong></span> 
     </span>
    </p>
   </div>
   <div class='ocr_carea' id='block_1_12' title="bbox 2582 608 2604 3334">
    <p class='ocr_par' dir='ltr' id='par_1_14' title="bbox 2582 608 2604 3334">
     <span class='ocr_line' id='line_1_49' title="bbox 2582 608 2604 3334; baseline 0 0"><span class='ocrx_word' id='word_1_305' title='bbox 2582 608 2604 3334; x_wconf 95' lang='lat' dir='ltr'><strong> </strong></span> 
     </span>
    </p>
   </div>
   <div class='ocr_carea' id='block_1_13' title="bbox 2580 3509 2602 5380">
    <p class='ocr_par' dir='ltr' id='par_1_15' title="bbox 2580 3509 2602 5380">
     <span class='ocr_line' id='line_1_50' title="bbox 2580 3509 2602 5380; baseline 0 0"><span class='ocrx_word' id='word_1_306' title='bbox 2580 3509 2602 5380; x_wconf 95' lang='lat' dir='ltr'><strong> </strong></span> 
     </span>
    </p>
   </div>
   <div class='ocr_carea' id='block_1_14' title="bbox 4466 406 4582 469">
    <p class='ocr_par' dir='ltr' id='par_1_16' title="bbox 4466 406 4582 469">
     <span class='ocr_line' id='line_1_51' title="bbox 4466 406 4582 469; baseline 0.034 -4"><span class='ocrx_word' id='word_1_307' title='bbox 4466 406 4582 469; x_wconf 79' lang='lat'><strong>244</strong></span> 
     </span>
    </p>
   </div>
   <div class='ocr_carea' id='block_1_15' title="bbox 2640 587 4603 2112">
    <p class='ocr_par' dir='ltr' id='par_1_17' title="bbox 2640 587 4603 2112">
     <span class='ocr_line' id='line_1_52' title="bbox 2645 587 4586 675; baseline 0.001 -21"><span class='ocrx_word' id='word_1_308' title='bbox 2645 598 2711 654; x_wconf 90' lang='lat' dir='ltr'><strong>et</strong></span> <span class='ocrx_word' id='word_1_309' title='bbox 2756 587 3067 656; x_wconf 89' lang='lat' dir='ltr'><strong>dehortor</strong></span> <span class='ocrx_word' id='word_1_310' title='bbox 3109 610 3193 655; x_wconf 90' lang='lat' dir='ltr'><strong>ne</strong></span> <span class='ocrx_word' id='word_1_311' title='bbox 3237 591 3570 675; x_wconf 90' lang='lat' dir='ltr'><strong>recipiatis</strong></span> <span class='ocrx_word' id='word_1_312' title='bbox 3608 589 4040 668; x_wconf 66' lang='lat' dir='ltr'><strong>Castalionmn,</strong></span> <span class='ocrx_word' id='word_1_313' title='bbox 4068 592 4120 671; x_wconf 91' lang='lat'><strong>¹)</strong></span> <span class='ocrx_word' id='word_1_314' title='bbox 4164 611 4297 656; x_wconf 90' lang='lat' dir='ltr'><strong>non</strong></span> <span class='ocrx_word' id='word_1_315' title='bbox 4343 598 4586 655; x_wconf 85' lang='lat' dir='ltr'><strong>tantum</strong></span> 
     </span>
     <span class='ocr_line' id='line_1_53' title="bbox 2645 674 4589 761; baseline 0 -20"><span class='ocrx_word' id='word_1_316' title='bbox 2645 674 2820 759; x_wconf 92' lang='lat' dir='ltr'><strong>quod</strong></span> <span class='ocrx_word' id='word_1_317' title='bbox 2865 677 2932 740; x_wconf 92' lang='lat' dir='ltr'><strong>in</strong></span> <span class='ocrx_word' id='word_1_318' title='bbox 3059 683 3166 743; x_wconf 89' lang='lat' dir='ltr'><strong>tus</strong></span> <span class='ocrx_word' id='word_1_319' title='bbox 3203 678 3292 743; x_wconf 89' lang='lat' dir='ltr'><strong>sit</strong></span> <span class='ocrx_word' id='word_1_320' title='bbox 3327 675 3829 743; x_wconf 82' lang='lat' dir='ltr'><strong>Genevensibus</strong></span> <span class='ocrx_word' id='word_1_321' title='bbox 3869 683 3939 741; x_wconf 89' lang='lat' dir='ltr'><strong>et</strong></span> <span class='ocrx_word' id='word_1_322' title='bbox 3971 676 4126 742; x_wconf 90' lang='lat' dir='ltr'><strong>inde</strong></span> <span class='ocrx_word' id='word_1_323' title='bbox 4161 675 4589 761; x_wconf 84' lang='lat' dir='ltr'><strong>exspectanda</strong></span> 
     </span>
     <span class='ocr_line' id='line_1_54' title="bbox 2643 760 4587 846; baseline -0.001 -19"><span class='ocrx_word' id='word_1_324' title='bbox 2643 761 2779 827; x_wconf 86' lang='lat' dir='ltr'><strong>sint</strong></span> <span class='ocrx_word' id='word_1_325' title='bbox 2814 760 3000 828; x_wconf 79' lang='lat' dir='ltr'><strong>vobis</strong></span> <span class='ocrx_word' id='word_1_326' title='bbox 3035 772 3353 846; x_wconf 87' lang='lat' dir='ltr'><strong>perpetua</strong></span> <span class='ocrx_word' id='word_1_327' title='bbox 3390 762 3576 841; x_wconf 88' lang='lat' dir='ltr'><strong>bella,</strong></span> <span class='ocrx_word' id='word_1_328' title='bbox 3614 761 3727 829; x_wconf 91' lang='lat' dir='ltr'><strong>sed</strong></span> <span class='ocrx_word' id='word_1_329' title='bbox 3763 761 3936 845; x_wconf 91' lang='lat' dir='ltr'><strong>quod</strong></span> <span class='ocrx_word' id='word_1_330' title='bbox 3964 760 4261 841; x_wconf 72' lang='lat' dir='ltr'><strong>Castalio,</strong></span> <span class='ocrx_word' id='word_1_331' title='bbox 4308 762 4427 829; x_wconf 85' lang='lat' dir='ltr'><strong>etsi</strong></span> <span class='ocrx_word' id='word_1_332' title='bbox 4464 782 4587 826; x_wconf 87' lang='lat' dir='ltr'><strong>non</strong></span> 
     </span>
     <span class='ocr_line' id='line_1_55' title="bbox 2644 846 4589 932; baseline 0.001 -21"><span class='ocrx_word' id='word_1_333' title='bbox 2644 846 2945 914; x_wconf 88' lang='lat' dir='ltr'><strong>indoctus</strong></span> <span class='ocrx_word' id='word_1_334' title='bbox 2969 848 3073 928; x_wconf 88' lang='lat' dir='ltr'><strong>sit,</strong></span> <span class='ocrx_word' id='word_1_335' title='bbox 3112 848 3414 914; x_wconf 91' lang='lat' dir='ltr'><strong>videatur</strong></span> <span class='ocrx_word' id='word_1_336' title='bbox 3438 857 3657 914; x_wconf 88' lang='lat' dir='ltr'><strong>tamen</strong></span> <span class='ocrx_word' id='word_1_337' title='bbox 3682 847 3951 931; x_wconf 87' lang='lat' dir='ltr'><strong>optimis</strong></span> <span class='ocrx_word' id='word_1_338' title='bbox 3974 848 4335 932; x_wconf 89' lang='lat' dir='ltr'><strong>quibusque</strong></span> <span class='ocrx_word' id='word_1_339' title='bbox 4368 846 4589 931; x_wconf 85' lang='lat' dir='ltr'><strong>plenus</strong></span> 
     </span>
     <span class='ocr_line' id='line_1_56' title="bbox 2644 932 4593 1019; baseline 0 -22"><span class='ocrx_word' id='word_1_340' title='bbox 2644 933 3064 1019; x_wconf 90' lang='lat' dir='ltr'><strong>opinionibus</strong></span> <span class='ocrx_word' id='word_1_341' title='bbox 3088 934 3471 1019; x_wconf 87' lang='lat' dir='ltr'><strong>peregrinis,</strong></span> <span class='ocrx_word' id='word_1_342' title='bbox 3490 955 3653 1018; x_wconf 89' lang='lat' dir='ltr'><strong>quas</strong></span> <span class='ocrx_word' id='word_1_343' title='bbox 3670 934 4003 1000; x_wconf 87' lang='lat' dir='ltr'><strong>effusurus</strong></span> <span class='ocrx_word' id='word_1_344' title='bbox 4026 935 4115 999; x_wconf 90' lang='lat' dir='ltr'><strong>sit</strong></span> <span class='ocrx_word' id='word_1_345' title='bbox 4135 935 4189 998; x_wconf 91' lang='lat' dir='ltr'><strong>si</strong></span> <span class='ocrx_word' id='word_1_346' title='bbox 4210 932 4467 1017; x_wconf 90' lang='lat' dir='ltr'><strong>quando</strong></span> <span class='ocrx_word' id='word_1_347' title='bbox 4489 954 4593 1016; x_wconf 89' lang='lat' dir='ltr'><strong>op-</strong></span> 
     </span>
     <span class='ocr_line' id='line_1_57' title="bbox 2643 1020 4593 1103; baseline 0 -19"><span class='ocrx_word' id='word_1_348' title='bbox 2643 1020 3120 1103; x_wconf 87' lang='lat' dir='ltr'><strong>portunitatem</strong></span> <span class='ocrx_word' id='word_1_349' title='bbox 3158 1021 3357 1085; x_wconf 85' lang='lat' dir='ltr'><strong>fuerit</strong></span> <span class='ocrx_word' id='word_1_350' title='bbox 3393 1030 3642 1087; x_wconf 88' lang='lat' dir='ltr'><strong>nactus.</strong></span> <span class='ocrx_word' id='word_1_351' title='bbox 3724 1020 3984 1085; x_wconf 89' lang='lat' dir='ltr'><strong>Dicitur</strong></span> <span class='ocrx_word' id='word_1_352' title='bbox 4020 1034 4357 1103; x_wconf 85' lang='lat' dir='ltr'><strong>praeterea</strong></span> <span class='ocrx_word' id='word_1_353' title='bbox 4392 1020 4593 1084; x_wconf 78' lang='lat' dir='ltr'><strong>facere</strong></span> 
     </span>
     <span class='ocr_line' id='line_1_58' title="bbox 2643 1104 4593 1190; baseline -0.001 -19"><span class='ocrx_word' id='word_1_354' title='bbox 2643 1126 2793 1171; x_wconf 89' lang='lat' dir='ltr'><strong>cum</strong></span> <span class='ocrx_word' id='word_1_355' title='bbox 2817 1107 3124 1173; x_wconf 91' lang='lat' dir='ltr'><strong>omnibus</strong></span> <span class='ocrx_word' id='word_1_356' title='bbox 3145 1107 3572 1173; x_wconf 83' lang='lat' dir='ltr'><strong>novatoribus</strong></span> <span class='ocrx_word' id='word_1_357' title='bbox 3590 1118 3654 1171; x_wconf 86' lang='lat' dir='ltr'><strong>et</strong></span> <span class='ocrx_word' id='word_1_358' title='bbox 3679 1106 4122 1171; x_wconf 88' lang='lat' dir='ltr'><strong>turbatoribus</strong></span> <span class='ocrx_word' id='word_1_359' title='bbox 4146 1107 4252 1190; x_wconf 88' lang='lat' dir='ltr'><strong>qui</strong></span> <span class='ocrx_word' id='word_1_360' title='bbox 4273 1104 4593 1171; x_wconf 88' lang='lat' dir='ltr'><strong>Basileam</strong></span> 
     </span>
     <span class='ocr_line' id='line_1_59' title="bbox 2642 1192 4593 1275; baseline -0.001 -18"><span class='ocrx_word' id='word_1_361' title='bbox 2642 1192 2938 1269; x_wconf 87' lang='lat' dir='ltr'><strong>veniunt,</strong></span> <span class='ocrx_word' id='word_1_362' title='bbox 2982 1192 3137 1258; x_wconf 88' lang='lat' dir='ltr'><strong>illac</strong></span> <span class='ocrx_word' id='word_1_363' title='bbox 3181 1201 3541 1258; x_wconf 86' lang='lat' dir='ltr'><strong>transeunt.</strong></span> <span class='ocrx_word' id='word_1_364' title='bbox 3616 1192 3879 1257; x_wconf 89' lang='lat' dir='ltr'><strong>Norunt</strong></span> <span class='ocrx_word' id='word_1_365' title='bbox 3914 1192 4130 1275; x_wconf 87' lang='lat' dir='ltr'><strong>ipsum</strong></span> <span class='ocrx_word' id='word_1_366' title='bbox 4169 1202 4235 1258; x_wconf 89' lang='lat' dir='ltr'><strong>et</strong></span> <span class='ocrx_word' id='word_1_367' title='bbox 4273 1211 4593 1258; x_wconf 84' lang='lat' dir='ltr'><strong>commen-</strong></span> 
     </span>
     <span class='ocr_line' id='line_1_60' title="bbox 2644 1275 4593 1363; baseline -0.001 -22"><span class='ocrx_word' id='word_1_368' title='bbox 2644 1275 2808 1342; x_wconf 89' lang='lat' dir='ltr'><strong>dant</strong></span> <span class='ocrx_word' id='word_1_369' title='bbox 2880 1298 3110 1344; x_wconf 89' lang='lat' dir='ltr'><strong>omnes</strong></span> <span class='ocrx_word' id='word_1_370' title='bbox 3190 1279 3689 1363; x_wconf 87' lang='lat' dir='ltr'><strong>peregrinarum</strong></span> <span class='ocrx_word' id='word_1_371' title='bbox 3768 1278 4220 1361; x_wconf 83' lang='lat' dir='ltr'><strong>quaestionum</strong></span> <span class='ocrx_word' id='word_1_372' title='bbox 4309 1275 4593 1342; x_wconf 90' lang='lat' dir='ltr'><strong>studiosi.</strong></span> 
     </span>
     <span class='ocr_line' id='line_1_61' title="bbox 2643 1362 4596 1445; baseline -0.001 -17"><span class='ocrx_word' id='word_1_373' title='bbox 2643 1362 2819 1445; x_wconf 83' lang='lat' dir='ltr'><strong>Quid</strong></span> <span class='ocrx_word' id='word_1_374' title='bbox 2868 1364 2990 1443; x_wconf 89' lang='lat' dir='ltr'><strong>vis,</strong></span> <span class='ocrx_word' id='word_1_375' title='bbox 3039 1366 3127 1429; x_wconf 90' lang='lat' dir='ltr'><strong>mi</strong></span> <span class='ocrx_word' id='word_1_376' title='bbox 3190 1363 3499 1431; x_wconf 74' lang='lat' dir='ltr'><strong>Hallere?</strong></span> <span class='ocrx_word' id='word_1_377' title='bbox 3583 1364 3784 1440; x_wconf 86' lang='lat' dir='ltr'><strong>Cave,</strong></span> <span class='ocrx_word' id='word_1_378' title='bbox 3829 1384 4006 1443; x_wconf 87' lang='lat' dir='ltr'><strong>cave,</strong></span> <span class='ocrx_word' id='word_1_379' title='bbox 4053 1385 4231 1430; x_wconf 90' lang='lat' dir='ltr'><strong>cave.</strong></span> <span class='ocrx_word' id='word_1_380' title='bbox 4319 1363 4407 1429; x_wconf 79' lang='lat' dir='ltr'><strong>Jr</strong></span> <span class='ocrx_word' id='word_1_381' title='bbox 4437 1362 4596 1439; x_wconf 72' lang='lat' dir='ltr'><strong>sind,</strong></span> 
     </span>
     <span class='ocr_line' id='line_1_62' title="bbox 2640 1448 4599 1528; baseline -0.001 -14"><span class='ocrx_word' id='word_1_382' title='bbox 2640 1448 2714 1514; x_wconf 82' lang='lat' dir='ltr'><strong>ob</strong></span> <span class='ocrx_word' id='word_1_383' title='bbox 2763 1448 2910 1514; x_wconf 76' lang='lat' dir='ltr'><strong>Gott</strong></span> <span class='ocrx_word' id='word_1_384' title='bbox 2964 1450 3087 1528; x_wconf 78' lang='lat' dir='ltr'><strong>wil,</strong></span> <span class='ocrx_word' id='word_1_385' title='bbox 3146 1451 3266 1516; x_wconf 79' lang='lat' dir='ltr'><strong>nitt</strong></span> <span class='ocrx_word' id='word_1_386' title='bbox 3317 1451 3682 1525; x_wconf 62' lang='lat' dir='ltr'><strong>vslcommem</strong></span> <span class='ocrx_word' id='word_1_387' title='bbox 3743 1450 3863 1515; x_wconf 81' lang='lat' dir='ltr'><strong>das</strong></span> <span class='ocrx_word' id='word_1_388' title='bbox 3916 1453 3981 1514; x_wconf 79' lang='lat' dir='ltr'><strong>ir</strong></span> <span class='ocrx_word' id='word_1_389' title='bbox 4032 1470 4116 1514; x_wconf 79' lang='lat' dir='ltr'><strong>an</strong></span> <span class='ocrx_word' id='word_1_390' title='bbox 4173 1450 4295 1516; x_wconf 78' lang='lat' dir='ltr'><strong>das</strong></span> <span class='ocrx_word' id='word_1_391' title='bbox 4357 1448 4599 1514; x_wconf 64' lang='lat' dir='ltr'><strong>lieblose</strong></span> 
     </span>
     <span class='ocr_line' id='line_1_63' title="bbox 2641 1534 4597 1620; baseline -0.001 -20"><span class='ocrx_word' id='word_1_392' title='bbox 2641 1534 2859 1619; x_wconf 71' lang='lat' dir='ltr'><strong>miinly</strong></span> <span class='ocrx_word' id='word_1_393' title='bbox 2909 1535 3227 1620; x_wconf 74' lang='lat' dir='ltr'><strong>yebtmden</strong></span> <span class='ocrx_word' id='word_1_394' title='bbox 3284 1538 3491 1620; x_wconf 73' lang='lat' dir='ltr'><strong>syt&#39;nd.</strong></span> <span class='ocrx_word' id='word_1_395' title='bbox 3575 1535 3723 1601; x_wconf 88' lang='lat' dir='ltr'><strong>Non</strong></span> <span class='ocrx_word' id='word_1_396' title='bbox 3783 1534 4006 1601; x_wconf 88' lang='lat' dir='ltr'><strong>dubito</strong></span> <span class='ocrx_word' id='word_1_397' title='bbox 4065 1536 4224 1617; x_wconf 90' lang='lat' dir='ltr'><strong>quin</strong></span> <span class='ocrx_word' id='word_1_398' title='bbox 4288 1535 4416 1599; x_wconf 90' lang='lat' dir='ltr'><strong>viri</strong></span> <span class='ocrx_word' id='word_1_399' title='bbox 4463 1554 4597 1598; x_wconf 88' lang='lat' dir='ltr'><strong>cor·</strong></span> 
     </span>
     <span class='ocr_line' id='line_1_64' title="bbox 2642 1618 4599 1705; baseline -0.001 -21"><span class='ocrx_word' id='word_1_400' title='bbox 2642 1618 2778 1685; x_wconf 89' lang='lat' dir='ltr'><strong>dati</strong></span> <span class='ocrx_word' id='word_1_401' title='bbox 2839 1621 3015 1705; x_wconf 89' lang='lat' dir='ltr'><strong>apud</strong></span> <span class='ocrx_word' id='word_1_402' title='bbox 3072 1622 3486 1689; x_wconf 84' lang='lat' dir='ltr'><strong>Basileenses</strong></span> <span class='ocrx_word' id='word_1_403' title='bbox 3548 1623 3734 1688; x_wconf 90' lang='lat' dir='ltr'><strong>istius</strong></span> <span class='ocrx_word' id='word_1_404' title='bbox 3777 1623 4148 1704; x_wconf 89' lang='lat' dir='ltr'><strong>praesentia</strong></span> <span class='ocrx_word' id='word_1_405' title='bbox 4190 1641 4417 1685; x_wconf 90' lang='lat' dir='ltr'><strong>carere</strong></span> <span class='ocrx_word' id='word_1_406' title='bbox 4460 1640 4599 1702; x_wconf 87' lang='lat' dir='ltr'><strong>pos·</strong></span> 
     </span>
     <span class='ocr_line' id='line_1_65' title="bbox 2642 1704 4602 1774; baseline -0.001 -2"><span class='ocrx_word' id='word_1_407' title='bbox 2642 1709 2777 1772; x_wconf 88' lang='lat' dir='ltr'><strong>sint</strong></span> <span class='ocrx_word' id='word_1_408' title='bbox 2843 1717 2910 1772; x_wconf 89' lang='lat' dir='ltr'><strong>et</strong></span> <span class='ocrx_word' id='word_1_409' title='bbox 2965 1708 3130 1773; x_wconf 77' lang='lat' dir='ltr'><strong>forte</strong></span> <span class='ocrx_word' id='word_1_410' title='bbox 3192 1708 3339 1773; x_wconf 89' lang='lat' dir='ltr'><strong>aliis</strong></span> <span class='ocrx_word' id='word_1_411' title='bbox 3397 1705 3718 1773; x_wconf 89' lang='lat' dir='ltr'><strong>suadeant</strong></span> <span class='ocrx_word' id='word_1_412' title='bbox 3776 1718 3851 1772; x_wconf 91' lang='lat' dir='ltr'><strong>ut</strong></span> <span class='ocrx_word' id='word_1_413' title='bbox 3912 1716 4197 1774; x_wconf 88' lang='lat' dir='ltr'><strong>vocetur.</strong></span> <span class='ocrx_word' id='word_1_414' title='bbox 4297 1704 4602 1771; x_wconf 64' lang='lat' dir='ltr'><strong>Messena</strong></span> 
     </span>
     <span class='ocr_line' id='line_1_66' title="bbox 2640 1792 4603 1876; baseline -0.003 -17"><span class='ocrx_word' id='word_1_415' title='bbox 2640 1793 2816 1859; x_wconf 68' lang='lat' dir='ltr'><strong>dama</strong></span> <span class='ocrx_word' id='word_1_416' title='bbox 2859 1795 2923 1858; x_wconf 80' lang='lat' dir='ltr'><strong>ir</strong></span> <span class='ocrx_word' id='word_1_417' title='bbox 2949 1792 3038 1858; x_wconf 83' lang='lat' dir='ltr'><strong>St.</strong></span> <span class='ocrx_word' id='word_1_418' title='bbox 3066 1793 3463 1860; x_wconf 73' lang='lat' dir='ltr'><strong>Bernhardts</strong></span> <span class='ocrx_word' id='word_1_419' title='bbox 3484 1794 3867 1876; x_wconf 75' lang='lat' dir='ltr'><strong>fusswasser</strong></span> <span class='ocrx_word' id='word_1_420' title='bbox 3901 1793 4235 1871; x_wconf 76' lang='lat' dir='ltr'><strong>vstrinken,</strong></span> <span class='ocrx_word' id='word_1_421' title='bbox 4282 1812 4353 1857; x_wconf 83' lang='lat' dir='ltr'><strong>so</strong></span> <span class='ocrx_word' id='word_1_422' title='bbox 4384 1810 4603 1876; x_wconf 72' lang='lat' dir='ltr'><strong>yseqne</strong></span> 
     </span>
     <span class='ocr_line' id='line_1_67' title="bbox 2641 1876 4599 1962; baseline -0.001 -21"><span class='ocrx_word' id='word_1_423' title='bbox 2641 1878 2760 1943; x_wconf 72' lang='lat' dir='ltr'><strong>iich</strong></span> <span class='ocrx_word' id='word_1_424' title='bbox 2810 1878 2954 1944; x_wconf 75' lang='lat' dir='ltr'><strong>Gott</strong></span> <span class='ocrx_word' id='word_1_425' title='bbox 3009 1880 3130 1945; x_wconf 79' lang='lat' dir='ltr'><strong>den</strong></span> <span class='ocrx_word' id='word_1_426' title='bbox 3189 1880 3401 1945; x_wconf 78' lang='lat' dir='ltr'><strong>hc‘z&#39;her.</strong></span> <span class='ocrx_word' id='word_1_427' title='bbox 3494 1879 3720 1962; x_wconf 90' lang='lat' dir='ltr'><strong>Nuper</strong></span> <span class='ocrx_word' id='word_1_428' title='bbox 3777 1878 3948 1961; x_wconf 86' lang='lat' dir='ltr'><strong>apud</strong></span> <span class='ocrx_word' id='word_1_429' title='bbox 4007 1900 4126 1943; x_wconf 91' lang='lat' dir='ltr'><strong>nos</strong></span> <span class='ocrx_word' id='word_1_430' title='bbox 4172 1878 4295 1942; x_wconf 81' lang='lat' dir='ltr'><strong>fuit</strong></span> <span class='ocrx_word' id='word_1_431' title='bbox 4338 1876 4599 1961; x_wconf 74' lang='lat' dir='ltr'><strong>&#39;l&#39;igurit</strong></span> 
     </span>
     <span class='ocr_line' id='line_1_68' title="bbox 2643 1961 4603 2061; baseline -0.001 -34"><span class='ocrx_word' id='word_1_432' title='bbox 2643 1964 3097 2048; x_wconf 87' lang='lat' dir='ltr'><strong>imprudentes</strong></span> <span class='ocrx_word' id='word_1_433' title='bbox 3143 1987 3294 2031; x_wconf 88' lang='lat' dir='ltr'><strong>eum</strong></span> <span class='ocrx_word' id='word_1_434' title='bbox 3341 1967 3720 2048; x_wconf 82' lang='lat' dir='ltr'><strong>excepimus</strong></span> <span class='ocrx_word' id='word_1_435' title='bbox 3762 1965 4082 2029; x_wconf 88' lang='lat' dir='ltr'><strong>convivio.</strong></span> <span class='ocrx_word' id='word_1_436' title='bbox 4176 1964 4419 2029; x_wconf 80' lang='lat' dir='ltr'><strong>Postea</strong></span> <span class='ocrx_word' id='word_1_437' title='bbox 4465 1961 4603 2061; x_wconf 78' lang='lat' dir='ltr'><strong>plu-</strong></span> 
     </span>
     <span class='ocr_line' id='line_1_69' title="bbox 4475 2067 4603 2112; baseline 0 0"><span class='ocrx_word' id='word_1_438' title='bbox 4475 2067 4603 2112; x_wconf 79' lang='lat' dir='ltr'><strong>rius</strong></span> 
     </span>
    </p>
   </div>
   <div class='ocr_carea' id='block_1_16' title="bbox 2642 2048 4603 2198">
    <p class='ocr_par' dir='ltr' id='par_1_18' title="bbox 2642 2048 4603 2198">
     <span class='ocr_line' id='line_1_70' title="bbox 2642 2048 4603 2198; baseline -0.001 -84"><span class='ocrx_word' id='word_1_439' title='bbox 2642 2050 2810 2115; x_wconf 89' lang='lat' dir='ltr'><strong>rima</strong></span> <span class='ocrx_word' id='word_1_440' title='bbox 2830 2048 2944 2116; x_wconf 86' lang='lat' dir='ltr'><strong>fidi</strong></span> <span class='ocrx_word' id='word_1_441' title='bbox 2968 2051 3133 2115; x_wconf 88' lang='lat' dir='ltr'><strong>mihi</strong></span> <span class='ocrx_word' id='word_1_442' title='bbox 3180 2050 3261 2117; x_wconf 90' lang='lat' dir='ltr'><strong>de</strong></span> <span class='ocrx_word' id='word_1_443' title='bbox 3306 2073 3381 2116; x_wconf 91' lang='lat' dir='ltr'><strong>eo</strong></span> <span class='ocrx_word' id='word_1_444' title='bbox 3428 2051 3712 2115; x_wconf 89' lang='lat' dir='ltr'><strong>retulere</strong></span> <span class='ocrx_word' id='word_1_445' title='bbox 3737 2072 3902 2135; x_wconf 87' lang='lat' dir='ltr'><strong>quae</strong></span> <span class='ocrx_word' id='word_1_446' title='bbox 3948 2051 4004 2115; x_wconf 90' lang='lat' dir='ltr'><strong>si</strong></span> <span class='ocrx_word' id='word_1_447' title='bbox 4039 2049 4383 2115; x_wconf 83' lang='lat' dir='ltr'><strong>scivissem</strong></span> <span class='ocrx_word' id='word_1_448' title='bbox 4526 2132 4603 2198; x_wconf 73' lang='lat' dir='ltr'><strong>od</strong></span> 
     </span>
     <span class='ocr_line' id='line_1_71' title="bbox 4482 2155 4521 2198; baseline 0 -2"><span class='ocrx_word' id='word_1_449' title='bbox 4482 2155 4521 2198; x_wconf 94' lang='lat' dir='ltr'><strong>u</strong></span> 
     </span>
    </p>
   </div>
   <div class='ocr_carea' id='block_1_17' title="bbox 2640 2136 4607 2804">
    <p class='ocr_par' dir='ltr' id='par_1_19' title="bbox 2640 2136 4607 2804">
     <span class='ocr_line' id='line_1_72' title="bbox 2644 2136 4325 2220; baseline -0.001 -20"><span class='ocrx_word' id='word_1_450' title='bbox 2644 2158 2983 2220; x_wconf 91' lang='lat' dir='ltr'><strong>nunquam</strong></span> <span class='ocrx_word' id='word_1_451' title='bbox 3041 2138 3343 2203; x_wconf 91' lang='lat' dir='ltr'><strong>convivio</strong></span> <span class='ocrx_word' id='word_1_452' title='bbox 3404 2158 3519 2219; x_wconf 91' lang='lat' dir='ltr'><strong>per</strong></span> <span class='ocrx_word' id='word_1_453' title='bbox 3562 2158 3668 2201; x_wconf 90' lang='lat' dir='ltr'><strong>me</strong></span> <span class='ocrx_word' id='word_1_454' title='bbox 3714 2136 3947 2202; x_wconf 86' lang='lat' dir='ltr'><strong>fuisset</strong></span> <span class='ocrx_word' id='word_1_455' title='bbox 3993 2144 4325 2219; x_wconf 77' lang='lat' dir='ltr'><strong>exceptus.</strong></span> 
     </span>
     <span class='ocr_line' id='line_1_73' title="bbox 2642 2218 4603 2306; baseline -0.002 -20"><span class='ocrx_word' id='word_1_456' title='bbox 2642 2232 2861 2287; x_wconf 87' lang='lat' dir='ltr'><strong>autem</strong></span> <span class='ocrx_word' id='word_1_457' title='bbox 2892 2222 3240 2306; x_wconf 88' lang='lat' dir='ltr'><strong>polliceris,</strong></span> <span class='ocrx_word' id='word_1_458' title='bbox 3280 2232 3343 2287; x_wconf 90' lang='lat' dir='ltr'><strong>te</strong></span> <span class='ocrx_word' id='word_1_459' title='bbox 3382 2223 3487 2288; x_wconf 91' lang='lat' dir='ltr'><strong>hic</strong></span> <span class='ocrx_word' id='word_1_460' title='bbox 3526 2221 3727 2287; x_wconf 86' lang='lat' dir='ltr'><strong>fidum</strong></span> <span class='ocrx_word' id='word_1_461' title='bbox 3764 2223 4083 2299; x_wconf 82' lang='lat' dir='ltr'><strong>futurum,</strong></span> <span class='ocrx_word' id='word_1_462' title='bbox 4123 2230 4421 2303; x_wconf 87' lang='lat' dir='ltr'><strong>praestes</strong></span> <span class='ocrx_word' id='word_1_463' title='bbox 4445 2218 4603 2283; x_wconf 89' lang='lat' dir='ltr'><strong>mihi</strong></span> 
     </span>
     <span class='ocr_line' id='line_1_74' title="bbox 2641 2306 4607 2393; baseline -0.003 -20"><span class='ocrx_word' id='word_1_464' title='bbox 2641 2308 2927 2385; x_wconf 89' lang='lat' dir='ltr'><strong>obsecr0‚</strong></span> <span class='ocrx_word' id='word_1_465' title='bbox 2973 2329 3095 2393; x_wconf 89' lang='lat' dir='ltr'><strong>pro</strong></span> <span class='ocrx_word' id='word_1_466' title='bbox 3141 2317 3258 2374; x_wconf 90' lang='lat' dir='ltr'><strong>tua</strong></span> <span class='ocrx_word' id='word_1_467' title='bbox 3302 2308 3623 2392; x_wconf 85' lang='lat' dir='ltr'><strong>singulari</strong></span> <span class='ocrx_word' id='word_1_468' title='bbox 3668 2308 3814 2373; x_wconf 87' lang='lat' dir='ltr'><strong>fide.</strong></span> <span class='ocrx_word' id='word_1_469' title='bbox 3887 2307 4088 2372; x_wconf 69' lang='lat' dir='ltr'><strong>Dama</strong></span> <span class='ocrx_word' id='word_1_470' title='bbox 4132 2307 4231 2371; x_wconf 76' lang='lat' dir='ltr'><strong>ich</strong></span> <span class='ocrx_word' id='word_1_471' title='bbox 4267 2326 4429 2391; x_wconf 75' lang='lat' dir='ltr'><strong>yern</strong></span> <span class='ocrx_word' id='word_1_472' title='bbox 4472 2306 4607 2369; x_wconf 58' lang='lat' dir='ltr'><strong>mia</strong></span> 
     </span>
     <span class='ocr_line' id='line_1_75' title="bbox 2640 2390 4603 2477; baseline -0.003 -18"><span class='ocrx_word' id='word_1_473' title='bbox 2640 2394 2971 2461; x_wconf 62' lang='lat' dir='ltr'><strong>sumlichen</strong></span> <span class='ocrx_word' id='word_1_474' title='bbox 3039 2394 3245 2460; x_wconf 67' lang='lat' dir='ltr'><strong>Lmen</strong></span> <span class='ocrx_word' id='word_1_475' title='bbox 3310 2414 3736 2460; x_wconf 76' lang='lat' dir='ltr'><strong>vnverworren</strong></span> <span class='ocrx_word' id='word_1_476' title='bbox 3805 2395 3928 2459; x_wconf 77' lang='lat' dir='ltr'><strong>vnd</strong></span> <span class='ocrx_word' id='word_1_477' title='bbox 3990 2398 4403 2477; x_wconf 68' lang='lat' dir='ltr'><strong>vnqezanqyet</strong></span> <span class='ocrx_word' id='word_1_478' title='bbox 4487 2390 4603 2454; x_wconf 59' lang='lat' dir='ltr'><strong>bia</strong></span> 
     </span>
     <span class='ocr_line' id='line_1_76' title="bbox 2642 2479 4605 2563; baseline -0.003 -18"><span class='ocrx_word' id='word_1_479' title='bbox 2642 2480 2847 2546; x_wconf 89' lang='lat' dir='ltr'><strong>Proin</strong></span> <span class='ocrx_word' id='word_1_480' title='bbox 2904 2479 3199 2548; x_wconf 90' lang='lat' dir='ltr'><strong>discinde</strong></span> <span class='ocrx_word' id='word_1_481' title='bbox 3258 2481 3430 2545; x_wconf 90' lang='lat' dir='ltr'><strong>hanc</strong></span> <span class='ocrx_word' id='word_1_482' title='bbox 3488 2480 3808 2547; x_wconf 86' lang='lat' dir='ltr'><strong>chartam.</strong></span> <span class='ocrx_word' id='word_1_483' title='bbox 3913 2479 4166 2545; x_wconf 88' lang='lat' dir='ltr'><strong>Vereor</strong></span> <span class='ocrx_word' id='word_1_484' title='bbox 4222 2492 4288 2545; x_wconf 90' lang='lat' dir='ltr'><strong>et</strong></span> <span class='ocrx_word' id='word_1_485' title='bbox 4350 2498 4473 2563; x_wconf 88' lang='lat' dir='ltr'><strong>ego</strong></span> <span class='ocrx_word' id='word_1_486' title='bbox 4526 2496 4605 2540; x_wconf 91' lang='lat' dir='ltr'><strong>ne</strong></span> 
     </span>
     <span class='ocr_line' id='line_1_77' title="bbox 2642 2565 3475 2650; baseline -0.001 -19"><span class='ocrx_word' id='word_1_487' title='bbox 2642 2565 2954 2649; x_wconf 81' lang='lat' dir='ltr'><strong>synodus,</strong></span> <span class='ocrx_word' id='word_1_488' title='bbox 3023 2568 3080 2631; x_wconf 92' lang='lat' dir='ltr'><strong>si</strong></span> <span class='ocrx_word' id='word_1_489' title='bbox 3148 2565 3475 2650; x_wconf 85' lang='lat' dir='ltr'><strong>procedat,</strong></span> 
     </span>
     <span class='ocr_line' id='line_1_78' title="bbox 2642 2653 3518 2735; baseline 0 -20"><span class='ocrx_word' id='word_1_490' title='bbox 2642 2654 2730 2716; x_wconf 87' lang='lat' dir='ltr'><strong>sit</strong></span> <span class='ocrx_word' id='word_1_491' title='bbox 2753 2654 3051 2735; x_wconf 89' lang='lat' dir='ltr'><strong>paritura</strong></span> <span class='ocrx_word' id='word_1_492' title='bbox 3086 2660 3152 2717; x_wconf 88' lang='lat' dir='ltr'><strong>et</strong></span> <span class='ocrx_word' id='word_1_493' title='bbox 3187 2653 3355 2717; x_wconf 81' lang='lat' dir='ltr'><strong>forte</strong></span> <span class='ocrx_word' id='word_1_494' title='bbox 3391 2672 3518 2735; x_wconf 89' lang='lat' dir='ltr'><strong>apu</strong></span> 
     </span>
     <span class='ocr_line' id='line_1_79' title="bbox 2646 2738 3367 2804; baseline -0.007 -2"><span class='ocrx_word' id='word_1_495' title='bbox 2646 2738 2970 2804; x_wconf 89' lang='lat' dir='ltr'><strong>Dominus</strong></span> <span class='ocrx_word' id='word_1_496' title='bbox 3012 2740 3097 2804; x_wconf 90' lang='lat' dir='ltr'><strong>sit</strong></span> <span class='ocrx_word' id='word_1_497' title='bbox 3133 2748 3367 2804; x_wconf 83' lang='lat' dir='ltr'><strong>tecum.</strong></span> 
     </span>
    </p>
   </div>
   <div class='ocr_carea' id='block_1_18' title="bbox 3584 2561 4607 2718">
    <p class='ocr_par' dir='ltr' id='par_1_20' title="bbox 3584 2561 4607 2718">
     <span class='ocr_line' id='line_1_80' title="bbox 3584 2561 4607 2647; baseline -0.002 -16"><span class='ocrx_word' id='word_1_498' title='bbox 3584 2565 3688 2631; x_wconf 91' lang='lat' dir='ltr'><strong>lus</strong></span> <span class='ocrx_word' id='word_1_499' title='bbox 3749 2565 4090 2631; x_wconf 89' lang='lat' dir='ltr'><strong>turbarum</strong></span> <span class='ocrx_word' id='word_1_500' title='bbox 4204 2584 4365 2631; x_wconf 87' lang='lat' dir='ltr'><strong>uam</strong></span> <span class='ocrx_word' id='word_1_501' title='bbox 4436 2561 4607 2647; x_wconf 76' lang='lat' dir='ltr'><strong>pacis</strong></span> 
     </span>
     <span class='ocr_line' id='line_1_81' title="bbox 3602 2647 4603 2718; baseline -0.005 -3"><span class='ocrx_word' id='word_1_502' title='bbox 3602 2650 4014 2718; x_wconf 86' lang='lat' dir='ltr'><strong>adversarios</strong></span> <span class='ocrx_word' id='word_1_503' title='bbox 4049 2671 4166 2715; x_wconf 92' lang='lat' dir='ltr'><strong>mu</strong></span> <span class='ocrx_word' id='word_1_504' title='bbox 4194 2659 4341 2715; x_wconf 89' lang='lat' dir='ltr'><strong>tum</strong></span> <span class='ocrx_word' id='word_1_505' title='bbox 4387 2647 4603 2715; x_wconf 88' lang='lat' dir='ltr'><strong>animi.</strong></span> 
     </span>
    </p>
   </div>
   <div class='ocr_carea' id='block_1_19' title="bbox 3028 3282 4238 3507">
    <p class='ocr_par' dir='ltr' id='par_1_21' title="bbox 3028 3282 4238 3507">
     <span class='ocr_line' id='line_1_82' title="bbox 3539 3282 3725 3353; baseline -0.027 0"><span class='ocrx_word' id='word_1_506' title='bbox 3539 3282 3725 3353; x_wconf 71' lang='lat'><strong>3691.</strong></span> 
     </span>
     <span class='ocr_line' id='line_1_83' title="bbox 3028 3435 4238 3507; baseline -0.002 -2"><span class='ocrx_word' id='word_1_507' title='bbox 3028 3438 3552 3507; x_wconf 74' lang='lat' dir='ltr'><strong>VERMILIUS</strong></span> <span class='ocrx_word' id='word_1_508' title='bbox 3601 3435 4238 3505; x_wconf 83' lang='lat' dir='ltr'><strong>BULLINGERO.</strong></span> 
     </span>
    </p>
   </div>
   <div class='ocr_carea' id='block_1_20' title="bbox 2818 3610 3671 3680">
    <p class='ocr_par' dir='ltr' id='par_1_22' title="bbox 2818 3610 3671 3680">
     <span class='ocr_line' id='line_1_84' title="bbox 2818 3610 3671 3680; baseline -0.001 -4"><span class='ocrx_word' id='word_1_509' title='bbox 2818 3611 3141 3680; x_wconf 75' lang='lat' dir='ltr'><strong>Iudicium</strong></span> <span class='ocrx_word' id='word_1_510' title='bbox 3183 3612 3258 3677; x_wconf 86' lang='lat' dir='ltr'><strong>de</strong></span> <span class='ocrx_word' id='word_1_511' title='bbox 3304 3610 3671 3678; x_wconf 72' lang='lat' dir='ltr'><strong>Castaliam.</strong></span> 
     </span>
    </p>
   </div>
   <div class='ocr_carea' id='block_1_21' title="bbox 2641 3778 4608 4190">
    <p class='ocr_par' dir='ltr' id='par_1_23' title="bbox 2641 3778 4606 3854">
     <span class='ocr_line' id='line_1_85' title="bbox 2641 3778 4606 3854; baseline -0.003 -15"><span class='ocrx_word' id='word_1_512' title='bbox 2641 3785 2752 3854; x_wconf 79' lang='lat' dir='ltr'><strong>(Ex</strong></span> <span class='ocrx_word' id='word_1_513' title='bbox 2792 3784 3134 3854; x_wconf 81' lang='lat' dir='ltr'><strong>autographo</strong></span> <span class='ocrx_word' id='word_1_514' title='bbox 3171 3781 3336 3837; x_wconf 82' lang='lat' dir='ltr'><strong>Arch.</strong></span> <span class='ocrx_word' id='word_1_515' title='bbox 3384 3782 3561 3835; x_wconf 85' lang='lat' dir='ltr'><strong>Turic.</strong></span> <span class='ocrx_word' id='word_1_516' title='bbox 3614 3782 3755 3834; x_wconf 83' lang='lat' dir='ltr'><strong>Plut.</strong></span> <span class='ocrx_word' id='word_1_517' title='bbox 3814 3780 3899 3834; x_wconf 90' lang='lat' dir='ltr'><strong>Vl.</strong></span> <span class='ocrx_word' id='word_1_518' title='bbox 3952 3779 4072 3834; x_wconf 83' lang='lat' dir='ltr'><strong>Vol.</strong></span> <span class='ocrx_word' id='word_1_519' title='bbox 4112 3778 4228 3846; x_wconf 81' lang='lat'><strong>106,</strong></span> <span class='ocrx_word' id='word_1_520' title='bbox 4264 3781 4400 3834; x_wconf 91' lang='lat' dir='ltr'><strong>olim</strong></span> <span class='ocrx_word' id='word_1_521' title='bbox 4441 3781 4606 3837; x_wconf 71' lang='lat' dir='ltr'><strong>Son-in.</strong></span> 
     </span>
    </p>

    <p class='ocr_par' dir='ltr' id='par_1_24' title="bbox 2644 3846 4607 3923">
     <span class='ocr_line' id='line_1_86' title="bbox 2644 3846 4607 3923; baseline -0.004 -14"><span class='ocrx_word' id='word_1_522' title='bbox 2644 3857 2708 3909; x_wconf 91' lang='lat' dir='ltr'><strong>B.</strong></span> <span class='ocrx_word' id='word_1_523' title='bbox 2760 3854 2905 3923; x_wconf 77' lang='lat' dir='ltr'><strong>Epp.</strong></span> <span class='ocrx_word' id='word_1_524' title='bbox 2954 3853 3104 3906; x_wconf 84' lang='lat' dir='ltr'><strong>Tom.</strong></span> <span class='ocrx_word' id='word_1_525' title='bbox 3152 3851 3220 3918; x_wconf 89' lang='lat'><strong>11,</strong></span> <span class='ocrx_word' id='word_1_526' title='bbox 3270 3851 3361 3905; x_wconf 75' lang='lat' dir='ltr'><strong>fol.</strong></span> <span class='ocrx_word' id='word_1_527' title='bbox 3410 3849 3528 3904; x_wconf 87' lang='grc'><strong>908.</strong></span> <span class='ocrx_word' id='word_1_528' title='bbox 3580 3876 3645 3887; x_wconf 89' lang='grc'>-</span> <span class='ocrx_word' id='word_1_529' title='bbox 3692 3849 3907 3904; x_wconf 82' lang='lat' dir='ltr'><strong>Simler.</strong></span> <span class='ocrx_word' id='word_1_530' title='bbox 3956 3847 4076 3902; x_wconf 86' lang='lat' dir='ltr'><strong>Vol.</strong></span> <span class='ocrx_word' id='word_1_531' title='bbox 4118 3846 4231 3902; x_wconf 82' lang='lat'><strong>103.</strong></span> <span class='ocrx_word' id='word_1_532' title='bbox 4270 3877 4341 3888; x_wconf 90' lang='lat'><strong>·-</strong></span> <span class='ocrx_word' id='word_1_533' title='bbox 4380 3850 4491 3905; x_wconf 87' lang='lat' dir='ltr'><strong>Pro</strong></span> <span class='ocrx_word' id='word_1_534' title='bbox 4530 3850 4607 3903; x_wconf 85' lang='lat' dir='ltr'><strong>rie</strong></span> 
     </span>
    </p>

    <p class='ocr_par' dir='ltr' id='par_1_25' title="bbox 2643 3916 4607 3993">
     <span class='ocr_line' id='line_1_87' title="bbox 2643 3916 4607 3993; baseline -0.003 -15"><span class='ocrx_word' id='word_1_535' title='bbox 2643 3941 2751 3978; x_wconf 90' lang='lat' dir='ltr'><strong>nou</strong></span> <span class='ocrx_word' id='word_1_536' title='bbox 2790 3921 3024 3993; x_wconf 82' lang='lat' dir='ltr'><strong>epistola</strong></span> <span class='ocrx_word' id='word_1_537' title='bbox 3058 3926 3145 3975; x_wconf 86' lang='lat' dir='ltr'><strong>est</strong></span> <span class='ocrx_word' id='word_1_538' title='bbox 3179 3937 3344 3989; x_wconf 89' lang='lat' dir='ltr'><strong>quum</strong></span> <span class='ocrx_word' id='word_1_539' title='bbox 3392 3920 3606 3988; x_wconf 73' lang='lat' dir='ltr'><strong>Martyr</strong></span> <span class='ocrx_word' id='word_1_540' title='bbox 3642 3920 3695 3972; x_wconf 89' lang='lat' dir='ltr'><strong>in</strong></span> <span class='ocrx_word' id='word_1_541' title='bbox 3746 3918 3933 3972; x_wconf 79' lang='lat' dir='ltr'><strong>eadem</strong></span> <span class='ocrx_word' id='word_1_542' title='bbox 3971 3916 4106 3970; x_wconf 91' lang='lat' dir='ltr'><strong>urbe</strong></span> <span class='ocrx_word' id='word_1_543' title='bbox 4141 3917 4351 3987; x_wconf 81' lang='lat' dir='ltr'><strong>degens</strong></span> <span class='ocrx_word' id='word_1_544' title='bbox 4388 3933 4453 3973; x_wconf 75' lang='lat' dir='ltr'><strong>ac</strong></span> <span class='ocrx_word' id='word_1_545' title='bbox 4587 3946 4607 3958; x_wconf 91' lang='lat'><strong>·</strong></span> 
     </span>
    </p>

    <p class='ocr_par' dir='ltr' id='par_1_26' title="bbox 2642 3986 4608 4062">
     <span class='ocr_line' id='line_1_88' title="bbox 2642 3986 4608 4062; baseline -0.003 -16"><span class='ocrx_word' id='word_1_546' title='bbox 2642 3993 2885 4062; x_wconf 84' lang='lat' dir='ltr'><strong>lingerus</strong></span> <span class='ocrx_word' id='word_1_547' title='bbox 2937 3990 3101 4044; x_wconf 84' lang='lat' dir='ltr'><strong>talem</strong></span> <span class='ocrx_word' id='word_1_548' title='bbox 3138 3989 3376 4043; x_wconf 80' lang='lat' dir='ltr'><strong>scribere</strong></span> <span class='ocrx_word' id='word_1_549' title='bbox 3430 4005 3567 4058; x_wconf 87' lang='lat' dir='ltr'><strong>opus</strong></span> <span class='ocrx_word' id='word_1_550' title='bbox 3624 4005 3733 4041; x_wconf 87' lang='lat' dir='ltr'><strong>nou</strong></span> <span class='ocrx_word' id='word_1_551' title='bbox 3787 3987 4042 4041; x_wconf 81' lang='lat' dir='ltr'><strong>haberet:</strong></span> <span class='ocrx_word' id='word_1_552' title='bbox 4116 3986 4375 4041; x_wconf 81' lang='lat' dir='ltr'><strong>schedam</strong></span> <span class='ocrx_word' id='word_1_553' title='bbox 4431 3989 4608 4057; x_wconf 78' lang='lat' dir='ltr'><strong>potius</strong></span> 
     </span>
    </p>

    <p class='ocr_par' dir='ltr' id='par_1_27' title="bbox 2642 4055 4607 4190">
     <span class='ocr_line' id='line_1_89' title="bbox 2642 4055 4607 4125; baseline -0.003 -10"><span class='ocrx_word' id='word_1_554' title='bbox 2642 4061 2848 4115; x_wconf 80' lang='lat' dir='ltr'><strong>dixeris</strong></span> <span class='ocrx_word' id='word_1_555' title='bbox 2885 4061 3011 4113; x_wconf 86' lang='lat' dir='ltr'><strong>huic</strong></span> <span class='ocrx_word' id='word_1_556' title='bbox 3058 4058 3318 4113; x_wconf 79' lang='lat' dir='ltr'><strong>traditam</strong></span> <span class='ocrx_word' id='word_1_557' title='bbox 3368 4064 3430 4110; x_wconf 86' lang='lat' dir='ltr'><strong>ut</strong></span> <span class='ocrx_word' id='word_1_558' title='bbox 3474 4057 3713 4124; x_wconf 79' lang='lat' dir='ltr'><strong>collegae</strong></span> <span class='ocrx_word' id='word_1_559' title='bbox 3760 4055 4088 4112; x_wconf 74' lang='lat' dir='ltr'><strong>sententiam</strong></span> <span class='ocrx_word' id='word_1_560' title='bbox 4125 4070 4257 4109; x_wconf 76' lang='lat' dir='ltr'><strong>suae</strong></span> <span class='ocrx_word' id='word_1_561' title='bbox 4304 4056 4483 4125; x_wconf 81' lang='lat' dir='ltr'><strong>ipsius</strong></span> <span class='ocrx_word' id='word_1_562' title='bbox 4518 4056 4607 4109; x_wconf 73' lang='lat' dir='ltr'><strong>ed·</strong></span> 
     </span>
     <span class='ocr_line' id='line_1_90' title="bbox 3231 4125 4042 4190; baseline -0.005 -10"><span class='ocrx_word' id='word_1_563' title='bbox 3231 4126 3387 4180; x_wconf 90' lang='lat' dir='ltr'><strong>deret</strong></span> <span class='ocrx_word' id='word_1_564' title='bbox 3419 4126 3641 4181; x_wconf 75' lang='lat' dir='ltr'><strong>Bellero</strong></span> <span class='ocrx_word' id='word_1_565' title='bbox 3678 4125 4042 4190; x_wconf 69' lang='lat' dir='ltr'><strong>mittendam.)</strong></span> 
     </span>
    </p>
   </div>
   <div class='ocr_carea' id='block_1_22' title="bbox 2637 4296 4605 5153">
    <p class='ocr_par' dir='ltr' id='par_1_28' title="bbox 2642 4296 4605 4539">
     <span class='ocr_line' id='line_1_91' title="bbox 2813 4296 4604 4382; baseline -0.003 -16"><span class='ocrx_word' id='word_1_566' title='bbox 2813 4301 2984 4366; x_wconf 84' lang='lat' dir='ltr'><strong>Mihi</strong></span> <span class='ocrx_word' id='word_1_567' title='bbox 3040 4297 3593 4382; x_wconf 85' lang='lat' dir='ltr'><strong>quemadmodum</strong></span> <span class='ocrx_word' id='word_1_568' title='bbox 3654 4297 3789 4378; x_wconf 89' lang='lat' dir='ltr'><strong>tibi,</strong></span> <span class='ocrx_word' id='word_1_569' title='bbox 3846 4296 4208 4362; x_wconf 90' lang='lat' dir='ltr'><strong>clarissime</strong></span> <span class='ocrx_word' id='word_1_570' title='bbox 4251 4303 4604 4379; x_wconf 84' lang='lat' dir='ltr'><strong>compater,</strong></span> 
     </span>
     <span class='ocr_line' id='line_1_92' title="bbox 2642 4381 4605 4469; baseline -0.004 -16"><span class='ocrx_word' id='word_1_571' title='bbox 2642 4387 2906 4453; x_wconf 89' lang='lat' dir='ltr'><strong>videtur</strong></span> <span class='ocrx_word' id='word_1_572' title='bbox 2942 4393 3019 4452; x_wconf 87' lang='lat' dir='ltr'><strong>ut</strong></span> <span class='ocrx_word' id='word_1_573' title='bbox 3059 4394 3381 4469; x_wconf 91' lang='lat' dir='ltr'><strong>quantum</strong></span> <span class='ocrx_word' id='word_1_574' title='bbox 3427 4384 3569 4449; x_wconf 87' lang='lat' dir='ltr'><strong>fieri</strong></span> <span class='ocrx_word' id='word_1_575' title='bbox 3614 4392 3828 4466; x_wconf 87' lang='lat' dir='ltr'><strong>potest</strong></span> <span class='ocrx_word' id='word_1_576' title='bbox 3863 4405 3903 4447; x_wconf 84' lang='lat' dir='ltr'><strong>a</strong></span> <span class='ocrx_word' id='word_1_577' title='bbox 3938 4382 4326 4448; x_wconf 91' lang='lat' dir='ltr'><strong>commercio</strong></span> <span class='ocrx_word' id='word_1_578' title='bbox 4374 4381 4605 4447; x_wconf 85' lang='lat' dir='ltr'><strong>talium</strong></span> 
     </span>
     <span class='ocr_line' id='line_1_93' title="bbox 2642 4470 3410 4539; baseline -0.007 0"><span class='ocrx_word' id='word_1_579' title='bbox 2642 4475 2932 4539; x_wconf 91' lang='lat' dir='ltr'><strong>virorum</strong></span> <span class='ocrx_word' id='word_1_580' title='bbox 2982 4470 3410 4536; x_wconf 89' lang='lat' dir='ltr'><strong>abstineatur.</strong></span> 
     </span>
    </p>

    <p class='ocr_par' dir='ltr' id='par_1_29' title="bbox 2640 4553 4603 4726">
     <span class='ocr_line' id='line_1_94' title="bbox 2814 4553 4603 4638; baseline -0.004 -14"><span class='ocrx_word' id='word_1_581' title='bbox 2814 4556 3115 4624; x_wconf 89' lang='lat' dir='ltr'><strong>Basileae</strong></span> <span class='ocrx_word' id='word_1_582' title='bbox 3159 4576 3265 4623; x_wconf 89' lang='lat' dir='ltr'><strong>res</strong></span> <span class='ocrx_word' id='word_1_583' title='bbox 3310 4576 3443 4621; x_wconf 92' lang='lat' dir='ltr'><strong>non</strong></span> <span class='ocrx_word' id='word_1_584' title='bbox 3501 4575 3734 4638; x_wconf 90' lang='lat' dir='ltr'><strong>parum</strong></span> <span class='ocrx_word' id='word_1_585' title='bbox 3782 4553 4074 4620; x_wconf 86' lang='lat' dir='ltr'><strong>turbavit</strong></span> <span class='ocrx_word' id='word_1_586' title='bbox 4118 4573 4333 4637; x_wconf 89' lang='lat' dir='ltr'><strong>neque</strong></span> <span class='ocrx_word' id='word_1_587' title='bbox 4382 4553 4603 4637; x_wconf 89' lang='lat' dir='ltr'><strong>dispu-</strong></span> 
     </span>
     <span class='ocr_line' id='line_1_95' title="bbox 2640 4639 4375 4726; baseline -0.004 -16"><span class='ocrx_word' id='word_1_588' title='bbox 2640 4643 2839 4710; x_wconf 89' lang='lat' dir='ltr'><strong>tando</strong></span> <span class='ocrx_word' id='word_1_589' title='bbox 2885 4644 3056 4709; x_wconf 90' lang='lat' dir='ltr'><strong>tueri</strong></span> <span class='ocrx_word' id='word_1_590' title='bbox 3101 4641 3316 4726; x_wconf 89' lang='lat' dir='ltr'><strong>potuit</strong></span> <span class='ocrx_word' id='word_1_591' title='bbox 3361 4639 3672 4724; x_wconf 87' lang='lat' dir='ltr'><strong>dogmata</strong></span> <span class='ocrx_word' id='word_1_592' title='bbox 3715 4660 3882 4724; x_wconf 88' lang='lat' dir='ltr'><strong>quae</strong></span> <span class='ocrx_word' id='word_1_593' title='bbox 3928 4639 4375 4722; x_wconf 87' lang='lat' dir='ltr'><strong>profitebatur.</strong></span> 
     </span>
    </p>

    <p class='ocr_par' dir='ltr' id='par_1_30' title="bbox 2637 4724 4603 4968">
     <span class='ocr_line' id='line_1_96' title="bbox 2814 4724 4599 4810; baseline -0.004 -15"><span class='ocrx_word' id='word_1_594' title='bbox 2814 4727 3107 4804; x_wconf 89' lang='lat' dir='ltr'><strong>Deinde,</strong></span> <span class='ocrx_word' id='word_1_595' title='bbox 3174 4738 3247 4793; x_wconf 88' lang='lat' dir='ltr'><strong>ut</strong></span> <span class='ocrx_word' id='word_1_596' title='bbox 3314 4728 3453 4810; x_wconf 87' lang='lat' dir='ltr'><strong>ipse</strong></span> <span class='ocrx_word' id='word_1_597' title='bbox 3518 4726 3770 4800; x_wconf 85' lang='lat' dir='ltr'><strong>dixisti,</strong></span> <span class='ocrx_word' id='word_1_598' title='bbox 3830 4727 3887 4791; x_wconf 90' lang='lat' dir='ltr'><strong>si</strong></span> <span class='ocrx_word' id='word_1_599' title='bbox 3948 4725 4177 4792; x_wconf 92' lang='lat' dir='ltr'><strong>doceat</strong></span> <span class='ocrx_word' id='word_1_600' title='bbox 4232 4724 4599 4798; x_wconf 69' lang='lat' dir='ltr'><strong>Lucanum,</strong></span> 
     </span>
     <span class='ocr_line' id='line_1_97' title="bbox 2639 4810 4603 4881; baseline -0.004 0"><span class='ocrx_word' id='word_1_601' title='bbox 2639 4815 2981 4881; x_wconf 88' lang='lat' dir='ltr'><strong>dissidium</strong></span> <span class='ocrx_word' id='word_1_602' title='bbox 3043 4815 3217 4879; x_wconf 90' lang='lat' dir='ltr'><strong>inter</strong></span> <span class='ocrx_word' id='word_1_603' title='bbox 3262 4812 3584 4878; x_wconf 90' lang='lat' dir='ltr'><strong>Bernates</strong></span> <span class='ocrx_word' id='word_1_604' title='bbox 3644 4821 3712 4876; x_wconf 88' lang='lat' dir='ltr'><strong>ct</strong></span> <span class='ocrx_word' id='word_1_605' title='bbox 3754 4811 4135 4877; x_wconf 82' lang='lat' dir='ltr'><strong>Genevates</strong></span> <span class='ocrx_word' id='word_1_606' title='bbox 4182 4810 4603 4877; x_wconf 88' lang='lat' dir='ltr'><strong>vehementer</strong></span> 
     </span>
     <span class='ocr_line' id='line_1_98' title="bbox 2637 4900 3067 4968; baseline -0.005 -2"><span class='ocrx_word' id='word_1_607' title='bbox 2637 4900 3067 4968; x_wconf 76' lang='lat' dir='ltr'><strong>recrudescat.</strong></span> 
     </span>
    </p>

    <p class='ocr_par' dir='ltr' id='par_1_31' title="bbox 2637 4981 4599 5153">
     <span class='ocr_line' id='line_1_99' title="bbox 2811 4981 4599 5068; baseline -0.003 -17"><span class='ocrx_word' id='word_1_608' title='bbox 2811 4989 2905 5052; x_wconf 87' lang='lat' dir='ltr'><strong>At</strong></span> <span class='ocrx_word' id='word_1_609' title='bbox 2947 4989 3005 5051; x_wconf 90' lang='lat' dir='ltr'><strong>si</strong></span> <span class='ocrx_word' id='word_1_610' title='bbox 3050 4985 3285 5051; x_wconf 86' lang='lat' dir='ltr'><strong>evitari</strong></span> <span class='ocrx_word' id='word_1_611' title='bbox 3332 5007 3463 5050; x_wconf 91' lang='lat' dir='ltr'><strong>nou</strong></span> <span class='ocrx_word' id='word_1_612' title='bbox 3510 4995 3725 5068; x_wconf 87' lang='lat' dir='ltr'><strong>potest</strong></span> <span class='ocrx_word' id='word_1_613' title='bbox 3760 4983 3919 5067; x_wconf 88' lang='lat' dir='ltr'><strong>quin</strong></span> <span class='ocrx_word' id='word_1_614' title='bbox 3958 4982 4315 5065; x_wconf 87' lang='lat' dir='ltr'><strong>recipiatur</strong></span> <span class='ocrx_word' id='word_1_615' title='bbox 4350 4981 4599 5047; x_wconf 83' lang='lat' dir='ltr'><strong>confes-</strong></span> 
     </span>
     <span class='ocr_line' id='line_1_100' title="bbox 2637 5069 4598 5153; baseline -0.005 -14"><span class='ocrx_word' id='word_1_616' title='bbox 2637 5074 2734 5139; x_wconf 90' lang='lat' dir='ltr'><strong>sio</strong></span> <span class='ocrx_word' id='word_1_617' title='bbox 2791 5072 2871 5138; x_wconf 91' lang='lat' dir='ltr'><strong>ab</strong></span> <span class='ocrx_word' id='word_1_618' title='bbox 2928 5091 3005 5137; x_wconf 92' lang='lat' dir='ltr'><strong>eo</strong></span> <span class='ocrx_word' id='word_1_619' title='bbox 3059 5069 3389 5153; x_wconf 88' lang='lat' dir='ltr'><strong>exigenda</strong></span> <span class='ocrx_word' id='word_1_620' title='bbox 3446 5083 3545 5136; x_wconf 85' lang='lat' dir='ltr'><strong>est</strong></span> <span class='ocrx_word' id='word_1_621' title='bbox 3602 5069 3779 5135; x_wconf 90' lang='lat' dir='ltr'><strong>clara</strong></span> <span class='ocrx_word' id='word_1_622' title='bbox 3839 5070 4181 5151; x_wconf 88' lang='lat' dir='ltr'><strong>perspicua</strong></span> <span class='ocrx_word' id='word_1_623' title='bbox 4248 5077 4315 5132; x_wconf 87' lang='lat' dir='ltr'><strong>et</strong></span> <span class='ocrx_word' id='word_1_624' title='bbox 4356 5079 4598 5150; x_wconf 83' lang='lat' dir='ltr'><strong>aperta,</strong></span> 
     </span>
    </p>
   </div>
   <div class='ocr_carea' id='block_1_23' title="bbox 2637 5324 3335 5392">
    <p class='ocr_par' dir='ltr' id='par_1_32' title="bbox 2637 5324 3335 5392">
     <span class='ocr_line' id='line_1_101' title="bbox 2637 5324 3335 5392; baseline -0.006 -11"><span class='ocrx_word' id='word_1_625' title='bbox 2637 5327 2907 5392; x_wconf 61' lang='lat' dir='ltr'><strong>mul)</strong></span> <span class='ocrx_word' id='word_1_626' title='bbox 2948 5325 3034 5392; x_wconf 74' lang='lat'><strong>01.</strong></span> <span class='ocrx_word' id='word_1_627' title='bbox 3072 5326 3143 5380; x_wconf 78' lang='lat' dir='ltr'><strong>N.</strong></span> <span class='ocrx_word' id='word_1_628' title='bbox 3182 5324 3335 5379; x_wconf 76' lang='lat'><strong>3686.</strong></span> 
     </span>
    </p>
   </div>
   <div class='ocr_carea' id='block_1_24' title="bbox 4835 770 4862 6090">
    <p class='ocr_par' dir='ltr' id='par_1_33' title="bbox 4835 770 4862 6090">
     <span class='ocr_line' id='line_1_102' title="bbox 4835 770 4862 6090; baseline 0 0"><span class='ocrx_word' id='word_1_629' title='bbox 4835 770 4862 6090; x_wconf 95' lang='lat' dir='ltr'><strong> </strong></span> 
     </span>
    </p>
   </div>
  </div>
 </body>
</html>
