4900 6125
287 417 400 483 293

283 626 418 670 rum
463 603 651 670 aiunt
677 601 1046 670 sabaudum
1076 624 1227 670 cum
1265 624 1493 682 uxore,
1516 607 1574 679 ⁸)
1618 605 1806 671 cuius
1848 602 2059 669 filium
2095 604 2229 669 iam

282 692 526 756 circiter
605 690 873 755 tertium
954 710 1203 755 annum
1297 689 1672 774 ingressum
1750 690 1899 756 Rex
1980 689 2070 756 sit
2145 688 2229 755 ad

280 775 664 860 baptismum
710 775 1070 842 oblaturus.
1158 775 1298 841 Nec
1342 773 1567 842 dubito
1611 775 1772 860 quin
1832 775 2004 841 hanc
2048 795 2230 841 occa·

277 863 516 928 sionem
574 860 716 944 ipse
772 861 1054 927 libenter
1111 860 1192 926 ad
1238 862 1490 927 vicinos
1534 873 1794 928 nostros
1837 860 2230 944 perterrefa-

277 946 527 1013 ciendcs
581 948 876 1029 captarit.
964 945 1101 1013 Sed
1161 947 1379 1012 vincet
1422 945 1755 1013 Dominus
1798 948 1864 1011 in
1909 968 2038 1030 quo
2081 967 2230 1031 spe-

275 1053 507 1099 ramus.
610 1032 1011 1099 Audivimus
1076 1032 1247 1098 mira
1309 1043 1378 1098 et
1441 1032 1637 1116 plane
1701 1042 2083 1117 portentosa
2146 1032 2228 1098 ab

274 1118 469 1202 ipsius
548 1117 786 1203 legatis
865 1119 1107 1201 passim
1172 1117 1415 1203 spargi,
1484 1140 1651 1203 quae
1722 1130 1798 1184 ut
1863 1138 2057 1201 spero
2122 1118 2227 1183 vel

270 1213 493 1288 sponte
538 1212 950 1270 evanescent.

433 1288 787 1356 Caeterum
848 1288 1023 1372 quod
1080 1289 1163 1355 ad
1212 1288 1464 1356 Caluini
1528 1290 1734 1355 nostri
1780 1288 2226 1355 valetudinem

267 1377 534 1453 attinet,
595 1376 904 1458 accepisti
950 1396 1160 1459 nuper
1204 1377 1348 1441 eius
1391 1374 1647 1453 literas,
1705 1395 1875 1458 quae
1939 1374 2225 1440 multum

268 1483 493 1542 vereor
547 1473 622 1527 ut
676 1463 812 1527 sint
878 1471 1264 1544 postremae.
1350 1459 1611 1527 Crescit
1663 1462 1839 1527 enim
1895 1463 2107 1544 magis
2151 1480 2227 1527 ac

263 1549 469 1633 mag-is
527 1547 760 1613 calculi
827 1549 1158 1614 cruciatus
1212 1568 1361 1612 cum
1417 1546 1566 1613 aliis
1612 1547 1812 1613 variis
1857 1556 1926 1611 et
1968 1555 2226 1613 contra-

261 1632 374 1699 riis
433 1632 766 1700 doloribus
821 1634 1230 1699 coniunctus.
1319 1631 1805 1715 Corpusculum
1866 1640 2086 1697 autem
2133 1632 2227 1696 ita

259 1727 358 1785 eet
425 1720 692 1804 penitus
757 1718 1156 1784 exhaustum
1223 1729 1300 1783 ut
1364 1717 1616 1784 nullius
1661 1718 1880 1784 -etiam
1950 1715 2226 1783 remedii

257 1804 342 1870 sit
382 1825 612 1888 capax.
700 1805 880 1870 Hinc
943 1814 1130 1888 potes
1193 1803 1358 1870 satis
1401 1803 1774 1889 intelligere
1799 1854 1814 1882 ,
1882 1803 1977 1868 mi
2020 1810 2225 1887 pater,

255 1910 382 1973 quo
425 1890 495 1955 in
542 1911 839 1956 moerore
882 1911 1112 1956 omnes
1167 1889 1276 1957 hic
1335 1909 1706 1969 versemur,
1773 1910 1976 1973 quum
2035 1909 2225 1972 prae-

253 1975 486 2041 sertim
529 1975 786 2041 nullum
831 1976 1100 2060 gravius
1142 1975 1385 2042 vulnus
1428 1975 1721 2060 accipere
1766 1995 1956 2060 posse
2002 1974 2223 2039 videa-

252 2081 433 2139 mur,
502 2081 701 2145 quam
744 2062 803 2127 si
846 2062 918 2127 in
963 2061 1182 2127 media
1225 2069 1648 2143 tempestate,
1721 2080 1926 2144 eaque
1971 2061 2223 2144 gravis-

250 2145 435 2228 sima,
481 2158 757 2231 cogatur
804 2147 963 2213 haec
1022 2146 1332 2212 navicula
1375 2146 1494 2211 tali
1537 2155 1853 2231 tantoque
1897 2147 2224 2230 guberna·

250 2241 389 2298 tore
458 2231 775 2298 destituta
837 2235 1179 2299 fluctuare.
1307 2232 1537 2315 Neque
1620 2254 1779 2298 vero
1846 2231 2224 2298 dubitamus

249 2318 407 2401 quin
466 2317 664 2384 huius
719 2317 963 2385 doloris
1021 2318 1167 2385 sitis
1226 2327 1294 2385 et
1351 2339 1469 2384 vos
1514 2319 1662 2384 istic
1705 2318 2061 2402 participes
2106 2338 2223 2399 pro

243 2414 479 2469 mutua
536 2413 767 2471 nostra
829 2406 1104 2471 caritate
1170 2414 1240 2469 et
1303 2404 1567 2488 privata
1631 2406 1828 2469 etiam
1888 2413 2110 2469 vestra
2153 2404 2220 2468 in

243 2488 430 2554 illum
518 2488 995 2556 benevolentia.
1086 2489 1285 2556 Adsit
1349 2490 1554 2573 igitur
1621 2490 1811 2555 nobis
1869 2489 2219 2568 Dominus,

240 2584 306 2640 et
349 2577 406 2641 si
451 2577 583 2640 iam
631 2575 978 2642 constituit
1020 2574 1280 2641 fidelem
1326 2597 1521 2641 suum
1566 2596 1835 2641 servum
1881 2574 1964 2640 ad
2009 2596 2079 2641 se
2116 2595 2219 2640 re·

241 2681 515 2739 vocare,
570 2683 689 2728 nos
744 2675 961 2727 tamen
1009 2682 1143 2726 non
1189 2660 1482 2738 deserat,
1549 2659 1663 2726 sed
1708 2661 1925 2743 potius
1971 2661 2219 2726 reficiat

237 2757 303 2811 et
347 2748 633 2824 soletur,
697 2747 1023 2830 tantisper
1080 2746 1238 2811 dum
1295 2756 1364 2811 et
1419 2767 1539 2812 nos
1598 2754 1860 2830 peracto
1905 2766 2101 2812 cursu
2147 2747 2215 2810 in

236 2833 535 2916 quietem
577 2832 764 2898 illam
807 2834 1279 2915 sempiternam
1323 2831 1727 2917 colligamur.

415 2917 773 2984 Caeterum
819 2917 993 2983 idem
1037 2917 1148 2982 hic
1189 2928 1437 2998 noster,
1499 2919 1610 3001 qui
1656 2917 1779 2983 tibi
1824 2917 1946 2982 has
1987 2915 2215 2982 literas

233 3003 554 3084 reddidit,
578 3024 782 3089 quum
805 3005 973 3070 istuc
1000 3025 1071 3071 se
1095 3003 1418 3088 proficisci
1440 3002 1523 3069 ob
1547 3025 1693 3070 eam
1724 3004 1922 3069 etiam
1948 3022 2214 3069 causam

233 3087 491 3157 diceret
555 3104 662 3168 ut,
733 3091 1047 3174 quoniam
1113 3090 1388 3157 ecclesia
1445 3089 1681 3157 Italica
1745 3088 2008 3154 nullum
2065 3089 2212 3154 istic

229 3186 576 3259 pastorem
635 3176 835 3243 habet
889 3195 1013 3241 nec
1077 3175 1335 3242 videtur
1397 3177 1598 3242 etiam
1659 3175 1987 3254 habitura,
2032 3195 2210 3239 soro-

228 3282 376 3327 rem
423 3282 618 3328 suam
663 3262 797 3328 huc
839 3260 1133 3341 reducat,
1175 3281 1249 3327 ro
1298 3261 1438 3327 avit
1479 3262 1565 3328 D.
1616 3260 1950 3328 calvinum
1987 3269 2054 3326 et
2107 3280 2213 3326 me

223 3358 301 3412 ut
347 3347 606 3432 aliquid
653 3348 736 3414 ad
783 3358 847 3413 te
892 3346 973 3413 de
1016 3369 1096 3413 ea
1138 3348 1267 3413 scri
1312 3368 1605 3425 eremus,
1671 3347 1981 3430 quoniam
2027 3367 2213 3411 vere-

225 3444 342 3499 tur
389 3455 482 3499 ne
524 3454 659 3499 non
702 3434 865 3500 satis
907 3432 1098 3499 facile
1141 3432 1207 3497 id
1244 3432 1452 3516 possit
1486 3454 1527 3499 a
1559 3432 1799 3499 filiolae
1825 3430 2141 3515 Martyris
2157 3432 2212 3513 ⁴)

223 3522 444 3587 nostri
510 3519 839 3585 tutoribus
896 3518 1258 3601 impetrari.
1349 3517 1490 3585 Nos
1555 3540 1711 3585 vero
1753 3516 1823 3582 id
1868 3528 2129 3581 tantum
2174 3537 2216 3582 a

225 3605 427 3672 vobis
490 3605 694 3689 ipsius
753 3612 991 3688 rogatu
1048 3605 1366 3689 petimus,
1433 3614 1512 3668 ut
1564 3624 1636 3669 re
1693 3601 2104 3669 considerata
2147 3610 2217 3666 et

221 3692 402 3773 quod
454 3692 600 3757 sine
645 3690 932 3775 pupillae
987 3689 1218 3755 fraude
1284 3691 1435 3768 fiat,
1501 3689 1674 3774 quod
1741 3708 2024 3772 aequum
2069 3708 2213 3753 esse

221 3776 590 3851 videbitur.
636 3796 678 3841 a
721 3775 905 3843 vobis
949 3776 1182 3841 sinatis
1225 3775 1586 3859 impetrari.

405 3864 598 3929 Bene
642 3861 820 3942 vale,
866 3863 960 3927 mi
1004 3872 1218 3944 pater,
1265 3881 1414 3927 cum
1458 3859 1844 3947 symmystis
1886 3858 2208 3937 omnibus,

221 4020 542 4027 ——-..——-
593 4019 648 4026 —-

217 4101 418 4157 nmee
456 4100 664 4154 devant
697 4099 846 4152 leurs
879 4100 1133 4165 maisons,
1173 4100 1317 4153 Med.
1337 4100 1405 4153 de
1436 4097 1742 4151 Vandcsme
1775 4094 2018 4165 (Ioanne
2052 4095 2209 4150 d’Al-

217 4171 373 4234 em)
418 4169 597 4239 qu’est
643 4168 986 4221 maintenant
1021 4185 1089 4222 en
1124 4176 1283 4222 court
1318 4186 1387 4222 en
1432 4167 1533 4221 seit
1564 4166 1804 4231 plaincte
1839 4164 1875 4219 δ
1910 4165 1963 4218 la
1997 4165 2082 4219 Bo
2118 4182 2202 4230 ne,

219 4240 320 4309 luy
361 4243 744 4292 remonstrsnt
778 4252 884 4305 que
921 4235 1134 4291 c‘estoit
1166 4235 1516 4291 contrevenir
1550 4233 1584 4288 ὁ
1617 4233 1816 4288 l'Edict
1850 4234 1919 4288 de
1956 4183 2206 4302 pacifice·

215 4305 1110 4431 2⁰3³..5ss1a‘20d'g0td'1'a00332‘32
1146 4304 1837 4430 {⁰333033‘2‘1‘ss¹¹211‘.¹⁰.::
1869 4303 2201 4440 ⁰3:3³5:ae

217 4461 334 4515 que
373 4443 631 4514 pendant
674 4459 738 4496 se
771 4442 1028 4497 demeare
1074 4444 1145 4496 ils
1191 4443 1509 4513 ponrroient
1544 4442 1680 4495 aller
1714 4440 1748 4493 a
1781 4441 1836 4494 la
1871 4439 2097 4508 presche
2133 4455 2204 4494 en

212 4531 281 4569 ea
319 4514 571 4579 maison,
619 4528 713 4566 cer
758 4512 862 4565 elle
899 4512 1051 4565 svoit
1094 4511 1245 4565 hnict
1280 4513 1418 4566 bons
1453 4511 1748 4563 ministres.
1822 4508 1957 4562 Mais
1994 4509 2044 4562 le
2080 4509 2200 4579 Boy

215 4584 320 4654 luy
361 4597 586 4652 envoy·
620 4580 877 4663 defendi-e
913 4580 983 4635 de
1022 4581 1146 4649 plus
1192 4580 1418 4661 lessire
1457 4616 1470 4629 .
1509 4620 1520 4631 .
1559 4616 1572 4629 .
1611 4616 1624 4632 .
1661 4578 1908 4633 combien
1945 4578 1997 4630 ie
2033 4593 2202 4657 pense

215 4652 436 4723 qn'elle
488 4666 558 4705 ne
609 4651 771 4704 lasse
862 4666 922 4702 es
972 4649 1042 4703 de
1093 4650 1145 4703 le
1197 4650 1334 4702 faire
1386 4654 1766 4703 secretement.
1855 4647 2204 4699 incontinent

257 4721 441 4776 n’elle
477 4719 560 4772 fut
581 4719 794 4773 arrivee
874 4718 919 4771 1.
990 4735 1043 4781 n,
1080 4733 1187 4787 que
1221 4718 1306 4771 fut
1340 4725 1509 4771 avant
1544 4715 1791 4769 l’arrivee
1826 4714 1899 4768 du
1919 4714 2061 4784 Boy,
2096 4715 2201 4768 elle

273 4791 338 4844 la
397 4806 473 4842 au
525 4787 755 4858 presche
808 4802 875 4840 en
954 4803 1051 4840 sur
1103 4788 1309 4857 temple
1356 4785 1518 4856 qu’ils
1569 4785 1690 4838 font
1741 4783 1931 4838 edifler
1979 4799 2076 4837 sur
2123 4784 2202 4836 les

209 4856 443 4914 Poene:
476 4874 544 4911 en
581 4874 691 4926 ung
725 4856 835 4909 lieu
870 4856 956 4909 dit
999 4855 1081 4909 les
1114 4855 1380 4909 Temnlx
1417 4860 1511 4909 ete.
1580 4853 1742 4923 (Ant.
1781 4851 1994 4907 San-on
2028 4850 2204 4907 secri-

211 4930 377 4983 κδ’-ε
415 4926 488 4980 dc
838 4942 895 4996 y,
935 4923 1094 4995 Lym·
1123 4923 1206 4979 16.
1230 4923 1389 4979 Isin.
1449 4923 1612 4978 men.
1641 4921 1710 4975 de
1740 4921 1925 4976 Condi
1960 4920 2026 4976 11.
2049 4919 2202 4988 201.)

449 4993 510 5063 8)
544 4994 646 5049 nr.
681 4995 734 5047 le
768 4993 874 5047 duc
908 4992 978 5047 de
1014 4993 1224 5063 Savoye
1260 4999 1319 5047 et
1352 4992 1500 5047 und.
1539 5008 1603 5045 sa
1647 4991 1846 5044 femme
1894 4998 2082 5043 serent
2117 4990 2204 5060 icy

213 5067 286 5131 (ὰ
329 5063 536 5134 Lym)
571 5062 709 5116 dens
753 5063 892 5116 trois
937 5062 1087 5115 ionrs
1121 5078 1292 5132 avesq
1327 5060 1532 5132 grande
1567 5065 1628 5114 et
1661 5059 1806 5114 belle
1840 5059 2201 5128 compsignie.

206 5131 438 5203 (mn.
470 5131 538 5186 ds
577 5130 761 5187 Cende
794 5130 867 5186 11.
898 5128 1050 5197 204.)

447 5198 512 5267 4)
563 5199 1503 5266 Vernadum-bumont,
1551 5194 1821 5251 nima
1865 5200 1944 5251 est
1985 5194 2205 5262 effluo

205 5268 533 5405 &stu-3
585 5268 799 5332 uma,
858 5267 1046 5337 pridie
1098 5264 1289 5322 Nonas
1344 5265 1592 5321 nan-uas
1655 5262 1806 5319 1668.
1908 5260 2199 5332 (seh-eet.

2023 417 2188 482 1664
2234 414 2543 484 APRIL.

4173 420 4301 485 294

2334 624 2613 688 quorum
2677 624 2905 671 rursus
2969 604 3273 688 precibus
3338 605 3640 691 cupimus
3706 606 3878 674 hanc
3956 605 4301 674 ecclesiam

2333 688 2672 756 ardentius
2712 711 2911 774 quam
2955 712 3246 775 unquam
3291 702 3485 758 antea
3526 691 3989 760 commendari.
4068 690 4300 758 Domi-

2333 796 2459 841 nus
2502 776 2694 841 Iesus
2736 776 3026 842 vicissim
3074 796 3192 844 vos
3234 787 3454 844 servet
3508 789 3576 844 et
3630 779 3876 845 sanctis
3917 777 4160 845 vestris
4203 777 4298 844 la-

2332 860 2597 928 boribus
2649 861 2865 946 magis
2929 882 3006 928 ac
3069 864 3281 948 magis
3347 863 3707 931 benedicat.
3808 863 4064 932 Iterum
4128 863 4300 931 vale.

2332 945 2649 1012 Genevae
2700 952 2774 1011 15
2820 947 3086 1032 Aprilis.

3702 1087 3887 1153 'Puus
3930 1086 4125 1152 Besa.

3126 1381 3527 1389 ——----...-—————

3227 1632 3424 1703 4⁰99.

2803 1785 3343 1855 GALLASIUS
3392 1785 3830 1856 CALVINO.

2507 1955 2737 2022 Tradit
2790 1958 3101 2039 quaedam
3143 1960 3232 2025 ad
3273 1959 3765 2027 Aurelianensis
3824 1960 4111 2028 ecclesiae
4164 1967 4300 2029 sta-

2326 2046 2463 2107 tum
2518 2044 2926 2124 pertinentia.
3019 2045 3185 2109 Tum
3248 2045 3325 2111 de
3394 2046 3672 2127 privatis
3734 2045 3917 2112 rebus
3980 2068 4170 2132 aymus
4231 2068 4301 2115 se

2326 2126 2589 2195 caelibis
2627 2129 2791 2195 vitae
2822 2135 3183 2211 pertaesum
3223 2131 3473 2212 fatetur.

2638 2300 2746 2368 (Ex
2782 2299 3124 2370 autographo
3161 2300 3293 2356 Cod.
3332 2299 3539 2358 (ἤπιον.
3576 2301 3697 2373 112,
3730 2303 3822 2358 fol.
3857 2301 4005 2372 209.)

2676 2473 2737 2538 A
2783 2471 3126 2537 Monsieur
3166 2471 3517 2539 Monsieur
3562 2473 3957 2558 Despeville.

2502 2641 2571 2709 S.
2640 2642 2932 2709 Tametsi
2999 2652 3311 2726 properet
3375 2644 3483 2711 hic
3548 2644 3935 2714 tabellarius
3954 2698 3972 2726 ,
4068 2655 4293 2716 tamen

2323 2729 2479 2810 quia
2521 2728 2813 2794 melioris
2856 2727 3264 2794 valetudinis
3308 2738 3460 2796 tuae
3504 2730 3981 2816 significatione
4024 2754 4132 2800 me
4175 2758 4292 2803 ex-

2325 2813 2658 2890 hilaravit,
2704 2836 2835 2880 non
2880 2814 3096 2879 sinam
3131 2815 3348 2898 ipsum
3396 2835 3437 2879 a
3480 2838 3587 2881 me
3630 2838 3914 2883 vacuum
3940 2817 4290 2889 discedere.

2323 2899 2511 2965 Nihil
2578 2898 2686 2965 hic
2747 2901 2900 2966 novi
2968 2899 3206 2966 accidit
3268 2899 3441 2983 quod
3505 2911 3572 2967 te
3632 2903 3801 2969 scire
3866 2926 3997 2970 non
4040 2917 4289 2990 putem.

2322 2984 2510 3050 Idem
2577 2992 2681 3050 est
2745 2985 3057 3052 ecclesiae
3122 2995 3385 3051 nostrae
3449 2997 3661 3054 status
3726 2989 3839 3072 qui
3904 3002 4101 3056 antea
4143 2993 4289 3074 fuit,

2320 3080 2517 3155 atque
2582 3072 2655 3137 in
2716 3071 2854 3138 dies
2921 3074 3239 3138 firmatur.
3327 3073 3670 3140 Frendent
3712 3074 4074 3143 adversarii
4115 3079 4291 3162 quod

2320 3167 2507 3222 tanta
2550 3158 2833 3223 fruimur
2875 3158 3109 3240 quiete,
3155 3177 3277 3224 nec
3318 3159 3675 3243 quidquam
3719 3163 3992 3228 missum
4037 3164 4291 3232 faciunt

2317 3263 2448 3326 quo
2514 3264 2659 3309 eam
2726 3244 3132 3327 perturbent.
3220 3242 3415 3324 Quod
3481 3245 3539 3311 si
3604 3246 3869 3311 assidua
3933 3270 4067 3315 non
4111 3259 4289 3317 esset

2318 3337 2694 3394 nostrorum
2741 3329 3092 3412 patientia,
3156 3329 3287 3394 iam
3335 3329 3586 3396 dudum
3631 3331 3918 3415 profecto
3961 3342 4179 3403 motus
4221 3344 4292 3403 et

2318 3413 2689 3498 tragoedias
2731 3415 2989 3498 experti
3032 3436 3342 3481 essemus.
3434 3416 3539 3482 Ad
3584 3438 3729 3483 eam
3785 3440 4014 3486 omnes
4055 3442 4286 3507 perpe-

2317 3511 2433 3564 tuo
2478 3500 2923 3579 cohortamur,
2968 3521 3089 3568 nec
3132 3501 3364 3567 inanes
3419 3522 3562 3568 esse
3605 3504 4091 3575 cohortationes
4133 3531 4285 3577 nos-

2316 3597 2454 3652 tras
2499 3585 2680 3653 hisce
2725 3586 2954 3652 diebus
2997 3586 3254 3670 experti
3320 3608 3580 3665 sumus,
3646 3590 3882 3672 quibus
3945 3594 4285 3661 existima·

2316 3671 2476 3736 bant
2518 3670 2907 3738 seditionem
2956 3671 3148 3737 vitari
3194 3671 3374 3738 nullo
3417 3673 3612 3739 modo
3657 3696 3864 3757 posse.
3952 3678 4137 3746 Nihil
4184 3694 4284 3745 ta-

2313 3778 2471 3822 men
2515 3758 2801 3839 quietius
2847 3767 2965 3822 aut
3008 3759 3303 3840 pacatius
3348 3758 3492 3824 fuit.
3561 3760 3798 3827 Nescio
3832 3764 3989 3845 quid
4022 3787 4285 3850 semper

2312 3842 2551 3909 accidit
2603 3844 2877 3909 seorsim
2938 3852 3007 3908 et
3061 3844 3359 3909 rixarum
3419 3852 3486 3909 et
3542 3848 4016 3928 contentionis,
4087 3863 4285 3936 atque

2310 3928 2507 3993 etiam
2553 3949 2817 4013 pugnae
2860 3938 2930 3994 et
2972 3928 3491 4014 digladiationis‚
3537 3931 3650 3997 sed
3698 3933 4017 4001 eiusmodi
4067 3946 4173 4004 est
4208 3947 4284 4005 ut

2310 4034 2439 4096 pax
2485 4014 2642 4080 inde
2686 4013 2946 4099 publica
2987 4034 3123 4079 non
3166 4013 3489 4081 turbetur.

2483 4098 2679 4181 Quod
2737 4099 2822 4165 ad
2865 4121 2971 4164 me
3015 4101 3284 4178 attinet,
3322 4103 3413 4166 mi
3459 4112 3674 4184 pater,
3734 4106 3951 4172 sentio
3996 4110 4159 4174 mihi
4204 4111 4279 4176 in

2308 4183 2446 4251 dies
2492 4186 2853 4251 Dominum
2897 4185 3127 4252 adesse
3173 4185 3475 4270 viresque
3519 4198 3588 4254 et
3631 4190 3837 4255 animi
3880 4202 3950 4257 et
3984 4197 4278 4279 corporis

2306 4272 2554 4335 firmari
2615 4282 2812 4355 atque
2869 4273 3130 4356 augeri,
3199 4273 3253 4337 si
3299 4273 3718 4357 potissimum
3759 4277 4274 4348 imbecillitatem

2303 4365 2589 4439 spectem
2635 4378 2765 4439 qua
2807 4357 2944 4422 fere
3030 4357 3461 4424 rostemebar.
3537 4359 3812 4427 Utinam
3857 4385 4015 4430 vero
4068 4366 4276 4434 inter·

2305 4441 2465 4507 dum
2511 4451 2760 4522 tecum,
2818 4453 2898 4507 ut
2939 4464 2978 4509 o
3007 4444 3098 4507 im
3143 4444 3238 4509 ita
3280 4465 3489 4524 nunc,
3534 4445 3951 4514 familiariter
3989 4452 4276 4538 colloqui

2304 4540 2374 4592 et
2439 4527 2509 4592 in
2577 4530 2800 4593 sinum
2867 4538 3061 4594 tuum
3129 4530 3343 4595 multa
3408 4530 3733 4614 deponere
3794 4534 3957 4600 mihi
4021 4537 4269 4606 liceret.

2305 4612 2532 4679 Unum
2592 4624 2693 4679 est
2793 4612 2924 4680 uod
2978 4615 3047 4678 in
3114 4614 3312 4680 rebus
3356 4617 3520 4682 meis
3564 4618 3841 4701 privatis
3884 4642 3989 4688 me
4032 4624 4272 4694 sollici-

2303 4709 2443 4763 tum
2484 4708 2682 4764 tenet.
2813 4700 3087 4784 agitatio
3122 4699 3204 4765 de
3239 4702 3541 4786 coniugio
3579 4724 3686 4768 me
3722 4725 3899 4770 nunc
3940 4708 4269 4778 sollicitat.

2303 4783 2641 4850 Caelibem
2666 4784 2872 4851 vitam
2912 4784 3457 4869 praetulissem,¹)
3493 4808 3767 4872 eamque
3801 4795 4025 4873 optavi
4060 4816 4101 4860 a
4121 4797 4269 4864 Deo

2304 4871 2729 4954 protraxique
2783 4880 3048 4955 tempus
3106 4892 3182 4938 ac
3226 4869 3454 4938 distuli
3497 4887 3821 4957 quantum
3867 4879 4083 4960 potui,
4151 4903 4269 4948 ex-

2301 5125 2573 5190 docel)
2885 5142 3033 5184 mr
3074 5130 3195 5183 eius
3241 5126 3438 5183 obierit
3476 5129 3769 5198 ambus,
3813 5144 4003 5184 wan
4046 5132 4268 5193 vidam

2307 5194 2562 5250 Lenaiou
2683 5196 2802 5251 ”se
2849 5213 2957 5267 quo
3001 5212 3119 5251 ene·
3166 5196 3542 5253 arcessimus
3616 5198 3880 5267 Haaqiu
3912 5198 4014 5255 IV.
4047 5199 4156 5257 844
4199 5204 4271 5263 aa

2304 5264 2390 5317 hu
2425 5264 2569 5319 nihil
2599 5264 2775 5327 habet.
2811 5266 3053 5336 loquitur
3086 5264 3486 5329 mundoaldo
3502 5265 3742 5321 Daniele
3770 5269 3930 5334 pam
3960 5277 4271 5345 superstite,

2303 5349 2459 5403 quen
2494 5350 2571 5389 an
2604 5348 2673 5388 ex
2709 5334 2952 5390 necunde
2988 5351 3159 5390 uxore
3193 5336 3490 5402 susceperi!
3524 5341 3585 5391 tu
3665 5333 3678 5347 ’
3746 5415 3853 5472 19.
