4900 6125
288 424 396 484 173

279 611 471 676 stacta
512 617 632 686 est,
677 607 789 675 vel
831 607 1066 674 saltem
1108 608 1378 674 subacta
1411 607 1619 692 Regis
1654 604 1948 673 decreto:
1993 603 2231 671 deinde

279 694 356 762 ad
428 714 776 761 commune
853 693 1040 760 urbis
1117 703 1393 758 ventum
1473 703 1593 759 est.
1706 692 1886 758 Malo
2010 690 2231 757 uidem

277 780 563 864 exemplo
604 780 831 847 omnia
871 779 1095 846 curiae
1130 789 1279 846 acta
1319 779 1599 846 rescissa
1631 787 1811 856 sunt,
1856 786 1924 843 et
1956 796 1999 841 a
2040 797 2231 861 roga-

275 875 411 932 tum
443 865 601 950 quid
647 867 761 932 uid
805 866 934 931 fuit
965 863 1314 949 dignitatis
1356 865 1428 930 in
1470 863 1585 929 illo
1628 863 1877 942 ordine,
1921 873 1989 928 et
2027 883 2231 945 quan·

273 972 457 1036 quam
515 953 623 1019 vio
649 961 805 1018 ento
869 950 1159 1016 remedio
1216 969 1382 1034 opus
1445 949 1573 1015 fuit
1630 947 1714 1014 ad
1770 947 2228 1032 corrigendam

269 1038 617 1117 vesaniam,
675 1037 838 1103 mihi
895 1044 1117 1102 tamen
1176 1056 1312 1100 non
1370 1035 1588 1118 placet
1638 1055 1760 1118 pro
1812 1034 2107 1117 imperio,
2162 1042 2231 1098 et

270 1144 463 1207 prope
507 1123 857 1208 tyrannico
902 1144 1083 1189 more
1129 1122 1338 1189 everti
1388 1121 1813 1186 autoritatem
1857 1141 2024 1203 quae
2068 1119 2227 1185 duo-

270 1210 386 1275 bus
450 1210 583 1275 iam
648 1208 925 1277 saeculis
993 1209 1132 1275 illic
1197 1208 1524 1291 viguerat.
1613 1205 1793 1273 Utile
1857 1205 2035 1272 enim
2100 1205 2228 1270 fuit

266 1295 484 1361 valere
539 1295 1073 1361 intercessionem
1119 1314 1288 1376 quae
1341 1293 1546 1376 regiis
1599 1289 1862 1376 placitis
1921 1293 2227 1356 fraenum

262 1381 588 1448 iniiceret:
648 1401 829 1446 nunc
884 1400 1043 1445 vero
1103 1378 1311 1445 coacti
1365 1387 1526 1443 sunt
1581 1397 1812 1443 omnes
1869 1375 2226 1442 consiliarii

262 1464 504 1545 adesse,
560 1488 764 1551 quum
806 1465 1020 1532 valvis
1074 1466 1318 1547 apertis
1372 1462 1883 1547 pronunciatum
1943 1461 2068 1526 suit
2110 1460 2222 1527 de·

261 1561 508 1618 cretum
566 1573 694 1635 quo
750 1559 1073 1616 notantur
1126 1549 1373 1633 insigni
1430 1548 1721 1614 infamia.
1802 1545 1986 1613 Nihil
2045 1548 2224 1612 enim

258 1640 468 1722 magis
503 1638 897 1721 probrosum
930 1657 1129 1718 quam
1166 1645 1314 1701 acta
1359 1635 1600 1713 omnia,
1643 1633 1759 1699 ubi
1801 1632 2072 1712 modum
2110 1653 2223 1697 ex·

254 1732 606 1801 cesserant,
663 1723 737 1787 in
781 1743 1009 1788 eorum
1050 1729 1405 1804 conspectu
1450 1720 1745 1796 lacerari,
1790 1719 2077 1802 ipsisque
2120 1719 2224 1783 in-

250 1808 501 1887 tei-dici,
558 1830 644 1874 ne
687 1807 844 1891 quid
899 1807 1033 1872 tale
1086 1809 1153 1871 in
1214 1816 1555 1891 posterum
1613 1815 1870 1869 tentare
1914 1803 2221 1870 audeant.

248 1894 539 1978 Legatos
582 1895 696 1978 qui
742 1893 947 1959 semel
990 1901 1186 1976 atque
1244 1892 1493 1958 iterum
1538 1890 1721 1956 missi
1765 1890 2028 1955 fuerant
2070 1890 2221 1954 Rex

242 1980 385 2063 ipse
452 1979 927 2047 contumeliose
993 1978 1267 2061 excepit.
1372 1978 1653 2043 Terrore
1730 1976 1932 2060 igitur
1996 1996 2224 2040 omnes

246 2065 465 2131 adacti
510 2064 594 2131 ad
637 2065 1020 2149 parendum.
1091 2063 1239 2128 Iam
1295 2063 1542 2128 domita
1580 2061 1759 2127 illius
1804 2060 2223 2126 turbulentae

244 2151 464 2234 plebis
517 2152 775 2228 ferocia,
833 2150 946 2215 alii
1002 2149 1393 2215 tumultuari
1439 2147 1761 2214 desinent.
1835 2147 2221 2212 Provincia·

244 2236 416 2303 libus
443 2237 503 2321 2)
549 2256 779 2303 severe
834 2237 1205 2301 iniunctum
1248 2245 1370 2312 est,
1427 2254 1513 2299 ne
1557 2232 1752 2297 edicti
1798 2232 2221 2314 exsequutio·

244 2342 399 2387 nem
473 2343 577 2388 am
627 2322 757 2388 lius
822 2331 1195 2399 morentur,
1265 2319 1370 2385 vel
1435 2319 1816 2402 impediant.
1911 2317 2222 2383 Guisiani

242 2407 446 2473 etiam
495 2428 571 2473 co
625 2407 768 2473 ’biti
812 2416 991 2484 sunt,
1048 2428 1171 2472 nec
1215 2426 1374 2471 vero
1416 2425 1613 2488 aegre
1668 2401 1967 2469 tulerunt
2009 2403 2217 2485 Regis

239 2494 462 2561 minas
518 2493 943 2570 intervenire,
1001 2493 1161 2574 quia
1201 2490 1628 2557 Adonin-aldus
1669 2489 1873 2572 copiis
1916 2497 2061 2553 erat
2102 2509 2216 2554 su-

235 2581 485 2662 perior.
570 2580 761 2644 Bona
803 2598 954 2662 spes
1010 2578 1254 2642 iterum
1295 2576 1561 2652 affulsit,
1607 2573 1817 2658 quoad
1860 2574 2214 2639 intestinas

236 2664 626 2740 discordias,
684 2684 921 2730 verum
978 2662 1345 2728 incredibili
1388 2658 1581 2726 modo
1624 2661 1827 2743 pestis
2061 2671 2214 2724 atur

234 2763 373 2815 tam
423 2749 606 2835 apud
650 2749 1024 2826 Vascones,
1068 2769 1264 2831 quam
1309 2749 1378 2812 in
1417 2756 1629 2812 tractu
1673 2746 1968 2829 Ligeris:
2024 2746 2211 2828 Lug·

232 2835 501 2902 dunum
555 2836 770 2901 adbuc
827 2849 929 2900 est
983 2835 1322 2900 intactum.
1397 2832 1605 2898 Missa
1659 2830 1921 2895 fuerant
1975 2830 2209 2914 viginti

230 2923 536 3007 quinque
595 2920 840 2988 vexilla
900 2940 1070 3003 quae
1135 2921 1205 2984 in
1270 2919 1506 2983 itincre
1570 2914 1937 2993 subsidunt,
2004 2915 2209 2982 donec

229 3008 490 3075 allatus
524 3007 725 3074 fuerit
758 3005 840 3072 de
873 3017 1087 3073 morte
1110 3004 1313 3073 vicini
1347 3003 1557 3071 nostri
1583 3005 1641 3082 ⁸)
1678 3003 1976 3081 nuncius,
2013 3022 2207 3086 quem

224 3220 292 3268 ut
324 3230 448 3270 non
489 3219 701 3267 tantum
736 3211 827 3266 hic
900 3211 1300 3293 romulgaretnr
1332 3209 1433 3263 sed
1467 3209 1632 3262 etiam
1668 3208 1814 3278 typis
1848 3208 2209 3262 excuderetur

223 3283 484 3337 edietum
503 3282 575 3337 de
600 3283 850 3351 deponen
894 3282 939 3333 's
961 3296 1145 3347 armis,
1181 3279 1252 3333 de
1285 3279 1455 3345 ipsius
1489 3277 1796 3331 maioritate
1833 3284 1892 3330 et
1926 3279 2207 3347 responsio

220 3350 293 3406 ad
330 3368 541 3407 causas
573 3350 647 3406 cb
663 3367 798 3420 quas
816 3350 1224 3403 Parlamentum
1244 3345 1462 3400 dicebat
1496 3362 1556 3399 se
1591 3360 1701 3399 non
1736 3361 1899 3414 posse
1933 3362 2000 3398 ea
2028 3345 2208 3399 edicta

218 3424 566 3491 approbare.
640 3418 794 3473 Iden·
828 3419 884 3472 d.
922 3419 976 3470 d.
1015 3415 1100 3470 17.
1144 3415 1260 3472 Oct.
1290 3432 1346 3484 p.
1382 3413 1518 3468 266:
1559 3414 1679 3467 Rex
1713 3415 1867 3467 venit
1912 3414 1968 3466 in
2014 3415 2205 3468 urbem

220 3500 281 3543 et
316 3491 481 3544 serio
524 3488 817 3557 imperavit
861 3485 1072 3541 civibus
1107 3494 1170 3539 nt
1212 3501 1366 3539 arma
1409 3482 1765 3551 deponerent.
1836 3482 2047 3536 Delecti
2080 3490 2208 3536 sunt

217 3566 482 3639 quatuor
528 3557 744 3627 equites
790 3556 997 3609 ordinis
1044 3554 1180 3624 regii
1219 3554 1313 3623 qui
1359 3551 1551 3605 domos
1596 3556 1923 3604 scrutentur.
1996 3550 2207 3605 Hones-

214 3634 403 3682 tior-es
444 3626 705 3680 deserunt
737 3641 837 3678 sua
869 3642 1023 3677 arma
1056 3625 1113 3677 in
1149 3623 1368 3677 domum
1404 3621 1657 3674 civium:
1695 3619 1949 3688 opificum
1982 3627 2042 3673 et
2074 3621 2205 3673 alio·

214 3712 346 3751 rum
387 3696 708 3750 tenuiorum
732 3693 1052 3748 deferuntur
1085 3693 1144 3746 in
1179 3690 1654 3745 armamentarium
1686 3688 1911 3755 regium,
1948 3689 2040 3743 ubi
2076 3696 2207 3742 sunt

210 3766 529 3819 constituti
565 3764 659 3832 qui
694 3778 760 3815 ea
803 3764 1097 3816 aestiment
1141 3768 1199 3814 et
1242 3759 1480 3830 pretium
1513 3756 1749 3810 dominis
1783 3757 2104 3825 persolvant
2135 3774 2204 3811 ex

210 3835 379 3903 regia
418 3832 672 3903 pecunia.
744 3830 973 3885 Dirutae
1018 3836 1146 3883 sunt
1195 3829 1362 3882 etiam
1416 3826 1668 3896 speculae
1717 3841 1853 3894 quas
1904 3826 2052 3879 cives
2104 3842 2205 3895 per

204 3902 453 3972 platea·
498 3906 920 3955 construxerant
963 3899 1035 3953 ad
1078 3897 1317 3968 agendas
1352 3892 1624 3962 excubias,
1661 3894 1741 3947 ita
1775 3904 1838 3946 ut
1871 3895 1995 3948 urbi
2040 3895 2202 3948 resti-

206 3970 702 4093 maulam„
749 3969 929 4022 forma
975 3964 1388 4038 gubernationis
1439 3970 1497 4018 et
1548 3965 1658 4017 iam
1710 3962 1784 4016 sit
1828 3980 2025 4032 magna
2075 3979 2202 4033 spes

206 4046 343 4095 tran
440 4039 455 4053 ⁸
506 4039 675 4092 itatis-

345 4056 391 4109 ς
438 4106 507 4174 2)
546 4106 700 4161 Male
714 4106 932 4173 Anylus
954 4105 1146 4159 vertit:
1179 4103 1295 4157 The
1329 4099 1666 4156 inhabitants
1690 4099 1753 4154 of
1780 4100 1875 4153 the
1898 4101 2197 4170 provinces.

202 4176 522 4237 Lan-m,
570 4175 720 4229 Hm.
756 4174 851 4228 des
895 4187 1118 4255 guerras
1166 4173 1235 4227 de
1277 4172 1377 4225 rel.
1409 4186 1477 4224 en
1516 4170 1679 4224 Prov.
1716 4170 1756 4222 1.
1795 4168 1929 4221 211.-
1978 4170 2062 4223 Eu
2098 4168 2198 4224 Oc·

200 4247 381 4300 tobre
424 4247 487 4299 la
520 4245 673 4297 reine
706 4242 772 4296 at
804 4243 978 4296 scrire
1001 4259 1104 4311 par
1137 4241 1191 4295 le
1225 4241 1309 4294 roi
1344 4256 1414 4293 au
1448 4254 1805 4309 gouvsrneur,
1843 4238 1894 4291 le
1928 4246 2107 4292 comte
2129 4238 2197 4291 de

199 4314 441 4377 Tentis,
483 4313 641 4383 „qn's
679 4318 778 4366 ant
811 4327 879 4366 eu
914 4312 1159 4365 diverses
1193 4310 1425 4379 pleintes
1460 4309 1557 4362 des
1587 4306 1971 4375 deportemens
2005 4307 2074 4360 de
2110 4324 2197 4361 ses

194 4400 353 4454 gena
392 4388 601 4437 mant
720 4397 852 4435 conr
885 4382 956 4435 de
982 4380 1296 4433 Parlement
1327 4377 1396 4431 de
1427 4378 1706 4431 Provence
1742 4392 1840 4429 sur
1872 4376 2194 4430 l'execnticn

196 4462 262 4506 et
301 4456 768 4507 entretenemeut
801 4449 871 4502 de
906 4464 995 4502 ses
1038 4448 1181 4502 edita
1216 4447 1286 4500 de
1322 4445 1678 4538 pacificaticn,
1726 4443 1767 4497 il
1802 4452 1886 4499 est
1920 4446 2196 4498 contraint

194 4522 377 4576 venir
417 4537 497 4573 au
532 4519 754 4573 dernier
787 4516 1005 4572 remede
1042 4518 1135 4586 qui
1172 4524 1258 4569 est
1290 4514 1607 4568 dinterdire
1644 4519 1703 4567 et
1723 4513 1980 4567 defendi-e
2004 4512 2036 4564 t
2070 4522 2195 4567 tous

190 4589 643 4661 generalement
686 4593 868 4641 estant
915 4587 990 4639 du
1034 4602 1097 4639 co
1226 4584 1296 4638 de
1343 4583 1511 4637 ladite
1547 4583 1709 4649 Oonr,
1756 4582 1994 4647 l'entre’e,
2032 4589 2195 4635 tenne

191 4668 259 4713 et
298 4659 522 4713 adanon
556 4656 768 4711 d’ieelle
814 4662 873 4710 et
924 4671 1123 4724 suspen
1272 4653 1395 4709 leur
1444 4653 1676 4721 pouvoir
1717 4651 1934 4720 jusqu'a
1975 4667 2038 4704 ce
2086 4668 2195 4721 que

186 4729 567 4783 moment
600 4742 671 4779 en
703 4725 815 4779 soit
847 4723 1143 4778 ordonne'.“
1218 4721 1295 4775 Le
1328 4720 1417 4775 24.
1454 4720 1594 4775 Nov.
1632 4727 1797 4789 parnt
1829 4736 1901 4774 un
1948 4718 2064 4773 edit
2098 4721 2193 4789 qui

187 4794 558 4867 suspendait
591 4795 648 4848 la
680 4792 823 4849 Coun·
868 4809 936 4846 en
979 4807 1157 4846 masse
1204 4798 1261 4843 et
1311 4791 1366 4844 la
1410 4790 1729 4859 remplacait
1775 4805 1875 4856 par
1910 4805 2015 4841 une
2049 4806 2191 4841 com·

184 4866 459 4921 miasion
504 4864 574 4917 de
612 4861 681 4921 14
715 4861 985 4916 membres
1028 4861 1164 4915 dont
1207 4858 1276 4913 13
1322 4876 1391 4929 ap
1466 4858 1744 4911 rtenaient
1776 4873 1846 4910 au
1880 4856 2192 4911 Parlement

182 4936 263 4989 de
306 4933 512 4989 Paris.
546 4960 616 4973 —
912 4972 928 4998 ,
962 4929 1081 4985 Gal.
1118 4927 1251 4984 Dee.
1290 4929 1364 4982 11.
1469 4926 1534 4980 3.·
1582 4926 1680 4980 His
1717 4924 1907 4978 diebus
1941 4942 2193 4995 suppres-

183 5020 323 5057 sum
383 5008 488 5055 ent
520 5001 925 5056 Par-lamentum
970 4999 1117 5052 illius
1161 4998 1338 5067 partis
1373 4996 1583 5050 Galliae
1620 4994 1991 5048 Narbonensis
2028 5013 2189 5065 quam

180 5090 297 5129 nos
344 5070 711 5126 Provinciam
756 5084 1028 5132 vocamus,
1077 5083 1144 5120 eo
1191 5066 1338 5136 qnod
1383 5066 1622 5134 iniquius
1673 5071 1862 5132 ageret
1906 5079 2029 5116 cum
2078 5064 2190 5117 Hu-

178 5140 501 5212 gnenotis,
554 5144 615 5192 et
649 5138 801 5191 missi
853 5143 981 5190 sunt
1032 5152 1099 5189 ec
1145 5151 1213 5188 ex
1259 5135 1382 5188 aliis
1435 5132 1791 5202 parlamentis
1843 5133 1937 5201 qui
1990 5132 2190 5185 iudicia

178 5213 539 5265 exerceant.

430 5274 712 5343 &Ducis
765 5271 1097 5328 Saba-edica
1189 5271 1424 5340 Friberq
1482 5286 1571 5338 ap.
1626 5269 1879 5337 Latmum
1930 5268 2001 5323 11.
2052 5268 2187 5323 256.-

176 5351 391 5415 Qnum
456 5350 710 5398 aestuans
758 5359 825 5396 ex
863 5344 1151 5396 venatione
1203 5348 1453 5410 captaret
1502 5355 1689 5391 auram
1734 5336 2067 5407 frigidiorem
2115 5338 2185 5391 ad

2015 421 2178 482 1563
2223 416 2550 485 OO'POB.

4176 426 4298 490 174

2331 614 2557 672 tamen
2614 607 2839 672 ferunt
2893 606 3370 674 convalescere.
3453 606 3766 673 Nondum
3823 606 3996 674 diem
4053 607 4297 676 indixit

2330 691 2749 758 Bernatibus.
2774 696 2831 771 ⁴)
2923 690 3120 774 Quod
3184 701 3440 758 vestros
3515 714 3795 760 excusas
3859 693 4011 760 nolo
4076 703 4294 761 tecum

2328 776 2612 861 litigare.
2684 776 2871 843 Deus
2912 777 3133 843 iustus
3175 777 3376 844 iudex
3414 780 3624 846 iustas
3659 780 4098 863 querimonias
4139 801 4293 847 nos-

2328 869 2468 928 tras
2511 860 2838 928 exaudiet.
2928 860 3009 928 Si
3064 878 3288 930 tamen
3341 862 3721 949 diligentius
3777 865 4075 948 inquiras
4116 887 4294 932 com-

2329 949 2545 1031 peries
2587 948 2837 1032 legatos
2872 956 3130 1016 vestros
3163 958 3508 1033 postquam
3544 949 3874 1017 mandatis
3908 957 4102 1017 erant
4141 971 4293 1036 per·

2328 1034 2539 1100 functi
2593 1033 2809 1117 magis
2860 1044 3130 1100 strenue
3185 1034 3559 1101 incubuisse
3623 1037 3693 1102 in
3760 1057 4028 1103 causam
4092 1056 4293 1119 quam

2326 1119 2776 1187 Lucernanos.
2839 1120 3160 1186 Tacemus
3184 1120 3390 1187 donec
3424 1122 3882 1204 opportunitas
3904 1122 3988 1188 ad
4023 1120 4295 1205 loquen-

2328 1204 2485 1271 dum
2530 1226 2656 1271 nos
2699 1205 2958 1271 invitet.
3027 1204 3224 1287 Quod
3258 1206 3434 1289 apud
3470 1207 3946 1291 amplissimum
3987 1219 4293 1274 senatum

2326 1290 2572 1356 iterum
2616 1290 2802 1357 bonis
2845 1292 3005 1357 viris
3030 1292 3089 1368 ⁵)
3111 1292 3492 1374 ·impetrasti
3552 1291 3726 1376 quod
3770 1294 4097 1378 petebant,
4138 1314 4291 1378 gra-

2327 1375 2456 1443 tias
2515 1397 2657 1441 meo
2712 1387 2778 1442 et
2832 1397 3057 1442 eorum
3104 1378 3372 1443 nomine
3427 1377 3545 1443 tibi
3599 1400 3741 1463 ago.
3828 1378 4017 1457 Vale,
4063 1379 4291 1446 claris-

2326 1463 2493 1528 sime
2536 1462 2641 1528 vir
2682 1473 2752 1527 et
2784 1462 2952 1528 mihi
2995 1462 3374 1530 venerande
3417 1464 3636 1529 stater.
3704 1463 4034 1531 Dominus
4077 1472 4145 1531 te
4185 1466 4291 1531 in·

2326 1548 2651 1613 columem
2697 1557 2977 1626 tueatur,
3024 1549 3269 1614 virtute
3313 1550 3655 1627 sustineat,
3712 1549 4099 1634 laboresque
4140 1558 4290 1618 tuos

2328 1632 2686 1699 benedicat.
2773 1632 3198 1718 symmystis,
3245 1635 3433 1700 uxori
3478 1645 3543 1700 et
3591 1637 3708 1701 toti
3753 1635 4039 1701 familiae
4082 1636 4288 1720 pluri·

2324 1738 2506 1783 mam
2550 1719 2850 1785 salutem.
2931 1719 3245 1786 Genevae
3290 1725 3389 1785 20.
3438 1720 3744 1788 Octobris
3794 1725 3974 1787 1563.

3194 1856 3527 1922 Iohannes
3571 1856 3895 1924 Calvinus
3939 1865 4112 1926 tuus.

2322 2114 2346 2180 l
2400 2027 2885 2179 tatIomn‘llaeus
2929 2035 3082 2092 tuus
3136 2036 3518 2095 reverenter
3560 2036 3627 2094 et
3679 2050 3766 2094 ex
3810 2030 4029 2095 animo
4072 2038 4137 2095 te
4180 2052 4285 2097 sa·

2351 2135 2395 2178 u
2498 2164 2512 2179 .

3210 2658 3412 2731 4⁰88.

2841 2831 3084 2897 BEZA
3119 2832 3756 2900 BULLINGERO.

2490 3001 2862 3070 Novissima
2919 3022 2999 3068 ex
3047 3002 3286 3070 Gallia.
3363 3001 3740 3089 Goziynaeus
3793 3026 3861 3074 se
3914 3027 3957 3073 α
4011 3006 4274 3075 crimine

2326 3091 2337 3103 '
2429 3089 2442 3103 '
2503 3090 2813 3171 imputato
2869 3088 2964 3154 vel
3028 3090 3737 3174 iurevdarmispur
3854 3095 4078 3160 evult.
4167 3094 4272 3162 De

2310 3109 3290 3327 &wammam
3321 3177 3655 3258 ΨΜ·
3880 3180 3967 3244 -‚..-
3997 3179 4267 3247 “m-

2304 3431 2416 3499 (Ex
2450 3433 2790 3501 autographo
2843 3431 2976 3485 Ood.
3030 3431 3233 3486 Genev.
3281 3430 3399 3498 108,
3445 3433 3540 3490 fol.
3593 3433 3706 3489 148.
3745 3464 3811 3476 -
3846 3436 4081 3506 Sangall.
4113 3436 4261 3507 Epp-

2853 3500 2970 3555 Vol.
3006 3500 3130 3556 ΧΠ.
3167 3516 3310 3555 nunc
3341 3500 3428 3568 41,
3465 3502 3555 3557 fol.
3592 3501 3745 3572 296.)

2478 3670 2746 3736 Eximio
2811 3670 3063 3738 Christi
3128 3692 3320 3737 servo
3387 3671 3470 3738 D.
3537 3674 3833 3741 Henrico
3876 3676 4265 3761 Bullingero

2303 3757 2474 3838 patri
2531 3756 2698 3821 mibi
2741 3756 3095 3839 plurimum
3156 3756 3584 3840 observando,
3643 3761 4003 3845 Tigurinae
4057 3763 4263 3829 eccle·

2303 3841 2438 3908 siae
2483 3863 2640 3908 vere
2684 3842 2814 3909 fido
2859 3843 3122 3926 pastori.
3159 3856 3163 3861 '

3835 3934 4086 4018 Tiguri-

2475 4099 2717 4182 Accepi
2752 4099 2978 4164 literas
3027 4107 3193 4179 tuas,
3254 4101 3346 4166 mi
3381 4109 3588 4186 pater,
3635 4124 3772 4169 una
3804 4125 3953 4171 cum
3998 4125 4255 4190 germa-

2298 4186 2447 4248 nica
2507 4183 2903 4250 defensionis
2959 4184 3137 4251 illius
3195 4187 3736 4270 interpretatione
3789 4210 3986 4274 quam
4030 4192 4253 4255 statim

2297 4269 2387 4335 ad
2426 4270 2510 4335 D.
2555 4270 2950 4337 Amiralium
2994 4272 3162 4351 misi,
3224 4283 3299 4337 ut
3340 4275 3400 4338 ei
3446 4285 3705 4341 vestrae
3749 4296 3875 4360 quo
3921 4297 4005 4340 ue
4048 4275 4254 4342 eccle-

2297 4357 2431 4421 siae
2503 4353 2794 4421 studium
2852 4366 2920 4421 et
2978 4355 3385 4442 diligentiam
3431 4358 3804 4444 approbem.
3878 4297 3981 4438 (ἴε,
4026 4382 4252 4444 quem-

2297 4440 2650 4507 admodum
2704 4442 3054 4526 postremis
3111 4445 3273 4509 meis
3331 4443 3538 4511 literis
3592 4447 3975 4531 significavi,
4046 4467 4252 4530 quum

2302 4528 2654 4592 Guisianos
2719 4529 2969 4593 videret
3035 4538 3217 4594 tanto
3291 4550 3442 4596 cum
3513 4542 3835 4616 apparatu
3893 4532 3962 4597 in
4029 4533 4248 4598 aulam

2298 4615 2555 4680 venisse
2581 4617 2631 4689 ¹)
2697 4614 3016 4679 iustitiam
3075 4635 3270 4696 quam
3326 4628 3570 4682 vocant
3623 4638 3663 4683 a
3706 4638 3861 4702 rege
3905 4619 4246 4702 petituros,

2294 4853 2562 4924 quendam
2616 4855 2810 4919 rivum,
2861 4854 3017 4908 aiunt
3066 4856 3117 4909 ei
3170 4856 3353 4910 subito
3405 4854 3703 4925 obriguisse
3751 4873 3961 4911 nervos.
4030 4856 4245 4913 Dicitur

2292 4922 2532 4977 nondum
2567 4939 2686 4977 esse
2721 4930 2967 4977 mortuus
3018 4924 3114 4978 sed
3167 4926 3247 4979 ita
3297 4925 3520 4979 affectus
3565 4931 3628 4978 ut
3661 4940 3771 4978 nou
3818 4926 3892 4979 sit
3945 4943 4072 4996 spes
4123 4943 4247 4982 enm

2485 4992 2716 5045 restitui.

2493 5059 2557 5128 4)
2587 5060 2660 5124 ef.
2694 5059 2774 5115 N.
2807 5059 2964 5115 4018.
2998 5059 3154 5115 4029.
3189 5060 3343 5116 4034.

2492 5128 2555 5193 ὃ)
2595 5128 2924 5184 Peun‘sars's's.

2287 5197 2482 5253 4088.
2506 5201 2562 5264 1)
2595 5199 2852 5268 Longus!
2884 5199 2942 5253 d.
2967 5198 3020 5252 d.
3045 5196 3126 5253 1⁷.
3155 5199 3272 5255 Oet.
3295 5198 3516 5255 uass.-
3551 5200 3661 5255 Bes
3697 5206 3783 5254 est
3815 5218 4010 5270 magna
4043 5218 4243 5273 pompa

2288 5279 2424 5321 acta.
2498 5268 2700 5337 Regem
2733 5278 3108 5322 convenerunt
3141 5269 3197 5322 in
3231 5269 3438 5338 templo
3473 5275 3535 5324 et
3566 5277 3696 5324 ante
3728 5270 3906 5338 ipsum
3940 5271 4238 5339 procubue-

2289 5346 2418 5389 runt
2466 5344 2641 5390 mater
2686 5342 2744 5389 et
2790 5337 2982 5391 coniux
3020 5337 3213 5399 Guisii‚
3249 5336 3409 5392 Oard.
3447 5338 3767 5401 Borbonins,
3810 5337 3921 5393 dux
3955 5338 4024 5393 de
4058 5340 4236 5396 Mont-
