4900 6125
281 385 379 447 101

270 575 424 723 {stes
454 567 554 634 las
589 566 669 634 de
703 568 855 634 lire:
900 575 1111 653 quant
1145 576 1188 635 a
1221 590 1376 655 moy
1410 568 1471 635 ie
1502 566 2213 651 suislasd’escrire.⁴⁷)

321 671 561 739 ⁸r⁴l¹¹⁰5

422 740 765 807 Monsieur
829 747 897 806 et
961 739 1396 808 treshonnore
1460 761 1637 825 pere,
1701 748 1768 806 et
1830 758 1999 806 vous
2042 758 2214 803 mes·

267 827 463 893 sieurs
525 832 594 892 et
656 825 884 907 freres,
962 846 1157 910 apres
1225 846 1389 892 vous
1453 826 1642 893 avoir
1703 831 2010 910 presente
2074 844 2216 889 mes

266 911 691 979 tresbumbles
734 911 1391 994 recommendatione,
1433 912 1496 979 ie
1585 913 1804 998 rieray
1849 910 2000 977 dieu
2051 930 2216 977 vous

264 1018 603 1064 conserver
661 1006 731 1063 et
786 996 1122 1084 conduyrs
1175 1019 1298 1081 par
1353 1019 1475 1065 son
1574 999 1754 1065 ainct
1797 996 2022 1081 esprit.
2110 995 2217 1061 De

264 1084 399 1150 Pan
441 1104 516 1152 ce
561 1087 643 1149 23
690 1083 771 1150 de
811 1083 1053 1152 Juillet
1097 1088 1282 1151 1563.
1372 1085 1508 1151 Par

854 1220 1047 1306 celuy
1091 1221 1205 1303 qui
1250 1227 1353 1286 est
1395 1228 1578 1304 prest
1619 1241 1660 1286 a
1703 1241 1868 1286 vous
1912 1217 2096 1285 obeir

1029 1305 1244 1373 Iehan
1286 1305 1644 1391 Reymond
1687 1305 1954 1373 Merlin.

424 1476 499 1543 Ie
574 1498 739 1543 vous
804 1477 951 1561 prie
1015 1478 1180 1543 faire
1245 1483 1592 1562 presenter

256 1583 392 1629 mes
414 1561 858 1630 treshumbles
893 1563 1532 1629 recommendatione
1554 1570 1598 1629 a

255 1670 391 1715 mes
427 1648 898 1716 treshonnores
934 1658 1002 1715 et
1024 1650 1596 1735 tresmagnifiques

252 1733 639 1821 Seigneurs.

1014 2028 1427 2041 ἡ

1123 2247 1331 2319 3989.

582 2382 1326 2453 ΟΗΔΝΟΒΒΕΒΙΠΒ
1350 2387 1401 2472 ¹)
1451 2383 1891 2452 CALVINO.

414 2557 773 2624 Ecclesiam
835 2575 1027 2621 suam
1090 2556 1527 2622 ministrorum
1581 2558 1862 2638 penuria
1929 2554 2216 2622 laborare

234 2646 575 2727 queritur,
642 2647 698 2709 et
775 2660 951 2722 spem
1018 2642 1293 2706 iamin
1348 2641 1644 2708 Gaaasio
1715 2642 2005 2725 aliquam
2060 2641 2218 2724 pom·

218 2751 421 2812 posse
464 2733 703 2813 sperat.
783 2726 1034 2793 Calvini
1077 2725 1298 2793 literas
1330 2728 1708 2795 distributas
1741 2728 2001 2795 nunciat
2022 2748 2218 2809 prae-

232 2823 326 2881 ter
406 2835 635 2882 unam,
751 2811 1079 2880 oaetemm
1158 2833 1357 2894 usque
1433 2816 1650 2880 omnia
1713 2814 1785 2879 in
1847 2814 2220 2879 discrimine

228 2903 493 2969 versari
571 2899 681 2968 sed
746 2900 900 2981 pios
973 2898 1173 2980 fortia
1251 2900 1541 2967 adversis
1602 2919 1908 2982 opponere
1961 2903 2214 2982 pectora

227 2990 440 3055 rebus.

556 3160 667 3226 (Ex
706 3157 1046 3227 autographo
1082 3156 1218 3211 Ood.
1257 3157 1463 3212 Genev.
1499 3156 1618 3225 109,
1654 3158 1745 3213 fol.
1785 3157 1930 3226 126.)

404 3335 476 3398 A
524 3329 872 3396 Monsieur
913 3328 1258 3394 Monsieur
1296 3326 1536 3395 Calvin

1663 3438 1702 3479 a
1749 3414 2042 3481 Geneve.

408 3588 490 3654 S.
532 3588 609 3652 P.
648 3585 724 3653 O.
764 3587 819 3652 1.
891 3586 1155 3650 Literas
1200 3595 1365 3663 tuas,
1382 3586 1440 3663 2)
1476 3587 1812 3653 carissime
1834 3596 2219 3672 praeceptor

220 3675 471 3759 accepi
542 3674 735 3739 tertio
799 3671 961 3737 Idus
1026 3671 1201 3749 Iulii,
1267 3671 1506 3753 quibus
1584 3671 1836 3738 indicas
1902 3692 2021 3737 nos
2087 3673 2218 3737 frui

222 3761 521 3844 haudqu
611 3780 763 3824 uam
831 3778 1023 3840 posse
1094 3756 1347 3822 duobus
1415 3756 1802 3824 desideratis
1870 3759 2032 3824 viris
2106 3759 2217 3823 Vi-

216 3853 359 3914 rdo
422 3856 503 3912 et
612 3845 802 3910 assio.
827 3848 879 3921 ³)
968 3842 1197 3924 Quum
1257 3843 1351 3907 ita
1392 3844 1484 3908 sit
1539 3852 1612 3908 ιιι
1654 3842 1784 3908 illis
1830 3866 1950 3909 nos
1992 3865 2217 3910 carere

212 3940 565 4016 oporteat,
628 3931 774 3996 Deo
817 3931 890 3994 in
930 3929 1111 3995 huno
1154 3928 1422 3993 modum
1469 3929 1874 4012 disponente,
1937 3950 2071 3994 non
2116 3940 2216 3995 ta-

214 4040 385 4084 men
425 4016 732 4085 cedimus
776 4016 938 4098 quin
981 4023 1277 4081 vestrum
1324 4036 1584 4099 semper
1626 4015 2055 4099 imploremus
2097 4036 2215 4081 au-

212 4105 503 4170 xilinm.
589 4099 855 4167 Scimus
913 4110 982 4166 et
1034 4101 1317 4166 fatemur
1370 4122 1487 4166 vos
1545 4122 1804 4184 semper
1847 4102 2014 4167 bene
2059 4122 2212 4167 eon-

212 4191 501 4256 snltnrn
548 4187 860 4253 ecelesiae
919 4194 1182 4252 nostrae
1222 4194 1501 4268 optasse,
1568 4187 1742 4252 unde
1786 4186 1972 4253 vobis
2015 4187 2214 4254 habe-

210 4298 383 4342 mus
436 4275 731 4359 gratiam
774 4271 947 4355 quod
1004 4282 1295 4337 vestram
1340 4272 1597 4355 experti
1640 4274 1844 4338 simus
1889 4294 2049 4355 erga
2093 4294 2213 4339 nos

208 4384 471 4429 euram
522 4370 591 4424 et
632 4356 960 4425 eredimus
1003 4358 1191 4423 vobis
1242 4358 1522 4423 eundem
1581 4379 1851 4424 manere
1896 4360 2209 4425 animum.

208 4449 381 4515 Non
453 4455 566 4512 est
619 4443 793 4528 quod
843 4442 1057 4509 taedio
1126 4465 1242 4509 vos
1312 4444 1591 4509 afficiam
1653 4444 1953 4530 pluribus
2010 4466 2211 4529 argu-

206 4534 497 4600 mentis
556 4540 632 4594 ιιι
690 4550 807 4595 vos
866 4529 1297 4612 persuadeam
1356 4531 1524 4596 scire
1579 4551 1706 4612 quo
1757 4542 1984 4597 nostra
2038 4531 2211 4595 indi-

350 4630 387 4685 t
435 4616 721 4684 eeclesia
763 4615 1222 4681 stabilimento.
1324 4616 1496 4681 Nam
1539 4617 1676 4682 iam
1718 4617 1973 4701 pridem
2017 4636 2212 4701 saepe

204 4708 425 4772 vobis
477 4711 550 4769 et
591 4702 803 4768 literis
844 4716 911 4766 et
957 4702 1171 4767 verbis
1206 4703 1513 4767 innotuit.
1602 4703 1751 4769 Hoc
1792 4724 2000 4767 unum
2038 4702 2210 4767 dun-

200 4891 526 5025 8080(ss
552 4890 1041 5016 {mamea
1075 4960 1177 5021 (al.
1218 4960 1587 5029 Channourry
1664 4958 1749 5013 dit
1781 4958 1878 5013 deu
1915 4958 2043 5013 Mer
2156 4962 2215 5013 es*

432 5048 473 5085 r
514 5032 551 5084 ὰ
584 5030 747 5085 Blot's
790 5047 861 5084 en
898 5030 1028 5084 Mai
1072 5028 1211 5083 1558
1264 5028 1538 5091 (Bulletin
1623 5026 1719 5081 111.
1757 5025 1841 5082 73.
1900 5026 2085 5084 Gaber
2168 5026 2211 5081 1.

198 5110 259 5229 fi
354 5098 584 5235 ‚331595'2
612 5107 842 5169 pestem·
875 5101 913 5154 ὰ
954 5098 1188 5154 Ονὶέοπε
1220 5097 1316 5153 des
1354 5096 1488 5151 1559
1524 5096 1703 5162 (Bau.
1740 5095 1863 5152 ΧΠ.
1901 5094 1952 5149 8.
2024 5096 2209 5166 Hm.

448 5236 518 5296 2)

2078 379 2245 444 1563
2290 377 2475 446 IUL.

4165 381 4289 446 102

2319 574 2508 633 taxat
2565 587 2797 634 recens
2855 586 2975 651 pro
3062 588 3177 634 no:
3235 575 3531 634 nostram
3586 567 3927 635 ecclesiam
3994 567 4296 653 undique

2318 652 2723 735 circonspiei,
2783 652 2868 718 ad
2924 653 2974 718 il
3003 674 3112 720 am
3154 662 3415 720 exteros
3468 653 3906 740 undecunque
3962 654 4036 718 in
4095 655 4288 720 auxi-

2316 738 2483 805 lium
2541 738 2978 806 consiliumve
3049 740 3386 819 accedere,
3474 759 3552 805 ao
3613 761 3772 823 prae
3828 739 4082 807 eunetis
4138 739 4288 805 aliis

2317 824 2421 903 (in
2474 824 2604 892 hoe
2655 845 2728 889 re
2826 845 2865 890 o
2922 823 3187 904 saltem)
3231 846 3273 890 a
3306 824 3559 892 Satana
3601 825 3876 892 exitium
3921 825 4287 891 minitari.¹⁸⁸

2317 910 2381 976 N
2384 929 2474 975 on
2515 930 2676 994 ergo
2719 846 2974 978 gem
3014 912 3362 996 primarios
3406 919 3525 978 aut
3546 911 3782 978 heroas
3816 910 4286 978 desideramus.

2319 995 2515 1078 Quod
2574 997 2632 1062 si
2691 1015 2825 1062 non
2879 995 3076 1062 detur
3131 996 3264 1063 illis
3303 998 3453 1077 frui,
3509 997 3748 1064 saltem
3791 1016 3911 1064 vos
3955 1018 4092 1063 una
4132 1018 4288 1064 eum

2317 1082 2451 1147 illis
2511 1083 2752 1149 vestris
2813 1082 3114 1166 precibus
3167 1082 3481 1150 adiuvate
3525 1104 3666 1163 nos,
3727 1104 3893 1168 quos
3936 1084 4119 1150 scitis
4162 1083 4287 1150 sub

2321 1175 2506 1233 tanto
2562 1168 2738 1234 fasce
2796 1176 3058 1233 tantum
3129 1169 3443 1235 exerceri.
3531 1168 3862 1235 Audimus
3912 1169 4001 1235 D.
4064 1167 4290 1236 Galla-

2317 1255 2493 1319 sium
2559 1254 2642 1320 ab
2696 1253 2944 1337 Anglia
3008 1252 3240 1320 redire.
3252 1259 3310 1332 ⁴)
3413 1254 3759 1322 Pollicitus
3823 1254 4013 1322 nobis
4068 1256 4290 1321 fuerat

2319 1338 2497 1417 olim,
2543 1359 2747 1423 quum
2791 1338 3130 1425 Poyssiaei
3193 1348 3368 1406 esset
3407 1342 3476 1406 in
3520 1340 3856 1425 colloquio,
3894 1361 4026 1407 non
4070 1341 4289 1408 reluc-

2321 1434 2618 1491 taturum
2662 1424 2780 1490 ubi
2823 1425 3009 1492 Deus
3063 1446 3135 1493 se
3193 1426 3277 1492 ad
3322 1446 3442 1493 nos
3488 1425 3868 1506 destinaret,
3915 1426 4032 1493 sed
4074 1426 4289 1493 liben-

2321 1517 2423 1577 ter
2466 1511 2990 1594 obsequuturum
3024 1511 3191 1578 Deo.
3265 1510 3346 1578 Si
3389 1513 3563 1595 apud
3609 1533 3727 1578 vos
3762 1522 3865 1579 est
3902 1511 4092 1577 illum
4136 1533 4288 1596 pre-

2320 1617 2569 1676 camur,
2648 1596 2738 1663 sit
2815 1617 2974 1663 suae
3050 1598 3504 1682 promissionis
3583 1618 3841 1664 memor
3921 1610 3991 1664 et
4055 1598 4288 1665 nostri.

2319 1680 2639 1748 Vestram
2704 1684 2778 1748 in
2844 1703 2926 1749 ea
2987 1703 3062 1748 re
3126 1683 3664 1750 intercessionem
3729 1683 4159 1768 implorantes
4221 1692 4292 1750 et

2320 1768 2757 1834 autoritatem.

2494 1854 2746 1920 Ternas
2790 1874 2944 1920 cum
2986 1854 3120 1920 tuis
3162 1875 3311 1922 acce
3359 1855 3383 1919 i
3418 1854 3665 1921 literas.
3737 1853 4024 1920 Reddidi
4059 1855 4288 1921 statim

2319 1959 2483 2023 quas
2549 1939 2633 2005 ad
2692 1939 3057 2006 Dominam
3119 1940 3229 2006 des
3283 1876 3561 2026 Iflarays
3624 1941 3971 2008 scribebas.
3994 1945 4050 2017 ⁵)
4138 1942 4288 2025 Ego

2320 2024 2519 2091 hodie
2598 2047 2674 2092 ro
2762 2025 2830 2092 vi
2888 2023 3490 2110 Sanyermanum,⁶)
3563 2028 3673 2110 qui
3740 2026 3984 2094 nudius
4050 2027 4288 2093 tertius

2322 2110 2452 2177 huc
2507 2132 2679 2194 appu
2709 2112 2781 2190 it,
2840 2120 2918 2176 ιιι
2971 2132 3081 2178 eas
3137 2133 3302 2196 quas
3358 2112 3441 2177 ad
3487 2110 3761 2177 Petrum
3811 2112 4086 2197 Reqium
4128 2112 4290 2178 diri-

2369 2197 2422 2263 ‘s
2480 2198 2931 2263 transmittere
2988 2207 3175 2263 curet
3216 2196 3390 2281 apud
3432 2196 3753 2264 Sanctum
3799 2198 4165 2263 Martinum
4210 2198 4290 2265 de

2319 2218 2386 2348 fi
2432 2281 2676 2350 Gondre
2717 2282 3112 2361 Xanctonis,
3154 2286 3265 2367 qui
3325 2282 3660 2350 hominem
3702 2282 3861 2349 illuc
3906 2283 4280 2349 tendente..

2322 2366 2523 2434 habet
2587 2367 2669 2434 ad
2733 2389 3025 2434 manum.
3114 2370 3380 2435 Tertiae
3445 2390 3601 2434 vero
3667 2369 3895 2435 literae
3960 2369 4135 2453 apud
4181 2390 4289 2435 me

2321 2464 2500 2533 sunt,
2565 2475 2730 2536 quas
2786 2454 3162 2538 obsignatas
3220 2476 3429 2534 serve,
3476 2454 3684 2522 donec
3749 2456 3953 2528 sciam
4043 2475 4167 2520 uae
4201 2457 4291 2521 sit

2320 2539 2614 2606 Domina
2675 2540 2949 2607 Damion
3029 2540 3111 2606 ad
3190 2560 3390 2624 quam
3471 2540 3868 2626 diriguntur.
4043 2541 4289 2608 refecto

2321 2625 2568 2690 multos
2611 2626 2841 2709 rogavi
2886 2646 3048 2691 num
3091 2645 3236 2691 eam
3283 2637 3720 2710 agnoscerent
3754 2627 3869 2693 sed
3915 2627 4135 2694 adhuc
4172 2649 4292 2693 ne-

2321 2713 2568 2777 minem
2627 2711 2844 2793 reperi
2887 2713 2998 2794 qui
3052 2732 3197 2777 eam
3255 2712 3377 2779 hoc
3422 2712 3689 2777 nomine
3733 2713 3899 2777 mihi
3951 2712 4290 2779 indicaret.

2492 2797 2601 2862 De
2659 2807 2839 2863 statu
2896 2804 3159 2863 nostrae
3216 2798 3527 2864 ecclesiae
3582 2798 3747 2863 nihil
3819 2799 4078 2882 attingo
4134 2799 4293 2882 quia

2322 2882 2457 2949 scio
2515 2893 2580 2947 te
2635 2882 2902 2948 aliunde
2954 2885 3295 2949 certiorem
3343 2884 3585 2951 factum
3631 2905 3794 2949 esse.
3884 2883 4135 2951 Sumus
4178 2906 4292 2952 ve-

2322 2968 2443 3033 luti
2490 2989 2647 3034 oves
2712 2969 2780 3034 in
2825 2968 3041 3035 medio
3085 2969 3416 3053 luporum,
3483 2970 3682 3035 etiam
3727 2990 3986 3054 quoque
4038 2971 4137 3036 uti
4182 2992 4288 3036 ro·

2323 3075 2435 3120 sae
2480 3054 2656 3121 inter
2698 3055 2941 3138 spinas.
3031 3057 3267 3122 Ausim
3324 3076 3447 3140 ego
3492 3056 3824 3122 affirmare
3870 3078 3990 3122 nos
4032 3057 4104 3122 in
4148 3078 4290 3122 om-

2323 3139 2516 3207 nibus
2570 3141 2802 3224 premi,
2869 3140 2984 3207 sed
3046 3142 3268 3207 animo
3312 3163 3446 3207 non
3494 3144 3678 3226 angi:
3747 3143 4044 3209 laborare
4087 3165 4292 3227 quan-

2322 3234 2467 3291 tum
2534 3229 2710 3294 vires
2773 3235 3137 3310 suppetunt
3198 3228 3314 3293 sed
3394 3249 3522 3294 non
3602 3228 3897 3294 destitui:
3979 3229 4290 3314 indignas

2321 3312 2863 3395 persequutiones
2917 3314 3074 3397 pati,
3142 3314 3256 3379 sed
3303 3335 3432 3379 non
3479 3315 3720 3379 deseri:
3788 3316 4138 3380 criminum
4184 3334 4291 3380 ae-

2320 3399 2536 3463 eusari
2558 3449 2573 3475 ,
2630 3397 2744 3464 sed
2807 3420 2936 3464 non
2997 3400 3329 3467 convinci:
3381 3400 3569 3467 velut
3610 3399 4054 3484 peripsemata
4097 3400 4289 3468 deiiei

2320 3496 2390 3548 at
2448 3506 2578 3549 non
2625 3485 2892 3568 penitus
2935 3486 3236 3551 interire:
3296 3488 3392 3551 ita
3447 3497 3523 3551 ut
3579 3486 3716 3551 vita
3772 3486 3928 3553 Iesu
3974 3507 4170 3569 quam
4215 3488 4285 3551 in

2319 3571 2820 3636 mortificatione
2907 3572 3051 3636 eius
3143 3573 3669 3637 circumferimus
3693 3623 3709 3649 ,
3804 3580 4124 3655 appareat
4204 3573 4287 3637 iis

2320 3657 2431 3737 qui
2468 3668 2648 3723 recto
2693 3666 2852 3721 sunt
2909 3656 3122 3722 corde.
3215 3657 3505 3722 Proinde
3557 3675 3809 3723 vestras
3854 3658 4286 3740 imploramus

2319 3763 2569 3824 preces,
2637 3756 2714 3806 ut
2756 3744 2866 3825 qui
2925 3743 3142 3826 coepit
3199 3745 3264 3807 in
3331 3745 3521 3810 uobis
3576 3764 3739 3826 opus
3785 3745 4083 3827 perficiat
4125 3744 4286 3826 ipse.

2319 3827 2625 3911 Collegae
2681 3850 2862 3893 meos
2921 3840 3035 3893 tuo
3093 3831 3358 3894 nomine
3403 3851 3478 3895 ac
3522 3830 3798 3894 fratrum
3846 3830 4129 3895 salutavi
4172 3830 4287 3912 qui

2318 3922 2387 3977 te
2444 3934 2682 3995 eosque
2742 3935 2876 3978 una
2932 3935 3188 3980 meeum
3244 3916 3632 3991 resalutant,
3697 3928 3876 3981 tuam
3937 3918 4080 3982 Deo
4125 3914 4286 3999 Opt.

2319 3999 2499 4064 Max.
2568 3998 3108 4065 commendantes
3162 4001 3628 4077 valetudinem,
3711 4022 3907 4084 quam
3967 4002 4140 4067 tueri
4208 4021 4285 4066 ac

2317 4105 2698 4168 prosperam
2743 4082 3016 4151 reddere
3051 4086 3361 4170 dignetur
3407 4100 3595 4170 pater
3640 4087 3955 4153 coelestis.
4045 4088 4140 4152 're
4186 4088 4287 4153 vi·

2316 4169 2497 4236 debit
2540 4171 2683 4236 Deo
2729 4172 3012 4249 favente,
3057 4192 3132 4236 ac
3177 4181 3392 4239 tecum
3439 4174 3730 4238 conferet
3773 4182 4001 4239 noster
4045 4172 4285 4239 Fonta-

2312 4276 2439 4321 nus
2482 4254 2565 4321 ad
2608 4256 2932 4340 synodum
2978 4258 3256 4343 legatus.
3344 4259 3628 4323 Interim
3671 4258 3839 4324 vale.
3913 4258 4104 4324 Nono
4138 4258 4283 4325 Ka-

2311 4341 2485 4409 lend.
2532 4343 2821 4428 Augusti
2871 4347 3052 4410 1563.

2997 4479 3183 4545 Τιιιιε
3242 4502 3326 4544 ex
3372 4480 3591 4544 auimo
3635 4478 4278 4561 obsequentissimus.

3094 4564 3576 4631 Ohanorrerius
3620 4564 4175 4650 Enterengianus.

2518 4766 2576 4835 4)
2613 4768 2727 4826 Hic
2758 4784 2952 4826 revera
2987 4786 3041 4824 a.
3079 4767 3216 4822 1564
3252 4767 3538 4823 Aurelian·
3571 4784 3629 4822 se
3671 4768 3900 4824 contulit
3936 4770 4141 4840 (Haaq
4175 4770 4276 4825 lv,

2416 4838 2461 4904 )·
2520 4903 2584 4971 5)
2621 4906 2750 4962 Hac
2767 4921 2992 5030 me
3024 4906 3432 4961 desiderantur.

2521 4974 2580 5042 6)
2615 4976 2728 5030 Ges
2949 4983 3147 5031 oncant
3181 4975 3266 5030 Sr.
3303 4975 3373 5028 de
3425 4974 3483 5028 S.
3514 4972 4048 5044 German-Beuum&
4081 4974 4286 5044 (Ηαῳ

2312 5044 2381 5099 V.
2421 5040 2541 5096 166.
2576 5044 2646 5110 ef.
2752 5084 2768 5101 .
2800 5043 2980 5111 2880).

3083 5300 3517 5315 ——u—-—-
