4900 6125
310 397 384 457 45

462 577 567 644 De
609 580 799 664 regni
842 586 912 646 66
954 579 1265 648 ecclesiae
1327 587 1593 647 nostrae
1636 589 1815 649 statu
1859 581 2105 665 optime
2146 601 2252 647 re-

307 667 464 734 ferre
494 671 707 748 potest
749 666 835 731 D.
875 664 1231 745 Gallesius,
1278 668 1392 750 qui
1435 668 1597 735 istas
1640 667 1869 748 defert,
1910 675 1988 734 ut
2029 667 2133 734 his
2169 666 2250 733 de

304 751 487 818 rebus
528 751 812 818 scribere
874 751 1001 819 hoc
1052 760 1349 837 tempore
1401 774 1568 838 opus
1611 775 1743 820 non
1787 755 1893 821 sit.
1982 752 2251 820 Salutes

305 855 531 921 quaeso
587 856 735 903 meo
787 839 1058 904 nomine
1111 838 1199 904 D.
1258 837 1506 906 Beaeam
1572 860 1649 907 ae
1706 847 1999 907 caeteros
2067 860 2250 924 sym-

302 928 544 1007 mystas
586 929 758 1002 tuos,
782 924 867 988 D.
892 924 1243 991 Antonium
1264 925 1464 990 etiam
1510 926 1943 1009 professorem
1987 924 2248 991 hebrai-

301 1029 459 1075 cum.
482 1009 539 1092 ⁸)
581 1008 910 1075 Dominus
953 1009 1143 1076 Iesus
1201 1010 1515 1094 pietatem
1571 1020 1756 1077 tuam
1802 1013 1990 1079 nobis
2033 1019 2100 1077 et
2142 1032 2249 1078 ec-

300 1095 522 1160 clesiae
565 1114 724 1160 suae
776 1116 975 1178 quam
1015 1094 1384 1162 diutissime
1438 1097 1837 1164 incolumem
1883 1105 2245 1165 conservet.

296 1179 579 1246 Londini
628 1184 726 1246 19.
775 1181 952 1246 Iunii
994 1185 1178 1247 1563.

1074 1337 1550 1403 Deditissimus
1595 1338 1712 1404 tibi
1758 1338 1827 1402 in
1876 1336 2159 1402 Domino

1206 1421 1600 1489 Edmundus
1646 1422 2035 1490 Grindallus

1201 1510 1546 1593 episcopus
1590 1507 2049 1575 Londinensis.

1039 1801 1449 1812 ———-————-

1145 2053 1345 2124 397⁰.

578 2224 1032 2291 LAROHER
1056 2229 1107 2302 ¹)
1153 2227 1217 2289 A
1261 2223 1944 2292 OHASTEILLON.

442 2394 521 2461 Il
582 2401 674 2461 est
731 2396 943 2462 arr-ive
1001 2401 1056 2460 et
1126 2396 1376 2462 installe
1441 2397 1484 2462 ἀ
1544 2395 1885 2462 Her-iocari
1938 2401 1992 2461 et
2034 2397 2241 2464 'invite

270 2477 652 2547 chasteillon
722 2481 765 2546 ὰ
817 2482 874 2548 le
945 2482 1124 2548 venir
1195 2483 1365 2560 voir,
1437 2504 1512 2548 en
1580 2481 1677 2547 lui
1739 2485 2240 2552 recommendant

262 2585 377 2629 son
438 2567 569 2647 file,
640 2567 863 2633 ecolier
905 2567 945 2632 ὰ
992 2567 1172 2632 Bate.
1265 2567 1340 2632 11
1381 2568 1587 2634 desire
1630 2568 1764 2632 voir
1806 2569 1861 2633 le
1918 2567 2119 2635 libelle
2161 2571 2237 2636 de

264 2649 622 2718 Baudouin
665 2658 868 2719 contre
915 2652 1158 2719 Calvia.

596 2823 983 2894 (Autographe
1018 2825 1088 2877 de
1122 2825 1177 2876 16
1211 2823 1596 2893 Bibliotheqne
1631 2825 1701 2878 (16
1737 2824 1909 2892 8616.)

258 2995 319 3059 Δ
378 3016 548 3061 mon
618 3002 753 3061 tres
809 2996 968 3061 cher
1025 2995 1200 3061 frere
1258 2996 1354 3063 M.
1416 2994 1765 3063 Sebastien
1823 2995 2234 3064 Chasteillon

494 3083 872 3166 professeur
913 3103 1070 3168 grec
1115 3104 1197 3147 en
1243 3082 1628 3149 luniversite
1673 3082 1754 3149 de
1797 3082 2014 3149 Basle.

430 3253 508 3321 S.
560 3253 886 3320 'Prescher
966 3254 1154 3333 frere,
1228 3254 1537 3339 jarrivay
1615 3273 1776 3320 avec
1854 3262 2000 3320 tout
2074 3276 2232 3321 mon

248 3360 581 3425 mesnage
618 3362 656 3406 a
693 3339 1112 3406 Monbeliard
1157 3340 1217 3405 le
1261 3338 1583 3406 vendredi
1618 3339 1865 3405 devant
1885 3340 1987 3406 St.
2011 3341 2230 3407 Jehan

250 3434 316 3490 et
360 3425 427 3492 16
482 3429 647 3510 3661
705 3426 974 3492 suivant
1030 3426 1278 3492 fusmes
1334 3432 1741 3508 transportez
1794 3447 1834 3491 a
1876 3426 2234 3493 Hericourt

247 3522 313 3576 et
384 3520 713 3595 presente
777 3510 837 3577 le
899 3510 1250 3577 dimanehe
1312 3532 1518 3595 apres.
1542 3514 1597 3589 ²)
1696 3510 1789 3575 Et
1860 3532 2088 3595 graces
2147 3532 2231 3578 au

246 3596 754 3682 Toutpuissant
811 3606 880 3662 et
934 3597 1077 3663 seul
1136 3597 1267 3663 bon
1319 3620 1363 3681 y
1418 3617 1700 3664 sommes
1753 3616 2084 3679 pal-venus
2150 3619 2232 3663 en

244 3680 477 3750 bonne
553 3690 741 3749 sante
804 3690 876 3748 et
943 3683 1306 3767 prosper-ite
1384 3683 1779 3748 nonobstant
1848 3681 1911 3747 16
1968 3682 2232 3750 chemin

246 3770 708 3836 tresmauvais
742 3769 1067 3853 quavions
1102 3780 1337 3834 trouve
1372 3769 1627 3852 lespace
1661 3765 1742 3834 de
1777 3776 2007 3851 quatre
2028 3769 2234 3836 lienes

243 3854 749 3939 d'AJemaigne.
836 3855 1220 3941 Touttesoys
1276 3857 1347 3938 36
1404 3876 1451 3939 y
1495 3876 1582 3938 ay
1624 3862 1764 3920 este
1807 3854 2029 3920 fasohe
2073 3857 2235 3921 trois

242 3961 331 4005 ou
381 3951 641 4025 quatre
674 3944 829 4025 jour
872 3940 1025 4006 d’un
1086 3948 1339 4006 6666116
1382 3960 1509 4023 666
1567 3938 1629 4005 16
1672 3938 2111 4024 changement
2154 3941 2235 4007 de

242 4025 375 4091 1611
422 4028 695 4094 mavoit
738 4047 949 4093 cause.
1031 4027 1206 4092 Mais
1239 4028 1357 4109 366
1403 4046 1489 4112 ay
1531 4034 1671 4092 este
1714 4034 1962 4093 tantost
1998 4047 2231 4112 gnery,

240 4110 429 4179 Dieu
481 4134 734 4199 mercy.
822 4112 909 4178 Je
975 4133 1137 4179 vous
1189 4132 1275 4196 ay
1337 4112 1542 4178 vonlu
1601 4109 1892 4177 advertir
1948 4110 2029 4177 de
2074 4131 2234 4196 cecy

240 4218 329 4263 au
378 4199 691 4282 plustost
732 4220 859 4282 que
890 4200 1007 4284 jay
1052 4219 1177 4282 peu
1224 4219 1265 4264 a
1308 4199 1399 4263 fin
1444 4218 1617 4281 quen
1653 4197 2077 4265 advertissiez
2112 4218 2234 4264 nos

458 4489 533 4551 3)
575 4488 710 4544 Ant.
750 4488 1049 4544 Omani&
1079 4486 1184 4557 (N.
1221 4485 1385 4552 3030)
1430 4486 1705 4543 stenelus·
1744 4502 1910 4558 aanor
1944 4493 1995 4542 et
2028 4503 2233 4545 neees-

232 4574 333 4613 eor
369 4560 441 4614 in
480 4557 756 4615 mandra
790 4558 1049 4613 hebraica
1344 4556 1355 4569 ‘
1402 4558 1413 4569 '
1449 4571 1478 4610 e
1513 4555 1649 4610 1569
1684 4557 1819 4613 obiit
1853 4573 1906 4611 a.
1946 4555 2097 4611 1572.

230 4627 439 4684 8270.
468 4628 533 4695 1)
578 4626 735 4681 Pour
779 4625 1065 4697 completa·
1105 4641 1164 4681 ce
1197 4641 1301 4695 que
1344 4640 1486 4680 nous
1528 4642 1705 4681 avom
1749 4626 1833 4682 dit
1874 4626 2102 4681 ailleurs
2134 4641 2234 4681 m

230 4699 337 4765 lui,
374 4712 545 4753 nous
582 4694 646 4751 a·
801 4712 903 4751 ons
936 4694 1074 4765 qu’a
1103 4696 1237 4750 έωιέ
1270 4693 1341 4749 ne'
1375 4697 1414 4750 ὰ
1448 4694 1753 4751 Βονάαιιω
1790 4710 1914 4751 cors
1949 4694 2102 4749 1516.
2175 4695 2236 4751 11

228 4773 473 4823 noum
512 4767 559 4821 ὰ
655 4762 891 4820 &ricem
923 4780 991 4819 en
1026 4762 1182 4818 1588.

460 4834 533 4899 2)
576 4832 658 4887 Le
695 4831 781 4887 22.
810 4833 996 4903 juillet
1032 4834 1085 4887 16
1122 4834 1349 4902 regente
1383 4832 1452 4886 de
1487 4832 1857 4888 Montbdliard
1891 4850 2135 4889 annones
2163 4850 2233 4887 an

228 4905 343 4958 dno
364 4902 746 4971 0611666666,
776 4901 885 4956 1’611
921 4903 1020 4956 (166
1053 4908 1269 4955 66661116
1304 4902 1379 4955 du
1404 4901 1571 4971 jeune
1606 4910 1781 4956 comte
1817 4902 2090 4969 Frederic,
2127 4919 2233 4973 que

226 4973 381 5028 Jenn
422 4975 521 5028 Ar
573 4971 755 5024 nerins
801 4987 835 5024 a
878 4971 967 5025 666
1015 4971 1235 5024 16666116
1282 4971 1336 5025 16
1382 4971 1518 5025 mois
1552 4970 1847 5040 precedent
1877 4972 2129 5026 ministre
2163 4971 2235 5025 de

226 5043 461 5113 l’eglise
494 5041 537 5095 d
613 5040 867 5101 sticourt,
897 5046 955 5094 et
984 5040 1114 5110 qn’il
1141 5039 1366 5094 devient
1393 5048 1594 5108 urgent
1623 5041 1691 5095 de
1716 5039 2008 5111 congedier
2030 5041 2083 5094 16
2106 5040 2233 5094 eure

226 5112 301 5165 de
341 5118 512 5165 cette
556 5108 687 5163 ville
733 5116 790 5162 66
835 5108 907 5163 (16
949 5124 1290 5163 commencer
1324 5112 1360 5163 a
1393 5108 1594 5163 etablir
1627 5109 1681 5162 16
1715 5109 1946 5164 reformo
1980 5108 2118 5163 dans
2154 5111 2231 5164 les

268 5182 281 5192 '
526 5178 634 5231 des
669 5177 1001 5247 seigneuries
1034 5176 1398 5244 d‘Herieonrt,
1434 5177 1688 5232 Chatelot
1722 5178 2062 5245 6601616666,
2096 5179 2234 5232 dont

222 5252 309 5305 166
414 5248 689 5304 abit-ants
740 5248 1049 5316 paruissent
1100 5246 1348 5315 dispones
1403 5249 1437 5301 6
1487 5246 1814 5303 1’6666611111.
1885 5246 2229 5319 (Ducernoy,

224 5315 490 5389 Ephe*
532 5331 596 5385 p.
632 5313 753 5383 272,
788 5331 956 5386 comp.
994 5315 1126 5372 abia.
1158 5331 1215 5385 p.
1251 5313 1371 5384 329,
1406 5331 1482 5370 aa
1516 5314 1587 5369 30
1620 5313 1771 5373 Anat
1806 5314 1987 5383 1565.)

2111 396 2276 460 1563
2322 391 2510 461 ῙΠΝ.

4231 399 4320 461 46

2355 581 2523 645 amis
2568 601 2609 646 a
2650 579 2908 646 soavoir
2954 578 3221 658 Suzaere,
3274 578 3531 663 Opon‘n,
3574 578 3639 646 16
3683 578 3983 647 medecin
4028 578 4242 665 Reque
4257 585 4317 662 ⁸)

2353 676 2424 732 et
2467 687 2623 733 mon
2668 665 2794 731 filz.
2865 665 2953 733 Je
2995 686 3161 731 vous
3205 666 3348 749 prie
3385 665 3467 730 sil
3514 675 3619 732 est
3658 665 3942 749 possible
3986 686 4115 749 666
4150 688 4318 734 6666

2351 753 2584 818 veniez
2630 754 2776 819 voir
2816 772 2887 818 66
2922 753 3109 835 36616
3150 751 3541 818 66616611616
3585 759 3653 818 66
3695 773 3822 836 666
3860 753 4150 817 ameniez
4189 753 4318 819 Ni-

2351 837 2564 904 cokws
2606 859 2689 903 en
2733 837 2979 904 faisant
3022 857 3144 920 par
3176 839 3334 921 jour
3376 837 3550 903 deux
3600 835 3805 905 lienes
3848 846 3916 904 et
3957 859 4085 921 666
4128 860 4317 905 sous-

2354 923 2661 1008 tiendray
2726 923 2824 989 les
2867 923 3031 988 fraiz
3085 921 3363 1008 diceluy.
3425 926 3586 989 'Oar
3643 945 3718 990 sa
3772 944 3952 989 mere
3997 922 4210 990 desire
4253 924 4317 991 le

2352 1010 2513 1076 voir.
2598 1010 2686 1076 Je
2745 1008 2809 1075 le
2880 1030 3042 1076 vous
3113 1007 3575 1075 recommande
3632 1013 3961 1093 tousj0urs
4022 1020 4091 1074 et
4150 1030 4317 1077 vous

2350 1097 2494 1179 prie
2538 1115 2703 1161 vous
2745 1094 3031 1179 prendre
3085 1092 3289 1178 garde
3332 1095 3414 1159 sil
3457 1116 3607 1161 sera
3664 1145 3891 1162 ......
3916 1100 3972 1172 ⁴)
4014 1116 4148 1161 aux
4190 1095 4317 1161 let-

2351 1191 2486 1247 tres
2531 1188 2600 1247 et
2642 1180 2724 1246 sil
2769 1183 3003 1262 profite
3046 1191 3114 1246 et
3156 1181 3471 1246 continue
3517 1179 3727 1247 daller
3769 1201 3809 1245 a
3850 1179 4104 1247 lescole.
4185 1180 4312 1246 Di-

2349 1277 2448 1333 tes
2493 1287 2534 1332 a
2576 1266 2880 1332 Bemurd
2923 1287 3050 1350 que
3085 1268 3156 1349 36
3199 1266 3262 1331 16
3304 1267 3448 1350 prie
3490 1267 3630 1351 quil
3671 1267 3734 1332 le
3777 1266 4086 1334 conduise
4135 1273 4314 1334 tous·

2339 1355 2529 1436 jours
2570 1350 2721 1418 bien
2758 1363 2827 1418 66
2868 1374 2994 1436 666
3028 1355 3099 1436 36
3143 1353 3206 1417 16
3249 1352 3366 1437 luy
3429 1373 3805 1439 renverray.
3895 1354 4088 1419 Dites
4133 1355 4313 1419 aussi

2348 1439 2535 1503 audit
2581 1438 2846 1504 Nicolas
2888 1459 3017 1521 666
3064 1440 3135 1521 36
3194 1438 3315 1523 luy
3360 1438 3602 1504 mande
3646 1440 3783 1523 quil
3840 1439 3968 1504 soit
4019 1438 4149 1505 bon
4194 1460 4312 1505 en-

2345 1525 2493 1589 fant
2534 1545 2620 1589 66
2664 1524 2904 1590 faisant.
2945 1523 3080 1588 mal
3126 1543 3165 1587 6
3208 1544 3555 1607 personne,
3600 1525 3740 1608 quil
3784 1545 3977 1610 syme
4022 1526 4198 1591 Dieu
4246 1536 4315 1591 66

2345 1609 2550 1692 garde
2592 1631 2696 1675 ses
2752 1609 3327 1675 commendemens
3385 1619 3452 1674 et
3509 1631 3636 1693 que
3692 1611 3757 1677 le
3813 1611 3955 1694 prie
4012 1619 4160 1676 tous
4213 1610 4312 1676 les

2336 1698 2524 1779 jours
2567 1697 2701 1761 afin
2747 1696 2884 1778 quil
2927 1697 3056 1762 soit
3098 1715 3260 1762 aveo
3305 1696 3420 1780 luy
3444 1703 3514 1760 et
3549 1695 3612 1761 16
3635 1696 3960 1764 conduise.
4029 1695 4311 1762 Mandez

2345 1783 2480 1847 moi
2523 1779 2604 1846 de
2648 1803 2764 1847 vos
2810 1781 3166 1848 nouvelles.
3254 1781 3374 1847 Ma
3425 1781 3667 1849 semme
3726 1791 3792 1847 et
3852 1804 4005 1867 moy
4050 1781 4313 1848 saluent

2343 1866 2410 1931 la
2452 1875 2676 1933 vostre
2719 1875 2786 1932 et
2845 1877 3024 1933 toute
3083 1875 3302 1933 vostre
3359 1866 3628 1933 famille.
3716 1867 3911 1934 Dites
3965 1891 4005 1935 a
4051 1867 4313 1934 Nicolas

2343 1973 2474 2036 666
2518 1974 2593 2018 66
2636 1973 2835 2032 16616,
2882 1953 2948 2018 16
2980 1973 3267 2029 1661666,
3314 1974 3430 2019 son
3469 1954 3680 2037 grand
3715 1975 3889 2038 pere,
3949 1975 4053 2020 666
4088 1953 4310 2020 oncles

2343 2048 2411 2104 et
2451 2046 2670 2104 tantes
2732 2060 2802 2105 se
2861 2038 3398 2105 recommandent
3439 2060 3480 2103 a
3512 2037 3652 2126 luy.
3745 2043 3912 2106 Dieu
3959 2041 4086 2105 soit
4129 2046 4310 2105 tous-

2334 2127 2522 2208 jours
2568 2144 2725 2190 avec
2769 2145 2934 2192 vous
2986 2132 3055 2192 66
3115 2124 3212 2190 166
3272 2134 3543 2191 vostres.
3636 2127 3867 2192 Amen.
3954 2125 4052 2192 Oe
4097 2128 4178 2189 26
4225 2124 4307 2190 de

2348 2211 2483 2276 ‘uin
2581 2214 2762 2276 1563.

2333 2234 2363 2294 J
2490 2233 2600 2365 8:10
2642 2316 2809 2363 vous
2853 2296 2996 2378 prie
3040 2304 3417 2379 mapporter
3469 2319 3554 2363 ou
3598 2317 3894 2381 envoyer
3936 2295 4307 2364 Balduinus

2344 2391 2570 2449 contre
2617 2380 2844 2449 Calvia
2888 2390 2954 2448 66
2997 2402 3150 2448 men
3194 2403 3545 2450 recouvrer
3589 2404 3746 2469 ung.

3578 2520 3679 2586 Le
3720 2527 3866 2585 tout
3907 2525 4133 2586 vostre

3607 2605 3674 2673 J.
3724 2605 4106 2689 Arquerius.

3222 3116 3414 3189 3971.

2858 3271 3293 3340 ZANCHUS
3340 3270 3778 3339 CALVINO.

2518 3441 2686 3522 Quid
2728 3444 2979 3510 consilii
3019 3445 3249 3527 ceperit
3267 3444 3329 3509 si
3372 3444 3572 3509 denuo
3595 3441 3946 3509 Lutherani
3979 3442 4298 3527 subscrip-

2336 3525 2497 3592 tione
2539 3547 2661 3594 sua
2695 3549 2819 3595 non
2861 3531 3128 3596 contenti
3169 3530 3341 3595 ultra
3381 3534 3661 3613 uryeant.

2612 3699 2719 3765 (nx
2758 3700 2898 3770 cpp.
2932 3701 3139 3755 zanobi
3175 3700 3336 3756 Tom.
3373 3700 3526 3754 v111.
3562 3700 3626 3753 P.
3664 3700 3739 3755 11.
3775 3717 3829 3769 p.
3867 3699 4010 3767 153.)

2512 3869 2583 3936 S.
2630 3871 2824 3952 Quod
2870 3871 3124 3938 tardius
3179 3874 3368 3951 sorte,
3425 3890 3623 3956 quam
3683 3870 4125 3955 exspectabas,
4182 3872 4296 3938 ob-

2336 3955 2849 4024 servandissime
2892 3966 3080 4042 pater
3129 3955 3406 4037 Calvino,
3453 3956 3902 4040 respondeam,
3937 3959 3984 4035 ¹)
4039 3957 4109 4023 id
4152 3957 4297 4024 ideo

2335 4042 2431 4121 fit,
2477 4043 2651 4126 quod
2695 4042 2943 4110 tardius
2998 4044 3196 4110 etiam
3254 4064 3450 4127 quam
3505 4042 3809 4110 volebam
3866 4043 4131 4109 domum
4193 4066 4298 4109 re-

2337 4148 2569 4195 versus
2584 4128 2641 4213 ²)
2696 4138 2845 4195 tuas
2902 4131 3124 4215 accepi
3184 4130 3429 4207 literas,
3495 4129 3811 4195 nimirum
3871 4133 3948 4193 13
4022 4129 4296 4196 11616666

2336 4214 2585 4279 mensis
2641 4215 2834 4281 Iunii.
2933 4216 3197 4282 Placuit
3251 4224 3439 4280 tuum
3493 4215 3855 4281 consilium.
3879 4218 3934 4291 ⁸)
4021 4214 4294 4281 Faciam

2336 4299 2543 4383 igitur
2566 4308 2642 4365 ut
2669 4301 2976 4381 consulis,
3000 4301 3193 4368 modo
3227 4302 3402 4367 iusta
3422 4302 3672 4368 occasio
3693 4302 3859 4367 mihi
3881 4299 4095 4379 (16661,
4117 4308 4294 4383 post-

2337 4406 2617 4467 eaquam
2680 4389 2751 4455 in
2795 4388 3084 4455 scholam
3130 4408 3434 4454 reversus
3493 4409 3717 4453 meum
3763 4406 4039 4470 coepero
4081 4386 4295 4453 facere

2336 4472 2645 4539 officium.
2736 4472 3032 4540 Omnino
3073 4475 3248 4541 enim
3303 4474 3376 4538 in
3441 4473 3734 4539 scholam
3777 4474 3961 4556 prius
4005 4492 4147 4538 6666
4189 4494 4295 4538 16-

2336 4556 2688 4640 deundum,
2734 4567 2801 4625 et
2842 4559 3046 4626 libere
3087 4559 3204 4627 sed
3245 4579 3397 4625 eum
3441 4558 3764 4625 modestia
3798 4557 4180 4637 docendum,
4226 4566 4294 4623 et

2334 4642 2490 4708 inde
2534 4665 2664 4709 non
2711 4644 3171 4729 quaerendam,
3215 4644 3332 4711 sed
3375 4644 3887 4728 exspectandam
3929 4665 4071 4710 6666
4107 4664 4288 4711 occa-

2539 4901 2598 4969 3)
2633 4919 2758 4958 non
2792 4902 3047 4957 donem.

2538 4970 2599 5035 4)
2637 4979 2746 5027 mot
2779 4972 3012 5026 ae’llo’sible.

2332 5037 2510 5093 8071.
2527 5040 2587 5102 1)
2632 5040 2716 5106 Of.
2749 5040 2832 5096 N.
2865 5039 3022 5095 3954.

2540 5108 2602 5175 2)
2639 5125 2706 5164 os
2739 5110 2934 5164 itinere
2965 5111 3029 5164 in
3074 5106 3280 5163 Vellem
3326 5106 3588 5162 Tatina-⁸
3623 5107 3820 5161 uxoris
3850 5106 4096 5175 patriam
4120 5106 4270 5171 facto

2337 5176 2606 5234 Rodien&
2638 5181 2787 5236 cirea
2823 5177 2966 5233 Idus
3000 5178 3220 5233 Iunias.
3290 5175 3566 5242 (Schmidt
3638 5216 3650 5228 .
3687 5174 3835 5242 670.)

2540 5247 2600 5314 3)
2631 5253 2816 5302 κέναι
2848 5247 3222 5303 dimissionem
3250 5243 3533 5315 pontum-e
3645 5245 3766 5303 beat
3817 5260 3894 5299 an
3931 5244 4293 5316 Argentum&

2332 5332 2568 5385 manere,
2603 5322 2656 5373 et
2688 5317 2889 5387 quibes
2922 5314 3340 5373 maiacum
