4900 6125
281 399 389 462 257

1145 585 1353 656 4⁰81).

868 739 1151 808 SPINA
1193 740 1635 810 OALVINO.

442 911 696 979 Caluini
739 913 1043 996 afflictam
1085 913 1505 980 valetudinem
1555 933 1783 998 mopso
1838 933 1980 980 cum
2021 913 2235 981 dolore

279 999 556 1066 audiisse
609 1003 890 1066 testatur.
986 999 1400 1067 Percontatur
1462 999 1538 1066 de
1586 999 1877 1066 Perroteo
1919 1000 2231 1066 ministro·

589 1170 702 1240 (Ex
736 1171 1078 1241 autographo
1109 1170 1238 1226 Cod.
1264 1170 1473 1225 Gener.
1512 1168 1633 1240 110,
1666 1170 1759 1227 sol.
1794 1169 1908 1240 30.)

442 1339 825 1407 Clarissimo
902 1342 1048 1408 viro
1095 1341 1178 1407 D.
1225 1339 1467 1407 Carolo
1525 1342 1820 1410 Passelio
1890 1343 2066 1427 patri
2131 1342 2233 1409 in-

278 1427 501 1511 primis
542 1426 972 1495 observando.

1727 1513 2062 1581 Genevae.

445 1684 681 1749 Nullas
725 1683 859 1748 iam
903 1682 1154 1749 dudum
1194 1682 1425 1751 literas
1468 1704 1508 1748 a
1553 1692 1619 1750 te
1667 1684 2072 1768 accepimus,
2115 1706 2232 1769 pa-

279 1782 377 1836 ter
436 1771 715 1853 optime,
784 1769 1022 1853 quibus
1085 1768 1491 1837 valetudinis
1557 1779 1709 1837 tuae
1774 1770 2099 1836 rationem
2165 1778 2236 1837 et

276 1866 518 1923 statum
563 1876 1122 1940 cognosceremus.
1201 1854 1471 1921 Interea
1511 1876 1718 1955 quum
1762 1854 1846 1922 de
1889 1865 1957 1922 te
2020 1865 2090 1922 et
2128 1877 2234 1923 re-

276 1941 395 2008 bus
449 1943 586 2007 tuis
638 1962 722 2007 ex
766 1940 875 2006 his
933 1951 1401 2024 percontamur
1453 1962 1567 2024 qui
1624 1963 1666 2008 a
1717 1941 1902 2009 vobis
1960 1940 2046 2008 ad
2113 1963 2234 2010 nos

275 2028 567 2106 veniunt,
615 2025 1017 2110 respondent
1057 2025 1232 2110 quod
1274 2028 1418 2093 sine
1448 2026 1735 2093 maximo
1768 2027 1976 2093 animi
2010 2027 2234 2095 dolore

274 2113 499 2178 audire
556 2134 688 2179 non
734 2132 1115 2196 possumne,
1181 2112 1350 2177 nihil
1406 2113 1480 2177 in
1525 2123 1593 2177 te
1635 2133 1873 2178 sanum
1915 2134 2061 2180 esse
2104 2113 2234 2179 nisi

273 2199 568 2264 animum
586 2249 602 2277 ,
659 2197 1120 2281 corpusculum
1163 2207 1384 2264 autem
1428 2203 1698 2263 σκέλετον
1732 2196 1887 2263 εἶναι
1927 2202 2032 2264 καὶ
2073 2200 2237 2280 σῆμα

271 2286 496 2364 μᾶλλον
552 2280 589 2361 ἢ
636 2286 857 2364 aspa:
914 2285 1052 2348 vim
1119 2283 1299 2349 illius
1342 2304 1610 2350 omnem
1652 2284 2048 2351 exhaustam
2092 2306 2236 2352 esse

269 2371 717 2454 superioribus
760 2369 1126 2448 laboribus,
1191 2379 1259 2435 et
1299 2369 1358 2435 si
1414 2367 1572 2453 quid
1616 2370 1861 2456 vigoris
1904 2369 2120 2438 adhuc
2163 2372 2235 2436 in

269 2467 337 2521 te
378 2465 711 2539 superest,
770 2453 839 2520 id
883 2456 1061 2522 curis
1102 2454 1408 2521 consumi
1448 2475 1610 2539 quas
1652 2454 1915 2522 assidue
1958 2476 2081 2540 pro
2124 2477 2233 2523 ec-

269 2541 490 2608 clesiis
543 2541 842 2624 suscipis,
945 2541 1130 2608 Deus
1186 2539 1386 2619 bone,
1452 2560 1651 2624 quam
1712 2539 1918 2607 durus
1973 2551 2075 2608 est
2127 2542 2236 2609 hic

269 2629 550 2694 nuncius
592 2627 815 2705 nobis,
856 2627 974 2709 qui
1018 2626 1225 2693 vitam
1271 2637 1564 2693 nostram
1610 2637 1822 2693 morte
1864 2637 1982 2693 tua
2023 2627 2233 2694 liben-

270 2722 376 2778 ter
416 2721 970 2781 commutaremus
988 2762 1004 2790 ,
1070 2713 1126 2775 εῑ
1167 2708 1413 2776 adumar
1453 2714 1562 2790 εἴη.
1649 2712 2012 2779 Metuimus
2055 2713 2235 2780 enim

268 2820 389 2877 ne,
434 2799 491 2864 si
536 2798 621 2865 ad
664 2796 1110 2864 ulciscendam
1153 2797 1384 2863 muudi
1426 2798 1853 2882 impietatem,
1897 2799 2012 2882 qui
2056 2813 2233 2866 certe

265 2897 337 2950 te
390 2886 618 2968 tuique
676 2883 1006 2950 similibus
1061 2882 1377 2968 indignus
1430 2893 1567 2959 est,
1633 2893 1701 2950 te
1743 2883 1931 2950 nobis
1975 2886 2230 2969 eripiat,

263 2969 334 3036 id
380 2969 570 3035 nobis
613 2968 865 3036 accidat
906 2967 1079 3052 quod
1122 2969 1437 3035 abortivis
1477 2968 1797 3036 fructibus
1839 2991 1966 3036 usu
1999 2972 2231 3037 venire

261 3055 603 3135 videmus,
648 3064 726 3121 ut
768 3053 1075 3137 videlicet
1117 3066 1474 3139 antequam
1517 3055 1656 3122 nati
1701 3055 1839 3123 sint
1880 3056 2228 3123 intereant.

261 3141 403 3211 Sed
461 3142 732 3208 meliora
796 3163 880 3208 ex
936 3141 1082 3207 Deo
1139 3161 1513 3226 speramus,
1592 3142 1704 3226 qui
1762 3140 1950 3207 nulla
2003 3152 2232 3208 nostra

256 3229 612 3313 iniquitate
683 3226 1050 3311 prohibitus
1113 3226 1615 3294 beneficentiam
1683 3247 1870 3293 suam
1937 3228 2230 3310 quotidie

257 3317 336 3381 in
383 3334 506 3381 nos
549 3321 652 3379 tot
694 3312 907 3379 modis
957 3311 1278 3390 declarat,
1345 3321 1419 3378 ut
1476 3310 1773 3380 dubitare
1830 3333 1964 3378 non
2019 3314 2227 3397 possi-

253 3423 417 3468 mus
460 3400 645 3466 illam
688 3419 834 3465 esse
891 3397 1196 3464 omnibus
1253 3398 1521 3483 flagitiis
1564 3413 1632 3464 et
1673 3398 2028 3465 sceleribus
2072 3419 2227 3465 nos-

255 3489 387 3554 tris
431 3485 639 3552 multo
681 3484 1102 3568 superiorem.
1190 3486 1512 3550 Attamen
1553 3493 1621 3549 te
1664 3504 1894 3551 omnes
1936 3485 2225 3552 obtesta-

252 3594 449 3651 mur,
508 3592 629 3656 per
691 3570 1206 3637 misericordiam
1263 3568 1516 3636 Christi
1581 3579 1650 3635 et
1712 3590 1865 3635 eum
1933 3590 2225 3636 amorem

253 3680 394 3744 quo
459 3656 804 3724 ecclesiam
868 3676 1176 3739 sponsam
1221 3655 1401 3721 illius
1444 3656 1892 3740 amplecteris,
1968 3664 2047 3721 ut
2103 3654 2225 3722 tibi

251 3744 681 3828 aliquantum
723 3763 988 3825 parcas,
1043 3751 1112 3808 et
1143 3741 1214 3805 in
1261 3741 1386 3808 hoc
1426 3742 1606 3807 flexu
1648 3742 1888 3808 aetatis
1930 3760 2084 3807 eum
2127 3742 2225 3807 la-

251 3828 532 3897 boribus
589 3829 725 3893 tuis
767 3826 1037 3894 modum
1093 3836 1348 3926 statuas
1413 3848 1608 3911 quem
1671 3826 1790 3893 tibi
1867 3826 2223 3894 salutarem

250 3937 408 3983 w
437 3932 1288 4069 ffiuffigsgffiovaeimffia
1327 4007 1690 4097 transeam:
1747 3996 2014 4097 quidam
2064 3997 2221 4063 Per-

248 4092 488 4165 roms,
518 4088 568 4165 ¹)
612 4084 724 4169 qui
763 4084 838 4149 in
872 4105 1032 4169 agro
1066 4084 1456 4150 Bernatium
1496 4084 1866 4149 ministerio
1898 4083 2221 4169 fungitur,

249 4170 531 4255 scripsit
573 4192 786 4254 nuper
848 4168 1005 4253 πρὸς
1059 4169 1191 4244 τούς
1233 4168 1407 4249 ἡμῶν
1450 4172 1896 4254 πρεσβυτέρους,
1940 4190 2012 4237 se
2056 4167 2224 4236 desi·

249 4258 446 4324 derio
509 4257 762 4341 patriae
827 4256 1042 4323 adhuc
1109 4256 1320 4355 teneri
1335 4306 1362 4356 ,ο
1419 4276 1624 4355 quum
1699 4255 1926 4321 mallet
1963 4254 2225 4323 labores

243 4340 875 4507 &mm
908 4339 2224 4526 (ἒιῗὲῗωίῙ-ᾗθῖιὲἓὲῑιυὲἛΐοέζυέἓὲ

243 4515 342 4581 de
413 4513 711 4581 doctrina
775 4524 843 4579 et
906 4513 1199 4579 moribus
1261 4512 1444 4578 illius
1509 4512 1736 4596 quales
1802 4520 1938 4577 sint
2000 4531 2087 4577 ex
2157 4519 2223 4578 te

239 4622 406 4669 com
556 4620 671 4665 um
713 4597 1089 4665 habeamus.
1161 4597 1314 4667 Non
1359 4598 1538 4664 enim
1595 4619 1819 4664 carere
1853 4597 2223 4681 suspicione

480 4686 552 4751 in
593 4684 998 4770 collegarum
1039 4685 1300 4763 exsilio,
1360 4705 1638 4768 quorum
1713 4702 1984 4750 causam
2047 4683 2222 4751 tueri

297 4773 631 4849 ebuisset,
676 4771 812 4838 illic
856 4770 970 4836 diu
1015 4791 1167 4836 cum
1213 4771 1358 4836 aliis
1403 4770 1683 4853 turpiter
1725 4770 2061 4849 manserit,
2108 4770 2219 4852 qui

241 4857 646 4924 hominibus
686 4856 957 4941 obsequi
998 4865 1069 4921 et
1111 4856 1470 4942 gratificari
1511 4854 1774 4921 malunt
1816 4876 2012 4940 quam
2057 4855 2217 4921 Deo.

241 4943 721 5011 Periculosum
801 4964 947 5010 esse
1009 4942 1385 5026 quempiam
1447 4942 1519 5007 in
1586 4950 1852 5007 nostras
1914 4939 2222 5008 ecclesias

243 5030 616 5096 admittere
679 5028 790 5111 qui
855 5029 928 5094 in
992 5026 1289 5095 doctrina
1352 5035 1472 5093 aut
1534 5025 1882 5111 disciplina
1938 5047 1980 5092 a
2033 5027 2223 5094 nobis

241 5114 633 5194 dissentiat,
675 5135 953 5199 quarum
998 5114 1341 5181 sinceritas
1383 5114 1471 5179 sit
1508 5114 1686 5179 omni
1722 5111 1941 5180 studio
1975 5132 2015 5178 a
2035 5111 2224 5180 nobis

243 5323 548 5387 *soson
591 5320 1962 5389 nmemnmaueusuepawiaoequm.

477 5408 906 5478 οαιοὴᾱοραα.
983 5405 1094 5461 vot.
1137 5402 1274 5461 xx.

1953 401 2117 464 1564
2159 397 2629 468 FEBRUAR.

4170 404 4304 468 268

2332 606 2493 824 Ξιιίᾱ
2538 595 2891 739 ᾶὶἛοωοι
2932 673 3077 740 eius
3111 586 3660 773 gozergffaqgtiess
3723 596 4129 744 seeumuznig
4140 640 4160 670 ⁹
4180 595 4301 743 dg}

2379 778 2571 825 ucere
2613 758 2850 839 vellet,
2903 758 3064 843 quid
3105 779 3379 842 mquam
3422 760 3505 827 de
3548 769 3830 845 utroque
3872 761 4154 841 sentias,
4211 759 4303 829 ad

2334 864 2459 911 nos
2517 844 2804 910 scribere
2862 844 3049 912 velis.
3133 845 3498 913 Metuimus
3553 847 3734 912 enim
3798 867 3886 913 ne
3927 845 4304 914 doctrinam

2333 928 2955 1013 praedestinationis
3054 951 3252 1015 quam
3341 932 3678 1015 sequimur
3756 932 4140 1018 repudient,
4228 936 4301 1001 et

2336 1014 2756 1100 disciplinam
2772 1066 2788 1094 ,
2854 1036 3053 1100 quam
3117 1014 3450 1084 doctrinae
3504 1039 3784 1086 nervum
3827 1040 3973 1086 esse
4015 1019 4301 1086 arbitra-

2333 1121 2516 1179 mur,
2573 1122 2710 1168 non
2766 1121 2834 1166 m
2969 1122 3166 1186 opere
3221 1112 3474 1170 curent.
3570 1103 3710 1171 Nos
3763 1112 3987 1172 autem
4039 1104 4302 1173 nullum

2335 1185 2688 1253 consilium
2730 1186 2814 1253 de
2864 1189 2877 1201 ‘
2909 1187 2991 1253 lis
3030 1199 3186 1254 ante
3220 1209 3454 1273 capere
3488 1209 3839 1273 possumus
3871 1211 4070 1274 quam
4090 1190 4302 1258 literis

2336 1273 2470 1339 tuis
2510 1272 2824 1340 certiores
2855 1273 3015 1340 facti
3050 1273 3132 1339 de
3166 1274 3273 1340 his
3306 1273 3559 1342 duobus
3593 1275 3917 1359 capitibus
3958 1276 4299 1343 fuerimus.

2335 1357 2429 1423 Et
2470 1378 2558 1424 ne
2599 1357 2723 1426 tibi
2768 1359 3123 1442 quidquam
3168 1360 3571 1428 dissimulem
3589 1411 3605 1439 ,
3649 1363 3927 1445 probare
3970 1382 4106 1428 non
4146 1381 4301 1446 pos-

2337 1464 2489 1511 sum
2546 1444 2723 1527 quod
2780 1445 3035 1527 patriae
3093 1445 3416 1513 desiderio
3472 1447 3777 1515 ecclesias
3819 1446 4158 1527 deserant,
4224 1449 4300 1514 in

2335 1529 2576 1612 quibus
2614 1539 2752 1595 tam
2799 1530 2913 1596 diu
2968 1531 3213 1598 versati
3271 1533 3533 1598 fuerint.
3621 1533 3705 1599 In
3748 1553 3877 1616 quo
3920 1540 4147 1618 aperte
4190 1531 4302 1600 de-

2336 1613 2622 1694 clarant,
2676 1635 3012 1699 nunquam
3066 1637 3139 1684 se
3196 1628 3544 1701 paternum
3600 1620 3896 1685 animum
3951 1639 4111 1704 erga
4150 1618 4301 1687 illas

2336 1699 2654 1781 induisse,
2699 1711 2770 1767 et
2812 1723 2930 1786 pro
2972 1702 3128 1770 filiis
3171 1723 3243 1769 se
3285 1703 3501 1772 adhuc
3543 1725 3678 1770 non
3730 1705 3882 1772 illos
3925 1725 4300 1790 agnoscere.

2336 1784 2514 1852 Nam
2542 1787 2601 1852 si
2623 1785 2892 1855 Christo
2933 1787 3082 1856 illos
3123 1791 3489 1873 genuerint,
3533 1789 3692 1874 quid
3734 1811 3972 1859 causae
4005 1811 4152 1858 esse
4185 1811 4302 1874 po-

2335 1880 2470 1938 test
2524 1871 2697 1956 quod
2753 1893 2866 1940 eos
2923 1875 3019 1941 ita
3060 1875 3404 1956 abiiciant,
3473 1876 3603 1942 nisi
3643 1875 3814 1943 forte
3856 1876 3981 1943 hoc
4022 1877 4160 1943 sint
4199 1878 4306 1942 in·

2337 1956 2743 2042 gratitudine
2785 1967 2856 2026 et
2894 1960 3259 2043 pertinacia
3300 1962 3669 2029 commeriti
3682 2014 3698 2041 ,
3762 1971 3840 2028 ut
3881 1961 4117 2030 domus
4156 1962 4304 2029 illo-

2338 2064 2490 2109 rum
2556 2042 2817 2110 deserta
2880 2045 3313 2130 relinquatur.
3421 2048 3697 2114 Domini
3760 2054 3901 2114 esto
3962 2047 4303 2116 iudicium.

2340 2128 2562 2211 Quem
2618 2149 2735 2195 oro
2787 2150 2910 2214 per
2966 2130 3313 2199 Christum
3368 2132 3803 2200 mediatorem
3873 2144 4171 2201 nostrum
4226 2140 4304 2200 ut

2338 2225 2405 2281 te
2440 2214 2659 2282 adhuc
2693 2216 2884 2284 nobis
2916 2217 3314 2284 incolumem
3335 2227 3575 2286 servet.
3621 2219 3808 2287 Bene
3828 2219 3993 2287 vale.
4038 2233 4158 2288 xv·
4179 2219 4306 2286 Fe·

2337 2301 2588 2367 bruarii
2635 2300 2945 2370 Salmuro
2989 2303 3300 2370 Andium.
3322 2306 3379 2382 ²)

3500 2442 3629 2508 Tui
3674 2441 4055 2510 studiossim'
4057 2464 4135 2511 us

3602 2526 3698 2594 Io.
3743 2528 4032 2597 Acanth.

3128 2822 3199 2829 -—
3212 2821 3247 2828 0-
3262 2821 3535 2829 ———---—--

3217 3069 3413 3141 4⁰81.

2743 3223 3238 3293 PERROTUS
3283 3223 3881 3295 DANIELIBUS.

2507 3395 4296 3471 Fomamsmaiommsuormaommissckozae

2328 3482 2970 3550 institutadescribit.

2329 3653 2444 3720 (Ex
2489 3653 2824 3709 bibliotheca
2869 3653 3151 3721 Beruensi,
3184 3652 3313 3709 eod.
3349 3652 3609 3724 Bougars.
3665 3653 3763 3709 141
3800 3655 3869 3710 N.
3904 3655 4010 3713 202
4051 3658 4293 3729 autogr.)

2327 3827 2391 3891 A
2412 3825 2779 3892 Messieurs
2800 3824 3159 3891 Messieurs
3194 3823 3590 3976 ¹6⁸1D⁸⁰i⁰¹⁵
3632 3825 3936 3911 dempres
3957 3827 4058 3896 S‘⁶
4080 3830 4288 3898 Oroix

3116 3931 3158 3976 a
3262 3932 3298 3976 r
3323 3931 3499 3978 cans.

2499 4080 2578 4148 Si
2637 4101 2769 4165 qua
2830 4089 2985 4147 ante
3026 4080 3209 4147 hunc
3250 4079 3426 4147 diem
3468 4083 3793 4150 scribendi
3836 4085 4090 4152 occasio
4131 4083 4288 4152 data

2326 4172 2502 4233 esset
2575 4187 2709 4232 non
2787 4167 2883 4233 ita
2961 4165 3211 4233 dudum
3279 4167 3451 4234 hanc
3521 4168 3723 4237 officii
3786 4191 3819 4236 s
3906 4171 4288 4255 usionisque

2325 4261 2591 4319 nostrae
2626 4251 3098 4319 exhibitionem
3147 4251 3680 4321 desiderassetis:
3860 4256 4016 4340 quia
4035 4258 4289 4341 optima

2323 4337 2489 4415 fide,
2533 4348 2857 4421 quantum
2900 4338 3068 4406 scire
3109 4338 3326 4423 potui,
3371 4337 3752 4424 diligentiae
3795 4350 4076 4420 nostrae,
4161 4362 4288 4410 uae

2323 4421 2512 4490 vobis
2552 4425 2781 4509 ignota
2820 4445 2957 4490 non
2997 4438 3129 4503 est,
3195 4426 3611 4491 testationem
3655 4426 4087 4493 novissimam
4119 4363 4288 4495 cinic-

2326 4517 2522 4576 tenus
2564 4510 2758 4576 edere
2801 4530 2935 4576 non
2978 4509 3198 4590 licuit,
3243 4531 3365 4577 nec
3408 4530 3516 4576 res
3559 4520 3825 4578 nostrae
3865 4513 4118 4594 ferunt,
4162 4534 4287 4581 nec

2379 5051 4277 5193 ‘'quodHeanco’·11{reynanten'bi=-umisurioftmoensw

3061 5178 3935 5248 fiaoe,1566Ponsiis(Bullet-n
3972 5181 4275 5236 v111.454.

2326 5247 2389 5299 v.
2440 5245 2509 5301 18
2542 5249 2728 5329 ςυρψ).
2800 5247 3016 5304 Nona
3060 5250 3161 5303 hoc
3203 5249 4283 5333 massanum-{occlusum

3800 5402 3867 5458 1⁷

2326 5179 2558 5233 ξ

2564 5176 2753 5234 Ξ
