<?xml version="1.0" encoding="UTF-8"?>
<!DOCTYPE html PUBLIC "-//W3C//DTD XHTML 1.0 Transitional//EN"
    "http://www.w3.org/TR/xhtml1/DTD/xhtml1-transitional.dtd">
<html xmlns="http://www.w3.org/1999/xhtml" xml:lang="en" lang="en">
 <head>
  <title>
</title>
<meta http-equiv="Content-Type" content="text/html;charset=utf-8" />
  <meta name='ocr-system' content='tesseract 3.04.00' />
  <meta name='ocr-capabilities' content='ocr_page ocr_carea ocr_par ocr_line ocrx_word'/>
</head>
<body>
  <div class='ocr_page' id='page_1' title='image "./ioanniscalvinio12unkngoog/ioanniscalvinio12unkngoog_0091.png"; bbox 0 0 4900 6125; ppageno 0'>
   <div class='ocr_carea' id='block_1_1' title="bbox 280 398 381 461">
    <p class='ocr_par' dir='ltr' id='par_1_1' title="bbox 280 398 381 461">
     <span class='ocr_line' id='line_1_1' title="bbox 280 398 381 461; baseline -0.01 0"><span class='ocrx_word' id='word_1_1' title='bbox 280 398 381 461; x_wconf 77' lang='lat'><strong>153</strong></span> 
     </span>
    </p>
   </div>
   <div class='ocr_carea' id='block_1_2' title="bbox 681 573 1740 823">
    <p class='ocr_par' dir='ltr' id='par_1_2' title="bbox 681 573 1740 823">
     <span class='ocr_line' id='line_1_2' title="bbox 1114 573 1313 654; baseline 0.01 -2"><span class='ocrx_word' id='word_1_2' title='bbox 1114 573 1313 654; x_wconf 64' lang='lat' dir='ltr'><strong>mo.</strong></span> 
     </span>
     <span class='ocr_line' id='line_1_3' title="bbox 681 752 1740 823; baseline 0.003 -5"><span class='ocrx_word' id='word_1_3' title='bbox 681 752 1254 822; x_wconf 78' lang='lat' dir='ltr'>HOLBRAGUS</span> <span class='ocrx_word' id='word_1_4' title='bbox 1298 753 1740 823; x_wconf 79' lang='lat' dir='ltr'><strong>OALVINO.</strong></span> 
     </span>
    </p>
   </div>
   <div class='ocr_carea' id='block_1_3' title="bbox 264 922 2194 1182">
    <p class='ocr_par' dir='ltr' id='par_1_3' title="bbox 264 922 2194 1182">
     <span class='ocr_line' id='line_1_4' title="bbox 413 922 2191 1010; baseline 0.001 -20"><span class='ocrx_word' id='word_1_5' title='bbox 413 922 688 991; x_wconf 64' lang='lat' dir='ltr'><strong>Emtae-‘a</strong></span> <span class='ocrx_word' id='word_1_6' title='bbox 758 924 965 993; x_wconf 76' lang='lat' dir='ltr'><strong>Vallis</strong></span> <span class='ocrx_word' id='word_1_7' title='bbox 1021 926 1371 995; x_wconf 73' lang='lat' dir='ltr'><strong>Marianae</strong></span> <span class='ocrx_word' id='word_1_8' title='bbox 1424 928 1692 995; x_wconf 72' lang='lat' dir='ltr'><strong>dimisso</strong></span> <span class='ocrx_word' id='word_1_9' title='bbox 1744 932 2001 1010; x_wconf 67' lang='lat' dir='ltr'><strong>pos-tore</strong></span> <span class='ocrx_word' id='word_1_10' title='bbox 2055 925 2191 992; x_wconf 75' lang='lat' dir='ltr'><strong>iam</strong></span> 
     </span>
     <span class='ocr_line' id='line_1_5' title="bbox 266 1009 2194 1096; baseline 0.001 -19"><span class='ocrx_word' id='word_1_11' title='bbox 266 1010 393 1077; x_wconf 76' lang='lat' dir='ltr'><strong>bene</strong></span> <span class='ocrx_word' id='word_1_12' title='bbox 434 1009 623 1090; x_wconf 67' lang='lat' dir='ltr'><strong>haba,</strong></span> <span class='ocrx_word' id='word_1_13' title='bbox 680 1010 784 1076; x_wconf 74' lang='lat' dir='ltr'><strong>hic</strong></span> <span class='ocrx_word' id='word_1_14' title='bbox 826 1010 1320 1096; x_wconf 64' lang='lat' dir='ltr'><strong>Ranwfurtum</strong></span> <span class='ocrx_word' id='word_1_15' title='bbox 1356 1033 1427 1080; x_wconf 75' lang='lat' dir='ltr'><strong>sc</strong></span> <span class='ocrx_word' id='word_1_16' title='bbox 1473 1013 1734 1080; x_wconf 67' lang='lat' dir='ltr'><strong>contulit</strong></span> <span class='ocrx_word' id='word_1_17' title='bbox 1776 1033 1900 1096; x_wconf 76' lang='lat' dir='ltr'><strong>quo</strong></span> <span class='ocrx_word' id='word_1_18' title='bbox 1941 1018 2194 1079; x_wconf 71' lang='lat' dir='ltr'><strong>vocatus</strong></span> 
     </span>
     <span class='ocr_line' id='line_1_6' title="bbox 264 1097 1916 1182; baseline 0.001 -19"><span class='ocrx_word' id='word_1_19' title='bbox 264 1101 353 1163; x_wconf 69' lang='lat' dir='ltr'><strong>esi.</strong></span> <span class='ocrx_word' id='word_1_20' title='bbox 432 1097 831 1182; x_wconf 74' lang='lat' dir='ltr'><strong>Arysntorati</strong></span> <span class='ocrx_word' id='word_1_21' title='bbox 870 1099 1020 1165; x_wconf 77' lang='lat' dir='ltr'><strong>odia</strong></span> <span class='ocrx_word' id='word_1_22' title='bbox 1061 1105 1120 1165; x_wconf 77' lang='lat' dir='ltr'><strong>et</strong></span> <span class='ocrx_word' id='word_1_23' title='bbox 1159 1101 1372 1167; x_wconf 76' lang='lat' dir='ltr'><strong>minae</strong></span> <span class='ocrx_word' id='word_1_24' title='bbox 1411 1103 1629 1166; x_wconf 60' lang='lat' dir='ltr'><strong>eonem</strong></span> <span class='ocrx_word' id='word_1_25' title='bbox 1676 1098 1916 1165; x_wconf 64' lang='lat' dir='ltr'><strong>Gallo-⁹.</strong></span> 
     </span>
    </p>
   </div>
   <div class='ocr_carea' id='block_1_4' title="bbox 527 1267 1902 1340">
    <p class='ocr_par' dir='ltr' id='par_1_4' title="bbox 527 1267 1902 1340">
     <span class='ocr_line' id='line_1_7' title="bbox 527 1267 1902 1340; baseline 0.001 -19"><span class='ocrx_word' id='word_1_26' title='bbox 527 1267 636 1332; x_wconf 78' lang='lat' dir='ltr'><strong>(Ex</strong></span> <span class='ocrx_word' id='word_1_27' title='bbox 672 1269 1018 1338; x_wconf 84' lang='lat' dir='ltr'><strong>autographo</strong></span> <span class='ocrx_word' id='word_1_28' title='bbox 1052 1270 1187 1327; x_wconf 82' lang='lat' dir='ltr'><strong>Cod.</strong></span> <span class='ocrx_word' id='word_1_29' title='bbox 1224 1270 1430 1326; x_wconf 67' lang='lat' dir='ltr'><strong>Gener.</strong></span> <span class='ocrx_word' id='word_1_30' title='bbox 1470 1270 1588 1340; x_wconf 86' lang='grc'><strong>196,</strong></span> <span class='ocrx_word' id='word_1_31' title='bbox 1621 1271 1713 1326; x_wconf 74' lang='lat' dir='ltr'><strong>fol.</strong></span> <span class='ocrx_word' id='word_1_32' title='bbox 1752 1268 1902 1338; x_wconf 79' lang='lat'><strong>231.)</strong></span> 
     </span>
    </p>
   </div>
   <div class='ocr_carea' id='block_1_5' title="bbox 263 1436 2191 1678">
    <p class='ocr_par' dir='ltr' id='par_1_5' title="bbox 263 1436 2191 1678">
     <span class='ocr_line' id='line_1_8' title="bbox 408 1436 2191 1507; baseline 0.001 -5"><span class='ocrx_word' id='word_1_33' title='bbox 408 1436 662 1502; x_wconf 88' lang='lat' dir='ltr'><strong>Pietate</strong></span> <span class='ocrx_word' id='word_1_34' title='bbox 706 1447 776 1503; x_wconf 92' lang='lat' dir='ltr'><strong>et</strong></span> <span class='ocrx_word' id='word_1_35' title='bbox 818 1437 1116 1505; x_wconf 88' lang='lat' dir='ltr'><strong>doctrina</strong></span> <span class='ocrx_word' id='word_1_36' title='bbox 1157 1441 1306 1506; x_wconf 80' lang='lat' dir='ltr'><strong>viro</strong></span> <span class='ocrx_word' id='word_1_37' title='bbox 1362 1439 1729 1507; x_wconf 90' lang='lat' dir='ltr'><strong>clarissimo</strong></span> <span class='ocrx_word' id='word_1_38' title='bbox 1772 1439 1857 1505; x_wconf 94' lang='lat' dir='ltr'><strong>D.</strong></span> <span class='ocrx_word' id='word_1_39' title='bbox 1904 1438 2191 1505; x_wconf 75' lang='lat' dir='ltr'><strong>Iohanni</strong></span> 
     </span>
     <span class='ocr_line' id='line_1_9' title="bbox 263 1521 2016 1678; baseline 0.002 -90"><span class='ocrx_word' id='word_1_40' title='bbox 263 1521 511 1588; x_wconf 83' lang='lat' dir='ltr'><strong>Oalvino</strong></span> <span class='ocrx_word' id='word_1_41' title='bbox 554 1522 971 1590; x_wconf 84' lang='lat' dir='ltr'><strong>Genevensis</strong></span> <span class='ocrx_word' id='word_1_42' title='bbox 1014 1525 1328 1593; x_wconf 88' lang='lat' dir='ltr'><strong>ecelesiae</strong></span> <span class='ocrx_word' id='word_1_43' title='bbox 1370 1527 1636 1610; x_wconf 87' lang='lat' dir='ltr'><strong>pastori.</strong></span> <span class='ocrx_word' id='word_1_44' title='bbox 1682 1611 2016 1678; x_wconf 40' lang='lat' dir='ltr'><strong>Gemm-</strong></span> 
     </span>
    </p>
   </div>
   <div class='ocr_carea' id='block_1_6' title="bbox 242 1779 2191 4008">
    <p class='ocr_par' dir='ltr' id='par_1_6' title="bbox 248 1779 2191 2893">
     <span class='ocr_line' id='line_1_10' title="bbox 405 1779 2191 1849; baseline 0.001 -4"><span class='ocrx_word' id='word_1_45' title='bbox 405 1779 474 1846; x_wconf 82' lang='grc' dir='ltr'><strong>Β.</strong></span> <span class='ocrx_word' id='word_1_46' title='bbox 543 1780 829 1847; x_wconf 81' lang='lat' dir='ltr'><strong>Gratum</strong></span> <span class='ocrx_word' id='word_1_47' title='bbox 896 1781 1017 1848; x_wconf 88' lang='lat' dir='ltr'><strong>tibi</strong></span> <span class='ocrx_word' id='word_1_48' title='bbox 1080 1783 1220 1848; x_wconf 83' lang='lat' dir='ltr'><strong>fore</strong></span> <span class='ocrx_word' id='word_1_49' title='bbox 1285 1784 1661 1849; x_wconf 83' lang='lat' dir='ltr'><strong>existimavi</strong></span> <span class='ocrx_word' id='word_1_50' title='bbox 1725 1783 1783 1848; x_wconf 92' lang='lat' dir='ltr'><strong>si</strong></span> <span class='ocrx_word' id='word_1_51' title='bbox 1848 1781 1930 1847; x_wconf 88' lang='lat' dir='ltr'><strong>de</strong></span> <span class='ocrx_word' id='word_1_52' title='bbox 1993 1781 2191 1847; x_wconf 91' lang='lat' dir='ltr'><strong>rebus</strong></span> 
     </span>
     <span class='ocr_line' id='line_1_11' title="bbox 257 1865 2189 1952; baseline 0.001 -21"><span class='ocrx_word' id='word_1_53' title='bbox 257 1865 531 1932; x_wconf 83' lang='lat' dir='ltr'><strong>eeclesiae</strong></span> <span class='ocrx_word' id='word_1_54' title='bbox 583 1866 794 1931; x_wconf 85' lang='lat' dir='ltr'><strong>Vallis</strong></span> <span class='ocrx_word' id='word_1_55' title='bbox 838 1868 1184 1934; x_wconf 75' lang='lat' dir='ltr'><strong>Marianae</strong></span> <span class='ocrx_word' id='word_1_56' title='bbox 1216 1869 1267 1947; x_wconf 88' lang='lat'><strong>¹)</strong></span> <span class='ocrx_word' id='word_1_57' title='bbox 1321 1877 1392 1934; x_wconf 91' lang='lat' dir='ltr'><strong>et</strong></span> <span class='ocrx_word' id='word_1_58' title='bbox 1443 1889 1574 1952; x_wconf 92' lang='lat' dir='ltr'><strong>quo</strong></span> <span class='ocrx_word' id='word_1_59' title='bbox 1617 1889 1796 1935; x_wconf 90' lang='lat' dir='ltr'><strong>nunc</strong></span> <span class='ocrx_word' id='word_1_60' title='bbox 1852 1867 1991 1932; x_wconf 87' lang='lat' dir='ltr'><strong>sint</strong></span> <span class='ocrx_word' id='word_1_61' title='bbox 2045 1866 2189 1933; x_wconf 92' lang='lat' dir='ltr'><strong>loco</strong></span> 
     </span>
     <span class='ocr_line' id='line_1_12' title="bbox 255 1951 2188 2036; baseline 0.001 -20"><span class='ocrx_word' id='word_1_62' title='bbox 255 1951 529 2017; x_wconf 87' lang='lat' dir='ltr'><strong>nonnihil</strong></span> <span class='ocrx_word' id='word_1_63' title='bbox 571 1953 944 2019; x_wconf 78' lang='lat' dir='ltr'><strong>scriberem.</strong></span> <span class='ocrx_word' id='word_1_64' title='bbox 1036 1954 1382 2020; x_wconf 81' lang='lat' dir='ltr'>Meliorem</span> <span class='ocrx_word' id='word_1_65' title='bbox 1443 1964 1621 2020; x_wconf 90' lang='lat' dir='ltr'><strong>certe</strong></span> <span class='ocrx_word' id='word_1_66' title='bbox 1678 1953 1934 2019; x_wconf 82' lang='lat' dir='ltr'><strong>exitum</strong></span> <span class='ocrx_word' id='word_1_67' title='bbox 1989 1973 2188 2036; x_wconf 86' lang='lat' dir='ltr'><strong>quam</strong></span> 
     </span>
     <span class='ocr_line' id='line_1_13' title="bbox 254 2037 2190 2121; baseline 0.001 -19"><span class='ocrx_word' id='word_1_68' title='bbox 254 2037 575 2121; x_wconf 80' lang='lat' dir='ltr'><strong>aliquando</strong></span> <span class='ocrx_word' id='word_1_69' title='bbox 653 2040 1070 2121; x_wconf 78' lang='lat' dir='ltr'><strong>speravimus</strong></span> <span class='ocrx_word' id='word_1_70' title='bbox 1149 2039 1381 2105; x_wconf 88' lang='lat' dir='ltr'><strong>habuit</strong></span> <span class='ocrx_word' id='word_1_71' title='bbox 1457 2040 1791 2105; x_wconf 84' lang='lat' dir='ltr'><strong>contentio</strong></span> <span class='ocrx_word' id='word_1_72' title='bbox 1870 2038 2190 2104; x_wconf 83' lang='lat' dir='ltr'><strong>adversus</strong></span> 
     </span>
     <span class='ocr_line' id='line_1_14' title="bbox 255 2122 2185 2210; baseline 0.001 -23"><span class='ocrx_word' id='word_1_73' title='bbox 255 2122 495 2188; x_wconf 80' lang='lat' dir='ltr'><strong>fratrem</strong></span> <span class='ocrx_word' id='word_1_74' title='bbox 561 2135 865 2190; x_wconf 88' lang='lat' dir='ltr'><strong>nostrum</strong></span> <span class='ocrx_word' id='word_1_75' title='bbox 919 2125 1351 2210; x_wconf 84' lang='lat' dir='ltr'><strong>Arnulphum</strong></span> <span class='ocrx_word' id='word_1_76' title='bbox 1414 2125 1709 2191; x_wconf 77' lang='lat' dir='ltr'><strong>Bancum</strong></span> <span class='ocrx_word' id='word_1_77' title='bbox 1736 2126 1796 2209; x_wconf 73' lang='lat'><strong>²)</strong></span> <span class='ocrx_word' id='word_1_78' title='bbox 1863 2133 2185 2207; x_wconf 88' lang='lat' dir='ltr'><strong>suscepta.</strong></span> 
     </span>
     <span class='ocr_line' id='line_1_15' title="bbox 255 2206 2188 2296; baseline 0 -22"><span class='ocrx_word' id='word_1_79' title='bbox 255 2206 512 2274; x_wconf 87' lang='lat' dir='ltr'><strong>Oordate</strong></span> <span class='ocrx_word' id='word_1_80' title='bbox 574 2210 753 2275; x_wconf 90' lang='lat' dir='ltr'><strong>enim</strong></span> <span class='ocrx_word' id='word_1_81' title='bbox 822 2217 891 2274; x_wconf 92' lang='lat' dir='ltr'><strong>et</strong></span> <span class='ocrx_word' id='word_1_82' title='bbox 953 2211 1212 2277; x_wconf 81' lang='lat' dir='ltr'><strong>sortiter</strong></span> <span class='ocrx_word' id='word_1_83' title='bbox 1280 2232 1351 2277; x_wconf 91' lang='lat' dir='ltr'><strong>se</strong></span> <span class='ocrx_word' id='word_1_84' title='bbox 1415 2212 1626 2296; x_wconf 88' lang='lat' dir='ltr'><strong>gessit</strong></span> <span class='ocrx_word' id='word_1_85' title='bbox 1691 2209 2000 2276; x_wconf 88' lang='lat' dir='ltr'><strong>dominus</strong></span> <span class='ocrx_word' id='word_1_86' title='bbox 2063 2209 2188 2275; x_wconf 87' lang='lat' dir='ltr'><strong>loci</strong></span> 
     </span>
     <span class='ocr_line' id='line_1_16' title="bbox 252 2293 2188 2372; baseline 0.001 -14"><span class='ocrx_word' id='word_1_87' title='bbox 252 2293 425 2372; x_wconf 85' lang='lat' dir='ltr'><strong>illius,</strong></span> <span class='ocrx_word' id='word_1_88' title='bbox 445 2298 500 2370; x_wconf 79' lang='lat'><strong>⁸)</strong></span> <span class='ocrx_word' id='word_1_89' title='bbox 543 2305 613 2360; x_wconf 90' lang='lat' dir='ltr'><strong>et</strong></span> <span class='ocrx_word' id='word_1_90' title='bbox 656 2302 917 2360; x_wconf 89' lang='lat' dir='ltr'><strong>tantum</strong></span> <span class='ocrx_word' id='word_1_91' title='bbox 976 2316 1099 2361; x_wconf 89' lang='lat' dir='ltr'><strong>sua</strong></span> <span class='ocrx_word' id='word_1_92' title='bbox 1153 2297 1505 2364; x_wconf 80' lang='lat' dir='ltr'><strong>autoritate</strong></span> <span class='ocrx_word' id='word_1_93' title='bbox 1548 2297 1766 2362; x_wconf 87' lang='lat' dir='ltr'><strong>effecit</strong></span> <span class='ocrx_word' id='word_1_94' title='bbox 1809 2307 1885 2361; x_wconf 90' lang='lat' dir='ltr'><strong>ut</strong></span> <span class='ocrx_word' id='word_1_95' title='bbox 1925 2315 2188 2361; x_wconf 88' lang='lat' dir='ltr'><strong>conser-</strong></span> 
     </span>
     <span class='ocr_line' id='line_1_17' title="bbox 252 2380 2189 2466; baseline 0.001 -22"><span class='ocrx_word' id='word_1_96' title='bbox 252 2387 389 2444; x_wconf 79' lang='lat' dir='ltr'><strong>vata</strong></span> <span class='ocrx_word' id='word_1_97' title='bbox 448 2380 533 2445; x_wconf 88' lang='lat' dir='ltr'><strong>sit</strong></span> <span class='ocrx_word' id='word_1_98' title='bbox 598 2381 873 2447; x_wconf 80' lang='lat' dir='ltr'><strong>ecclesia</strong></span> <span class='ocrx_word' id='word_1_99' title='bbox 916 2381 1153 2466; x_wconf 88' lang='lat' dir='ltr'><strong>gallica</strong></span> <span class='ocrx_word' id='word_1_100' title='bbox 1206 2383 1277 2447; x_wconf 90' lang='lat' dir='ltr'><strong>in</strong></span> <span class='ocrx_word' id='word_1_101' title='bbox 1342 2384 1631 2465; x_wconf 89' lang='lat' dir='ltr'><strong>puritate</strong></span> <span class='ocrx_word' id='word_1_102' title='bbox 1694 2380 2052 2460; x_wconf 88' lang='lat' dir='ltr'><strong>doctrinae,</strong></span> <span class='ocrx_word' id='word_1_103' title='bbox 2120 2390 2189 2446; x_wconf 91' lang='lat' dir='ltr'><strong>et</strong></span> 
     </span>
     <span class='ocr_line' id='line_1_18' title="bbox 288 2465 2184 2534; baseline 0.001 -4"><span class='ocrx_word' id='word_1_104' title='bbox 288 2465 401 2530; x_wconf 88' lang='lat' dir='ltr'><strong>uod</strong></span> <span class='ocrx_word' id='word_1_105' title='bbox 447 2466 530 2531; x_wconf 88' lang='lat' dir='ltr'><strong>ad</strong></span> <span class='ocrx_word' id='word_1_106' title='bbox 586 2468 759 2532; x_wconf 91' lang='lat' dir='ltr'><strong>ritus</strong></span> <span class='ocrx_word' id='word_1_107' title='bbox 815 2469 1053 2532; x_wconf 81' lang='lat' dir='ltr'><strong>attinet</strong></span> <span class='ocrx_word' id='word_1_108' title='bbox 1109 2489 1180 2534; x_wconf 93' lang='lat' dir='ltr'><strong>se</strong></span> <span class='ocrx_word' id='word_1_109' title='bbox 1222 2469 1658 2534; x_wconf 84' lang='lat' dir='ltr'><strong>conformaret</strong></span> <span class='ocrx_word' id='word_1_110' title='bbox 1701 2467 1859 2533; x_wconf 88' lang='lat' dir='ltr'><strong>huic</strong></span> <span class='ocrx_word' id='word_1_111' title='bbox 1901 2476 2184 2533; x_wconf 88' lang='lat' dir='ltr'><strong>nostrae.</strong></span> 
     </span>
     <span class='ocr_line' id='line_1_19' title="bbox 307 2551 2184 2639; baseline 0.002 -24"><span class='ocrx_word' id='word_1_112' title='bbox 307 2571 479 2616; x_wconf 87' lang='lat' dir='ltr'><strong>erum</strong></span> <span class='ocrx_word' id='word_1_113' title='bbox 538 2573 624 2617; x_wconf 95' lang='lat' dir='ltr'><strong>ne</strong></span> <span class='ocrx_word' id='word_1_114' title='bbox 690 2551 1051 2619; x_wconf 85' lang='lat' dir='ltr'><strong>adversarii</strong></span> <span class='ocrx_word' id='word_1_115' title='bbox 1108 2554 1322 2639; x_wconf 87' lang='lat' dir='ltr'><strong>magis</strong></span> <span class='ocrx_word' id='word_1_116' title='bbox 1385 2555 1812 2618; x_wconf 85' lang='lat' dir='ltr'><strong>irritarentur</strong></span> <span class='ocrx_word' id='word_1_117' title='bbox 1867 2562 2184 2636; x_wconf 88' lang='lat' dir='ltr'><strong>tanquam</strong></span> 
     </span>
     <span class='ocr_line' id='line_1_20' title="bbox 249 2638 2182 2724; baseline 0 -22"><span class='ocrx_word' id='word_1_118' title='bbox 249 2656 491 2718; x_wconf 85' lang='lat' dir='ltr'><strong>prorsus</strong></span> <span class='ocrx_word' id='word_1_119' title='bbox 524 2638 709 2718; x_wconf 81' lang='lat' dir='ltr'><strong>victi,</strong></span> <span class='ocrx_word' id='word_1_120' title='bbox 753 2639 824 2702; x_wconf 89' lang='lat' dir='ltr'><strong>in</strong></span> <span class='ocrx_word' id='word_1_121' title='bbox 862 2639 989 2705; x_wconf 92' lang='lat' dir='ltr'><strong>hoc</strong></span> <span class='ocrx_word' id='word_1_122' title='bbox 1021 2640 1183 2722; x_wconf 87' lang='lat' dir='ltr'><strong>ipsis</strong></span> <span class='ocrx_word' id='word_1_123' title='bbox 1217 2642 1659 2724; x_wconf 87' lang='lat' dir='ltr'><strong>gratificatum</strong></span> <span class='ocrx_word' id='word_1_124' title='bbox 1695 2647 1799 2703; x_wconf 91' lang='lat' dir='ltr'><strong>est</strong></span> <span class='ocrx_word' id='word_1_125' title='bbox 1834 2648 1909 2703; x_wconf 89' lang='lat' dir='ltr'><strong>ut</strong></span> <span class='ocrx_word' id='word_1_126' title='bbox 1941 2647 2182 2721; x_wconf 86' lang='lat' dir='ltr'><strong>pastor,</strong></span> 
     </span>
     <span class='ocr_line' id='line_1_21' title="bbox 250 2722 2182 2805; baseline 0.001 -19"><span class='ocrx_word' id='word_1_127' title='bbox 250 2722 347 2804; x_wconf 87' lang='lat' dir='ltr'><strong>qui</strong></span> <span class='ocrx_word' id='word_1_128' title='bbox 386 2723 815 2790; x_wconf 88' lang='lat' dir='ltr'><strong>intolerabilis</strong></span> <span class='ocrx_word' id='word_1_129' title='bbox 857 2724 988 2790; x_wconf 92' lang='lat' dir='ltr'><strong>illis</strong></span> <span class='ocrx_word' id='word_1_130' title='bbox 1030 2725 1397 2805; x_wconf 77' lang='lat' dir='ltr'><strong>videbatur,</strong></span> <span class='ocrx_word' id='word_1_131' title='bbox 1440 2726 1583 2791; x_wconf 91' lang='lat' dir='ltr'><strong>loco</strong></span> <span class='ocrx_word' id='word_1_132' title='bbox 1626 2723 1904 2802; x_wconf 88' lang='lat' dir='ltr'><strong>cederet,</strong></span> <span class='ocrx_word' id='word_1_133' title='bbox 1946 2725 2182 2790; x_wconf 87' lang='lat' dir='ltr'><strong>saltem</strong></span> 
     </span>
     <span class='ocr_line' id='line_1_22' title="bbox 248 2808 2183 2893; baseline 0.001 -20"><span class='ocrx_word' id='word_1_134' title='bbox 248 2808 319 2872; x_wconf 82' lang='lat' dir='ltr'><strong>ad</strong></span> <span class='ocrx_word' id='word_1_135' title='bbox 368 2818 644 2893; x_wconf 89' lang='lat' dir='ltr'><strong>tempus,</strong></span> <span class='ocrx_word' id='word_1_136' title='bbox 704 2809 911 2875; x_wconf 91' lang='lat' dir='ltr'><strong>donec</strong></span> <span class='ocrx_word' id='word_1_137' title='bbox 965 2810 1446 2877; x_wconf 81' lang='lat' dir='ltr'><strong>deverserveret</strong></span> <span class='ocrx_word' id='word_1_138' title='bbox 1467 2814 1528 2891; x_wconf 89' lang='lat'><strong>⁴)</strong></span> <span class='ocrx_word' id='word_1_139' title='bbox 1583 2809 1826 2888; x_wconf 89' lang='lat' dir='ltr'><strong>odium,</strong></span> <span class='ocrx_word' id='word_1_140' title='bbox 1882 2810 2055 2892; x_wconf 92' lang='lat' dir='ltr'><strong>quod</strong></span> <span class='ocrx_word' id='word_1_141' title='bbox 2112 2811 2183 2874; x_wconf 90' lang='lat' dir='ltr'><strong>in</strong></span> 
     </span>
    </p>

    <p class='ocr_par' dir='ltr' id='par_1_7' title="bbox 242 2894 2187 4008">
     <span class='ocr_line' id='line_1_23' title="bbox 408 2894 2180 2981; baseline -0.001 -21"><span class='ocrx_word' id='word_1_142' title='bbox 408 2894 499 2961; x_wconf 90' lang='lat' dir='ltr'><strong>ris</strong></span> <span class='ocrx_word' id='word_1_143' title='bbox 532 2915 817 2978; x_wconf 85' lang='lat' dir='ltr'><strong>persona</strong></span> <span class='ocrx_word' id='word_1_144' title='bbox 850 2897 1198 2981; x_wconf 90' lang='lat' dir='ltr'><strong>praecipue</strong></span> <span class='ocrx_word' id='word_1_145' title='bbox 1231 2897 1389 2962; x_wconf 88' lang='lat' dir='ltr'><strong>ferri</strong></span> <span class='ocrx_word' id='word_1_146' title='bbox 1428 2895 1795 2972; x_wconf 81' lang='lat' dir='ltr'><strong>videbatur,</strong></span> <span class='ocrx_word' id='word_1_147' title='bbox 1842 2916 1923 2961; x_wconf 91' lang='lat' dir='ltr'><strong>ea</strong></span> <span class='ocrx_word' id='word_1_148' title='bbox 1956 2905 2180 2961; x_wconf 82' lang='lat' dir='ltr'><strong>tamen</strong></span> 
     </span>
     <span class='ocr_line' id='line_1_24' title="bbox 266 2980 2182 3068; baseline -0.001 -22"><span class='ocrx_word' id='word_1_149' title='bbox 266 2999 371 3065; x_wconf 81' lang='lat' dir='ltr'><strong>ege</strong></span> <span class='ocrx_word' id='word_1_150' title='bbox 400 2991 475 3046; x_wconf 85' lang='lat' dir='ltr'><strong>ut</strong></span> <span class='ocrx_word' id='word_1_151' title='bbox 507 2981 681 3047; x_wconf 91' lang='lat' dir='ltr'><strong>alius</strong></span> <span class='ocrx_word' id='word_1_152' title='bbox 714 2982 787 3046; x_wconf 90' lang='lat' dir='ltr'><strong>in</strong></span> <span class='ocrx_word' id='word_1_153' title='bbox 818 2982 1026 3068; x_wconf 91' lang='lat' dir='ltr'><strong>ipsius</strong></span> <span class='ocrx_word' id='word_1_154' title='bbox 1060 2982 1275 3049; x_wconf 89' lang='lat' dir='ltr'><strong>locum</strong></span> <span class='ocrx_word' id='word_1_155' title='bbox 1309 2983 1838 3049; x_wconf 81' lang='lat' dir='ltr'><strong>substitueretur.</strong></span> <span class='ocrx_word' id='word_1_156' title='bbox 1896 2980 1978 3046; x_wconf 91' lang='lat' dir='ltr'><strong>Id</strong></span> <span class='ocrx_word' id='word_1_157' title='bbox 2007 2980 2182 3065; x_wconf 89' lang='lat' dir='ltr'><strong>quod</strong></span> 
     </span>
     <span class='ocr_line' id='line_1_25' title="bbox 244 3065 2181 3153; baseline 0.001 -23"><span class='ocrx_word' id='word_1_158' title='bbox 244 3085 361 3131; x_wconf 89' lang='lat' dir='ltr'><strong>non</strong></span> <span class='ocrx_word' id='word_1_159' title='bbox 394 3065 747 3134; x_wconf 85' lang='lat' dir='ltr'><strong>admodum</strong></span> <span class='ocrx_word' id='word_1_160' title='bbox 785 3089 991 3153; x_wconf 84' lang='lat' dir='ltr'><strong>grave</strong></span> <span class='ocrx_word' id='word_1_161' title='bbox 1025 3069 1182 3135; x_wconf 90' lang='lat' dir='ltr'><strong>tulit</strong></span> <span class='ocrx_word' id='word_1_162' title='bbox 1215 3068 1627 3152; x_wconf 74' lang='lat' dir='ltr'><strong>Amulphus:</strong></span> <span class='ocrx_word' id='word_1_163' title='bbox 1663 3067 1855 3135; x_wconf 86' lang='lat' dir='ltr'><strong>facile</strong></span> <span class='ocrx_word' id='word_1_164' title='bbox 1896 3086 2181 3149; x_wconf 88' lang='lat' dir='ltr'><strong>namque</strong></span> 
     </span>
     <span class='ocr_line' id='line_1_26' title="bbox 244 3153 2181 3242; baseline -0.001 -23"><span class='ocrx_word' id='word_1_165' title='bbox 244 3170 452 3234; x_wconf 82' lang='lat' dir='ltr'><strong>passus</strong></span> <span class='ocrx_word' id='word_1_166' title='bbox 493 3163 598 3219; x_wconf 87' lang='lat' dir='ltr'><strong>est</strong></span> <span class='ocrx_word' id='word_1_167' title='bbox 642 3175 716 3219; x_wconf 92' lang='lat' dir='ltr'><strong>se</strong></span> <span class='ocrx_word' id='word_1_168' title='bbox 753 3155 927 3220; x_wconf 82' lang='lat' dir='ltr'><strong>vinci</strong></span> <span class='ocrx_word' id='word_1_169' title='bbox 975 3153 1102 3242; x_wconf 76' lang='lat' dir='ltr'><strong>[ut]</strong></span> <span class='ocrx_word' id='word_1_170' title='bbox 1148 3154 1446 3221; x_wconf 81' lang='lat' dir='ltr'><strong>vinceret</strong></span> <span class='ocrx_word' id='word_1_171' title='bbox 1479 3154 1791 3221; x_wconf 80' lang='lat' dir='ltr'><strong>Christus</strong></span> <span class='ocrx_word' id='word_1_172' title='bbox 1832 3161 1901 3219; x_wconf 89' lang='lat' dir='ltr'><strong>et</strong></span> <span class='ocrx_word' id='word_1_173' title='bbox 1934 3154 2181 3220; x_wconf 83' lang='lat' dir='ltr'><strong>veritas</strong></span> 
     </span>
     <span class='ocr_line' id='line_1_27' title="bbox 245 3236 2181 3328; baseline 0.001 -26"><span class='ocrx_word' id='word_1_174' title='bbox 245 3257 375 3302; x_wconf 86' lang='lat' dir='ltr'><strong>cum</strong></span> <span class='ocrx_word' id='word_1_175' title='bbox 418 3239 692 3307; x_wconf 88' lang='lat' dir='ltr'><strong>ecclesia</strong></span> <span class='ocrx_word' id='word_1_176' title='bbox 734 3240 922 3306; x_wconf 85' lang='lat' dir='ltr'><strong>salva</strong></span> <span class='ocrx_word' id='word_1_177' title='bbox 961 3238 1328 3328; x_wconf 77' lang='lat' dir='ltr'><strong>man[eret].</strong></span> <span class='ocrx_word' id='word_1_178' title='bbox 1415 3236 1499 3306; x_wconf 89' lang='lat' dir='ltr'><strong>In</strong></span> <span class='ocrx_word' id='word_1_179' title='bbox 1553 3240 1763 3324; x_wconf 86' lang='lat' dir='ltr'><strong>ipsius</strong></span> <span class='ocrx_word' id='word_1_180' title='bbox 1815 3241 2042 3323; x_wconf 87' lang='lat' dir='ltr'><strong>itaque</strong></span> <span class='ocrx_word' id='word_1_181' title='bbox 2082 3238 2181 3303; x_wconf 92' lang='lat' dir='ltr'><strong>lo-</strong></span> 
     </span>
     <span class='ocr_line' id='line_1_28' title="bbox 244 3324 2181 3411; baseline 0.001 -23"><span class='ocrx_word' id='word_1_182' title='bbox 244 3342 377 3389; x_wconf 84' lang='lat' dir='ltr'><strong>cum</strong></span> <span class='ocrx_word' id='word_1_183' title='bbox 417 3324 813 3410; x_wconf 78' lang='lat' dir='ltr'><strong>subrogatus</strong></span> <span class='ocrx_word' id='word_1_184' title='bbox 854 3335 955 3392; x_wconf 87' lang='lat' dir='ltr'><strong>est</strong></span> <span class='ocrx_word' id='word_1_185' title='bbox 991 3325 1322 3411; x_wconf 65' lang='lat' dir='ltr'><strong>Fiyoniw,</strong></span> <span class='ocrx_word' id='word_1_186' title='bbox 1348 3330 1403 3404; x_wconf 62' lang='grc' dir='ltr'><strong>ὅ)</strong></span> <span class='ocrx_word' id='word_1_187' title='bbox 1448 3325 1561 3409; x_wconf 86' lang='lat' dir='ltr'><strong>qui</strong></span> <span class='ocrx_word' id='word_1_188' title='bbox 1604 3346 1783 3392; x_wconf 90' lang='lat' dir='ltr'><strong>nunc</strong></span> <span class='ocrx_word' id='word_1_189' title='bbox 1825 3325 1919 3392; x_wconf 91' lang='lat' dir='ltr'><strong>ibi</strong></span> <span class='ocrx_word' id='word_1_190' title='bbox 1961 3331 2181 3409; x_wconf 86' lang='lat' dir='ltr'><strong>pasto-</strong></span> 
     </span>
     <span class='ocr_line' id='line_1_29' title="bbox 244 3408 2182 3496; baseline 0.001 -23"><span class='ocrx_word' id='word_1_191' title='bbox 244 3428 367 3473; x_wconf 84' lang='lat' dir='ltr'><strong>rem</strong></span> <span class='ocrx_word' id='word_1_192' title='bbox 420 3410 556 3494; x_wconf 86' lang='lat' dir='ltr'><strong>agit</strong></span> <span class='ocrx_word' id='word_1_193' title='bbox 612 3422 700 3489; x_wconf 92' lang='lat' dir='ltr'><strong>et,</strong></span> <span class='ocrx_word' id='word_1_194' title='bbox 756 3419 834 3476; x_wconf 91' lang='lat' dir='ltr'><strong>ut</strong></span> <span class='ocrx_word' id='word_1_195' title='bbox 875 3410 1090 3491; x_wconf 88' lang='lat' dir='ltr'><strong>audio,</strong></span> <span class='ocrx_word' id='word_1_196' title='bbox 1144 3419 1374 3496; x_wconf 89' lang='lat' dir='ltr'><strong>gratus</strong></span> <span class='ocrx_word' id='word_1_197' title='bbox 1426 3420 1527 3478; x_wconf 92' lang='lat' dir='ltr'><strong>est</strong></span> <span class='ocrx_word' id='word_1_198' title='bbox 1570 3432 1704 3477; x_wconf 90' lang='lat' dir='ltr'><strong>non</strong></span> <span class='ocrx_word' id='word_1_199' title='bbox 1760 3418 2024 3476; x_wconf 88' lang='lat' dir='ltr'><strong>tantum</strong></span> <span class='ocrx_word' id='word_1_200' title='bbox 2068 3408 2182 3474; x_wconf 92' lang='lat' dir='ltr'><strong>do-</strong></span> 
     </span>
     <span class='ocr_line' id='line_1_30' title="bbox 243 3493 2183 3579; baseline 0.001 -21"><span class='ocrx_word' id='word_1_201' title='bbox 243 3493 404 3559; x_wconf 87' lang='lat' dir='ltr'><strong>mino</strong></span> <span class='ocrx_word' id='word_1_202' title='bbox 444 3494 567 3563; x_wconf 89' lang='lat' dir='ltr'><strong>loci</strong></span> <span class='ocrx_word' id='word_1_203' title='bbox 612 3505 684 3561; x_wconf 88' lang='lat' dir='ltr'><strong>et</strong></span> <span class='ocrx_word' id='word_1_204' title='bbox 723 3496 922 3579; x_wconf 91' lang='lat' dir='ltr'><strong>plebi,</strong></span> <span class='ocrx_word' id='word_1_205' title='bbox 971 3518 1209 3565; x_wconf 83' lang='lat' dir='ltr'><strong>verum</strong></span> <span class='ocrx_word' id='word_1_206' title='bbox 1251 3497 1453 3562; x_wconf 87' lang='lat' dir='ltr'><strong>etiam</strong></span> <span class='ocrx_word' id='word_1_207' title='bbox 1497 3496 1826 3579; x_wconf 76' lang='lat' dir='ltr'><strong>Amulphi</strong></span> <span class='ocrx_word' id='word_1_208' title='bbox 1870 3495 2183 3561; x_wconf 83' lang='lat' dir='ltr'><strong>adversa-</strong></span> 
     </span>
     <span class='ocr_line' id='line_1_31' title="bbox 242 3578 2184 3658; baseline 0 -13"><span class='ocrx_word' id='word_1_209' title='bbox 242 3578 362 3658; x_wconf 82' lang='lat' dir='ltr'><strong>riis,</strong></span> <span class='ocrx_word' id='word_1_210' title='bbox 417 3588 532 3647; x_wconf 92' lang='lat' dir='ltr'><strong>aut</strong></span> <span class='ocrx_word' id='word_1_211' title='bbox 576 3582 816 3647; x_wconf 88' lang='lat' dir='ltr'><strong>saltem</strong></span> <span class='ocrx_word' id='word_1_212' title='bbox 859 3581 929 3647; x_wconf 90' lang='lat' dir='ltr'><strong>id</strong></span> <span class='ocrx_word' id='word_1_213' title='bbox 986 3582 1321 3649; x_wconf 90' lang='lat' dir='ltr'><strong>simulant.</strong></span> <span class='ocrx_word' id='word_1_214' title='bbox 1394 3582 1664 3647; x_wconf 91' lang='lat' dir='ltr'><strong>Interea</strong></span> <span class='ocrx_word' id='word_1_215' title='bbox 1707 3582 1971 3647; x_wconf 84' lang='lat' dir='ltr'><strong>veniam</strong></span> <span class='ocrx_word' id='word_1_216' title='bbox 2013 3580 2184 3646; x_wconf 87' lang='lat' dir='ltr'><strong>obti-</strong></span> 
     </span>
     <span class='ocr_line' id='line_1_32' title="bbox 244 3666 2187 3752; baseline 0.001 -24"><span class='ocrx_word' id='word_1_217' title='bbox 244 3667 375 3730; x_wconf 87' lang='lat' dir='ltr'><strong>nuit</strong></span> <span class='ocrx_word' id='word_1_218' title='bbox 404 3666 786 3749; x_wconf 74' lang='lat' dir='ltr'><strong>Amulphus</strong></span> <span class='ocrx_word' id='word_1_219' title='bbox 819 3688 892 3733; x_wconf 91' lang='lat' dir='ltr'><strong>se</strong></span> <span class='ocrx_word' id='word_1_220' title='bbox 926 3668 1303 3734; x_wconf 88' lang='lat' dir='ltr'><strong>conferendi</strong></span> <span class='ocrx_word' id='word_1_221' title='bbox 1337 3688 1727 3752; x_wconf 86' lang='lat' dir='ltr'><strong>quocunque</strong></span> <span class='ocrx_word' id='word_1_222' title='bbox 1761 3667 1979 3734; x_wconf 79' lang='lat' dir='ltr'><strong>visum</strong></span> <span class='ocrx_word' id='word_1_223' title='bbox 2011 3672 2187 3732; x_wconf 87' lang='lat' dir='ltr'><strong>esset</strong></span> 
     </span>
     <span class='ocr_line' id='line_1_33' title="bbox 244 3749 2186 3837; baseline 0.001 -21"><span class='ocrx_word' id='word_1_224' title='bbox 244 3749 315 3816; x_wconf 85' lang='lat' dir='ltr'><strong>ad</strong></span> <span class='ocrx_word' id='word_1_225' title='bbox 353 3758 625 3836; x_wconf 84' lang='lat' dir='ltr'><strong>tempus.</strong></span> <span class='ocrx_word' id='word_1_226' title='bbox 704 3750 904 3834; x_wconf 80' lang='lat' dir='ltr'><strong>Quod</strong></span> <span class='ocrx_word' id='word_1_227' title='bbox 939 3775 1144 3837; x_wconf 88' lang='lat' dir='ltr'><strong>quum</strong></span> <span class='ocrx_word' id='word_1_228' title='bbox 1185 3753 1756 3831; x_wconf 83' lang='lat' dir='ltr'><strong>intellexissemus,</strong></span> <span class='ocrx_word' id='word_1_229' title='bbox 1802 3753 1823 3816; x_wconf 93' lang='lat' dir='ltr'><strong>i</strong></span> <span class='ocrx_word' id='word_1_230' title='bbox 1871 3773 2019 3819; x_wconf 91' lang='lat' dir='ltr'><strong>sum</strong></span> <span class='ocrx_word' id='word_1_231' title='bbox 2055 3752 2186 3817; x_wconf 90' lang='lat' dir='ltr'><strong>huc</strong></span> 
     </span>
     <span class='ocr_line' id='line_1_34' title="bbox 246 3833 2184 3923; baseline 0.001 -23"><span class='ocrx_word' id='word_1_232' title='bbox 246 3833 317 3900; x_wconf 86' lang='lat' dir='ltr'><strong>ad</strong></span> <span class='ocrx_word' id='word_1_233' title='bbox 355 3858 470 3905; x_wconf 88' lang='lat' dir='ltr'><strong>nos</strong></span> <span class='ocrx_word' id='word_1_234' title='bbox 512 3839 746 3904; x_wconf 84' lang='lat' dir='ltr'><strong>venire</strong></span> <span class='ocrx_word' id='word_1_235' title='bbox 788 3839 1191 3923; x_wconf 81' lang='lat' dir='ltr'><strong>rogavimus,</strong></span> <span class='ocrx_word' id='word_1_236' title='bbox 1234 3849 1302 3904; x_wconf 91' lang='lat' dir='ltr'><strong>et</strong></span> <span class='ocrx_word' id='word_1_237' title='bbox 1344 3838 1694 3906; x_wconf 87' lang='lat' dir='ltr'><strong>consilium</strong></span> <span class='ocrx_word' id='word_1_238' title='bbox 1739 3838 1840 3904; x_wconf 87' lang='lat' dir='ltr'><strong>ilh</strong></span> <span class='ocrx_word' id='word_1_239' title='bbox 1882 3836 2184 3904; x_wconf 85' lang='lat' dir='ltr'><strong>dedimus</strong></span> 
     </span>
     <span class='ocr_line' id='line_1_35' title="bbox 244 3920 2185 4008; baseline 0.001 -23"><span class='ocrx_word' id='word_1_240' title='bbox 244 3930 312 3985; x_wconf 91' lang='lat' dir='ltr'><strong>ut</strong></span> <span class='ocrx_word' id='word_1_241' title='bbox 329 3920 777 3991; x_wconf 82' lang='lat' dir='ltr'><strong>Francfortum</strong></span> <span class='ocrx_word' id='word_1_242' title='bbox 813 3925 943 3989; x_wconf 91' lang='lat' dir='ltr'><strong>iret</strong></span> <span class='ocrx_word' id='word_1_243' title='bbox 959 3927 1016 4008; x_wconf 63' lang='grc' dir='ltr'><strong>ὅ)</strong></span> <span class='ocrx_word' id='word_1_244' title='bbox 1056 3934 1126 3991; x_wconf 95' lang='lat' dir='ltr'><strong>et</strong></span> <span class='ocrx_word' id='word_1_245' title='bbox 1159 3925 1378 3990; x_wconf 88' lang='lat' dir='ltr'><strong>omnia</strong></span> <span class='ocrx_word' id='word_1_246' title='bbox 1409 3933 1703 3991; x_wconf 89' lang='lat' dir='ltr'><strong>tentaret</strong></span> <span class='ocrx_word' id='word_1_247' title='bbox 1735 3926 1795 3990; x_wconf 91' lang='lat' dir='ltr'><strong>si</strong></span> <span class='ocrx_word' id='word_1_248' title='bbox 1829 3945 1958 4007; x_wconf 90' lang='lat' dir='ltr'><strong>quo</strong></span> <span class='ocrx_word' id='word_1_249' title='bbox 1992 3920 2185 3989; x_wconf 87' lang='lat' dir='ltr'><strong>modo</strong></span> 
     </span>
    </p>
   </div>
   <div class='ocr_carea' id='block_1_7' title="bbox 242 4093 631 4109">
    <p class='ocr_par' dir='ltr' id='par_1_8' title="bbox 242 4093 631 4109">
     <span class='ocr_line' id='line_1_36' title="bbox 242 4093 631 4109; baseline 0 2016"><span class='ocrx_word' id='word_1_250' title='bbox 242 4093 631 4109; x_wconf 95' lang='lat' dir='ltr'><strong> </strong></span> 
     </span>
    </p>
   </div>
   <div class='ocr_carea' id='block_1_8' title="bbox 244 4211 1600 4486">
    <p class='ocr_par' dir='ltr' id='par_1_9' title="bbox 244 4211 1600 4486">
     <span class='ocr_line' id='line_1_37' title="bbox 244 4211 1600 4339; baseline 0.001 -74"><span class='ocrx_word' id='word_1_251' title='bbox 244 4211 419 4269; x_wconf 68' lang='lat' dir='ltr'><strong>mo.</strong></span> <span class='ocrx_word' id='word_1_252' title='bbox 440 4214 468 4267; x_wconf 90' lang='lat'>1</span> <span class='ocrx_word' id='word_1_253' title='bbox 533 4214 891 4270; x_wconf 58' lang='lat' dir='ltr'><strong>Madaktu-ch</strong></span> <span class='ocrx_word' id='word_1_254' title='bbox 924 4218 988 4270; x_wconf 69' lang='lat' dir='ltr'><strong>ia</strong></span> <span class='ocrx_word' id='word_1_255' title='bbox 1022 4214 1385 4339; x_wconf 51' lang='lat' dir='ltr'><strong>muall&#39;N&#39;</strong></span> <span class='ocrx_word' id='word_1_256' title='bbox 1419 4212 1600 4283; x_wconf 79' lang='lat'><strong>3236).</strong></span> 
     </span>
     <span class='ocr_line' id='line_1_38' title="bbox 429 4282 1547 4353; baseline -0.001 -16"><span class='ocrx_word' id='word_1_257' title='bbox 429 4283 465 4337; x_wconf 75' lang='lat'>2</span> <span class='ocrx_word' id='word_1_258' title='bbox 527 4284 802 4351; x_wconf 61' lang='lat' dir='ltr'><strong>Morbum·</strong></span> <span class='ocrx_word' id='word_1_259' title='bbox 835 4299 1193 4340; x_wconf 57' lang='lat' dir='ltr'><strong>acescentem</strong></span> <span class='ocrx_word' id='word_1_260' title='bbox 1227 4285 1254 4353; x_wconf 87' lang='lat'>(</span> <span class='ocrx_word' id='word_1_261' title='bbox 1320 4324 1335 4339; x_wconf 92' lang='lat'><strong>.</strong></span> <span class='ocrx_word' id='word_1_262' title='bbox 1370 4282 1547 4351; x_wconf 75' lang='lat'><strong>3291).</strong></span> 
     </span>
     <span class='ocr_line' id='line_1_39' title="bbox 428 4351 1554 4486; baseline 0 -78"><span class='ocrx_word' id='word_1_263' title='bbox 428 4352 493 4486; x_wconf 47' lang='grc' dir='ltr'><strong>ἓξ</strong></span> <span class='ocrx_word' id='word_1_264' title='bbox 515 4351 848 4477; x_wconf 52' lang='lat' dir='ltr'><strong>was</strong></span> <span class='ocrx_word' id='word_1_265' title='bbox 881 4352 1006 4407; x_wconf 92' lang='lat'><strong>111.</strong></span> <span class='ocrx_word' id='word_1_266' title='bbox 1044 4353 1112 4408; x_wconf 81' lang='lat' dir='ltr'><strong>de</strong></span> <span class='ocrx_word' id='word_1_267' title='bbox 1147 4351 1554 4423; x_wconf 72' lang='lat' dir='ltr'><strong>Rappolmein.</strong></span> 
     </span>
    </p>
   </div>
   <div class='ocr_carea' id='block_1_9' title="bbox 242 4488 2184 5329">
    <p class='ocr_par' dir='ltr' id='par_1_10' title="bbox 430 4488 2181 4558">
     <span class='ocr_line' id='line_1_40' title="bbox 430 4488 2181 4558; baseline 0.001 -15"><span class='ocrx_word' id='word_1_268' title='bbox 430 4488 492 4555; x_wconf 79' lang='lat'><strong>5)</strong></span> <span class='ocrx_word' id='word_1_269' title='bbox 530 4490 793 4558; x_wconf 71' lang='lat' dir='ltr'><strong>Ioannes,</strong></span> <span class='ocrx_word' id='word_1_270' title='bbox 827 4507 868 4545; x_wconf 76' lang='lat' dir='ltr'><strong>a</strong></span> <span class='ocrx_word' id='word_1_271' title='bbox 888 4489 1216 4545; x_wconf 64' lang='lat' dir='ltr'><strong>metensium</strong></span> <span class='ocrx_word' id='word_1_272' title='bbox 1250 4490 1578 4545; x_wconf 68' lang='lat' dir='ltr'><strong>consistorio</strong></span> <span class='ocrx_word' id='word_1_273' title='bbox 1612 4489 1814 4544; x_wconf 63' lang='lat' dir='ltr'><strong>missus</strong></span> <span class='ocrx_word' id='word_1_274' title='bbox 1848 4506 1917 4543; x_wconf 76' lang='grc' dir='ltr'>ιιι.</span> <span class='ocrx_word' id='word_1_275' title='bbox 1944 4489 2181 4546; x_wconf 73' lang='lat' dir='ltr'><strong>Octobri.</strong></span> 
     </span>
    </p>

    <p class='ocr_par' dir='ltr' id='par_1_11' title="bbox 242 4556 2184 5329">
     <span class='ocr_line' id='line_1_41' title="bbox 244 4556 2182 4641; baseline 0.001 -30"><span class='ocrx_word' id='word_1_276' title='bbox 244 4556 307 4637; x_wconf 59' lang='lat' dir='ltr'><strong>§le</strong></span> <span class='ocrx_word' id='word_1_277' title='bbox 328 4560 568 4613; x_wconf 85' lang='lat' dir='ltr'><strong>ministre</strong></span> <span class='ocrx_word' id='word_1_278' title='bbox 604 4559 741 4614; x_wconf 75' lang='lat' dir='ltr'><strong>etait</strong></span> <span class='ocrx_word' id='word_1_279' title='bbox 772 4558 1153 4641; x_wconf 38' lang='lat' dir='ltr'><strong>‘tres-lisano</strong></span> <span class='ocrx_word' id='word_1_280' title='bbox 1188 4559 1379 4613; x_wconf 85' lang='lat' dir='ltr'><strong>Pierre</strong></span> <span class='ocrx_word' id='word_1_281' title='bbox 1413 4559 1483 4640; x_wconf 78' lang='lat' dir='ltr'><strong>de</strong></span> <span class='ocrx_word' id='word_1_282' title='bbox 1501 4559 1597 4613; x_wconf 85' lang='lat' dir='ltr'><strong>Col</strong></span> <span class='ocrx_word' id='word_1_283' title='bbox 1708 4575 1753 4641; x_wconf 40' lang='lat' dir='ltr'><strong>e·</strong></span> <span class='ocrx_word' id='word_1_284' title='bbox 1771 4559 1921 4614; x_wconf 86' lang='lat' dir='ltr'><strong>alors</strong></span> <span class='ocrx_word' id='word_1_285' title='bbox 1956 4564 2182 4640; x_wconf 70' lang='lat' dir='ltr'><strong>pasteur</strong></span> 
     </span>
     <span class='ocr_line' id='line_1_42' title="bbox 242 4626 2184 4765; baseline 0.002 -85"><span class='ocrx_word' id='word_1_286' title='bbox 242 4626 462 4764; x_wconf 41' lang='lat' dir='ltr'><strong>pix-etz</strong></span> <span class='ocrx_word' id='word_1_287' title='bbox 498 4629 688 4750; x_wconf 51' lang='lat' dir='ltr'><strong>{eeqffil</strong></span> <span class='ocrx_word' id='word_1_288' title='bbox 715 4627 1087 4765; x_wconf 53' lang='grc' dir='ltr'>ἐίιιιιθτιῖᾶωειι</span> <span class='ocrx_word' id='word_1_289' title='bbox 1130 4631 1164 4683; x_wconf 72' lang='grc' dir='ltr'><strong>ὸ,</strong></span> <span class='ocrx_word' id='word_1_290' title='bbox 1196 4627 1308 4682; x_wconf 85' lang='lat' dir='ltr'><strong>Ste.</strong></span> <span class='ocrx_word' id='word_1_291' title='bbox 1344 4628 1534 4681; x_wconf 75' lang='lat' dir='ltr'><strong>Mane.</strong></span> <span class='ocrx_word' id='word_1_292' title='bbox 1607 4630 1631 4693; x_wconf 90' lang='lat'><strong>(</strong></span> <span class='ocrx_word' id='word_1_293' title='bbox 1825 4670 1840 4696; x_wconf 87' lang='lat'><strong>,</strong></span> <span class='ocrx_word' id='word_1_294' title='bbox 1873 4635 2049 4683; x_wconf 61' lang='lat' dir='ltr'><strong>notice</strong></span> <span class='ocrx_word' id='word_1_295' title='bbox 2084 4643 2184 4683; x_wconf 73' lang='lat' dir='ltr'><strong>sur</strong></span> 
     </span>
     <span class='ocr_line' id='line_1_43' title="bbox 522 4763 2179 4847; baseline 0 -28"><span class='ocrx_word' id='word_1_296' title='bbox 522 4764 715 4847; x_wconf 59' lang='lat' dir='ltr'><strong>Drion</strong></span> <span class='ocrx_word' id='word_1_297' title='bbox 744 4766 914 4821; x_wconf 67' lang='lat' dir='ltr'><strong>nole.-</strong></span> <span class='ocrx_word' id='word_1_298' title='bbox 955 4764 1300 4845; x_wconf 61' lang='lat' dir='ltr'><strong>Nemausum.</strong></span> <span class='ocrx_word' id='word_1_299' title='bbox 1345 4765 1579 4845; x_wconf 54' lang='lat' dir='ltr'><strong>Frankt‘.</strong></span> <span class='ocrx_word' id='word_1_300' title='bbox 1600 4763 1720 4820; x_wconf 84' lang='lat' dir='ltr'><strong>Bel.</strong></span> <span class='ocrx_word' id='word_1_301' title='bbox 1752 4763 1880 4819; x_wconf 82' lang='lat' dir='ltr'><strong>Hdl.</strong></span> <span class='ocrx_word' id='word_1_302' title='bbox 1916 4766 1962 4819; x_wconf 93' lang='grc' dir='ltr'><strong>Ι.</strong></span> <span class='ocrx_word' id='word_1_303' title='bbox 2043 4804 2058 4819; x_wconf 92' lang='grc'><strong>.</strong></span> <span class='ocrx_word' id='word_1_304' title='bbox 2094 4763 2179 4819; x_wconf 80' lang='grc'><strong>22.</strong></span> 
     </span>
     <span class='ocr_line' id='line_1_44' title="bbox 244 4829 2181 4969; baseline 0.003 -16"><span class='ocrx_word' id='word_1_305' title='bbox 244 4829 529 4956; x_wconf 46' lang='lat'><strong>22⁹1&amp;</strong></span> <span class='ocrx_word' id='word_1_306' title='bbox 536 4834 902 4957; x_wconf 40' lang='lat' dir='ltr'><strong>ffffina&#39;haffi</strong></span> <span class='ocrx_word' id='word_1_307' title='bbox 936 4833 1361 4957; x_wconf 48' lang='lat' dir='ltr'><strong>ffioeffiffl&#39;</strong></span> <span class='ocrx_word' id='word_1_308' title='bbox 1375 4848 1657 4956; x_wconf 45' lang='lat' dir='ltr'><strong>22⁰&amp;ss</strong></span> <span class='ocrx_word' id='word_1_309' title='bbox 1680 4833 1908 4969; x_wconf 50' lang='lat' dir='ltr'><strong>w(</strong></span> <span class='ocrx_word' id='word_1_310' title='bbox 1946 4851 2181 4959; x_wconf 58' lang='grc' dir='ltr'><strong>,Μαῖἷ</strong></span> 
     </span>
     <span class='ocr_line' id='line_1_45' title="bbox 245 4965 2181 5053; baseline 0.003 -33"><span class='ocrx_word' id='word_1_311' title='bbox 245 4965 321 5051; x_wconf 66' lang='lat'><strong>273</strong></span> <span class='ocrx_word' id='word_1_312' title='bbox 350 4970 481 5025; x_wconf 73' lang='lat' dir='ltr'><strong>Noc.</strong></span> <span class='ocrx_word' id='word_1_313' title='bbox 520 4970 677 5026; x_wconf 77' lang='grc'><strong>1561.</strong></span> <span class='ocrx_word' id='word_1_314' title='bbox 723 4970 862 5025; x_wconf 70' lang='grc' dir='ltr'><strong>Βσιῖ.</strong></span> <span class='ocrx_word' id='word_1_315' title='bbox 906 4988 982 5052; x_wconf 45' lang='grc' dir='ltr'><strong>π..</strong></span> <span class='ocrx_word' id='word_1_316' title='bbox 1013 4970 1214 5052; x_wconf 47' lang='grc'><strong>3541)·</strong></span> <span class='ocrx_word' id='word_1_317' title='bbox 1248 4972 1627 5053; x_wconf 63' lang='lat' dir='ltr'><strong>iiber-gehenon</strong></span> <span class='ocrx_word' id='word_1_318' title='bbox 1673 4970 2049 5025; x_wconf 77' lang='lat' dir='ltr'><strong>Memorialien</strong></span> <span class='ocrx_word' id='word_1_319' title='bbox 2089 4971 2181 5025; x_wconf 87' lang='lat' dir='ltr'><strong>die</strong></span> 
     </span>
     <span class='ocr_line' id='line_1_46' title="bbox 242 5037 2180 5122; baseline 0.004 -35"><span class='ocrx_word' id='word_1_320' title='bbox 242 5037 729 5107; x_wconf 71' lang='lat' dir='ltr'><strong>wiedereroffnung</strong></span> <span class='ocrx_word' id='word_1_321' title='bbox 775 5040 876 5121; x_wconf 73' lang='lat' dir='ltr'><strong>der</strong></span> <span class='ocrx_word' id='word_1_322' title='bbox 908 5040 1120 5093; x_wconf 76' lang='lat' dir='ltr'><strong>Kirche</strong></span> <span class='ocrx_word' id='word_1_323' title='bbox 1156 5038 1313 5122; x_wconf 69' lang='lat' dir='ltr'><strong>nicht</strong></span> <span class='ocrx_word' id='word_1_324' title='bbox 1354 5056 1474 5093; x_wconf 74' lang='lat' dir='ltr'><strong>iure</strong></span> <span class='ocrx_word' id='word_1_325' title='bbox 1521 5056 1653 5108; x_wconf 74' lang='lat' dir='ltr'><strong>ipsis</strong></span> <span class='ocrx_word' id='word_1_326' title='bbox 1700 5046 2045 5121; x_wconf 75' lang='lat' dir='ltr'><strong>competente</strong></span> <span class='ocrx_word' id='word_1_327' title='bbox 2091 5041 2180 5095; x_wconf 81' lang='lat' dir='ltr'><strong>vel</strong></span> 
     </span>
     <span class='ocr_line' id='line_1_47' title="bbox 244 5107 2181 5298; baseline 0.001 -69"><span class='ocrx_word' id='word_1_328' title='bbox 244 5107 1962 5298; x_wconf 44' lang='grc' dir='ltr'><strong>ΨΜῬεὲιξιιι.Ἢέξῖιιςοξςιωέειειε.</strong></span> <span class='ocrx_word' id='word_1_329' title='bbox 1976 5125 2181 5260; x_wconf 57' lang='lat' dir='ltr'><strong>”m</strong></span> 
     </span>
     <span class='ocr_line' id='line_1_48' title="bbox 372 5244 2182 5329; baseline 0.001 -30"><span class='ocrx_word' id='word_1_330' title='bbox 372 5245 472 5315; x_wconf 76' lang='lat' dir='ltr'><strong>bey</strong></span> <span class='ocrx_word' id='word_1_331' title='bbox 510 5262 580 5299; x_wconf 87' lang='lat' dir='ltr'><strong>en</strong></span> <span class='ocrx_word' id='word_1_332' title='bbox 616 5245 964 5329; x_wconf 65' lang='lat' dir='ltr'><strong>Ohnsttagen</strong></span> <span class='ocrx_word' id='word_1_333' title='bbox 1000 5244 1277 5299; x_wconf 75' lang='lat' dir='ltr'><strong>offenthoh</strong></span> <span class='ocrx_word' id='word_1_334' title='bbox 1354 5246 1575 5311; x_wconf 74' lang='lat' dir='ltr'><strong>redigen</strong></span> <span class='ocrx_word' id='word_1_335' title='bbox 1609 5247 1791 5299; x_wconf 85' lang='lat' dir='ltr'><strong>lassen</strong></span> <span class='ocrx_word' id='word_1_336' title='bbox 1822 5249 2031 5316; x_wconf 74' lang='lat' dir='ltr'><strong>mogon.</strong></span> <span class='ocrx_word' id='word_1_337' title='bbox 2085 5246 2182 5301; x_wconf 71' lang='lat' dir='ltr'><strong>Ber</strong></span> 
     </span>
    </p>
   </div>
   <div class='ocr_carea' id='block_1_10' title="bbox 244 5312 2181 5384">
    <p class='ocr_par' dir='ltr' id='par_1_12' title="bbox 244 5312 2181 5384">
     <span class='ocr_line' id='line_1_49' title="bbox 244 5312 2181 5384; baseline 0.001 -18"><span class='ocrx_word' id='word_1_338' title='bbox 244 5312 409 5367; x_wconf 76' lang='lat' dir='ltr'><strong>dieser</strong></span> <span class='ocrx_word' id='word_1_339' title='bbox 460 5315 818 5384; x_wconf 83' lang='lat' dir='ltr'><strong>Gelegenheit</strong></span> <span class='ocrx_word' id='word_1_340' title='bbox 868 5322 941 5368; x_wconf 79' lang='lat' dir='ltr'><strong>ist</strong></span> <span class='ocrx_word' id='word_1_341' title='bbox 994 5331 1100 5369; x_wconf 80' lang='lat' dir='ltr'><strong>von</strong></span> <span class='ocrx_word' id='word_1_342' title='bbox 1154 5315 1253 5369; x_wconf 86' lang='lat' dir='ltr'><strong>der</strong></span> <span class='ocrx_word' id='word_1_343' title='bbox 1352 5314 1624 5370; x_wconf 73' lang='lat' dir='ltr'><strong>onfession</strong></span> <span class='ocrx_word' id='word_1_344' title='bbox 1689 5315 1787 5369; x_wconf 87' lang='lat' dir='ltr'><strong>des</strong></span> <span class='ocrx_word' id='word_1_345' title='bbox 1839 5332 1960 5369; x_wconf 79' lang='lat' dir='ltr'><strong>zum</strong></span> <span class='ocrx_word' id='word_1_346' title='bbox 2012 5316 2181 5370; x_wconf 70' lang='lat' dir='ltr'><strong>frans.</strong></span> 
     </span>
    </p>
   </div>
   <div class='ocr_carea' id='block_1_11' title="bbox 1938 395 2556 464">
    <p class='ocr_par' dir='ltr' id='par_1_13' title="bbox 1938 395 2556 464">
     <span class='ocr_line' id='line_1_50' title="bbox 1938 395 2556 464; baseline 0.006 -4"><span class='ocrx_word' id='word_1_347' title='bbox 1938 398 2099 461; x_wconf 82' lang='grc'><strong>1561</strong></span> <span class='ocrx_word' id='word_1_348' title='bbox 2144 395 2556 464; x_wconf 77' lang='grc' dir='ltr'><strong>ΒΕΟΕΜΒ.</strong></span> 
     </span>
    </p>
   </div>
   <div class='ocr_carea' id='block_1_12' title="bbox 2223 597 2255 5370">
    <p class='ocr_par' dir='ltr' id='par_1_14' title="bbox 2223 597 2255 5370">
     <span class='ocr_line' id='line_1_51' title="bbox 2223 597 2255 5370; baseline 0 0"><span class='ocrx_word' id='word_1_349' title='bbox 2223 597 2255 5370; x_wconf 95' lang='lat' dir='ltr'><strong> </strong></span> 
     </span>
    </p>
   </div>
   <div class='ocr_carea' id='block_1_13' title="bbox 4131 399 4254 463">
    <p class='ocr_par' dir='ltr' id='par_1_15' title="bbox 4131 399 4254 463">
     <span class='ocr_line' id='line_1_52' title="bbox 4131 399 4254 463; baseline 0.016 -1"><span class='ocrx_word' id='word_1_350' title='bbox 4131 399 4254 463; x_wconf 81' lang='lat'><strong>154</strong></span> 
     </span>
    </p>
   </div>
   <div class='ocr_carea' id='block_1_14' title="bbox 2287 583 4255 2901">
    <p class='ocr_par' dir='ltr' id='par_1_16' title="bbox 2289 583 4255 1956">
     <span class='ocr_line' id='line_1_53' title="bbox 2294 583 4254 671; baseline 0.001 -21"><span class='ocrx_word' id='word_1_351' title='bbox 2294 585 2687 670; x_wconf 79' lang='lat' dir='ltr'><strong>peregrinae</strong></span> <span class='ocrx_word' id='word_1_352' title='bbox 2729 583 3039 652; x_wconf 88' lang='lat' dir='ltr'><strong>eeclesiae</strong></span> <span class='ocrx_word' id='word_1_353' title='bbox 3080 584 3340 652; x_wconf 85' lang='lat' dir='ltr'><strong>restitui</strong></span> <span class='ocrx_word' id='word_1_354' title='bbox 3379 589 3670 671; x_wconf 85' lang='lat' dir='ltr'><strong>possent.</strong></span> <span class='ocrx_word' id='word_1_355' title='bbox 3751 584 4102 670; x_wconf 79' lang='lat' dir='ltr'><strong>Aequievit</strong></span> <span class='ocrx_word' id='word_1_356' title='bbox 4141 585 4254 652; x_wconf 85' lang='lat' dir='ltr'><strong>ille</strong></span> 
     </span>
     <span class='ocr_line' id='line_1_54' title="bbox 2294 669 4251 756; baseline 0 -19"><span class='ocrx_word' id='word_1_357' title='bbox 2294 672 2594 749; x_wconf 89' lang='lat' dir='ltr'><strong>consilio,</strong></span> <span class='ocrx_word' id='word_1_358' title='bbox 2651 669 2852 754; x_wconf 86' lang='lat' dir='ltr'><strong>idque</strong></span> <span class='ocrx_word' id='word_1_359' title='bbox 2895 691 2972 737; x_wconf 93' lang='lat' dir='ltr'><strong>eo</strong></span> <span class='ocrx_word' id='word_1_360' title='bbox 3026 670 3364 737; x_wconf 87' lang='lat' dir='ltr'><strong>lubentius</strong></span> <span class='ocrx_word' id='word_1_361' title='bbox 3407 671 3581 755; x_wconf 86' lang='lat' dir='ltr'><strong>quod</strong></span> <span class='ocrx_word' id='word_1_362' title='bbox 3636 672 3835 739; x_wconf 87' lang='lat' dir='ltr'><strong>sciret</strong></span> <span class='ocrx_word' id='word_1_363' title='bbox 3872 693 3943 738; x_wconf 87' lang='lat' dir='ltr'><strong>se</strong></span> <span class='ocrx_word' id='word_1_364' title='bbox 3985 681 4251 756; x_wconf 86' lang='lat' dir='ltr'><strong>gratum</strong></span> 
     </span>
     <span class='ocr_line' id='line_1_55' title="bbox 2294 756 4255 840; baseline 0.001 -18"><span class='ocrx_word' id='word_1_365' title='bbox 2294 776 2438 822; x_wconf 89' lang='lat' dir='ltr'><strong>esse</strong></span> <span class='ocrx_word' id='word_1_366' title='bbox 2503 758 2768 840; x_wconf 82' lang='lat' dir='ltr'><strong>uti-ique</strong></span> <span class='ocrx_word' id='word_1_367' title='bbox 2829 757 3024 839; x_wconf 91' lang='lat' dir='ltr'><strong>parti,</strong></span> <span class='ocrx_word' id='word_1_368' title='bbox 3510 756 3827 822; x_wconf 89' lang='lat' dir='ltr'><strong>nimirum</strong></span> <span class='ocrx_word' id='word_1_369' title='bbox 3870 766 3937 822; x_wconf 86' lang='lat' dir='ltr'><strong>et</strong></span> <span class='ocrx_word' id='word_1_370' title='bbox 3990 758 4150 836; x_wconf 90' lang='lat' dir='ltr'><strong>suis,</strong></span> <span class='ocrx_word' id='word_1_371' title='bbox 4212 778 4255 823; x_wconf 91' lang='lat' dir='ltr'><strong>a</strong></span> 
     </span>
     <span class='ocr_line' id='line_1_56' title="bbox 2293 842 4252 928; baseline 0.001 -20"><span class='ocrx_word' id='word_1_372' title='bbox 2293 843 2534 925; x_wconf 85' lang='lat' dir='ltr'><strong>quibus</strong></span> <span class='ocrx_word' id='word_1_373' title='bbox 2577 843 2776 907; x_wconf 87' lang='lat' dir='ltr'><strong>etiam</strong></span> <span class='ocrx_word' id='word_1_374' title='bbox 2811 848 3067 922; x_wconf 84' lang='lat' dir='ltr'><strong>(nostro</strong></span> <span class='ocrx_word' id='word_1_375' title='bbox 3101 848 3335 918; x_wconf 88' lang='lat' dir='ltr'><strong>suasu)</strong></span> <span class='ocrx_word' id='word_1_376' title='bbox 3367 863 3489 928; x_wconf 88' lang='lat' dir='ltr'><strong>per</strong></span> <span class='ocrx_word' id='word_1_377' title='bbox 3520 842 3838 908; x_wconf 90' lang='lat' dir='ltr'><strong>nuncium</strong></span> <span class='ocrx_word' id='word_1_378' title='bbox 3873 843 4252 923; x_wconf 83' lang='lat' dir='ltr'><strong>vocabatur,</strong></span> 
     </span>
     <span class='ocr_line' id='line_1_57' title="bbox 2294 927 4254 1012; baseline 0.001 -19"><span class='ocrx_word' id='word_1_379' title='bbox 2294 927 2507 993; x_wconf 89' lang='lat' dir='ltr'><strong>altera</strong></span> <span class='ocrx_word' id='word_1_380' title='bbox 2539 936 2729 1012; x_wconf 89' lang='lat' dir='ltr'><strong>parte</strong></span> <span class='ocrx_word' id='word_1_381' title='bbox 2772 948 2907 993; x_wconf 89' lang='lat' dir='ltr'><strong>non</strong></span> <span class='ocrx_word' id='word_1_382' title='bbox 2950 928 3230 994; x_wconf 87' lang='lat' dir='ltr'><strong>conscia.</strong></span> <span class='ocrx_word' id='word_1_383' title='bbox 3303 927 3561 993; x_wconf 88' lang='lat' dir='ltr'><strong>Deinde</strong></span> <span class='ocrx_word' id='word_1_384' title='bbox 3596 927 3845 1011; x_wconf 87' lang='lat' dir='ltr'><strong>aliquot</strong></span> <span class='ocrx_word' id='word_1_385' title='bbox 3885 929 4254 1012; x_wconf 76' lang='lat' dir='ltr'><strong>praecipuis</strong></span> 
     </span>
     <span class='ocr_line' id='line_1_58' title="bbox 2292 1012 4251 1097; baseline 0.001 -18"><span class='ocrx_word' id='word_1_386' title='bbox 2292 1013 2767 1080; x_wconf 76' lang='lat' dir='ltr'><strong>mercatoribus</strong></span> <span class='ocrx_word' id='word_1_387' title='bbox 2823 1014 2936 1096; x_wconf 88' lang='lat' dir='ltr'><strong>qui</strong></span> <span class='ocrx_word' id='word_1_388' title='bbox 2980 1012 3316 1081; x_wconf 41' lang='lat' dir='ltr'><strong>Franci-§ci</strong></span> <span class='ocrx_word' id='word_1_389' title='bbox 3368 1023 3593 1097; x_wconf 88' lang='lat' dir='ltr'><strong>partes</strong></span> <span class='ocrx_word' id='word_1_390' title='bbox 3648 1015 3916 1097; x_wconf 87' lang='lat' dir='ltr'><strong>sequuti</strong></span> <span class='ocrx_word' id='word_1_391' title='bbox 3971 1014 4251 1094; x_wconf 85' lang='lat' dir='ltr'><strong>fuerant,</strong></span> 
     </span>
     <span class='ocr_line' id='line_1_59' title="bbox 2293 1098 4252 1166; baseline 0.001 -1"><span class='ocrx_word' id='word_1_392' title='bbox 2293 1098 2664 1165; x_wconf 87' lang='lat' dir='ltr'><strong>confidebat</strong></span> <span class='ocrx_word' id='word_1_393' title='bbox 2726 1119 2922 1166; x_wconf 86' lang='lat' dir='ltr'><strong>suum</strong></span> <span class='ocrx_word' id='word_1_394' title='bbox 2990 1099 3354 1165; x_wconf 83' lang='lat' dir='ltr'><strong>adventum</strong></span> <span class='ocrx_word' id='word_1_395' title='bbox 3425 1098 3782 1165; x_wconf 85' lang='lat' dir='ltr'><strong>iucundum</strong></span> <span class='ocrx_word' id='word_1_396' title='bbox 3845 1099 4015 1165; x_wconf 79' lang='lat' dir='ltr'><strong>fore:</strong></span> <span class='ocrx_word' id='word_1_397' title='bbox 4093 1121 4252 1166; x_wconf 89' lang='lat' dir='ltr'><strong>nam</strong></span> 
     </span>
     <span class='ocr_line' id='line_1_60' title="bbox 2292 1185 4250 1269; baseline 0.001 -19"><span class='ocrx_word' id='word_1_398' title='bbox 2292 1185 2453 1268; x_wconf 87' lang='lat' dir='ltr'><strong>ipsis</strong></span> <span class='ocrx_word' id='word_1_399' title='bbox 2488 1186 2656 1251; x_wconf 83' lang='lat' dir='ltr'><strong>bene</strong></span> <span class='ocrx_word' id='word_1_400' title='bbox 2691 1195 2889 1250; x_wconf 90' lang='lat' dir='ltr'><strong>notus</strong></span> <span class='ocrx_word' id='word_1_401' title='bbox 2921 1193 3066 1250; x_wconf 87' lang='lat' dir='ltr'><strong>erat</strong></span> <span class='ocrx_word' id='word_1_402' title='bbox 3100 1206 3301 1268; x_wconf 86' lang='lat' dir='ltr'><strong>quum</strong></span> <span class='ocrx_word' id='word_1_403' title='bbox 3325 1186 3732 1269; x_wconf 82' lang='lat' dir='ltr'><strong>Antverpiae</strong></span> <span class='ocrx_word' id='word_1_404' title='bbox 3768 1206 3996 1251; x_wconf 91' lang='lat' dir='ltr'><strong>eorum</strong></span> <span class='ocrx_word' id='word_1_405' title='bbox 4031 1195 4250 1268; x_wconf 85' lang='lat' dir='ltr'><strong>pastor</strong></span> 
     </span>
     <span class='ocr_line' id='line_1_61' title="bbox 2291 1270 4254 1357; baseline 0.001 -21"><span class='ocrx_word' id='word_1_406' title='bbox 2291 1271 2545 1337; x_wconf 79' lang='lat' dir='ltr'><strong>suisset.</strong></span> <span class='ocrx_word' id='word_1_407' title='bbox 2612 1271 2844 1356; x_wconf 85' lang='lat' dir='ltr'><strong>Itaque</strong></span> <span class='ocrx_word' id='word_1_408' title='bbox 2885 1270 3011 1337; x_wconf 91' lang='lat' dir='ltr'><strong>hac</strong></span> <span class='ocrx_word' id='word_1_409' title='bbox 3045 1291 3163 1355; x_wconf 91' lang='lat' dir='ltr'><strong>spe</strong></span> <span class='ocrx_word' id='word_1_410' title='bbox 3204 1272 3413 1337; x_wconf 82' lang='lat' dir='ltr'><strong>fretus</strong></span> <span class='ocrx_word' id='word_1_411' title='bbox 3445 1272 3575 1337; x_wconf 89' lang='lat' dir='ltr'><strong>iter</strong></span> <span class='ocrx_word' id='word_1_412' title='bbox 3607 1272 3944 1357; x_wconf 85' lang='lat' dir='ltr'><strong>ingressus</strong></span> <span class='ocrx_word' id='word_1_413' title='bbox 3985 1285 4087 1337; x_wconf 88' lang='lat' dir='ltr'><strong>est</strong></span> <span class='ocrx_word' id='word_1_414' title='bbox 4119 1272 4254 1355; x_wconf 89' lang='lat' dir='ltr'><strong>pri-</strong></span> 
     </span>
     <span class='ocr_line' id='line_1_62' title="bbox 2293 1355 4253 1440; baseline 0.001 -19"><span class='ocrx_word' id='word_1_415' title='bbox 2293 1356 2399 1422; x_wconf 92' lang='lat' dir='ltr'><strong>die</strong></span> <span class='ocrx_word' id='word_1_416' title='bbox 2477 1356 2784 1422; x_wconf 86' lang='lat' dir='ltr'><strong>calendas</strong></span> <span class='ocrx_word' id='word_1_417' title='bbox 2849 1356 3260 1424; x_wconf 85' lang='lat' dir='ltr'><strong>Novembris.</strong></span> <span class='ocrx_word' id='word_1_418' title='bbox 3369 1355 3649 1423; x_wconf 83' lang='lat' dir='ltr'><strong>Salvum</strong></span> <span class='ocrx_word' id='word_1_419' title='bbox 3715 1376 3794 1422; x_wconf 93' lang='lat' dir='ltr'><strong>eo</strong></span> <span class='ocrx_word' id='word_1_420' title='bbox 3871 1361 4253 1440; x_wconf 83' lang='lat' dir='ltr'><strong>pervenisse</strong></span> 
     </span>
     <span class='ocr_line' id='line_1_63' title="bbox 2291 1440 4254 1526; baseline 0.001 -19"><span class='ocrx_word' id='word_1_421' title='bbox 2291 1442 2553 1508; x_wconf 90' lang='lat' dir='ltr'><strong>scimus.</strong></span> <span class='ocrx_word' id='word_1_422' title='bbox 2647 1440 2828 1524; x_wconf 80' lang='lat' dir='ltr'><strong>Quid</strong></span> <span class='ocrx_word' id='word_1_423' title='bbox 2894 1451 3120 1508; x_wconf 91' lang='lat' dir='ltr'><strong>autem</strong></span> <span class='ocrx_word' id='word_1_424' title='bbox 3183 1443 3495 1521; x_wconf 87' lang='lat' dir='ltr'><strong>effecerit,</strong></span> <span class='ocrx_word' id='word_1_425' title='bbox 3559 1451 3676 1509; x_wconf 91' lang='lat' dir='ltr'><strong>aut</strong></span> <span class='ocrx_word' id='word_1_426' title='bbox 3725 1463 3894 1526; x_wconf 88' lang='lat' dir='ltr'><strong>quae</strong></span> <span class='ocrx_word' id='word_1_427' title='bbox 3959 1444 4046 1508; x_wconf 91' lang='lat' dir='ltr'><strong>sit</strong></span> <span class='ocrx_word' id='word_1_428' title='bbox 4100 1463 4254 1526; x_wconf 87' lang='lat' dir='ltr'><strong>spes</strong></span> 
     </span>
     <span class='ocr_line' id='line_1_64' title="bbox 2291 1526 4253 1613; baseline 0.001 -20"><span class='ocrx_word' id='word_1_429' title='bbox 2291 1527 2625 1611; x_wconf 88' lang='lat' dir='ltr'><strong>profectus</strong></span> <span class='ocrx_word' id='word_1_430' title='bbox 2669 1526 2886 1610; x_wconf 76' lang='lat' dir='ltr'><strong>adhuc</strong></span> <span class='ocrx_word' id='word_1_431' title='bbox 2926 1529 3326 1613; x_wconf 83' lang='lat' dir='ltr'><strong>ignoramus.</strong></span> <span class='ocrx_word' id='word_1_432' title='bbox 3396 1528 3725 1594; x_wconf 91' lang='lat' dir='ltr'><strong>Dominus</strong></span> <span class='ocrx_word' id='word_1_433' title='bbox 3759 1529 3966 1611; x_wconf 88' lang='lat' dir='ltr'><strong>ipsius</strong></span> <span class='ocrx_word' id='word_1_434' title='bbox 3999 1537 4066 1594; x_wconf 89' lang='lat' dir='ltr'><strong>et</strong></span> <span class='ocrx_word' id='word_1_435' title='bbox 4099 1547 4253 1595; x_wconf 90' lang='lat' dir='ltr'><strong>nos-</strong></span> 
     </span>
     <span class='ocr_line' id='line_1_65' title="bbox 2293 1613 4253 1680; baseline 0.002 -3"><span class='ocrx_word' id='word_1_436' title='bbox 2293 1614 2416 1679; x_wconf 86' lang='lat' dir='ltr'><strong>tris</strong></span> <span class='ocrx_word' id='word_1_437' title='bbox 2462 1615 2633 1680; x_wconf 82' lang='lat' dir='ltr'><strong>votis</strong></span> <span class='ocrx_word' id='word_1_438' title='bbox 2687 1613 2938 1680; x_wconf 82' lang='lat' dir='ltr'><strong>faveat:</strong></span> <span class='ocrx_word' id='word_1_439' title='bbox 2999 1633 3156 1679; x_wconf 88' lang='lat' dir='ltr'><strong>nam</strong></span> <span class='ocrx_word' id='word_1_440' title='bbox 3199 1616 3256 1680; x_wconf 92' lang='lat' dir='ltr'><strong>si</strong></span> <span class='ocrx_word' id='word_1_441' title='bbox 3301 1614 3482 1680; x_wconf 84' lang='lat' dir='ltr'><strong>volet</strong></span> <span class='ocrx_word' id='word_1_442' title='bbox 3522 1613 3711 1680; x_wconf 92' lang='lat' dir='ltr'><strong>Deus</strong></span> <span class='ocrx_word' id='word_1_443' title='bbox 3753 1614 4058 1680; x_wconf 88' lang='lat' dir='ltr'><strong>eeclesias</strong></span> <span class='ocrx_word' id='word_1_444' title='bbox 4099 1613 4253 1680; x_wconf 90' lang='lat' dir='ltr'><strong>illas</strong></span> 
     </span>
     <span class='ocr_line' id='line_1_66' title="bbox 2292 1699 4253 1785; baseline 0.001 -21"><span class='ocrx_word' id='word_1_445' title='bbox 2292 1701 2631 1767; x_wconf 88' lang='lat' dir='ltr'><strong>restitutas</strong></span> <span class='ocrx_word' id='word_1_446' title='bbox 2675 1720 2818 1766; x_wconf 87' lang='lat' dir='ltr'><strong>esse</strong></span> <span class='ocrx_word' id='word_1_447' title='bbox 2858 1701 3086 1785; x_wconf 88' lang='lat' dir='ltr'><strong>magni</strong></span> <span class='ocrx_word' id='word_1_448' title='bbox 3121 1700 3420 1767; x_wconf 89' lang='lat' dir='ltr'><strong>beneficii</strong></span> <span class='ocrx_word' id='word_1_449' title='bbox 3462 1700 3604 1767; x_wconf 83' lang='lat' dir='ltr'><strong>loco</strong></span> <span class='ocrx_word' id='word_1_450' title='bbox 3647 1699 4025 1766; x_wconf 88' lang='lat' dir='ltr'><strong>habendum</strong></span> <span class='ocrx_word' id='word_1_451' title='bbox 4060 1706 4253 1784; x_wconf 88' lang='lat' dir='ltr'><strong>puta-</strong></span> 
     </span>
     <span class='ocr_line' id='line_1_67' title="bbox 2290 1785 4251 1870; baseline 0.002 -20"><span class='ocrx_word' id='word_1_452' title='bbox 2290 1805 2474 1867; x_wconf 89' lang='lat' dir='ltr'><strong>mus,</strong></span> <span class='ocrx_word' id='word_1_453' title='bbox 2548 1807 2774 1852; x_wconf 89' lang='lat' dir='ltr'><strong>eorum</strong></span> <span class='ocrx_word' id='word_1_454' title='bbox 2839 1786 3228 1868; x_wconf 87' lang='lat' dir='ltr'><strong>praesertim</strong></span> <span class='ocrx_word' id='word_1_455' title='bbox 3293 1795 3594 1869; x_wconf 89' lang='lat' dir='ltr'><strong>respectu</strong></span> <span class='ocrx_word' id='word_1_456' title='bbox 3661 1787 3774 1870; x_wconf 86' lang='lat' dir='ltr'><strong>qui</strong></span> <span class='ocrx_word' id='word_1_457' title='bbox 3841 1786 3916 1850; x_wconf 91' lang='lat' dir='ltr'><strong>in</strong></span> <span class='ocrx_word' id='word_1_458' title='bbox 3977 1785 4251 1870; x_wconf 87' lang='lat' dir='ltr'><strong>Belgioo</strong></span> 
     </span>
     <span class='ocr_line' id='line_1_68' title="bbox 2289 1871 3898 1956; baseline 0 -19"><span class='ocrx_word' id='word_1_459' title='bbox 2289 1871 2479 1955; x_wconf 80' lang='lat' dir='ltr'><strong>gravi</strong></span> <span class='ocrx_word' id='word_1_460' title='bbox 2524 1873 2725 1937; x_wconf 89' lang='lat' dir='ltr'><strong>etiam</strong></span> <span class='ocrx_word' id='word_1_461' title='bbox 2771 1892 2951 1938; x_wconf 89' lang='lat' dir='ltr'><strong>nunc</strong></span> <span class='ocrx_word' id='word_1_462' title='bbox 2992 1872 3500 1955; x_wconf 87' lang='lat' dir='ltr'><strong>persequutione</strong></span> <span class='ocrx_word' id='word_1_463' title='bbox 3544 1872 3898 1956; x_wconf 86' lang='lat' dir='ltr'><strong>agit-antur.</strong></span> 
     </span>
    </p>

    <p class='ocr_par' dir='ltr' id='par_1_17' title="bbox 2287 1956 4255 2901">
     <span class='ocr_line' id='line_1_69' title="bbox 2464 1956 4251 2043; baseline -0.001 -20"><span class='ocrx_word' id='word_1_464' title='bbox 2464 1957 2569 2023; x_wconf 95' lang='lat' dir='ltr'><strong>De</strong></span> <span class='ocrx_word' id='word_1_465' title='bbox 2613 1958 2719 2023; x_wconf 91' lang='lat' dir='ltr'><strong>his</strong></span> <span class='ocrx_word' id='word_1_466' title='bbox 2762 1978 2930 2040; x_wconf 88' lang='lat' dir='ltr'><strong>quae</strong></span> <span class='ocrx_word' id='word_1_467' title='bbox 2970 1956 3079 2023; x_wconf 92' lang='lat' dir='ltr'><strong>hic</strong></span> <span class='ocrx_word' id='word_1_468' title='bbox 3123 1967 3417 2043; x_wconf 87' lang='lat' dir='ltr'><strong>aguntur</strong></span> <span class='ocrx_word' id='word_1_469' title='bbox 3458 1977 3595 2022; x_wconf 91' lang='lat' dir='ltr'><strong>non</strong></span> <span class='ocrx_word' id='word_1_470' title='bbox 3631 1956 3841 2023; x_wconf 91' lang='lat' dir='ltr'><strong>habeo</strong></span> <span class='ocrx_word' id='word_1_471' title='bbox 3876 1956 4047 2040; x_wconf 91' lang='lat' dir='ltr'><strong>quod</strong></span> <span class='ocrx_word' id='word_1_472' title='bbox 4090 1956 4251 2024; x_wconf 91' lang='lat' dir='ltr'><strong>scri·</strong></span> 
     </span>
     <span class='ocr_line' id='line_1_70' title="bbox 2289 2041 4253 2127; baseline 0.001 -19"><span class='ocrx_word' id='word_1_473' title='bbox 2289 2042 2446 2108; x_wconf 92' lang='lat' dir='ltr'><strong>bere</strong></span> <span class='ocrx_word' id='word_1_474' title='bbox 2487 2044 2754 2127; x_wconf 89' lang='lat' dir='ltr'><strong>possim,</strong></span> <span class='ocrx_word' id='word_1_475' title='bbox 2814 2044 2944 2109; x_wconf 90' lang='lat' dir='ltr'><strong>nisi</strong></span> <span class='ocrx_word' id='word_1_476' title='bbox 2986 2041 3160 2126; x_wconf 86' lang='lat' dir='ltr'><strong>quod</strong></span> <span class='ocrx_word' id='word_1_477' title='bbox 3204 2043 3412 2108; x_wconf 86' lang='lat' dir='ltr'><strong>nostri</strong></span> <span class='ocrx_word' id='word_1_478' title='bbox 3467 2042 3831 2109; x_wconf 85' lang='lat' dir='ltr'><strong>adversarii</strong></span> <span class='ocrx_word' id='word_1_479' title='bbox 3875 2051 4061 2108; x_wconf 83' lang='lat' dir='ltr'><strong>tanto</strong></span> <span class='ocrx_word' id='word_1_480' title='bbox 4103 2041 4253 2109; x_wconf 89' lang='lat' dir='ltr'><strong>odio</strong></span> 
     </span>
     <span class='ocr_line' id='line_1_71' title="bbox 2289 2127 4255 2214; baseline 0.002 -23"><span class='ocrx_word' id='word_1_481' title='bbox 2289 2127 2363 2191; x_wconf 90' lang='lat' dir='ltr'><strong>in</strong></span> <span class='ocrx_word' id='word_1_482' title='bbox 2418 2149 2539 2194; x_wconf 89' lang='lat' dir='ltr'><strong>nos</strong></span> <span class='ocrx_word' id='word_1_483' title='bbox 2594 2128 2832 2194; x_wconf 87' lang='lat' dir='ltr'><strong>ardent</strong></span> <span class='ocrx_word' id='word_1_484' title='bbox 2883 2137 2959 2194; x_wconf 91' lang='lat' dir='ltr'><strong>ut</strong></span> <span class='ocrx_word' id='word_1_485' title='bbox 3011 2129 3142 2194; x_wconf 90' lang='lat' dir='ltr'><strong>nisi</strong></span> <span class='ocrx_word' id='word_1_486' title='bbox 3198 2129 3529 2194; x_wconf 88' lang='lat' dir='ltr'><strong>Dominus</strong></span> <span class='ocrx_word' id='word_1_487' title='bbox 3593 2148 3713 2195; x_wconf 92' lang='lat' dir='ltr'><strong>suo</strong></span> <span class='ocrx_word' id='word_1_488' title='bbox 3772 2128 4009 2212; x_wconf 87' lang='lat' dir='ltr'><strong>spiritu</strong></span> <span class='ocrx_word' id='word_1_489' title='bbox 4066 2137 4255 2214; x_wconf 85' lang='lat' dir='ltr'><strong>regat</strong></span> 
     </span>
     <span class='ocr_line' id='line_1_72' title="bbox 2289 2213 4250 2294; baseline 0.001 -16"><span class='ocrx_word' id='word_1_490' title='bbox 2289 2223 2611 2291; x_wconf 89' lang='lat' dir='ltr'><strong>senatum,</strong></span> <span class='ocrx_word' id='word_1_491' title='bbox 2669 2214 2861 2281; x_wconf 90' lang='lat' dir='ltr'><strong>nobis</strong></span> <span class='ocrx_word' id='word_1_492' title='bbox 2920 2223 3066 2289; x_wconf 88' lang='lat' dir='ltr'><strong>(aut</strong></span> <span class='ocrx_word' id='word_1_493' title='bbox 3123 2213 3356 2279; x_wconf 88' lang='lat' dir='ltr'><strong>saltem</strong></span> <span class='ocrx_word' id='word_1_494' title='bbox 3413 2214 3609 2294; x_wconf 90' lang='lat' dir='ltr'><strong>mihi)</strong></span> <span class='ocrx_word' id='word_1_495' title='bbox 3668 2215 3827 2279; x_wconf 88' lang='lat' dir='ltr'><strong>hinc</strong></span> <span class='ocrx_word' id='word_1_496' title='bbox 3880 2215 4068 2281; x_wconf 79' lang='lat' dir='ltr'><strong>brevi</strong></span> <span class='ocrx_word' id='word_1_497' title='bbox 4127 2214 4250 2279; x_wconf 93' lang='lat' dir='ltr'><strong>mi-</strong></span> 
     </span>
     <span class='ocr_line' id='line_1_73' title="bbox 2291 2298 4252 2384; baseline 0.002 -20"><span class='ocrx_word' id='word_1_498' title='bbox 2291 2300 2621 2384; x_wconf 91' lang='lat' dir='ltr'><strong>grandum</strong></span> <span class='ocrx_word' id='word_1_499' title='bbox 2667 2302 2812 2366; x_wconf 92' lang='lat' dir='ltr'><strong>erit.</strong></span> <span class='ocrx_word' id='word_1_500' title='bbox 2886 2298 3102 2383; x_wconf 83' lang='lat' dir='ltr'><strong>Spero</strong></span> <span class='ocrx_word' id='word_1_501' title='bbox 3135 2310 3356 2365; x_wconf 87' lang='lat' dir='ltr'><strong>autem</strong></span> <span class='ocrx_word' id='word_1_502' title='bbox 3392 2320 3523 2365; x_wconf 92' lang='lat' dir='ltr'><strong>non</strong></span> <span class='ocrx_word' id='word_1_503' title='bbox 3558 2300 3750 2367; x_wconf 88' lang='lat' dir='ltr'><strong>facile</strong></span> <span class='ocrx_word' id='word_1_504' title='bbox 3785 2309 4252 2383; x_wconf 86' lang='lat' dir='ltr'><strong>assequuturos</strong></span> 
     </span>
     <span class='ocr_line' id='line_1_74' title="bbox 2291 2384 4253 2469; baseline 0.001 -19"><span class='ocrx_word' id='word_1_505' title='bbox 2291 2384 2468 2468; x_wconf 87' lang='lat' dir='ltr'><strong>quod</strong></span> <span class='ocrx_word' id='word_1_506' title='bbox 2510 2386 2803 2469; x_wconf 86' lang='lat' dir='ltr'><strong>cupiunt.</strong></span> <span class='ocrx_word' id='word_1_507' title='bbox 2889 2385 3190 2464; x_wconf 90' lang='lat' dir='ltr'><strong>Interim,</strong></span> <span class='ocrx_word' id='word_1_508' title='bbox 3247 2386 3353 2451; x_wconf 85' lang='lat' dir='ltr'><strong>vir</strong></span> <span class='ocrx_word' id='word_1_509' title='bbox 3393 2385 3754 2452; x_wconf 89' lang='lat' dir='ltr'><strong>clarissime</strong></span> <span class='ocrx_word' id='word_1_510' title='bbox 3798 2393 3866 2450; x_wconf 92' lang='lat' dir='ltr'><strong>et</strong></span> <span class='ocrx_word' id='word_1_511' title='bbox 3908 2395 4097 2468; x_wconf 86' lang='lat' dir='ltr'><strong>pater</strong></span> <span class='ocrx_word' id='word_1_512' title='bbox 4137 2385 4253 2453; x_wconf 91' lang='lat' dir='ltr'><strong>ob-</strong></span> 
     </span>
     <span class='ocr_line' id='line_1_75' title="bbox 2290 2471 4251 2554; baseline 0.001 -19"><span class='ocrx_word' id='word_1_513' title='bbox 2290 2472 2636 2551; x_wconf 82' lang='lat' dir='ltr'><strong>servande,</strong></span> <span class='ocrx_word' id='word_1_514' title='bbox 2692 2473 2865 2538; x_wconf 90' lang='lat' dir='ltr'><strong>hanc</strong></span> <span class='ocrx_word' id='word_1_515' title='bbox 2907 2492 3044 2536; x_wconf 91' lang='lat' dir='ltr'><strong>una</strong></span> <span class='ocrx_word' id='word_1_516' title='bbox 3085 2493 3235 2538; x_wconf 94' lang='lat' dir='ltr'><strong>cum</strong></span> <span class='ocrx_word' id='word_1_517' title='bbox 3280 2471 3550 2554; x_wconf 91' lang='lat' dir='ltr'><strong>reliquis</strong></span> <span class='ocrx_word' id='word_1_518' title='bbox 3593 2471 3883 2538; x_wconf 90' lang='lat' dir='ltr'><strong>ecclesiis</strong></span> <span class='ocrx_word' id='word_1_519' title='bbox 3925 2473 4058 2537; x_wconf 87' lang='lat' dir='ltr'><strong>tuis</strong></span> <span class='ocrx_word' id='word_1_520' title='bbox 4102 2492 4251 2554; x_wconf 86' lang='lat' dir='ltr'><strong>pre-</strong></span> 
     </span>
     <span class='ocr_line' id='line_1_76' title="bbox 2289 2555 4251 2641; baseline 0 -18"><span class='ocrx_word' id='word_1_521' title='bbox 2289 2557 2475 2623; x_wconf 87' lang='lat' dir='ltr'><strong>cibus</strong></span> <span class='ocrx_word' id='word_1_522' title='bbox 2518 2557 2663 2624; x_wconf 93' lang='lat' dir='ltr'><strong>Deo</strong></span> <span class='ocrx_word' id='word_1_523' title='bbox 2705 2567 2773 2624; x_wconf 91' lang='lat' dir='ltr'><strong>et</strong></span> <span class='ocrx_word' id='word_1_524' title='bbox 2813 2558 2987 2641; x_wconf 88' lang='lat' dir='ltr'><strong>patri</strong></span> <span class='ocrx_word' id='word_1_525' title='bbox 3022 2557 3296 2622; x_wconf 90' lang='lat' dir='ltr'><strong>Domini</strong></span> <span class='ocrx_word' id='word_1_526' title='bbox 3339 2558 3550 2623; x_wconf 87' lang='lat' dir='ltr'><strong>nostri</strong></span> <span class='ocrx_word' id='word_1_527' title='bbox 3584 2558 3738 2624; x_wconf 91' lang='lat' dir='ltr'><strong>Iesu</strong></span> <span class='ocrx_word' id='word_1_528' title='bbox 3776 2555 4029 2622; x_wconf 87' lang='lat' dir='ltr'><strong>Ohristi</strong></span> <span class='ocrx_word' id='word_1_529' title='bbox 4072 2578 4251 2623; x_wconf 90' lang='lat' dir='ltr'><strong>com-</strong></span> 
     </span>
     <span class='ocr_line' id='line_1_77' title="bbox 2287 2641 4252 2709; baseline 0.001 -2"><span class='ocrx_word' id='word_1_530' title='bbox 2287 2641 2549 2708; x_wconf 88' lang='lat' dir='ltr'><strong>menda.</strong></span> <span class='ocrx_word' id='word_1_531' title='bbox 2621 2643 2952 2709; x_wconf 91' lang='lat' dir='ltr'><strong>Dominus</strong></span> <span class='ocrx_word' id='word_1_532' title='bbox 2992 2651 3061 2708; x_wconf 86' lang='lat' dir='ltr'><strong>te</strong></span> <span class='ocrx_word' id='word_1_533' title='bbox 3104 2641 3220 2707; x_wconf 88' lang='lat' dir='ltr'><strong>diu</strong></span> <span class='ocrx_word' id='word_1_534' title='bbox 3262 2642 3654 2709; x_wconf 88' lang='lat' dir='ltr'><strong>ineolumem</strong></span> <span class='ocrx_word' id='word_1_535' title='bbox 3689 2651 3956 2709; x_wconf 86' lang='lat' dir='ltr'><strong>nostrae</strong></span> <span class='ocrx_word' id='word_1_536' title='bbox 3992 2641 4252 2709; x_wconf 84' lang='lat' dir='ltr'><strong>Galliae</strong></span> 
     </span>
     <span class='ocr_line' id='line_1_78' title="bbox 2288 2728 4250 2796; baseline 0 -4"><span class='ocrx_word' id='word_1_537' title='bbox 2288 2737 2355 2793; x_wconf 92' lang='lat' dir='ltr'><strong>et</strong></span> <span class='ocrx_word' id='word_1_538' title='bbox 2420 2730 2623 2795; x_wconf 88' lang='lat' dir='ltr'><strong>totius</strong></span> <span class='ocrx_word' id='word_1_539' title='bbox 2698 2729 3096 2795; x_wconf 79' lang='lat' dir='ltr'><strong>christianae</strong></span> <span class='ocrx_word' id='word_1_540' title='bbox 3162 2728 3472 2795; x_wconf 90' lang='lat' dir='ltr'><strong>ecclesiae</strong></span> <span class='ocrx_word' id='word_1_541' title='bbox 3537 2728 3707 2795; x_wconf 91' lang='lat' dir='ltr'><strong>bono</strong></span> <span class='ocrx_word' id='word_1_542' title='bbox 3770 2738 4118 2796; x_wconf 82' lang='lat' dir='ltr'><strong>conservet</strong></span> <span class='ocrx_word' id='word_1_543' title='bbox 4183 2737 4250 2792; x_wconf 91' lang='lat' dir='ltr'><strong>et</strong></span> 
     </span>
     <span class='ocr_line' id='line_1_79' title="bbox 2287 2813 3824 2901; baseline 0 -22"><span class='ocrx_word' id='word_1_544' title='bbox 2287 2821 2571 2880; x_wconf 86' lang='lat' dir='ltr'><strong>tueatur.</strong></span> <span class='ocrx_word' id='word_1_545' title='bbox 2645 2815 3051 2901; x_wconf 86' lang='lat' dir='ltr'><strong>Argentinae</strong></span> <span class='ocrx_word' id='word_1_546' title='bbox 3097 2817 3157 2880; x_wconf 89' lang='grc'><strong>9.</strong></span> <span class='ocrx_word' id='word_1_547' title='bbox 3203 2813 3592 2881; x_wconf 90' lang='lat' dir='ltr'><strong>Decembris</strong></span> <span class='ocrx_word' id='word_1_548' title='bbox 3642 2818 3824 2879; x_wconf 88' lang='lat'><strong>1561.</strong></span> 
     </span>
    </p>
   </div>
   <div class='ocr_carea' id='block_1_15' title="bbox 3012 2965 4071 3038">
    <p class='ocr_par' dir='ltr' id='par_1_18' title="bbox 3012 2965 4071 3038">
     <span class='ocr_line' id='line_1_80' title="bbox 3012 2965 4071 3038; baseline 0 -5"><span class='ocrx_word' id='word_1_549' title='bbox 3012 2965 3390 3033; x_wconf 80' lang='lat' dir='ltr'><strong>Gulielmus</strong></span> <span class='ocrx_word' id='word_1_550' title='bbox 3431 2967 3857 3038; x_wconf 81' lang='lat' dir='ltr'><strong>Holbraohus</strong></span> <span class='ocrx_word' id='word_1_551' title='bbox 3898 2976 4071 3035; x_wconf 91' lang='lat' dir='ltr'><strong>tuus.</strong></span> 
     </span>
    </p>
   </div>
   <div class='ocr_carea' id='block_1_16' title="bbox 3063 3308 3476 3324">
    <p class='ocr_par' dir='ltr' id='par_1_19' title="bbox 3063 3308 3476 3324">
     <span class='ocr_line' id='line_1_81' title="bbox 3063 3308 3476 3324; baseline 0.002 -1"><span class='ocrx_word' id='word_1_552' title='bbox 3063 3308 3476 3324; x_wconf 58' lang='grc'><em>*</em></span> 
     </span>
    </p>
   </div>
   <div class='ocr_carea' id='block_1_17' title="bbox 2738 3579 3797 3821">
    <p class='ocr_par' dir='ltr' id='par_1_20' title="bbox 2738 3579 3797 3821">
     <span class='ocr_line' id='line_1_82' title="bbox 3177 3579 3366 3651; baseline -0.011 0"><span class='ocrx_word' id='word_1_553' title='bbox 3177 3579 3366 3651; x_wconf 74' lang='grc'><strong>3641.</strong></span> 
     </span>
     <span class='ocr_line' id='line_1_83' title="bbox 2738 3751 3797 3821; baseline 0 -3"><span class='ocrx_word' id='word_1_554' title='bbox 2738 3752 3309 3821; x_wconf 79' lang='lat' dir='ltr'>BLAURERUS</span> <span class='ocrx_word' id='word_1_555' title='bbox 3355 3751 3797 3820; x_wconf 81' lang='lat' dir='ltr'><strong>OALVINO.</strong></span> 
     </span>
    </p>
   </div>
   <div class='ocr_carea' id='block_1_18' title="bbox 2284 3922 4248 4164">
    <p class='ocr_par' dir='ltr' id='par_1_21' title="bbox 2284 3922 4248 4164">
     <span class='ocr_line' id='line_1_84' title="bbox 2464 3922 4248 4008; baseline 0.002 -17"><span class='ocrx_word' id='word_1_556' title='bbox 2464 3922 2863 3991; x_wconf 76' lang='lat' dir='ltr'><strong>Commendat</strong></span> <span class='ocrx_word' id='word_1_557' title='bbox 2901 3925 2961 3991; x_wconf 81' lang='lat' dir='ltr'><strong>ei</strong></span> <span class='ocrx_word' id='word_1_558' title='bbox 3001 3927 3286 3991; x_wconf 76' lang='lat' dir='ltr'><strong>iuvenem</strong></span> <span class='ocrx_word' id='word_1_559' title='bbox 3326 3922 3600 4008; x_wconf 73' lang='lat' dir='ltr'><strong>aliquem</strong></span> <span class='ocrx_word' id='word_1_560' title='bbox 3639 3924 3993 3991; x_wconf 71' lang='lat' dir='ltr'><strong>studiosum</strong></span> <span class='ocrx_word' id='word_1_561' title='bbox 4033 3930 4090 3991; x_wconf 76' lang='lat' dir='ltr'><strong>et</strong></span> <span class='ocrx_word' id='word_1_562' title='bbox 4129 3926 4248 3995; x_wconf 73' lang='lat' dir='ltr'><strong>hac</strong></span> 
     </span>
     <span class='ocr_line' id='line_1_85' title="bbox 2284 4010 4246 4164; baseline 0.002 -88"><span class='ocrx_word' id='word_1_563' title='bbox 2284 4011 2627 4164; x_wconf 55' lang='lat' dir='ltr'><strong>m</strong></span> <span class='ocrx_word' id='word_1_564' title='bbox 2627 4031 2859 4164; x_wconf 46' lang='lat' dir='ltr'><strong>augus</strong></span> <span class='ocrx_word' id='word_1_565' title='bbox 2817 4013 3288 4163; x_wconf 73' lang='lat' dir='ltr'><strong>commentarios</strong></span> <span class='ocrx_word' id='word_1_566' title='bbox 3329 4011 3401 4077; x_wconf 77' lang='lat' dir='ltr'><strong>in</strong></span> <span class='ocrx_word' id='word_1_567' title='bbox 3450 4010 3646 4077; x_wconf 77' lang='lat' dir='ltr'><strong>libros</strong></span> <span class='ocrx_word' id='word_1_568' title='bbox 3687 4030 3902 4078; x_wconf 80' lang='lat' dir='ltr'><strong>sacros</strong></span> <span class='ocrx_word' id='word_1_569' title='bbox 3942 4013 4246 4080; x_wconf 65' lang='lat' dir='ltr'><strong>maximis</strong></span> 
     </span>
    </p>
   </div>
   <div class='ocr_carea' id='block_1_19' title="bbox 2583 4266 3948 4339">
    <p class='ocr_par' dir='ltr' id='par_1_22' title="bbox 2583 4266 3948 4339">
     <span class='ocr_line' id='line_1_86' title="bbox 2583 4266 3948 4339; baseline 0.001 -18"><span class='ocrx_word' id='word_1_570' title='bbox 2583 4267 2698 4335; x_wconf 81' lang='lat' dir='ltr'><strong>(Ex</strong></span> <span class='ocrx_word' id='word_1_571' title='bbox 2733 4267 3075 4339; x_wconf 77' lang='lat' dir='ltr'><strong>autographo</strong></span> <span class='ocrx_word' id='word_1_572' title='bbox 3108 4266 3242 4323; x_wconf 82' lang='lat' dir='ltr'><strong>Ood.</strong></span> <span class='ocrx_word' id='word_1_573' title='bbox 3276 4267 3482 4323; x_wconf 65' lang='lat' dir='ltr'><strong>Gener.</strong></span> <span class='ocrx_word' id='word_1_574' title='bbox 3521 4266 3639 4337; x_wconf 84' lang='grc'><strong>196,</strong></span> <span class='ocrx_word' id='word_1_575' title='bbox 3674 4268 3766 4323; x_wconf 76' lang='lat' dir='ltr'><strong>fol.</strong></span> <span class='ocrx_word' id='word_1_576' title='bbox 3801 4267 3948 4337; x_wconf 57' lang='lat'><strong>232)</strong></span> 
     </span>
    </p>
   </div>
   <div class='ocr_carea' id='block_1_20' title="bbox 2280 4438 4243 4764">
    <p class='ocr_par' dir='ltr' id='par_1_23' title="bbox 2280 4438 4243 4679">
     <span class='ocr_line' id='line_1_87' title="bbox 2457 4438 4243 4527; baseline 0 -21"><span class='ocrx_word' id='word_1_577' title='bbox 2457 4438 2845 4506; x_wconf 75' lang='lat' dir='ltr'><strong>Clarissimo</strong></span> <span class='ocrx_word' id='word_1_578' title='bbox 2878 4439 3503 4524; x_wconf 85' lang='lat' dir='ltr'><strong>incomparabilique</strong></span> <span class='ocrx_word' id='word_1_579' title='bbox 3540 4440 3847 4527; x_wconf 81' lang='lat' dir='ltr'><strong>theologo</strong></span> <span class='ocrx_word' id='word_1_580' title='bbox 3882 4439 3966 4507; x_wconf 94' lang='lat' dir='ltr'><strong>D.</strong></span> <span class='ocrx_word' id='word_1_581' title='bbox 4004 4440 4243 4506; x_wconf 89' lang='lat' dir='ltr'><strong>Ioanni</strong></span> 
     </span>
     <span class='ocr_line' id='line_1_88' title="bbox 2283 4524 4241 4611; baseline 0.001 -21"><span class='ocrx_word' id='word_1_582' title='bbox 2283 4524 2562 4593; x_wconf 79' lang='lat' dir='ltr'><strong>Calvino</strong></span> <span class='ocrx_word' id='word_1_583' title='bbox 2597 4526 2810 4593; x_wconf 91' lang='lat' dir='ltr'><strong>amico</strong></span> <span class='ocrx_word' id='word_1_584' title='bbox 2846 4534 2914 4592; x_wconf 92' lang='lat' dir='ltr'><strong>et</strong></span> <span class='ocrx_word' id='word_1_585' title='bbox 2956 4526 3143 4592; x_wconf 85' lang='lat' dir='ltr'><strong>fratri</strong></span> <span class='ocrx_word' id='word_1_586' title='bbox 3187 4536 3323 4591; x_wconf 90' lang='lat' dir='ltr'><strong>tam</strong></span> <span class='ocrx_word' id='word_1_587' title='bbox 3359 4525 3770 4594; x_wconf 86' lang='lat' dir='ltr'><strong>observando</strong></span> <span class='ocrx_word' id='word_1_588' title='bbox 3807 4546 4000 4610; x_wconf 86' lang='lat' dir='ltr'><strong>quam</strong></span> <span class='ocrx_word' id='word_1_589' title='bbox 4046 4525 4241 4611; x_wconf 89' lang='lat' dir='ltr'><strong>longe</strong></span> 
     </span>
     <span class='ocr_line' id='line_1_89' title="bbox 2280 4611 2640 4679; baseline 0.006 -2"><span class='ocrx_word' id='word_1_590' title='bbox 2280 4611 2640 4679; x_wconf 89' lang='lat' dir='ltr'><strong>carissimo.</strong></span> 
     </span>
    </p>

    <p class='ocr_par' dir='ltr' id='par_1_24' title="bbox 3817 4697 4149 4764">
     <span class='ocr_line' id='line_1_90' title="bbox 3817 4697 4149 4764; baseline -0.006 0"><span class='ocrx_word' id='word_1_591' title='bbox 3817 4697 4149 4764; x_wconf 81' lang='lat' dir='ltr'><strong>Genevae.</strong></span> 
     </span>
    </p>
   </div>
   <div class='ocr_carea' id='block_1_21' title="bbox 2280 4868 2697 4884">
    <p class='ocr_par' dir='ltr' id='par_1_25' title="bbox 2280 4868 2697 4884">
     <span class='ocr_line' id='line_1_91' title="bbox 2280 4868 2697 4884; baseline 0 0"><span class='ocrx_word' id='word_1_592' title='bbox 2280 4868 2697 4884; x_wconf 95' lang='lat' dir='ltr'><strong> </strong></span> 
     </span>
    </p>
   </div>
   <div class='ocr_carea' id='block_1_22' title="bbox 2280 4969 4242 5384">
    <p class='ocr_par' dir='ltr' id='par_1_26' title="bbox 2280 4969 4242 5384">
     <span class='ocr_line' id='line_1_92' title="bbox 2280 4969 4240 5043; baseline 0.001 -18"><span class='ocrx_word' id='word_1_593' title='bbox 2280 4971 2582 5042; x_wconf 80' lang='lat' dir='ltr'><strong>Predigern</strong></span> <span class='ocrx_word' id='word_1_594' title='bbox 2616 4987 2755 5041; x_wconf 81' lang='lat' dir='ltr'><strong>vorg</strong></span> <span class='ocrx_word' id='word_1_595' title='bbox 3005 4987 3113 5025; x_wconf 86' lang='lat' dir='ltr'><strong>nen</strong></span> <span class='ocrx_word' id='word_1_596' title='bbox 3137 4971 3367 5026; x_wconf 80' lang='lat' dir='ltr'><strong>Arnoldi</strong></span> <span class='ocrx_word' id='word_1_597' title='bbox 3390 4973 3559 5026; x_wconf 88' lang='lat' dir='ltr'><strong>Banci</strong></span> <span class='ocrx_word' id='word_1_598' title='bbox 3595 4971 3706 5025; x_wconf 87' lang='lat' dir='ltr'><strong>und</strong></span> <span class='ocrx_word' id='word_1_599' title='bbox 3742 4971 3909 5025; x_wconf 87' lang='lat' dir='ltr'><strong>deren</strong></span> <span class='ocrx_word' id='word_1_600' title='bbox 3935 4969 4240 5043; x_wconf 78' lang='lat' dir='ltr'><strong>Probirung</strong></span> 
     </span>
     <span class='ocr_line' id='line_1_93' title="bbox 2280 5039 4242 5123; baseline 0.001 -28"><span class='ocrx_word' id='word_1_601' title='bbox 2280 5040 2462 5095; x_wconf 87' lang='lat' dir='ltr'><strong>nichts</strong></span> <span class='ocrx_word' id='word_1_602' title='bbox 2495 5039 2731 5123; x_wconf 75' lang='lat' dir='ltr'><strong>gedscht</strong></span> <span class='ocrx_word' id='word_1_603' title='bbox 2766 5039 2986 5123; x_wconf 75' lang='lat' dir='ltr'><strong>worden</strong></span> <span class='ocrx_word' id='word_1_604' title='bbox 3021 5041 3132 5094; x_wconf 87' lang='lat' dir='ltr'><strong>und</strong></span> <span class='ocrx_word' id='word_1_605' title='bbox 3167 5039 3266 5094; x_wconf 87' lang='lat' dir='ltr'><strong>hat</strong></span> <span class='ocrx_word' id='word_1_606' title='bbox 3299 5040 3397 5094; x_wconf 87' lang='lat' dir='ltr'><strong>das</strong></span> <span class='ocrx_word' id='word_1_607' title='bbox 3417 5041 3782 5095; x_wconf 78' lang='lat' dir='ltr'><strong>Ministerium</strong></span> <span class='ocrx_word' id='word_1_608' title='bbox 3806 5040 4019 5122; x_wconf 59' lang='lat' dir='ltr'><strong>Franci.</strong></span> <span class='ocrx_word' id='word_1_609' title='bbox 4055 5041 4242 5123; x_wconf 74' lang='lat' dir='ltr'><strong>solohe</strong></span> 
     </span>
     <span class='ocr_line' id='line_1_94' title="bbox 2282 5109 4239 5192; baseline 0 -27"><span class='ocrx_word' id='word_1_610' title='bbox 2282 5110 2599 5166; x_wconf 69' lang='lat' dir='ltr'><strong>confession</strong></span> <span class='ocrx_word' id='word_1_611' title='bbox 2647 5109 2797 5192; x_wconf 69' lang='lat' dir='ltr'><strong>nicht</strong></span> <span class='ocrx_word' id='word_1_612' title='bbox 2833 5110 3060 5191; x_wconf 34' lang='lat' dir='ltr'><strong>‘halhgen</strong></span> <span class='ocrx_word' id='word_1_613' title='bbox 3109 5110 3345 5164; x_wconf 77' lang='lat' dir='ltr'><strong>konnen.</strong></span> <span class='ocrx_word' id='word_1_614' title='bbox 3391 5138 3454 5147; x_wconf 95' lang='lat'><strong>—</strong></span> <span class='ocrx_word' id='word_1_615' title='bbox 3499 5110 3641 5163; x_wconf 72' lang='lat' dir='ltr'><strong>Am.</strong></span> <span class='ocrx_word' id='word_1_616' title='bbox 3690 5109 3876 5191; x_wconf 54' lang='lat' dir='ltr'><strong>Bane}</strong></span> <span class='ocrx_word' id='word_1_617' title='bbox 3920 5109 4066 5177; x_wconf 77' lang='lat' dir='ltr'><strong>conf.</strong></span> <span class='ocrx_word' id='word_1_618' title='bbox 4105 5111 4239 5175; x_wconf 71' lang='lat' dir='ltr'><strong>tide·</strong></span> 
     </span>
     <span class='ocr_line' id='line_1_95' title="bbox 2282 5175 4241 5317; baseline 0.002 -16"><span class='ocrx_word' id='word_1_619' title='bbox 2282 5178 2782 5317; x_wconf 51' lang='lat' dir='ltr'><strong>‘fimafflav’l&#39;z</strong></span> <span class='ocrx_word' id='word_1_620' title='bbox 2818 5183 3144 5302; x_wconf 53' lang='lat' dir='ltr'><strong>tvffflsst.</strong></span> <span class='ocrx_word' id='word_1_621' title='bbox 3174 5175 4241 5305; x_wconf 57' lang='lat' dir='ltr'><strong>351.,¹..2⁵.‘{{..3·1}{a.3.³.⁶i·..”.20{⁰¹·2ffi</strong></span> 
     </span>
     <span class='ocr_line' id='line_1_96' title="bbox 2288 5313 3648 5384; baseline -0.002 -13"><span class='ocrx_word' id='word_1_622' title='bbox 2288 5315 2375 5371; x_wconf 73' lang='lat' dir='ltr'><strong>Ge.</strong></span> <span class='ocrx_word' id='word_1_623' title='bbox 2414 5314 2545 5373; x_wconf 72' lang='lat' dir='ltr'><strong>Bere.</strong></span> <span class='ocrx_word' id='word_1_624' title='bbox 2582 5333 2631 5373; x_wconf 80' lang='lat' dir='ltr'><strong>v.</strong></span> <span class='ocrx_word' id='word_1_625' title='bbox 2676 5318 2722 5369; x_wconf 89' lang='lat'><strong>1.</strong></span> <span class='ocrx_word' id='word_1_626' title='bbox 2759 5316 2894 5371; x_wconf 72' lang='lat' dir='ltr'><strong>Jon.</strong></span> <span class='ocrx_word' id='word_1_627' title='bbox 2932 5316 3080 5372; x_wconf 74' lang='lat'><strong>1562.</strong></span> <span class='ocrx_word' id='word_1_628' title='bbox 3118 5318 3189 5372; x_wconf 71' lang='grc' dir='ltr'><strong>ὦ.</strong></span> <span class='ocrx_word' id='word_1_629' title='bbox 3225 5333 3285 5371; x_wconf 72' lang='grc' dir='ltr'><strong>οι.</strong></span> <span class='ocrx_word' id='word_1_630' title='bbox 3318 5313 3403 5381; x_wconf 80' lang='grc'><strong>38,</strong></span> <span class='ocrx_word' id='word_1_631' title='bbox 3437 5331 3493 5384; x_wconf 79' lang='lat' dir='ltr'><strong>p.</strong></span> <span class='ocrx_word' id='word_1_632' title='bbox 3529 5313 3648 5369; x_wconf 74' lang='lat'><strong>330.</strong></span> 
     </span>
    </p>
   </div>
   <div class='ocr_carea' id='block_1_23' title="bbox 4840 155 4864 3711">
    <p class='ocr_par' dir='ltr' id='par_1_27' title="bbox 4840 155 4864 3711">
     <span class='ocr_line' id='line_1_97' title="bbox 4840 155 4864 3711; baseline 0 0"><span class='ocrx_word' id='word_1_633' title='bbox 4840 155 4864 3711; x_wconf 95' lang='lat' dir='ltr'><strong> </strong></span> 
     </span>
    </p>
   </div>
  </div>
 </body>
</html>
