4900 6125
627 438 755 503 548

624 623 1085 709 limpuissance
1130 621 1212 688 de
1252 622 1538 706 laquelle
1581 645 1687 690 me
1737 624 1845 690 fut
1884 624 2100 690 lautre
2145 626 2302 708 jour
2344 625 2400 690 si
2446 622 2588 690 des·

626 707 932 795 agreable
969 708 1109 792 quil
1152 730 1236 774 ne
1278 730 1386 774 me
1429 710 1752 791 souvient,
1795 718 2002 794 quant
2044 731 2185 776 mes
2227 731 2393 796 gens
2438 730 2589 794 par-

625 799 831 862 tirent
884 792 965 860 de
1007 795 1364 860 Lausanne
1419 816 1586 879 pour
1640 795 1804 861 aller
1847 817 1889 861 a
1933 795 2260 873 Genefve,
2328 794 2410 861 de
2469 816 2591 879 par

627 882 785 946 eulx
830 901 992 947 vous
1036 901 1328 966 envoyer
1372 880 1687 965 quelques
1746 883 2097 947 confitures
2151 902 2280 965 que
2326 881 2593 965 jeetime

623 967 780 1033 bien
813 987 1087 1050 111-811188
1100 986 1297 1116 [four
1333 976 1551 1032 vostre
1585 967 1932 1052 migraine,
1977 969 2034 1033 si
2078 969 2279 1033 estiez
2319 988 2591 1034 encores

624 1053 877 1119 subiect
919 1074 959 1118 a
1002 1053 1098 1118 ice
1149 1072 1187 1117 8
1230 1072 1396 1135 11881
1439 1052 1718 1138 lhusage
1761 1053 1842 1119 de
1899 1053 2182 1137 laquelle
2228 1056 2300 1138 je
2343 1074 2507 1140 prye
2550 1075 2592 1119 a

624 1138 836 1216 Dieu,
880 1138 1260 1215 Monsieur,
1325 1138 1439 1222 qui
1483 1159 1648 1204 vous
1711 1138 1855 1204 face
1920 1139 1985 1204 la
2049 1159 2245 1224 grace
2311 1137 2392 1204 de
2457 1159 2589 1206 888

624 1225 814 1309 point
860 1224 1101 1309 jamais
1155 1244 1340 1300 user,
1400 1246 1487 1290 ne
1544 1223 1877 1291 daucunes
1931 1233 2153 1291 autres
2211 1224 2462 1291 choses.
2526 1224 2590 1290 le

624 1320 893 1394 present
934 1318 1038 1375 est
1080 1309 1247 1393 petit
1287 1310 1455 1375 mais
1499 1309 1580 1375 de
1623 1312 1753 1376 fort
1801 1310 2051 1395 grande
2095 1311 2478 1377 obaissance
2522 1319 2592 1376 et

625 1417 858 1463 amour
901 1417 1028 1479 que
1085 1416 1209 1478 par
1248 1396 1552 1461 meilleur
1608 1397 1757 1479 plus
1799 1418 1970 1481 vray
2015 1405 2084 1461 et
2140 1398 2352 1462 entier
2395 1397 2591 1463 effect

624 1482 688 1547 ie
732 1481 1029 1566 desiroys
1071 1481 1266 1546 lheur
1308 1479 1389 1547 de
1432 1481 1495 1546 le
1541 1504 1704 1548 vous
1747 1483 2025 1566 pouvoir
2068 1482 2480 1548 demonstret
2523 1491 2593 1549 et

624 1587 701 1633 ce
744 1568 926 1633 selon
971 1568 1037 1632 la
1073 1566 1406 1651 grandem·
1441 1567 1522 1632 de
1558 1578 1785 1634 vostre
1828 1568 2087 1635 scavoir
2119 1577 2317 1634 vertu
2352 1568 2591 1634 merite

624 1663 694 1719 81
754 1652 1114 1738 obligation
1187 1654 1450 1719 mienne
1515 1676 1599 1719 en
1666 1663 1884 1720 vostre
1962 1654 2289 1733 endroict,
2370 1655 2426 1720 si
2493 1654 2592 1719 les

628 1789 972 1805 .......
1018 1740 1211 1804 faictz
1255 1749 1321 1803 81
1364 1760 1645 1823 proveuz
1689 1739 1770 1806 de
1811 1739 1966 1823 plus
2009 1742 2224 1826 saiges
2264 1761 2391 1825 que
2435 1761 2591 1825 moy

625 1824 741 1909 qui
797 1845 906 1890 me
961 1826 1158 1890 firent
1219 1835 1566 1891 retourner
1623 1826 1704 1890 de
1757 1847 1915 1891 mon
1963 1875 2254 1892 ......
2302 1828 2591 1910 chemyn

625 1931 712 1976 ne
776 1918 1115 1995 sortoyent
1177 1910 1296 1976 nul
1361 1912 1568 1977 effect.
1645 1914 1707 1996 je
1772 1919 2218 1997 regretteroys
2282 1912 2591 1977 merveil-

623 1996 993 2063 leusement
1056 1995 1136 2062 de
1200 1995 1297 2063 188
1363 1998 1555 2063 avoir
1615 1998 1742 2064 mis
1807 2018 1892 2063 en
1941 2047 2227 2064 ......
2282 2008 2594 2080 esperant

626 2102 757 2167 que
799 2083 1077 2166 quelque
1110 2085 1266 2167 jour
1307 2104 1434 2166 que
1477 2081 1684 2163 Dieu,
1729 2084 2103 2162 Monsieur,
2158 2104 2266 2149 me
2309 2083 2594 2149 raudera

625 2169 685 2233 si
729 2169 1028 2235 heureux
1070 2190 1197 2251 que
1242 2168 1323 2234 de
1367 2191 1532 2236 vous
1575 2170 1672 2235 les
1715 2170 1994 2253 pouvoir
2032 2169 2366 2248 deolairer,
2413 2190 2593 2235 88111-

625 2253 780 2320 11188
823 2275 952 2337 888
995 2276 1070 2321 88
1113 2276 1198 2320 88
1237 2275 1387 2321 8818
1437 2256 1677 2340 jamais
1720 2257 1777 2322 si
1821 2265 1953 2321 1881
1995 2278 2124 2340 888
2165 2257 2228 2321 18
2270 2255 2335 2321 18
2380 2254 2592 2321 desire

630 2349 701 2405 et
743 2340 878 2424 quil
922 2362 1030 2407 me
1074 2351 1299 2426 seroyt
1339 2342 1491 2425 plus
1534 2362 1662 2424 que
1706 2343 2091 2409 necessaire.

1417 2636 1828 2644 ——--—

1508 2867 1710 2942 4243.

1194 3023 1553 3091 mmm,
1599 2969 2038 3093 cim-nio.

806 3196 1129 3265 Matutam
1185 3202 1244 3263 et
1301 3195 1631 3279 fimatum
1692 3196 2012 3281 siqnificat
2074 3198 2365 3264 animum
2421 3204 2481 3265 et
2533 3219 2601 3265 88

640 3283 956 3351 Genevam
987 3283 1279 3369 proxime
1322 3283 1432 3349 sed
1472 3282 1639 3350 olam
1679 3283 2036 3350 rediturum
2065 3283 2421 3366 pollicetur.

927 3455 1039 3523 (Ex
1074 3454 1414 3524 autographo
1448 3452 1578 3509 eod.
1616 3453 1820 3508 Genev.
1858 3453 1977 3522 109,
2015 3454 2107 3510 fol.
2141 3452 2291 3524 208.)

1241 3625 1306 3690 A
1350 3626 1588 3692 Monet.
1636 3625 2001 3709 dispeville.

804 3797 958 3863 Non
1011 3817 1117 3862 me
1173 3797 1369 3882 fugit,
1427 3819 1631 3882 quum
1674 3820 1714 3864 3
1770 3797 1956 3864 vobis
2013 3795 2335 3866 decedens
2407 3817 2592 3880 spem

630 3884 970 3970 perbrevis
1013 3883 1147 3947 mei
1206 3882 1455 3950 reditus
1496 3883 1971 3967 relinquerem,
2029 3893 2276 3968 quanta
2329 3903 2595 3949 asseve-

630 3971 887 4038 ratione
929 3968 1352 4036 affirmarem.
1437 3969 1548 4035 Ad
1596 3990 1793 4053 quem
1834 3991 1995 4036 vero
2039 3990 2260 4035 meum
2303 3968 2595 4034 reditum

632 4057 888 4143 quoties
931 4057 1071 4139 ipse
1113 4076 1221 4121 me
1263 4056 1584 4139 paratim,
1644 4065 1718 4120 ut
1770 4054 1855 4120 ad
1898 4056 2364 4139 profectionem
2407 4055 2594 4139 peni-

631 4155 742 4211 tus
784 4148 1034 4209 restare
1076 4140 1248 4206 nihil
1282 4140 1636 4221 videretur,
1681 4142 1802 4206 vix
1836 4142 2084 4210 credas.
2151 4141 2334 4206 Dum
2370 4149 2594 4206 autem

629 4237 730 4296 tot
763 4249 944 4295 meos
979 4236 1254 4293 conatus
1297 4236 1437 4293 tum
1476 4227 1660 4293 velut
1692 4248 2001 4294 excussos
2044 4228 2127 4293 ob
2169 4226 2391 4293 oculos
2425 4226 2593 4291 181111

630 4335 950 4399 propone,
1016 4313 1185 4378 mihi
1248 4312 1413 4379 solet
1477 4313 1547 4378 in
1605 4321 1897 4378 mentem
1955 4314 2189 4379 venire
2254 4312 2431 4378 illius
2496 4312 2592 4392 (id

631 4404 849 4486 ipsum
906 4401 1126 4466 animo
1180 4420 1378 4483 quam
1435 4398 1751 4465 altissime
1804 4398 2184 4480 revolvens)
2241 4397 2416 4483 quod
2476 4420 2593 4465 ex-

625 4496 913 4553 tremum
972 4485 1140 4550 mihi
1207 4482 1546 4552 decedenti
1623 4494 1763 4549 tam
1827 4485 2279 4550 amantissime
2344 4483 2589 4564 dixisti,

625 4571 884 4639 etiamsi
935 4572 1129 4637 aliter
1192 4568 1515 4637 accideret
1567 4590 1766 4655 quam
1824 4570 2197 4655 pollicerer,
2256 4590 2399 4635 rem
2460 4590 2591 4635 888

626 4657 818 4724 311181
882 4678 1184 4725 casuram
1249 4678 1448 4741 quam
1516 4669 1588 4723 tu
1652 4657 2100 4724 existimares:
2181 4656 2301 4721 tibi
2365 4664 2591 4722 tamen

626 4744 1177 4812 iucundissimum
1232 4744 1559 4822 futurum,
1619 4744 1674 4810 si
1731 4744 2071 4827 perbrevis
2118 4764 2300 4809 meus
2345 4740 2591 4808 adven·

629 4840 756 4909 tus,
803 4838 869 4895 te
907 4830 1144 4895 falsum
1193 4829 1690 4895 vaticinatorem
1731 4829 2124 4896 ostenderet.
2206 4826 2401 4909 Quod
2446 4837 2592 4893 tum

628 4938 671 4983 a
712 4925 780 4982 te
824 4916 1074 4982 dictum
1117 4936 1266 4981 sum
1311 4916 1568 4994 certior,
1614 4936 1815 4999 quum
1861 4936 2084 4981 amore
2125 4916 2257 4979 mei
2274 4966 2289 4992 ,
2334 4934 2464 4997 quo
2505 4934 2593 4979 88

630 5001 807 5069 diem
848 5021 1059 5068 11811111
1102 5002 1443 5067 absentem
1486 5022 1596 5067 me
1638 5000 2066 5080 desiderares,
2112 5008 2256 5065 tum
2299 4999 2593 5064 maxime

630 5087 806 5172 quod
848 5086 1238 5170 perealleres
1273 5108 1470 5170 quam
1508 5109 1626 5153 888
1671 5088 1779 5154 1118
1817 5088 1995 5152 varie
2034 5093 2327 5152 versaret
2360 5083 2592 5164 Satan,

632 5172 741 5240 vel
785 5174 1035 5258 primos
1078 5173 1523 5239 tentationum
1564 5175 1805 5239 fluctus
1846 5172 2049 5240 semel
2093 5171 2420 5255 appulsos.
2508 5170 2594 5236 In

634 5280 765 5341 quo
830 5280 1027 5343 uqam
1102 5259 1304 5324 fueris
1368 5258 1696 5326 veridicus
1759 5268 1948 5324 vates
2025 5278 2238 5342 neque
2316 5254 2594 5341 puderet

635 5346 952 5411 scribere:
1010 5343 1126 5410 sed
1168 5344 1334 5410 11388
1375 5345 1612 5411 11181188
1653 5365 1891 5421 881318,
1950 5354 2016 5409 81
2060 5345 2259 5408 8113111
2300 5342 2592 5408 111181188.

2153 434 2684 504 EPISTOLAE
2728 438 3162 501 4242—4245

4510 441 4615 505 544

2693 625 2779 691 In
2846 644 2925 690 eo
2989 644 3201 689 unum
3265 622 3500 689 saltem
3566 631 3776 690 restat
3839 624 3912 689 in
3968 646 4098 709 quo
4157 645 4264 690 me
4326 624 4619 693 8811881811

2691 731 3080 778 8818818888
3122 710 3431 790 88818118,
3486 710 3862 793 frequenoes
3905 711 4070 777 mihi
4115 710 4404 778 Satanae
4440 711 4622 778 insul·

2692 806 2803 863 tus
2846 795 3242 879 experiendo
3299 794 3632 862 edocuisse
3674 817 3873 879 quam
3930 797 4020 862 sit
4074 797 4133 863 is
4186 797 4349 863 mihi
4402 798 4623 882 18118118

2693 883 2872 948 vitae
2916 890 3210 965 tempore
3252 880 3855 948 exhorrescendus:
3900 892 3969 948 et
4009 903 4209 966 quam
4252 904 4517 968 propere
4552 885 4625 950 811

2692 968 2846 1034 18(18
2890 965 3311 1052 migrandum
3346 966 3428 1045 ei,
3473 967 3587 1049 qui
3631 988 3704 1033 se
3738 967 3903 1034 velit
3937 970 4081 1035 81118
4121 969 4465 1034 liberatum
4496 969 4625 1034 vin·

2693 1054 2886 1119 culis:
2933 1052 3212 1137 quando,
3249 1052 3430 1118 velut
3469 1054 3701 1137 quovis
3745 1064 4079 1120 momento
4120 1055 4191 1119 18
4227 1076 4349 1121 888
4382 1056 4631 1138 impru-

2692 1140 2945 1206 sionem
2974 1139 3328 1238 18818188,
3386 1159 3645 1238 semper
3701 1140 3892 1205 nobis
3948 1141 4267 1241 imminet.
4355 1139 4489 1207 Sed
4527 1139 4631 1205 1188

2690 1223 3438 1394 ἴξῖθιὶυῗᾷἰθῖᾟῗᾷιῑῗὲὲ
3468 1224 4635 1395 ῗὴῖἶωῗέῃζέῗθὲιῗέἔωᾞ

2692 1397 2926 1463 saltem
2973 1395 3221 1461 nedum
3264 1395 3627 1462 discessum
3677 1408 4080 1477 remoretur,
4139 1398 4255 1463 sed
4316 1407 4385 1463 et
4440 1398 4520 1464 ab
4570 1416 4638 1462 n

2692 1483 3021 1548 sententia
3063 1503 3185 1547 nos
3228 1483 3499 1547 omnino
3547 1481 3844 1548 deducat.
3911 1482 4239 1564 Quamvis
4279 1485 4459 1549 enim
4491 1502 4637 1567 81188

2693 1569 2802 1635 1118
2846 1570 3017 1633 fiunt
3058 1589 3192 1633 non
3234 1569 3501 1649 probes,
3556 1587 3676 1633 cur
3719 1588 3852 1633 888
3895 1569 4165 1635 intersis
4210 1567 4484 1634 tamen?
4562 1568 4637 1633 Et

2694 1654 2826 1719 alia
2866 1654 3178 1737 pleraque
3221 1652 3598 1719 huiusmodi
3652 1674 3824 1736 quae
3876 1656 4010 1720 tuis
4055 1665 4123 1720 et
4161 1655 4447 1720 aliorum
4490 1655 4639 1737 epis-

2696 1741 2846 1805 tolis
2888 1740 3051 1805 88118
3092 1738 3537 1805 confutantur.
3625 1739 3925 1805 'l'andem
3982 1740 4137 1804 inde
4180 1740 4465 1806 fidecula
4501 1759 4641 1822 888-

2696 1826 2849 1891 dam
2905 1825 3008 1911 (81
3064 1826 3159 1891 113
3217 1825 3573 1908 appellem)
3632 1845 3753 1891 nos
3819 1824 4259 1908 explicamus:
4328 1827 4643 1908 vincitque

2694 1911 2930 1977 melior
2971 1911 3298 1976 sententia
3333 1931 3469 1975 non
3513 1931 3655 1977 esse
3699 1909 4143 1978 cunctandum
4181 1912 4470 1997 amplius
4504 1911 4645 1995 811111

2696 1996 3164 2064 discedendum
3207 1997 3311 2063 sit.
3401 1995 3538 2062 Sed
3580 2005 3728 2061 tum
3781 2017 3932 2064 ecce
3987 1999 4365 2073 (miserum)
4410 1997 4507 2064 818
4544 2017 4647 2062 888

2696 2092 2874 2161 (1888
2915 2103 3000 2147 88
3034 2082 3249 2148 (118818
3293 2081 3563 2147 8881188
3604 2082 3720 2148 88(1
3763 2083 3902 2148 fere
3944 2084 4271 2159 omnium)
4315 2083 4646 2167 implicitun

2696 2169 2912 2235 solent
2955 2176 3181 2234 nostra
3221 2176 3446 2233 188818
3491 2169 3773 2252 negotia,
3820 2176 4135 2251 tanquam
4179 2189 4317 2234 888
4354 2168 4651 2254 pecuniae

2698 2254 2912 2321 solum
2956 2253 3071 2318 sed
3115 2262 3184 2319 et
3226 2254 3516 2337 reliquae
3558 2253 3666 2319 vel
3710 2254 4008 2319 minutae
4056 2254 4529 2339 suppellectilis
4566 2263 4649 2317 te-

2697 2351 2815 2406 net
2873 2338 3272 2405 desiderium
3296 2391 3311 2417 ,
3373 2348 3449 2404 ut
3504 2339 3663 2404 dum
3715 2339 3937 2404 Deum
3995 2348 4149 2405 3818
4201 2341 4435 2406 omnia
4489 2339 4651 2422 888111

2698 2426 2873 2492 velle
2916 2427 3303 2510 profitemur
3320 2475 3335 2503 ‚
3391 2424 3509 2489 vix
3553 2423 3775 2490 Deum
3793 2475 3810 2500 ‚
3871 2425 4036 2489 nihil
4090 2428 4366 2492 omnino
4422 2435 4653 2509 pati-sn

2699 2521 2770 2577 et
2813 2512 3155 2576 alumnum
3213 2531 3666 2594 agnoscamus.
3756 2510 3987 2591 Quin?
4056 2531 4220 2576 num
4278 2523 4352 2577 et
4417 2512 4517 2576 ita
4572 2509 4649 2574 illi

2703 2596 3063 2662 diffidimus
3138 2603 3216 2662 ut
3285 2596 3369 2661 ab
3433 2616 3510 2659 eo
3587 2596 3850 2680 penitus
3926 2596 4237 2663 defecisse
4306 2597 4655 2670 videamur,

2701 2680 2963 2767 quando
2998 2682 3354 2765 profecturi
3396 2700 3611 2763 neque
3654 2702 3773 2747 nos
3807 2682 4074 2764 penitus
4116 2703 4158 2747 a
4189 2683 4483 2749 fortunis
4524 2701 4655 2747 noe

2702 2769 2827 2834 tris
2884 2768 3245 2851 possimus,
3301 2787 3513 2849 neque
3565 2787 3679 2833 eas
3724 2788 3766 2832 a
3808 2765 3997 2833 nobis
4053 2767 4281 2834 abesse
4340 2764 4655 2835 velimus?

2704 2853 2839 2920 Sed
2884 2853 3049 2920 11888
3090 2852 3255 2919 31188
3310 2855 3474 2917 83118
3529 2861 3786 2917 8888181
3827 2853 4002 2937 apud
4047 2874 4186 2930 me,
4245 2854 4309 2920 si
4368 2865 4548 2920 esset
4589 2872 4657 2918 n

2703 2941 2775 3005 in
2818 2940 3007 3005 nobis
3050 2959 3219 3022 quae
3254 2937 3447 3003 debet
3489 2957 3633 3003 esse
3669 2937 3853 3017 fides,
3897 2938 4071 3004 nihil
4112 2939 4254 3005 fore
4298 2941 4439 3007 nisi
4480 2959 4657 3024 quam

2703 3024 3020 3110 expeditu
3061 3023 3461 3091 facillimum.
3528 3022 3666 3090 Sed
3709 3030 3789 3091 ut
3827 3024 3913 3090 ad
3954 3045 4063 3091 me
4094 3034 4427 3107 revertar,
4472 3044 4657 3110 (1888-

2701 3112 2954 3177 tumvis
2988 3110 3329 3194 hucusque
3371 3130 3721 3177 commune
3758 3110 4009 3177 malum
4048 3110 4216 3177 illud
4259 3133 4393 3179 nos
4436 3118 4657 3187 tenet

2701 3218 2847 3264 eam
2903 3204 3133 3263 tamen
3186 3197 3404 3280 posuit
3444 3196 3629 3262 Deus
3683 3197 3756 3261 in
3814 3196 4004 3264 nobis
4059 3197 4260 3263 fidem
4277 3250 4294 3276 ,
4368 3207 4449 3265 nt
4504 3218 4657 3263 81111-

2700 3304 2898 3368 quam
2942 3281 3118 3367 quod
3184 3282 3437 3347 tamdiu
3499 3283 3758 3366 speravi
3815 3293 3883 3348 et
3934 3283 4130 3349 toties
4185 3284 4467 3362 frustra
4528 3302 4658 3349 811111

2700 3376 2978 3436 8883188
3020 3367 3101 3434 (18
3143 3367 3565 3469 profectione,
3612 3367 3846 3468 melius
3882 3389 4080 3451 quam
4120 3390 4305 3468 nunc
4351 3390 4659 3469 8888811111

2698 3451 4292 3639 1181881819εὲῶῇ
4344 3468 4475 3609 11
4502 3475 4659 3607 t:

2698 3625 2905 3693 veluti
2946 3627 3376 3711 pignoratitia
3418 3624 3714 3711 epistola.
3796 3626 3949 3692 Erit
3988 3626 4261 3692 interim
4304 3629 4437 3695 tibi
4480 3646 4657 3695 811188

2698 3711 2798 3789 (id
2862 3722 3053 3796 rogo)
3119 3721 3197 3778 ut
3259 3732 3407 3777 eam
3469 3720 3765 3778 nostram
3828 3712 4028 3778 fidem
4093 3721 4164 3777 et
4226 3714 4657 3780 8888188118-

2697 3798 2993 3864 81811888
3037 3794 3213 3881 3118(1
3257 3797 3478 3863 Deum
3522 3797 3801 3863 adiuves
3858 3806 3927 3864 et
3987 3798 4197 3864 literis
4242 3799 4387 3866 tuis
4430 3818 4655 3884 angen

2697 3892 2765 3950 et
2806 3885 3186 3964 confirmes,
3243 3887 3323 3949 ut
3379 3902 3529 3948 eam
3586 3883 3993 3949 retineamus
4046 3904 4125 3950 ea
4166 3885 4657 3968 persevoeanfis

2695 3990 2826 4054 qua
2867 3970 3253 4035 conformati
3297 3966 3380 4034 ad
3424 3969 3831 4034 voluntatem
3876 3968 4007 4035 Dei
4051 3969 4345 4053 amplius
4390 3993 4529 4037 8811
4568 3972 4657 4035 111·

2696 4057 3060 4121 flectamur.
3127 4055 3243 4121 Me
3284 4053 3408 4119 tibi
3451 4054 3839 4121 commendo
3874 4075 3994 4138 pro
4036 4065 4152 4121 tua
4190 4076 4367 4138 (1888
4410 4074 4655 4207 Ἣ

2694 4142 2823 4207 fuit
2861 4141 2934 4206 18
2979 4161 3086 4205 188
3129 4138 3620 4219 benevolentia,
3674 4139 4011 4224 laetorque
4057 4150 4125 4207 et
4178 4140 4299 4206 tibi
4348 4164 4477 4228 gra
4636 4191 4653 4213 .

2695 4226 2867 4311 quod
2924 4246 3004 4291 ea
3058 4247 3144 4291 ne
3200 4228 3269 4291 in
3324 4226 3600 4291 minima
3655 4226 3921 4310 quidem
3985 4240 4175 4310 parte
4239 4229 4653 4294 imminutam

2695 4333 2840 4378 esse
2898 4322 3039 4377 tum
3097 4313 3385 4377 maxime
3444 4312 3758 4396 cognovi,
3815 4312 4078 4396 quando
4137 4313 4251 4396 qui
4308 4313 4442 4381 has
4482 4334 4525 4378 a
4560 4332 4655 4377 188

2696 4396 2813 4463 11111
2875 4398 2989 4464 (131
3042 4397 3270 4463 1118138
3311 4396 3479 4462 mihi
3522 4396 3783 4475 retulit,
3841 4398 4022 4463 inter
4065 4408 4291 4464 vestra
4346 4399 4653 4482 8811881118

2694 4485 2896 4550 811881
2975 4484 3107 4549 8181
3197 4483 3315 4550 11111
3390 4481 3865 4566 periucundam
3942 4484 4145 4550 fuisse
4226 4487 4651 4551 mentionn:

2692 4569 3237 4636 iucundissimum
3281 4578 3504 4634 tamen
3550 4568 3687 4633 fore
3729 4568 3852 4635 tibi
3897 4570 4217 4636 nuncium
4234 4620 4252 4647 ‚
4299 4589 4434 4654 quo
4474 4569 4653 4635 infid-

2692 4656 2936 4741 ligeres
2994 4657 3413 4721 immutatum
3471 4674 3615 4721 esse
3674 4675 3783 4719 me
3798 4705 3817 4734 ,
3882 4655 3993 4722 vel
4059 4656 4285 4740 potius
4342 4664 4651 4722 11181818-

2694 4741 2968 4808 vivendi
3002 4740 3344 4807 rationem.
3404 4740 3557 4806 Fiet
3593 4760 3752 4805 vero
3791 4761 3991 4824 quam
4028 4741 4377 4808 8818111818
4410 4752 4647 4827 poturo:

2694 4848 2908 4911 neque
2951 4828 3159 4908 enim,
3204 4836 3280 4892 ut
3321 4847 3530 4910 spero,
3577 4826 3762 4892 Deus
3816 4825 4029 4892 deerit
4081 4828 4365 4910 incepto.
4458 4828 4649 4894 Ouiu-

2694 4916 3018 4979 rationem
3061 4913 3174 4996 qui
3234 4913 3351 4977 1188
3395 4912 3645 4995 perfert
3700 4911 3925 4978 literas
3980 4913 4253 4979 liberius
4310 4924 4383 4978 81
4438 4914 4649 4983 uitium

2693 5019 2890 5082 quam
2955 5000 3011 5064 si
3079 4999 3288 5064 literis
3331 4998 3800 5073 committatur,
3866 4996 4201 5064 iudicabit.
4294 4998 4493 5081 Quod
4544 5016 4645 5062 m

2696 5105 2826 5150 888
2868 5085 3081 5150 visam
3126 5084 3452 5167 (fecissem
3496 5083 3760 5167 lubens)
3802 5104 4002 5150 causa
4045 5092 4148 5151 cst
4188 5092 4271 5150 ut
4311 5084 4381 5150 id
4424 5085 4642 5169 ipsu.

2694 5171 3129 5254 suspicionem
3171 5191 3359 5237 meae
3400 5170 3834 5253 profectionis,
3880 5168 4052 5254 apud
4098 5191 4219 5237 888
4264 5174 4641 5254 cufim-t

2695 5255 2853 5324 Scio
2897 5257 3077 5322 enim
3112 5276 3310 5339 quam
3351 5255 3559 5321 libere
3592 5257 3703 5339 qni
3747 5264 3903 5321 sunt
3946 5255 4122 5340 apud
4158 5275 4281 5323 vos
4314 5255 4401 5323 de
4432 5256 4641 5323 hui-

2697 5341 2873 5408 modi
2917 5343 3114 5408 rebus
3159 5343 3297 5408 suis
3339 5341 3548 5408 literis
3591 5343 3863 5427 quisque
3905 5343 4271 5411 renunciet.
4356 5340 4499 5425 Qui
4530 5340 4641 5407 h·
