4900 6125
655 337 779 401 319

655 521 825 589 bello
879 531 1257 608 pei-petuam
1311 520 1595 589 ostendit
1609 572 1626 601 ,
1713 541 1835 590 nec
1887 522 2260 608 sumptibus
2313 542 2595 610 parcens

655 629 774 676 nec
816 609 990 675 vitae
1031 618 1109 674 ut
1149 608 1423 675 afflictos
1463 607 1741 674 iuvaret.
1811 606 2138 693 Cuperem
2182 629 2312 688 eos,
2356 609 2416 675 si
2448 608 2596 675 fieri

654 703 891 777 posset,
936 692 1108 778 apud
1149 694 1235 760 D.
1285 691 1702 762 &waltherum
1743 703 2043 762 nostrum
2086 693 2406 763 collocuti.
2467 692 2596 761 Sin

651 781 872 846 minus
889 829 906 858 ,
970 799 1084 846 eos
1147 779 1570 846 nihilominus
1632 789 1700 847 et
1739 779 1838 846 illi
1898 790 1965 846 et
2027 780 2149 846 tibi
2209 788 2277 848 et
2316 779 2596 848 caeteris

653 863 963 933 stati-ibus
1006 872 1330 950 quantum
1371 885 1636 950 possum
1679 864 2083 932 commendo.

821 950 1006 1017 Bene
1050 949 1216 1029 vale,
1261 952 1351 1016 mi
1396 961 1600 1035 pater.
1669 951 1996 1018 Dominus
2030 951 2372 1020 ecclesiam
2406 972 2597 1018 suam

654 1035 965 1104 afflictam
1008 1036 1326 1121 respiciat,
1377 1058 1534 1104 vere
1575 1036 1716 1121 pios
1755 1045 1825 1103 et
1876 1037 2078 1104 fortes
2118 1059 2158 1104 o
2355 1036 2449 1104 'os
2482 1059 2599 1103 ex·

654 1123 828 1199 citet,
893 1121 1260 1188 laborantes
1322 1123 1665 1190 confirmet
1724 1131 1792 1188 et
1841 1143 1963 1190 suo
2014 1124 2254 1207 spiritu
2310 1130 2597 1189 tueatur.

654 1207 966 1274 Genevae
1015 1212 1109 1274 14.
1153 1207 1347 1274 Iunii.

825 1291 1079 1359 Βναιύἰι·
1131 1302 1202 1358 et
1242 1292 1440 1359 Eberi
1479 1295 1944 1377 responsum⁸)
2000 1294 2210 1361 liabeo
2253 1315 2413 1395 prae
2458 1293 2609 1361 ma-'

653 1377 851 1445 nibus
873 1429 888 1457 ,
958 1377 1072 1445 sed
1135 1398 1369 1445 vereor
1429 1386 1507 1445 ut
1570 1381 1997 1465 perexiguum
2039 1379 2127 1446 sit
2168 1379 2486 1464 quidquid
2528 1381 2601 1445 in

653 1471 838 1530 tanto
902 1483 1193 1530 moerore
1254 1472 1587 1549 praestare
1659 1485 1944 1549 possum.
2054 1465 2333 1532 Librum
2399 1465 2603 1533 Ebert‘

653 1549 868 1632 primo
911 1569 1164 1634 quoque
1206 1557 1498 1634 tempore
1540 1551 1889 1617 remittam.
1976 1550 2236 1617 Iterum
2276 1551 2441 1618 vale.

1997 1687 2186 1753 ‘l'uus
2228 1687 2423 1754 Besa.

1535 2213 1716 2285 4117.

965 2367 1606 2436 IONVILLAEUS
1652 2368 2290 2438 BULLINGERO.

829 2535 1276 2606 Casama
1317 2540 1527 2622 aperit
1564 2540 1864 2623 epm·
1887 2538 2114 2607 calm·
2113 2512 2598 2619 {aarum
2565 2541 2580 2555 ·

655 2623 1232 2705 midi-ssimum
1272 2624 1503 2692 scilicet
1541 2626 1704 2692 tanti
1735 2626 1867 2692 viri
1902 2626 2157 2709 eiusque
2196 2626 2437 2710 inqem’i
2477 2644 2610 2691 mo-

653 2713 1027 2776 mentum.
1138 2709 1343 2777 Addit
1413 2730 1630 2792 pauca
1711 2711 1788 2777 ds
1853 2710 2021 2795 Reye
2084 2711 2390 2796 Luqduni
2477 2713 2610 2778 iam

653 2799 866 2880 aquito
906 2794 1099 2878 deque
1131 2797 1358 2879 puer-‘s
1395 2795 1500 2862 ms·
1547 2797 1850 2863 Tur-icum
1890 2797 2128 2863 missis,

649 2964 763 3034 (Β
826 2966 1163 3091 ’ωεῗῖιξο
1185 2964 1383 3104 affl
1400 2964 1581 3090 Τῖὅὲα
1595 2964 1902 3092 Pffl}
1938 2962 2064 3091 ξῗιιί
2092 2963 2245 3103 ¹32²)
2286 2966 2416 3021 ⁰³¹⁰
2460 2966 2601 3036 ³⁹⁹⁶

828 3203 1208 3273 Clarissimo
1249 3206 1396 3271 viro
1437 3204 1523 3271 D.
1547 3205 1841 3273 Henrico
1862 3204 2251 3290 Bullingero
2294 3206 2604 3273 ecclesiae

656 3289 1012 3376 Tigurinae
1078 3290 1206 3357 fido
1275 3291 1524 3376 pastori
1566 3290 1925 3375 plurimum
1967 3291 2134 3357 mihi
2175 3288 2601 3462 <getes-Raude.

824 3544 898 3614 S.
986 3547 1091 3613 Ea
1141 3546 1266 3613 fuit
1318 3546 1638 3613 acerbitas
1681 3545 1926 3614 doloris
1967 3567 2164 3633 quem
2206 3546 2476 3631 concepi
2519 3566 2604 3612 ex

655 3633 1214 3784 ffiaffinfii
1264 3631 1495 3784 ⁰52³&
1529 3633 1622 3731 Ρ·
1671 3631 1924 3784 ω’ῗῗ
1966 3640 2043 3732 ³¹⁶
2096 3652 2605 3784 mmm?

1087 3737 1257 3796 ,vir
1492 3737 1813 3802 sime,po
1888 3739 2228 3785 erimscri
2310 3738 2400 3784 re.
2546 3738 2606 3784 ic

654 3803 835 3870 enim
856 3804 1029 3868 tanti
1050 3802 1182 3869 viri
1202 3802 1419 3871 obitus
1440 3802 1735 3870 animum
1756 3824 1980 3871 meum
2001 3803 2380 3871 vulneravit
2399 3809 2479 3867 ut
2504 3803 2605 3867 in-

654 3886 966 3957 credibile
986 3887 1153 3953 mihi
1186 3888 1372 3968 foret,
1395 3889 1523 3955 nisi
1558 3888 1896 3974 experirer
1915 3889 2108 3968 serio,
2131 3897 2391 3954 tantum
2414 3908 2607 3972 posse

657 3973 741 4041 ad
784 3974 1184 4041 moestitiam
1241 3974 1608 4059 augendam
1627 4025 1644 4054 ,
1695 3995 1901 4059 quum
1957 3976 2146 4041 venit
2198 3975 2269 4039 in
2314 3982 2604 4041 mentem

648 4059 833 4126 illius
868 4060 1155 4127 hominis
1185 4060 1293 4128 cui
1328 4068 1504 4127 totus
1539 4080 1721 4127 eram
1741 4060 2107 4127 obstrictus.
2166 4057 2303 4126 Sed
2338 4056 2600 4143 quando

652 4146 749 4211 ita
791 4145 1008 4211 visum
1050 4145 1175 4211 fuit
1216 4144 1361 4212 Deo
1403 4156 1646 4227 nostro,
1689 4166 1969 4230 aequum
2011 4154 2115 4212 est
2156 4152 2231 4210 ut
2270 4143 2606 4210 moderate

653 4231 944 4297 feramus
1006 4251 1425 4315 quaecunque
1486 4231 1749 4298 statuit:
1838 4231 2080 4315 alioqui
2144 4229 2367 4296 nullus
2430 4239 2607 4296 esset

654 4316 681 4381 l
811 4315 926 4382 ndi
980 4316 1132 4383 finis
1189 4327 1305 4382 aut
1344 4315 1594 4384 modus.
1681 4316 2037 4383 Caeterum
2079 4315 2438 4382 meministi
2453 4362 2473 4393 ,
2526 4323 2607 4380 ut

656 4421 919 4486 opinor,
975 4400 1134 4486 quid
1189 4402 1275 4468 ali
1319 4400 1534 4469 uando
1592 4401 1675 4468 de
1732 4401 1929 4468 huius
1988 4402 2115 4468 viri
2157 4401 2369 4467 literis
2411 4398 2496 4466 ad
2541 4406 2607 4465 te

657 4487 1049 4571 scripserim,
1074 4492 1128 4567 ¹)
1171 4487 1284 4572 qui
1330 4508 1459 4572 que
1501 4486 1618 4554 abs
1658 4496 1727 4554 te
1765 4487 2084 4572 petierim.
2158 4487 2348 4571 Rogo
2383 4486 2605 4569 igitur,

658 4592 859 4657 quum
923 4591 1088 4657 opus
1150 4573 1352 4639 fuerit
1412 4585 1483 4640 et
1523 4570 1642 4638 tibi
1684 4572 2140 4658 significavero
2155 4622 2175 4651 ,
2236 4581 2309 4637 ut
2352 4571 2477 4638 hae
2533 4570 2608 4636 in

656 4668 844 4743 parte
879 4676 1000 4723 nos
1032 4658 1261 4725 iuvare
1295 4657 1604 4743 digneris.
1666 4658 1989 4742 Oupimus
2021 4657 2200 4724 enim
2234 4654 2605 4740 aliquando,

658 4744 716 4811 si
760 4743 904 4809 fieri
949 4744 1170 4826 possit,
1213 4752 1288 4809 ut
1330 4741 1643 4828 quidquid
1676 4743 2018 4809 literarum
2054 4742 2137 4808 ab
2170 4762 2249 4808 eo
2284 4742 2605 4826 scriptum

657 4828 786 4895 fuit
825 4828 896 4894 in
934 4827 1148 4893 lucem
1190 4828 1442 4896 edatur.
1529 4828 1700 4894 Nam
1744 4827 1899 4895 inde
1942 4828 2227 4895 hominis
2267 4828 2607 4913 ingenium

659 4923 730 4979 et
770 4913 1048 4980 eruditio
1062 4963 1079 4991 ,
1144 4921 1339 5064 atffue
1383 4914 1546 4982 adeo
1588 4924 1875 4997 quantus
1917 4913 2142 4991 fuerit,
2209 4912 2429 4997 palam
2471 4914 2605 4978 fiet.

659 4997 912 5065 Verum
954 4997 1024 5064 id
1068 5020 1199 5066 nou
1246 5021 1356 5067 um
1401 5000 1810 5085 suscipietur.

663 5235 834 5291 sii-1.
870 5167 1320 5304 ffiffbufflgm.
1395 5238 1480 5306 or.
1521 5238 1631 5308 Ep.
1665 5237 1846 5295 nme
1880 5237 1933 5291 «ι
1970 5236 2025 5292 a.
2062 5236 2150 5296 is.
2185 5236 2336 5309 seu.
2370 5235 2526 5293 1565.

2128 331 2657 403 EPISTOLAE
2699 336 3126 403 4116-4120

4480 337 4576 403 ³²0

2868 522 3040 591 Novi
3090 524 3262 610 quod
3323 523 3604 593 scribam
3647 521 3813 590 nibil
3855 523 4034 591 aliud
4077 533 4182 594 est
4223 543 4413 610 quam
4446 525 4583 610 quod

2695 609 2849 675 Rex
2888 608 3130 677 nudius
3173 610 3407 677 tertius
3446 611 3784 695 ingressus
3824 618 3927 678 est
3966 609 4401 696 Lugdunum,
4438 611 4586 677 mim

2693 692 2988 761 adventu
3043 693 3276 763 accidit
3324 695 3499 780 quod
3555 693 3917 761 timendum
3960 695 4087 780 piis
4129 693 4425 763 omnibm
4460 707 4589 776 erat,

2695 801 2932 865 nempe
2967 781 3239 882 vetitam
3283 802 3426 848 esse
3465 781 3790 865 publicam
3834 780 4161 882 evjingelii
4208 780 4591 881 praedicatio·

2697 865 3698 1054 ggigtugmguofflpgohfigeubtfne
3730 886 4071 1018 conciaeios
4104 889 4330 1019 sacrliie
4350 950 4594 1052 habesn-

2698 1045 2813 1102 tur
2874 1037 3243 1122 ubicunque
3295 1038 3448 1103 Rex
3509 1045 3664 1123 agit.
3751 1035 3889 1104 Sed
3941 1035 4028 1104 D.
4079 1035 4261 1105 Bm
4321 1057 4599 1120 oopnoems

2698 1123 2938 1189 omnia.
3022 1123 3300 1189 Interim
3342 1143 3502 1209 rogo
3542 1131 3628 1201 te,
3674 1123 3777 1188 vir
3814 1122 4205 1203 clarissime,
4249 1131 4328 1189 ut
4410 1143 4476 1188 io
4508 1131 4600 1187 tm

2697 1207 3107 1275 humanitate
3145 1208 3310 1275 duos
3342 1209 3505 1275 istos
3545 1228 3784 1293 pueros
3824 1229 3913 1274 ex
3953 1208 4065 1292 pio
4105 1216 4177 1275 et
4218 1208 4368 1275 nob⁶
4398 1209 4413 1222 ⁶
4447 1217 4603 1293 patre

2697 1303 2907 1372 natos,
2951 1305 3020 1360 et
3060 1295 3173 1378 qui
3213 1293 3299 1360 ad
3315 1291 3557 1395 ‚studia
3586 1294 3766 1394 ,istuc
3804 1294 4179 1395 mittuntur,
4226 1290 4605 1393 commenda-

2696 1377 3813 1565 ffssnffilbeslilsoeutkagemgigmglglao
3828 1377 4525 1565 ,reltilnueggg-urhwqffl
4554 1389 4609 1528 rt:

2699 1559 3095 1736 “issmaqissn
3138 1549 4615 1736 ‘gffsussfflssiffimssfflisspssmffi

2788 1721 3065 1789 nedicat.
3213 1722 3453 1789 adaeus
3494 1721 3700 1787 frater
3741 1728 3810 1788 et
3850 1719 4086 1806 reliqui
4127 1741 4321 1788 amici
4363 1728 4433 1787 te
4469 1718 4615 1787 salu·

2705 1812 2872 1874 tant.
2962 1807 3278 1874 Genevae
3325 1811 3421 1873 14.
3466 1805 3645 1872 Iunii
3694 1809 3878 1873 1564.

3759 1925 4040 1994 Carolus
4081 1924 4483 1993 Ionvillaeus

3742 2012 3841 2078 tui
3881 2011 4519 2079 observantioeimus.

2884 2181 3148 2249 Literas
3189 2182 3506 2266 quasdam
3542 2205 3625 2249 ex
3661 2181 3886 2250 Gallia
3917 2181 4037 2248 tibi

2709 2267 3063 2353 inscriptas
3125 2269 3317 2334 mitto
3339 2316 3358 2348 ‚
3443 2289 3604 2353 quas
3669 2268 3752 2334 ab
3829 2268 4039 2335 amico

2711 2352 2993 2439 quodam
3062 2354 3283 2453 accepi
3346 2361 3502 2453 ante
3556 2352 3871 2420 triduum.
3958 2351 4040 2420 Si

2710 2458 3337 2591 ffifflffia
3358 2439 4039 2591 &gemmam

3593 3050 3783 3124 4118.

3161 3205 3831 3275 BULLINGERUS
3877 3205 4199 3273 BEZAE.

2881 3376 4639 3457 Caluinimortemdfietdanlioi-tauaesaedu

2704 3462 3298 3549 vastiyiisinsistat.

3015 3633 3128 3701 (1321
3161 3631 3501 3702 autographo
3534 3631 3668 3687 cod.
3706 3631 3913 3688 Gener.
3948 3630 4069 3696 120,
4101 3632 4195 3687 fol.
4228 3630 4348 3698 21.)

2876 3804 3255 3871 Clarissimo
3297 3803 3440 3869 viro
3474 3803 3557 3868 D.
3581 3801 3924 3868 Theodoro
3959 3802 4176 3869 Bezae
4218 3801 4397 3869 fideli
4437 3802 4639 3869 Gens·

2707 3892 2931 3958 vensis
2973 3890 3281 3957 ecclesiae
3324 3887 3591 3973 pastori,
3637 3887 3900 3953 domino
3934 3896 4005 3952 et
4038 3887 4231 3953 fiatri
4272 3909 4423 3954 meo
4456 3906 4639 3953 vons-

2706 3975 2910 4043 rando
2952 3997 3030 4042 ac
3070 3974 3422 4042 carissimo.
3497 3973 3588 4039 Et
3624 3972 3749 4040 boc
3792 3972 4063 4039 absente
4095 3971 4182 4038 D.
4227 3971 4470 4040 Ouolo
4502 3972 4639 4039 Ion-

2709 4062 2947 4129 villaeo
2980 4081 3143 4127 mec.

2877 4279 2951 4348 S.
2987 4280 3074 4347 D.
3138 4280 3409 4362 Quanto
3452 4300 3607 4346 cum
3649 4278 3871 4345 dolore
3913 4278 4281 4346 audiverim
4323 4277 4639 4346 sublatius

2710 4388 2853 4434 esse
2917 4386 2960 4430 a
3021 4366 3209 4433 nobis
3255 4364 3594 4433 Οαῑυίηιοηι
3649 4364 4100 4431 venerandum
4152 4363 4457 4442 fratrem,
4522 4384 4637 4429 nim

2706 4452 2896 4520 facile
2938 4452 3186 4518 dixero.
3275 4452 3503 4517 Metuo
3544 4451 3787 4516 iratum
3831 4450 4019 4518 nobis
4064 4451 4423 4517 Dominum
4462 4450 4637 4515 ind-

2709 4547 2895 4604 tnere
2948 4546 3180 4605 contra
3233 4555 3358 4604 nos
3424 4535 3771 4602 horrenda.
3859 4533 4032 4602 Nam
4076 4537 4251 4602 intra
4292 4534 4637 4602 ninnium

2706 4632 2824 4689 aut
2898 4621 3401 4707 quadriennium
3477 4621 3716 4688 sublati
3793 4634 3952 4689 sunt
4026 4643 4111 4690 ex
4186 4619 4461 4689 ecclesis
4516 4617 4637 4685 Du'

2710 4708 3080 4792 Philippus,
3144 4706 3431 4792 martyr,
3497 4707 3860 4786 Masada-3,
3926 4706 4284 4791 Hyperione,
4348 4705 4637 4774 &10⁶-

2706 4794 2980 4860 maximi
3030 4794 3160 4859 viri
3211 4813 3331 4877 per
3388 4813 3549 4878 quos
3593 4793 3777 4859 Deus
3830 4812 4073 4877 magna
4124 4802 4194 4858 et
4246 4790 4453 4858 multa
4502 4808 4633 4855 m

2707 4880 3023 4947 beneficia
3085 4879 3431 4965 praestitit.
3519 4877 3671 4944 Non
3733 4877 3997 4945 invideo
4060 4876 4192 4945 illis
4290 4878 4523 4944 uim
4576 4886 4635 4939 α

2707 4963 2878 5050 quod
2918 4965 3176 5032 liberati
3216 4975 3375 5030 sunt
3414 4986 3500 5030 ex
3543 4963 3668 5031 hoc
3708 4961 3952 5031 mundo
4004 4965 4165 5029 imm
4306 4963 4321 4977 ⁶
4396 4963 4411 4978 “
4572 4968 4635 5023 st

2708 5071 2888 5119 nunc
2929 5051 3240 5117 fruuntur
3281 5049 3548 5116 coelesti
3589 5050 3895 5134 puritate.
3964 5048 4113 5116 Imo
4147 5049 4319 5116 votis
4351 5043 4635 5114 omnih-

2709 5136 2875 5203 meis
2930 5134 3250 5204 contendo
3304 5143 3382 5200 ut
3422 5133 3731 5203 Chi-istus
3772 5135 4101 5202 Dominus
4154 5154 4311 5201 mox
4372 5152 4473 5200 ms
4504 5128 4631 5195 ab

2712 5221 3048 5308 adiungat,
3090 5222 3150 5288 si
3192 5219 3455 5305 quidem
3499 5221 3622 5289 hoc
3662 5220 3791 5307 ipsi
3831 5220 4105 5306 placeat.
4186 5219 4395 5288 Doleo
4430 5219 4495 5284 iu
4530 5212 4631 5281 Β
