4900 6125
253 411 355 476 677

361 616 498 664 osco
562 604 781 663 autem
846 602 1052 663 totam
1125 595 1308 663 illam
1364 596 1730 665 doctrinam
1787 598 2170 683 simpliciter

247 704 482 851 piamn)
518 681 666 749 Non
723 681 1109 766 simpliciter
1171 683 1374 769 igitur
1428 705 1574 750 eam
1638 683 1844 769 probo
1901 692 2019 751 aut
2066 707 2169 751 re-

246 790 407 855 cipio.

390 853 687 936 Quatuoi·
722 861 947 920 autem
979 854 1369 939 praecipuae
1392 855 1661 921 fuerunt
1680 876 1915 923 causae
1936 876 2167 940 quam-

242 942 439 1009 obrem
515 938 763 1005 diutius
851 938 1175 1006 noluerim
1256 939 1619 1007 detrectare
1680 940 1778 1006 illi
1846 941 2168 1008 formulae

241 1025 637 1095 subscribere.
706 1024 953 1107 Prima,
996 1047 1080 1092 ne
1115 1024 1376 1111 publica
1418 1047 1549 1111 pax
1592 1033 1787 1111 atque
1820 1026 2169 1095 concordia

379 1131 481 1177 me
520 1131 726 1178 unum
771 1109 1213 1195 impediretur.
1283 1111 1522 1193 Altera,
1567 1133 1653 1178 ne
1693 1112 1966 1180 ecclesia
2001 1111 2167 1179 Gal-

393 1219 430 1263 a
491 1218 642 1263 mea
692 1197 883 1280 culpa
944 1205 1369 1264 everteretur.
1399 1197 1456 1284 ⁸)
1543 1198 1689 1265 Hoc
1731 1200 1908 1265 enim
1952 1199 2165 1264 mina·

240 1284 473 1349 bantur.
564 1283 807 1358 Tertia,
877 1304 958 1349 ne
1000 1304 1167 1368 quae
1211 1303 1439 1367 sparsa
1482 1281 1563 1350 de
1607 1305 1711 1350 me
1753 1285 2016 1351 fuerant
2057 1305 2166 1350 ca·

237 1368 535 1435 lumniose
593 1376 661 1435 et
704 1367 864 1435 salso
909 1368 1267 1446 (contraria
1318 1377 1537 1436 autem
1595 1368 1802 1436 multa
1855 1371 1940 1436 iis
2005 1369 2165 1435 arti·

235 1454 381 1521 culis
444 1454 710 1520 fuerant
775 1453 855 1520 de
918 1475 1026 1520 me
1087 1475 1315 1538 sparsa
1375 1455 1446 1520 in
1512 1454 1786 1540 vulgus)
1853 1466 2164 1538 tanquam

237 1560 374 1606 vera
413 1540 978 1607 confirmarentur.
1045 1541 1408 1619 Postrema,
1454 1561 1538 1606 ne
1580 1541 1703 1606 toti
1740 1562 1924 1608 meae
1955 1541 2165 1607 bonae

236 1647 450 1692 causae
494 1626 702 1692 ullum
747 1626 1028 1692 facerem
1062 1625 1553 1710 praeiudicium.
1620 1625 1761 1692 Nisi
1794 1628 1973 1692 enim
2007 1624 2163 1693 sub-

237 1711 642 1794 scripsissem,
708 1731 858 1778 cum
924 1710 1287 1796 ignominia
1341 1713 1448 1796 (ut
1503 1711 1665 1777 mihi
1721 1712 2163 1790 asserebatur)

234 1795 520 1863 eiiciebai·
605 1797 784 1863 urbe.
895 1795 1234 1878 Quantum
1311 1806 1531 1863 autem
1598 1798 1721 1863 hoc
1784 1797 2163 1865 obfuturum

236 1883 443 1948 fuisset
486 1901 741 1962 causae,
799 1904 991 1948 nemo
1035 1903 1167 1949 non
1212 1882 1409 1950 videt.
1500 1883 1722 1965 Quum
1767 1884 1973 1968 igitur
2014 1902 2163 1966 pos·

231 1989 353 2033 sem
428 1967 601 2034 bona
682 1968 1081 2035 conscientia
1143 1968 1521 2052 praemissis
1587 1969 2163 2052 protestationibus

231 2062 401 2119 caute
442 2053 740 2120 articulis
802 2054 1228 2132 subscribere,
1294 2064 1362 2120 et
1415 2055 1889 2138 subscriptione
1945 2055 2166 2120 omnia

230 2138 340 2204 ista
380 2139 557 2205 mala
601 2147 798 2224 atque
840 2138 1257 2206 incommoda
1297 2140 1568 2220 evitare,
1631 2139 1837 2206 malui
1880 2139 2163 2207 subscri-

228 2224 364 2290 bere
440 2246 640 2310 quam
717 2236 983 2309 propter
1048 2225 1333 2308 aliquam
1415 2248 1598 2293 meae
1662 2226 2165 2292 existimationis

228 2309 533 2375 iacturam
600 2319 699 2375 tot
739 2310 914 2376 mala
957 2319 1032 2376 ut
1074 2311 1423 2377 evenirent
1464 2312 2004 2396 subscriptionem
2051 2310 2162 2377 de-

226 2395 552 2462 trectando
596 2397 871 2463 efficere.

377 2482 662 2548 Interim
728 2490 950 2548 tamen
1017 2490 1436 2550 controversa
1510 2481 1808 2550 doctrina
1871 2483 2161 2549 nondum

221 2573 309 2632 est
369 2566 745 2647 diiudicata,
791 2567 859 2633 id
917 2568 1091 2652 quod
1148 2568 1390 2635 diserte
1433 2590 1563 2635 non
1615 2569 1816 2635 semel
1865 2568 2164 2635 Sulcems

221 2652 366 2717 mihi
402 2651 605 2720 dixit:
645 2674 717 2719 se
753 2663 1010 2719 tantum
1034 2655 1294 2720 venisse
1329 2663 1407 2720 ut
1439 2663 1587 2737 post
1621 2654 2163 2721 condonationem

220 2736 606 2805 iniuriarum
648 2739 719 2804 in
763 2738 1110 2806 formulam
1156 2738 1490 2806 doctrinae
1531 2740 1601 2805 in
1639 2748 1970 2825 posterum
2007 2760 2163 2807 con·

220 2824 626 2904 sentiremus,
670 2846 800 2908 qua
843 2834 912 2891 et
954 2846 1085 2908 pax
1121 2825 1307 2892 fieret
1343 2835 1411 2891 et
1448 2826 1856 2893 concorditer
1889 2825 2163 2908 posthac

218 2908 279 2973 in
319 2910 548 2977 schola
598 2919 665 2976 et
707 2910 983 2977 ecclesia
1027 2910 1385 2977 doceretur.
1474 2911 1700 2978 Habes
1743 2911 1897 2995 quid
1943 2920 2162 2978 actum

214 2995 307 3075 sit,
351 2996 449 3061 mi
494 3003 689 3082 pater
730 2995 914 3063 Erbi.
1001 2995 1066 3063 N
1068 3015 1157 3063 on
1199 2995 1422 3064 dubito
1456 2996 1618 3081 quin
1663 2998 1830 3064 varii
1866 3018 2161 3064 rumores

219 3078 329 3148 hac
372 3080 453 3148 de
501 3103 577 3149 re
618 3102 776 3148 mox
819 3084 956 3150 sint
997 3081 1370 3169 spargendi,
1426 3094 1502 3149 ut
1560 3083 1706 3150 fieri
1759 3083 1939 3150 solet.
2027 3081 2163 3150 Sed

214 3187 310 3232 res
349 3167 447 3235 ita
492 3167 712 3234 habet.
802 3170 903 3235 Ac
966 3188 1168 3251 quum
1213 3168 1431 3236 danda
1485 3176 1661 3235 esset
1702 3169 1937 3235 dextra
1978 3167 2164 3235 Mar-

212 3250 415 3319 bucliio
458 3263 534 3319 et
575 3252 742 3333 aliis,
759 3255 818 3339 ⁴)
874 3253 989 3319 diu
1030 3253 1156 3321 hoc
1199 3255 1401 3320 etiam
1444 3255 1762 3334 recusavi,
1803 3253 1976 3338 quod
2023 3254 2161 3321 vel-

212 3335 331 3404 lem
374 3339 567 3424 prius
609 3339 778 3406 scire
822 3360 908 3405 an
953 3338 1318 3406 doctrinam
1361 3361 1560 3424 quam
1596 3340 1941 3407 haereseos
1977 3339 2161 3407 dam-

213 3434 449 3491 narunt
493 3423 715 3491 adhuc
756 3445 875 3508 pro
938 3425 1272 3493 haeretica
1334 3425 1635 3506 haberet,
1683 3446 1805 3492 nec
1848 3447 1960 3492 ne:
2028 3447 2161 3491 non

212 3509 376 3576 enim
664 3509 806 3575 dari
851 3510 1153 3577 dextram
1196 3511 1327 3577 nisi
1370 3513 1555 3595 prius
1598 3512 1937 3580 consensio
1971 3512 2059 3577 sit
2090 3512 2161 3578 in

212 3592 502 3664 doctrina
548 3594 629 3662 de
672 3595 1007 3681 religione.
1098 3595 1192 3662 At
1234 3595 1529 3663 Salem-s
1579 3597 1744 3663 mihi
1786 3597 2159 3677 affirmavit,

211 3680 273 3744 in
315 3680 483 3749 duos
531 3688 791 3747 tantum
828 3681 992 3748 fines
1028 3683 1163 3765 peti
1200 3691 1275 3747 ut
1309 3682 1503 3748 detur
1537 3682 1837 3750 dextera:
1883 3704 2160 3767 quorum

210 3786 374 3834 uuus
441 3776 591 3833 erat
649 3775 726 3832 ut
789 3766 901 3831 illo
966 3767 1262 3853 symbolo
1327 3769 1848 3849 testificaremur,
1917 3789 2036 3835 nos
2078 3790 2162 3834 ex

208 3852 420 3919 animo
475 3853 755 3919 iniurias
812 3853 1094 3920 invicem
1137 3853 1567 3920 condonasse:
1640 3854 1810 3920 alter
1865 3862 1939 3920 ut
1980 3876 2161 3939 sym-

212 3935 419 4003 bolum
468 3939 671 4005 etiam
715 3946 907 4017 esset,
953 3959 1073 4004 nos
1108 3960 1192 4005 ex
1226 3938 1444 4006 animo
1477 3940 1548 4004 in
1592 3940 1941 4006 formulam
1980 3940 2161 4006 illam

210 4019 545 4090 doctrinae
611 4023 1048 4091 consensisse:
1114 4024 1239 4092 hac
1306 4045 1465 4091 vero
1530 4024 1841 4092 dexterae
1903 4047 2161 4110 porrec-

400 4365 465 4434 2)
503 4367 621 4421 Hic
651 4365 722 4434 cf.
765 4365 1000 4423 &urnii
1032 4365 1340 4488 Antipaffiv.
1373 4365 1474 4419 1v.
1502 4380 1565 4435 p.
1605 4363 1737 4419 170:
1769 4366 1924 4432 Quod
1958 4365 2161 4422 formu·

202 4430 287 4486 100
318 4434 652 4491 concordiae
687 4442 981 4491 renovatae
1005 4434 1216 4488 Zancus
1310 4450 1400 4488 sce
1434 4434 1620 4488 verbis
1655 4434 2064 4505 subscripserit:
2101 4443 2162 4492 u:

194 4503 347 4567 pians
382 4520 507 4559 esse
539 4503 726 4560 iudico
760 4505 843 4559 ita
885 4503 1183 4565 subscribo,
1228 4519 1337 4557 nou
1381 4503 1498 4557 sino
1534 4520 1696 4557 causa
1739 4503 1881 4558 fecit.
1962 4504 2038 4558 Et
2080 4505 2161 4559 ita

202 4572 650 4627 subscribendum
686 4579 772 4627 est
807 4573 936 4642 quis
970 4573 1028 4626 in
1063 4572 1291 4626 ecclesia
1318 4571 1520 4626 Christi
1554 4572 1772 4626 nimium
1809 4579 2038 4642 possunt
2072 4590 2159 4629 ca·

204 4638 450 4724 lumniqe.
484 4710 499 4723 ·
519 4641 596 4695 Et
630 4657 748 4712 ego,
783 4642 1003 4695 tametsi
1030 4640 1363 4723 ,simpliciter
1395 4640 1827 4722 subscripserim,
1862 4645 2044 4722 tamen
2066 4642 2160 4725 .i¹.⁸

200 4712 626 4833 amm
670 4710 1321 4860 ἒῖὄὲαἪῗοέἅω.
1339 4707 2157 4861 Ϊὲἲῗροοὲεἶῖἁὲἔξιεὲἓέιζῗε

200 4862 372 4932 quam·
396 4848 594 4929 (elices.
621 4852 775 4929 ‹st-ae
818 4848 873 4900 ui
901 4852 1285 4929 ‚unumstores
1321 4853 1442 4899 sitis
1477 4862 1545 4899 ex
1574 4845 1659 4900 his
1683 4862 1820 4916 quse
1838 4853 2156 4903 instituistis

198 4926 254 4967 a
274 4924 467 5063 ‘⁸92⁸'
492 4916 832 5054 ἴδωιιέἵίωσιιῖα
876 4924 1276 5051 suffici-ivm
1325 4983 1548 5065 minii-q
1589 4982 1888 5066 impe-dicit.
1973 4981 2153 5053 Quum

194 5066 335 5105 enisi
390 5052 716 5110 Holbmcus
761 5054 1096 5111 submutare
1137 5057 1458 5115 recusa-sm,
1515 5067 1631 5122 ipss
1675 5052 1937 5107 dmum
1978 5060 2057 5109 ese
2104 5059 2156 5111 et

193 5120 355 5175 aedes
392 5120 453 5177 8.
492 5122 753 5204 Andreas
785 5123 838 5178 ss·
867 5122 1119 5177 ecclesiae
1150 5134 1434 5177 coamens
1466 5119 1521 5175 d.
1551 5119 1635 5175 19.
1657 5122 1901 5192 Any-mi
1932 5121 2155 5179 dame

188 5190 255 5252 ἡ
371 5229 466 5341 αἱ)
503 5192 579 5314 i·
626 5189 1163 5344 &3233
1197 5257 1468 5328 pomaeo
1501 5258 1938 5328 subscriptio-a,
1974 5258 2031 5314 a.
2065 5258 2149 5314 19.

196 5325 403 5383 Mami
435 5325 714 5396 (Setun-dt
744 5329 778 5385 1.
815 5330 851 5386 1.
880 5346 936 5401 p.
971 5326 1117 5395 65⁷).

1976 413 2143 477 1563
2188 411 2473 480 MART.

4104 419 4234 485 678

2269 600 2447 668 tione
2497 600 2757 668 nullum
2812 603 2956 669 fieri
3012 602 3487 688 praeiudicium
3545 611 4003 674 controversae
4069 605 4230 674 reli-

2268 708 2435 770 quae
2472 686 2803 754 doctrinae
2846 709 3013 771 quae
3066 710 3106 754 a
3163 710 3235 756 se
3293 711 3426 756 non
3493 690 3618 757 fuit
3659 690 3963 760 iudicata.
4008 728 4098 742 —
4140 728 4227 742 -

3055 1062 3455 1075 ——-.——-.

3145 1318 3340 1389 3⁹21.

2680 1472 3345 1542 BULLINGERUS
3390 1474 3821 1545 OALVINO.

2442 1642 2696 1711 Gratiis
2728 1645 2886 1710 actis
2914 1665 3036 1727 pro
3058 1647 3197 1711 eius
3231 1646 3433 1712 literis
3452 1667 3555 1712 res
3583 1645 3868 1715 Gallicas
3889 1653 3945 1714 et
3964 1648 4218 1729 quidem

2259 1729 2516 1813 faustas
2558 1729 3021 1811 exponentibus,
3064 1732 3202 1813 ipse
3242 1753 3404 1814 quae
3444 1732 3531 1797 ad
3584 1752 3718 1798 rem
3759 1733 4005 1800 audivit
4045 1754 4220 1816 pau-

2261 1815 2356 1883 cis
2397 1816 2609 1881 tradit.
2700 1814 3032 1901 Neqotium
3078 1816 3569 1884 Pelliuariorum
3609 1820 3874 1885 curavit.

2264 1985 2377 2052 (Ex
2429 1991 2659 2055 autogra
2697 1985 2768 2040 ho
2818 1988 2980 2044 Arch.
3016 1989 3198 2043 Turic.
3237 1988 3379 2042 Plut.
3413 1987 3511 2044 vl.
3564 1989 3684 2043 Vol.
3725 1987 3838 2054 129,
3898 1988 4028 2043 olim
4071 1989 4217 2061 Epp.

2454 2053 2608 2109 Tom.
2716 2095 2730 2122 ,
2768 2056 2943 2113 Scrin.
2979 2056 3040 2112 Β.
3076 2057 3166 2112 fol.
3218 2056 3338 2112 454.
3379 2086 3438 2096 —
3480 2058 3693 2112 Simler.
3731 2058 3857 2113 Vol.
3896 2055 4041 2124 106.)

2437 2223 2821 2293 Clarissimo
2888 2228 3030 2294 viro
3084 2226 3168 2294 D.
3226 2227 3460 2294 Ioanni
3504 2227 3781 2294 Calvino
3833 2228 4218 2295 fidelissimo

2264 2308 2676 2379 Geneveusis
2719 2312 3029 2380 ecclesiae
3072 2312 3321 2394 pastori
3363 2312 3625 2380 domino
3662 2335 3806 2380 meo
3841 2314 4112 2381 colendo
4146 2321 4217 2381 et

2262 2396 2449 2462 fratri
2495 2396 2685 2482 longe
2727 2398 3084 2466 carissime.
3828 2484 4039 2552 Genff

2436 2651 2509 2720 S.
2556 2652 2642 2720 D.
2731 2653 2913 2720 Nihil
2959 2654 3136 2722 aliud
3197 2675 3466 2741 possum
3518 2655 3874 2740 rependere
3919 2656 4057 2736 tibi,
4102 2653 4219 2722 do·

2265 2738 2446 2805 mine
2490 2738 2946 2808 colendissimo
3010 2749 3078 2808 et
3140 2742 3346 2808 frater
3408 2743 3757 2823 carissime,
3823 2764 3943 2827 pro
3997 2740 4218 2808 labore

2265 2833 2333 2889 et
2375 2823 2717 2910 diligentia
2761 2834 2893 2906 tua,
2939 2848 3070 2911 qua
3111 2835 3337 2894 exacte
3392 2825 3477 2893 ad
3529 2848 3652 2894 nos
3704 2827 4054 2912 perscribis
4105 2847 4218 2894 res

2268 2908 2578 2990 Gallicas,
2646 2932 2842 2995 quam
2906 2913 3271 2997 gratiarum
3340 2914 3676 2980 actionem.
3779 2913 4010 2997 Itaque
4075 2920 4218 2979 tam

2265 2996 2545 3061 fratrum
2623 3018 2821 3081 quam
2885 3019 3031 3065 meo
3096 2999 3363 3067 nomine
3425 2999 3750 3068 maximas
3813 2999 4216 3066 humanitati

2266 3086 2419 3148 tuae
2462 3083 2710 3167 gratias
2751 3103 2890 3169 ago.
2969 3085 3368 3169 Recepimus
3401 3085 3578 3150 enim
3615 3095 3682 3151 et
3723 3085 4004 3170 legimus
4047 3105 4218 3169 quae

2271 3173 2346 3233 15
2393 3168 2627 3234 Martii
2669 3179 2736 3235 et
2787 3174 2861 3235 19
2927 3170 3266 3255 scripsisti.
3295 3176 3347 3248 ¹)
3434 3170 3646 3238 Valde
3700 3171 3928 3238 laetati
3986 3192 4218 3240 sumus

2264 3261 2329 3319 et
2372 3254 2629 3339 egimus
2673 3255 2819 3320 Deo
2863 3256 3113 3341 gratias
3155 3257 3266 3341 qui
3332 3277 3483 3324 suos
3537 3276 3672 3323 non
3735 3257 3980 3324 deserit
4032 3266 4100 3323 et
4140 3258 4216 3324 in

2266 3340 2667 3407 moeroribus
2724 3341 3116 3409 consolatur.
3215 3340 3503 3409 Oramus
3556 3341 3784 3409 sedulo
3849 3342 4216 3410 Dominum

2263 3438 2343 3490 ut
2380 3426 2624 3492 nostris
2688 3425 3072 3494 benedicere
3129 3437 3378 3514 pergat,
3436 3429 3654 3495 hostes
3711 3427 3816 3496 vel
3875 3436 4216 3497 convertat

2261 3509 2369 3579 vel
2415 3518 2667 3577 sternat
2710 3520 2777 3577 et
2819 3512 2972 3580 huic
3015 3512 3186 3580 bello
3241 3515 3697 3582 cruentissimo
3769 3515 4019 3581 exitum
4074 3515 4219 3582 feli-

2262 3616 2403 3663 cem
2481 3617 2601 3681 per
2677 3618 2899 3682 pacem
2968 3599 3148 3684 piam
3226 3620 3304 3668 00
3377 3598 3674 3667 stabilem
3739 3598 4080 3687 largiatur,
4123 3624 4214 3671 ne

2258 3682 2505 3750 frustra
2545 3690 2647 3750 tot
2687 3691 2755 3749 et
2795 3690 2981 3751 tanta
3021 3686 3197 3769 passi
3240 3686 3376 3754 sint
3417 3685 3546 3754 viri
3587 3685 3762 3754 boni.

2441 3766 2656 3834 Vicini
2698 3771 2906 3836 nostri
2950 3771 3227 3838 militem
3285 3769 3393 3839 vel
3448 3771 3975 3857 supplementum
4018 3774 4218 3842 mise·

2264 3862 2424 3919 runt
2469 3858 2553 3921 20
2597 3854 2816 3920 Martii
2857 3863 2927 3922 et
2967 3855 3231 3939 quidem
3276 3856 3691 3924 collectitium
3737 3866 3807 3924 et
3847 3879 4079 3942 parum
4116 3862 4215 3926 in·

2264 3948 2588 4006 structum
2639 3944 2821 4021 1500,
2881 3940 2992 4007 alii
3036 3942 3223 4008 aiunt
3267 3963 3409 4010 esse
3453 3947 3639 4010 2000.
3727 3944 3999 4012 Utinam
4093 3945 4107 3960 ⁸
4163 3947 4215 3996 ‘-

2262 4024 2403 4092 lent
2444 4025 2690 4106 fideles,
2755 4048 2839 4093 ne
2881 4027 3124 4093 iterum
3162 4029 3340 4112 pacis
3383 4039 3728 4112 praetextu
3777 4030 3962 4098 novis
4006 4033 4214 4117 copiis

2261 4131 2334 4177 se
2376 4111 2715 4177 instruant
2756 4112 2981 4179 hostes
3023 4120 3089 4179 et
3126 4123 3381 4182 nostros
3425 4116 3815 4199 opprimant.
3887 4114 4215 4183 Audimus

2263 4196 2461 4274 enim,
2504 4198 2723 4264 nescio
2767 4204 2993 4264 tamen
3034 4219 3231 4283 quam
3270 4208 3448 4269 certo
3489 4201 3834 4267 Bito-anum
3884 4202 4213 4269 iuniorem

2264 4282 2630 4367 Guysianis
2675 4282 3000 4351 adducere
3041 4286 3293 4369 equites
3340 4290 3508 4353 2000
3564 4308 3646 4353 ex
3687 4287 3976 4373 Belgico.
4067 4287 4209 4354 Au-

2264 4366 2480 4435 dimus
2524 4375 2862 4453 praeterea
2902 4370 2973 4435 in
3020 4369 3383 4438 Germania
3424 4370 3642 4456 colligi
3678 4371 4045 4440 ducentena
4065 4373 4216 4440 mil-

2262 4453 2349 4519 lia
2391 4473 2739 4521 aureorum
2784 4476 2904 4539 pro
2952 4455 3212 4539 Guysio.
3296 4455 3507 4541 Spero
3550 4458 3678 4524 ista
3718 4460 3955 4538 omnia,
4012 4460 4212 4526 simul

2262 4558 2338 4605 ac
2379 4538 2710 4608 audierint
2751 4542 3022 4624 periisse
3070 4541 3403 4625 Gay-sium,
3457 4544 3530 4610 in
3572 4543 3751 4613 leves
3794 4544 4052 4611 abitura
4092 4566 4213 4612 au-

2259 4646 2388 4692 ras.
2477 4624 2584 4693 De
2640 4627 3021 4711 captivitate
3081 4627 3483 4713 Letharinqii
3530 4629 3906 4697 cardinalis
3919 4632 3982 4708 ²)
4039 4631 4209 4698 nihil

2258 4711 2726 4864 ἓέἑῖἰῖὲιῖἑξ
2761 4711 2876 4865 352.
2905 4712 4212 4887 ”2:30?51„:3.{1²1'3'3'm.¹⁴353ffl1

2256 4892 2625 4967 peratorem
2669 4880 3042 4968 Oeniponti,
3107 4898 3178 4951 et
3234 4894 3546 4953 tractasse
3599 4885 3682 4953 de
3723 4889 3971 4972 nuptiis
4027 4888 4210 4955 inter

2256 5041 2317 5049 σι·-
2585 5042 2664 5051 ‘-

4000 5143 4032 5182 o
4056 5127 4212 5184 Zan-

2459 5121 2522 5191 5)
2555 5121 2779 5192 Scripta
2809 5130 3129 5207 essuperet!
3160 5124 3260 5182 hoc
3293 5127 3418 5196 ipso
3451 5124 3541 5181 δίο
3565 5123 3650 5181 19.
3673 5125 3880 5182 Mars·
3982 5195 4133 5254 dm

2251 5205 2351 5245 cus
2382 5190 2694 5314 Ariqentiua
2728 5191 3006 5262 dismm5
3038 5211 3170 5249 nam
3204 5194 3272 5251 de
3305 5210 3412 5250 m
3442 5195 3776 5265 mosacum
3807 5196 3873 5251 π’

2249 5258 2429 5316 ml*
2456 5262 2518 5398 2))
2539 5268 3119 5396 mmmm.

3682 5417 3791 5474 43.
