4900 6125
605 441 736 503 371»

615 625 928 694 dicuntur
985 647 1130 695 esse
1187 627 1368 695 vitae
1421 648 1555 693 non
1617 629 1780 693 satis
1837 627 2153 695 honestae
2206 651 2332 697 nec
2383 630 2594 698 chris-

616 713 871 792 tianae,
930 733 1212 797 quorum
1256 714 1400 780 vita
1459 721 1528 779 et
1570 733 1790 779 mores
1832 714 2152 781 maiorem
2210 715 2468 782 confert
2523 717 2595 783 in

615 798 767 865 illos
845 799 1274 866 offensionem
1342 821 1539 886 quam
1619 798 1967 865 hominum
2044 801 2594 869 benevolentiam.

614 884 855 968 Itaque
901 885 1070 951 bene
1127 886 1327 954 facies
1380 887 1437 952 si
1482 906 1595 952 eos
1640 885 2091 966 admonueris,
2147 897 2225 953 ut
2267 887 2597 955 delectum

617 969 907 1054 aliquem
953 971 1275 1052 habeant,
1337 972 1541 1039 vitam
1600 991 1830 1037 eorum
1885 973 2167 1056 probent
2209 974 2597 1058 priusquam

617 1057 1042 1141 recipiantur.
1133 1057 1313 1124 Sunt
1356 1059 1535 1123 enim
1597 1058 1959 1142 simplices,
2016 1059 2255 1143 quibus
2312 1060 2595 1127 aliorum

617 1141 1010 1244 improbitas
1045 1143 1156 1209 vel
1200 1142 1421 1209 fraudi
1456 1144 1563 1211 vel
1608 1143 1923 1211 infamiae
1965 1165 2109 1212 esse
2152 1154 2390 1231 potest.
2458 1145 2597 1213 Sed

662 1249 777 1294 ma
819 1227 928 1295 hic
988 1251 1137 1296 sum
1198 1250 1425 1295 eorum
1472 1229 1735 1297 vicinus
1778 1241 1846 1295 et
1902 1231 2184 1312 amicus,
2250 1233 2596 1315 exquiram

617 1248 1006 1399 diligentius
1044 1315 1125 1382 de
1169 1324 1308 1380 tota
1350 1317 1642 1399 ipsorum
1689 1318 1946 1384 ratione
1982 1339 2058 1384 ac
2101 1319 2595 1397 consuetudine,

617 1409 816 1485 teque
858 1402 1204 1467 certiorem
1249 1402 1505 1467 faciam.

793 1487 899 1552 De
964 1488 1241 1554 concilio
1307 1488 1484 1553 fama
1549 1498 1651 1554 est
1709 1495 2051 1566 constans,
2124 1497 2193 1555 et
2248 1490 2596 1556 hominum

619 1571 1003 1638 huiusmodi
1062 1594 1397 1639 sermones
1445 1582 1516 1638 ut
1574 1595 1802 1639 omnes
1860 1594 2065 1658 prope
2110 1572 2487 1642 desiderare
2531 1585 2599 1641 et

618 1659 925 1743 flagitare
967 1658 1338 1725 videantur.
1415 1659 1630 1744 Cupio
1674 1659 1868 1725 valde
1912 1662 2081 1727 scire
2123 1661 2279 1743 quid
2329 1671 2400 1727 tu
2446 1683 2596 1729 sen-

620 1745 771 1810 tias.
862 1745 1216 1810 Venerunt
1274 1744 1540 1828 quidam
1602 1767 1641 1811 a
1684 1746 1875 1812 vobis
1934 1747 2047 1828 qui
2108 1746 2423 1812 dixerunt
2476 1768 2598 1815 vos

617 1829 757 1895 iam
815 1831 1039 1913 parari
1098 1841 1165 1896 et
1224 1832 1467 1897 armari
1526 1831 1608 1897 ad
1667 1831 1847 1902 illam
1907 1853 2125 1900 arcem
2190 1835 2594 1917 pontificiam

621 1915 1155 2000 oppugnandam.
1243 1918 1368 1983 Est-
1422 1917 1488 1981 id
1534 1916 1802 2000 quidem
1847 1918 2139 2000 χαλεπόν,
2199 1919 2315 1985 sed
2371 1929 2598 1985 tamen

620 2022 757 2069 non
814 1999 1139 2084 ἅμαχητὸν,
1207 2013 1274 2067 et
1339 2001 1424 2068 ad
1490 2005 1830 2069 victoriam
1900 2015 2309 2072 caeterarum
2372 2027 2597 2071 rerum

619 2086 952 2169 ἀναγκαῖον.
1044 2087 1338 2171 Spiritus
1384 2089 1659 2154 Domini
1702 2088 1942 2170 aderit,
1999 2092 2189 2157 cuius
2233 2091 2599 2176 sapientiae

623 2193 702 2239 ac
744 2175 1078 2257 potentiae
1125 2196 1208 2239 ne
1266 2176 1570 2259 gigantes
1615 2174 1876 2258 quidem
1938 2176 2136 2242 huius
2177 2177 2413 2244 mundi
2458 2184 2598 2241 θεο-

617 2260 950 2341 μαχοῦπες
987 2270 1307 2343 poterunt
1339 2260 1665 2326 resistere.
1725 2261 1797 2326 Is
1835 2283 1952 2327 nos
1987 2283 2217 2328 omnes
2251 2264 2596 2348 gubernet.

619 2345 812 2425 Vale,
859 2346 953 2410 mi
1003 2344 1277 2414 Calvine.
1370 2345 1655 2429 Cal-pen.
1701 2350 1792 2431 vj.
1840 2346 2069 2414 Ianua.
2097 2353 2152 2426 ⁴)

1570 2484 1754 2550 'l'uus
1798 2484 1988 2551 Clau.
2034 2485 2420 2552 Baduellus.

1521 3030 1710 3102 4142.

1127 3184 1614 3255 TOSSANUS
1660 3186 2102 3255 OALVINO.

789 3358 1106 3440 Quor-itur
1148 3360 1228 3425 dc
1271 3358 1779 3426 Lutheranorum
1823 3362 2040 3424 contra
2082 3379 2149 3424 sc
2202 3360 2415 3441 ipsum
2458 3379 2597 3425 ma-

619 3443 1092 3511 chinationibus
1145 3450 1204 3510 et
1260 3450 1572 3527 θηρευταί
1615 3450 1686 3510 ut
1732 3444 2099 3528 propediem
2155 3444 2251 3510 vel
2306 3446 2601 3511 eiiciatur

620 3529 721 3595 vel
761 3536 981 3614 sponte
1024 3530 1220 3596 abeat.

925 3701 1039 3768 (Ex
1075 3703 1420 3771 autographo
1455 3701 1588 3756 Ood.
1625 3702 1830 3757 Genev.
1852 3701 1973 3771 110,
2009 3701 2102 3756 fol.
2144 3701 2285 3770 169.)

797 3872 1184 3939 Clarissimo
1228 3875 1377 3939 viro
1419 3873 1656 3940 Ioanni
1702 3873 1985 3941 Calvino
2030 3873 2341 3939 ecclesiae
2377 3873 2596 3939 Gene-

620 3958 847 4025 vensis
906 3960 1155 4042 pastori
1216 3959 1723 4045 vigilantissimo
1788 3960 1984 4026 fratri
2049 3980 2169 4025 suo
2236 3958 2598 4043 plurimum

620 4042 1050 4111 observando.

2082 4131 2419 4198 Genevae.

795 4300 869 4368 S.
943 4294 1339 4387 Quanquam
1378 4303 1658 4370 adversa
1691 4303 2075 4370 valetudine
2112 4304 2446 4386 variisque
2485 4326 2599 4369 ue-

622 4387 957 4472 gotiorum
1002 4389 1200 4456 undis
1234 4413 1270 4456 a
1311 4389 1657 4456 scribendo
1700 4388 2042 4475 impediar,
2092 4389 2350 4456 Calvine
2392 4391 2599 4456 frater

620 4475 692 4537 in
738 4474 1027 4540 Domino
1071 4476 1549 4557 colendissimo,
1593 4476 1773 4542 nolui
1819 4486 2046 4541 tamen
2091 4476 2269 4542 hunc
2312 4476 2415 4541 tui
2459 4477 2598 4541 affi-

621 4579 800 4638 nem,
846 4559 1008 4625 mihi
1045 4561 1116 4625 in
1156 4561 1425 4628 Christo
1459 4562 2070 4628 coniunctissimum
2111 4564 2406 4639 fratrem,
2452 4563 2600 4627 sine

620 4644 791 4710 meis
857 4645 1069 4712 literis
1134 4646 1219 4712 ad
1283 4658 1351 4713 te
1417 4648 1652 4714 redire.
1738 4649 1878 4715 Res
1932 4658 2199 4715 nostrae
2254 4668 2600 4731 nunquam

619 4730 845 4815 peiore
888 4732 962 4796 in
1008 4731 1152 4800 loco
1190 4734 1375 4801 fuere
1418 4754 1616 4819 quam
1661 4744 1838 4801 sunt.
1906 4733 2216 4815 Bam,
2263 4733 2599 4814 Bantius,

829 5020 893 5090 4)
942 5023 1170 5076 Annum
1223 5024 1336 5077 iam
1389 5031 1537 5080 certo
1587 5026 1971 5080 constituimur
2023 5023 2186 5092 1545,
2316 5041 2383 5079 ac
2434 5026 2599 5081 etiam

624 5090 768 5146 Iulis·
784 5088 1034 5159 Gout'rbc
1069 5095 1338 5146 sementia
1372 5101 1452 5148 est
1484 5094 1520 5148 1.
1558 5094 1593 5148 1.
1622 5110 1683 5162 p.
1718 5093 1824 5147 394
1856 5097 1956 5165 qun·
1987 5095 2077 5149 vir
2112 5094 2466 5150 deducimus
2498 5095 2597 5149 1111·

618 5160 944 5215 mandacium
976 5159 1172 5214 varias
1194 5160 1261 5215 dc
1280 5161 1557 5217 Baduello
1588 5164 1821 5218 notitias
1843 5164 2123 5219 nobiscum
2159 5165 2597 5219 communicavit.

621 5226 750 5281 lem
785 5235 837 5283 et
870 5229 1101 5282 alteram
1120 5227 1385 5285 Baduclli
1420 5248 1446 5284 e
1491 5232 1709 5287 istolam
1743 5232 1926 5287 eodem
1963 5232 2055 5288 dic
2088 5233 2352 5301 scriptam
2370 5233 2478 5287 huc
2511 5248 2596 5288 rc·

614 5297 1018 5433 ἷῗνέτοόὶῖνκτ
1049 5312 1215 5366 quant
1263 5313 1366 5353 nos
1461 5304 1538 5354 iu·
1579 5301 1727 5366 salso
1761 5301 1840 5357 ad
1885 5317 2096 5356 «1111111111
2132 5300 2266 5355 1541
2306 5303 2597 5357 renai-ms

2131 439 2663 510 EPIS'POLAE
2710 446 3143 511 4141-4144

4502 449 4595 510 375

2705 629 3132 715 Schnepffiw,
3190 641 3259 698 et
3314 631 3427 698 alii
3480 632 3747 718 quidam
3808 633 3899 720 pii
3957 641 4027 699 et
4067 633 4241 699 docti
4282 634 4405 700 viri
4440 635 4605 719 Anae-

2699 717 2925 784 landro
2969 718 3371 801 scripserant
3413 740 3499 784 ne
3542 719 3625 785 ob
3680 720 3847 786 ritus
3905 719 4125 786 nescio
4183 740 4344 803 quos
4394 721 4606 788 inutiles

2701 813 2767 869 et
2811 803 3261 888 quaestionem
3306 803 3493 870 illam
3537 824 3728 870 suam
3762 804 3845 869 de
3888 804 4387 872 manducatione
4424 808 4606 891 impio-

2698 910 2849 954 rum
2887 911 3008 956 nos
3043 898 3161 954 aut
3193 889 3501 958 ecclesias
3535 902 3799 956 nostras
3833 892 4149 971 turbaret,
4185 891 4301 957 sed
4334 913 4412 958 ea
4439 894 4611 976 potius

2698 996 2865 1058 quae
2909 976 3090 1059 pacis
3132 985 3291 1041 sunt
3333 986 3402 1041 et
3443 976 3921 1044 aedificationis
3963 987 4361 1054 sectaretur,
4412 999 4609 1062 nosque

2698 1062 2928 1128 mitius
2964 1068 3283 1127 tractaret
3316 1061 3529 1129 solito.
3589 1061 3728 1129 Sed
3763 1072 3983 1146 spreto
4005 1065 4301 1129 omnium
4325 1063 4614 1129 doctorum

2700 1148 2971 1213 consilio
3013 1159 3303 1231 pergunt
3344 1146 3707 1214 adversarii
3751 1148 3967 1215 facere
4009 1148 4329 1234 quidquid
4366 1152 4527 1216 venit
4559 1151 4612 1214 in

2698 1243 3010 1313 mentem,
3046 1232 3209 1298 adeo
3243 1242 3317 1297 ut
3338 1233 3523 1316 pium
3556 1233 3752 1300 illum
3785 1243 3855 1300 et
3889 1234 4152 1301 doctum
4174 1236 4394 1301 virum
4414 1235 4617 1302 Panta-

2698 1320 2955 1384 leonem
3015 1317 3353 1396 Blasium,
3414 1341 3610 1403 quem
3669 1319 3982 1387 ecclesiae
4037 1320 4618 1406 wirtembergensi·

2700 1404 3325 1488 superintendentes
3366 1404 3499 1473 huc
3542 1406 3893 1485 miserant,
3951 1428 4085 1472 non
4141 1407 4355 1473 solum
4398 1422 4469 1471 ut
4512 1419 4621 1472 tur·

2699 1492 2922 1557 batam
2965 1489 3142 1555 hanc
3186 1490 3526 1557 ecclesiam
3585 1503 4033 1575 componeret,
4092 1491 4206 1558 sed
4252 1503 4331 1558 ut
4374 1492 4623 1575 Principi

2699 1597 2955 1660 quoque
3000 1575 3108 1642 hic
3148 1587 3373 1642 nostro
3409 1587 3582 1643 esset
3615 1599 3655 1642 a
3689 1578 4131 1656 concionibus,
4169 1579 4299 1643 iam
4337 1579 4623 1656 eiecerint,

2699 1683 2828 1727 non
2891 1662 3087 1728 aliam
3143 1660 3226 1726 ob
3283 1682 3550 1729 causam
3612 1684 3809 1745 quam
3870 1664 4039 1746 quod
4103 1685 4177 1728 se
4241 1664 4407 1736 illis.
4468 1665 4625 1729 rebus

2701 1750 2946 1814 nostris
2990 1748 3303 1832 coguitis,
3344 1749 3427 1814 ad
3474 1769 3592 1814 nos
3638 1749 4000 1815 turbandos
4042 1747 4403 1834 adiungere
4441 1749 4625 1815 nolue-

2702 1835 2805 1898 rit.
2895 1833 3036 1898 Nec
3094 1833 3277 1899 aliud
3334 1842 3646 1918 exspecto
3702 1856 3901 1918 quam
3958 1846 4033 1901 ut
4090 1836 4195 1900 vel
4250 1836 4470 1902 eiiciat
4518 1836 4629 1919 ipse

2702 1919 2812 1985 vel
2869 1919 3261 1985 necessitate
3319 1930 3585 1986 coactus
3644 1920 3906 1987 abeam:
3967 1921 4491 2005 quandoquidem
4542 1923 4627 1984 isti

2700 2025 2823 2070 nec
2868 2003 3140 2072 verbum
3186 2004 3461 2071 Domini
3507 2005 3765 2084 audire,
3810 2030 3931 2074 nec
3977 2028 4097 2073 nos
4141 2029 4265 2073 nec
4310 2008 4475 2073 ullos
4512 2006 4631 2072 doc-

2701 2100 2804 2156 tos
2864 2091 3128 2170 volunt,
3193 2101 3261 2156 et
3327 2093 3583 2157 faciunt
3637 2091 3717 2157 de
3778 2092 4110 2159 industria
4167 2092 4480 2177 quidquid
4530 2114 4631 2158 uon

2702 2177 2917 2243 solum
2957 2183 3196 2260 putant
3230 2175 3345 2244 sed
3387 2179 3586 2243 etiam
3625 2177 3852 2244 vident
3884 2178 4105 2262 palam
4140 2178 4479 2245 adversari
4512 2179 4631 2242 huic

2701 2263 3029 2328 ecclesiae.
3120 2263 3212 2327 Et
3254 2264 3407 2343 iam,
3455 2273 3527 2328 ut
3569 2262 3737 2342 dixi,
3782 2264 3972 2329 illum
4015 2264 4339 2348 collegam
4383 2279 4449 2329 et
4488 2286 4633 2348 sym-

2700 2360 2991 2433 mystam
3047 2360 3350 2413 nostrum
3410 2350 3478 2414 iu
3535 2348 3754 2414 odium
3817 2361 3884 2415 et
3947 2361 4397 2433 contemptum
4464 2351 4633 2415 nostri

2703 2436 3053 2499 eiecerunt.
3142 2431 3279 2499 Sed
3322 2456 3439 2500 ora
3483 2434 3838 2518 diligenter
3882 2436 4249 2501 Dominum
4288 2438 4509 2501 Deum
4546 2455 4635 2518 pro

2703 2520 2917 2596 nobis,
2963 2520 3200 2603 pioque
3246 2533 3363 2585 tuo
3408 2530 3476 2585 et
3517 2531 3746 2587 sancto
3781 2523 4051 2587 consilio
4090 2543 4208 2587 nos
4254 2543 4511 2605 semper
4546 2520 4635 2584 sd·

2703 2606 2877 2671 iuva.
2923 2604 3112 2671 Vale.
3179 2606 3452 2689 Raptim
3500 2606 3977 2691 Mombelgardi
4024 2610 4125 2673 20.
4172 2606 4488 2674 Ianuarii.
4513 2608 4556 2691 ¹)

2702 2827 2893 2880 4142.
2932 2827 2989 2893 1)
3025 2828 3421 2882 Incunctanter
3463 2830 3575 2883 iam
3619 2830 3766 2884 hanc
3811 2829 3889 2883 ad
3922 2846 3979 2884 α.
4019 2829 4156 2884 1545
4191 2831 4500 2895 rescribat.
4572 2829 4635 2894 Cf.

2706 2896 2784 2950 Ν.
2802 2895 2908 2949 546
2925 2903 2977 2950 et
2993 2894 3114 2949 670.
3167 2896 3265 2949 Aa
3294 2911 3413 2950 cam
3450 2899 3629 2966 maqis
3662 2899 3826 2951 ctiam
3854 2898 4243 2953 illustramini·-
4282 2898 4639 2954 erm-mem

2974 2980 3003 3018 e
3031 2965 3189 3019 habet
3210 2964 3514 3034 Duvernoy
3547 2966 3611 3019 in
3638 2961 3867 3034 Epheso.
3902 2966 4081 3036 p.134
4107 2967 4185 3021 ad
4216 2966 4299 3020 19.
4320 2967 4493 3035 Apul
4508 2965 4643 3019 1545.-

2704 3033 2816 3088 Des
2886 3035 3179 3089 iscussions
3212 3034 3506 3090 tres-vives
3540 3035 3837 3090 existaient
3857 3035 4053 3106 depuis
4089 3037 4233 3091 latin
4263 3037 4339 3090 de
4364 3035 4497 3091 15⁴4
4516 3045 4639 3089 enm

2704 3104 2784 3156 les
2820 3103 3136 3172 chapelains
3172 3104 3472 3157 allemands
3507 3105 3582 3157 du
3614 3104 3720 3157 duc
3754 3104 4111 3174 Obristopbe,
4148 3107 4295 3160 Jean
4334 3106 4639 3176 Engelmn

2703 3177 2763 3224 et
2798 3172 3100 3225 Pantaleon
3126 3162 3322 3240 'Blasiq
3360 3179 3419 3225 et
3451 3173 3533 3226 les
3569 3173 3847 3227 ministres
3884 3174 3953 3228 de
3990 3176 4394 3243 Montbeliard,
4428 3192 4519 3228 sur
4548 3174 4639 3228 Γπ·

2704 3240 2832 3293 ticle
2868 3241 2937 3294 de
2972 3241 3029 3293 la
3060 3239 3193 3293 cene
3228 3247 3286 3293 et
3321 3257 3416 3293 sur
3450 3241 3530 3294 les
3566 3241 3901 3295 ceremonies
3937 3243 4009 3297 du
4043 3245 4205 3297 culte.
4273 3244 4561 3298 Touesnint
4590 3258 4639 3293 u

2702 3309 3033 3362 considerait
3076 3308 3436 3363 l'eucbaristie
3474 3327 3581 3379 que
3630 3327 3839 3364 comme
3888 3329 3960 3365 1111
4006 3311 4290 3368 embleme.
4366 3314 4448 3367 100
4482 3314 4637 3382 prim

2702 3378 2854 3430 avait
2890 3378 3093 3431 sortifie'
3110 3377 3180 3430 do
3213 3383 3337 3431 tout
3370 3379 3422 3431 le
3458 3379 3618 3447 poids
3646 3380 3715 3432 de
3750 3395 3849 3433 son
3886 3381 4110 3471 opinion
4146 3382 4503 3449 personnelle
4532 3381 4637 3433 edlu

2699 3446 2770 3499 de
2806 3462 2896 3500 ses
2930 3448 3256 3501 aumeniers.
3318 3445 3365 3500 ll
3400 3447 3577 3501 fallait
3594 3464 3701 3527 que
3722 3448 3926 3517 quelqu
3942 3467 4015 3502 un
4048 3449 4222 3503 cedat.
4280 3451 4567 3504 Toumint
4593 3464 4637 3499 ιε

2700 3515 2871 3568 retira
2908 3518 2941 3570 a
2964 3515 3089 3568 Bale
3128 3521 3185 3568 et
3218 3515 3444 3568 adressa
3477 3516 3546 3569 de
3582 3516 3636 3568 la
3670 3534 3733 3569 sa
3767 3515 4062 3572 demission
4098 3535 4169 3571 su
4205 3520 4407 3587 prinae
4444 3528 4531 3573 etc
4574 3516 4637 3579 ΟΙ-

2698 3582 2883 3654 Remi,
2927 3582 3117 3638 Utrich
3137 3583 3242 3636 He.
3277 3600 3349 3636 cu
3380 3582 3463 3638 W.
3499 3583 3594 3638 111.
3632 3584 3736 3638 150
3769 3600 3842 3638 cs.
3889 3585 3980 3639 Dc
4014 3585 4239 3641 Brcna'i
4275 3590 4639 3643 interve-cb-

2696 3651 2924 3706 Παφίη».
2962 3658 3013 3707 et
3047 3651 3155 3705 Jae
3190 3668 3250 3706 er
3284 3652 3360 3705 11.
3397 3650 3530 3705 134:
3576 3653 3677 3706 Die
3715 3660 3863 3707 erate
3896 3655 4199 3709 Naehricht
4234 3673 4351 3709 von
4390 3658 4509 3710 dem
4540 3656 4637 3707 dur-

2698 3723 2849 3789 tigeu
2888 3721 3063 3774 Streit
3095 3737 3156 3774 er
3194 3721 3293 3774 ielt
3315 3722 3495 3775 Brenn
3530 3721 3700 3774 durch
3728 3722 3903 3776 Bucer
3936 3723 4035 3777 der
4068 3724 4164 3777 ibn
4201 3726 4539 3780 sufforderte
4566 3724 4639 3776 ih

2698 3790 3034 3858 beizulegen.
3106 3790 3284 3843 Brenn
3317 3789 3535 3844 schrieb
3572 3807 3640 3844 au
3660 3790 4031 3858 Engelmann:
4068 3792 4163 3846 leh
4188 3795 4359 3847 weiss
4396 3795 4521 3847 dns·
4550 3793 4637 3844 sid

2699 3857 2976 3912 Tossanus
3022 3858 3079 3911 iu
3127 3859 3227 3911 der
3272 3858 3451 3912 Lehre
3497 3874 3618 3912 vom
3668 3860 4011 3914 Abendmahl
4058 3878 4156 3914 zur
4192 3862 4264 3915 A.
4303 3863 4365 3917 C.
4414 3863 4639 3921 bekannt,

2698 3928 2812 3980 und
2859 3927 3012 3980 nicht
3058 3928 3112 3980 iu
3151 3927 3370 3980 Abrede
3415 3926 3565 3980 nieht
3610 3927 3736 3980 dass
3783 3928 3874 3981 die
3910 3929 4287 3999 Unwiirdigen
4340 3933 4418 3984 im
4458 3930 4641 3985 she-d-

2698 3995 2847 4049 mahl
2882 3996 2987 4049 den
3024 3995 3162 4049 Leib
3199 3995 3406 4049 Christi
3442 3996 3793 4065 empfangeu‚
3838 3997 4078 4052 soudcru
4126 3999 4217 4052 die
4254 4000 4641 4118 Eut-&6213

2699 4064 2937 4119 darflber
3001 4064 3269 4118 srommen
3321 4065 3431 4117 und
3493 4065 3778 4134 gelehrten
3834 4067 4101 4120 Minuern
4162 4069 4489 4123 fiber-heser·

2704 2965 2828 3019 licet

2700 4133 2903 4187 Darum
2942 4133 3139 4202 glaube
3182 4133 3270 4187 ich
3319 4133 3473 4186 nicht
3520 4133 3646 4186 dass
3692 4150 3818 4186 man
3864 4135 3959 4189 ihu
3996 4136 4363 4192 verdammen
4408 4138 4516 4191 111111
4553 4136 4641 4188 n‘d

2699 4203 2881 4255 seiner
2916 4202 3266 4271 entschlagcn
3304 4201 3438 4257 darf.
3510 4202 3600 4254 Μό
3639 4202 3747 4255 lich
3786 4208 3932 4256 wiire
3980 4220 4039 4257 es
4076 4206 4221 4259 wohl
4268 4207 4405 4259 dats
4450 4207 4537 4258 die
4566 4206 4639 4255 nit

2700 4272 2877 4325 denen
2914 4271 2988 4323 du
3023 4288 3089 4322 zu
3124 4271 3261 4323 thun
3298 4271 3424 4324 hast
3457 4270 3577 4323 ihre
3664 4271 3972 4341 'inglische
4008 4274 4240 4327 Ansicbt
4274 4274 4459 4329 durch
4490 4273 4637 4327 Wom

2700 4339 3007 4392 verdecken
3052 4340 3163 4392 und
3207 4341 3403 4393 anders
3451 4339 3666 4392 denken
3712 4341 3793 4393 als
3841 4342 3922 4394 sie
3965 4341 4149 4395 reden.
4224 4346 4389 4398 Aber
4422 4344 4539 4397 sind
4574 4342 4639 4394 di·

2704 4408 2895 4462 Worte
2928 4407 3142 4474 fromm,
3177 4423 3240 4461 so
3272 4408 3385 4461 will
3420 4407 3505 4460 ich
3542 4408 3681 4462 doch
3718 4408 3858 4462 uach
3892 4410 3993 4462 der
4026 4410 4141 4463 chr.
4163 4409 4348 4466 Liebe
4384 4410 4641 4465 1111111111-

2700 4477 2866 4532 Beste
2898 4476 3135 4546 glauben
3170 4477 3253 4530 als
3288 4477 3386 4529 auf
3426 4477 3584 4531 einen
3622 4478 3841 4531 blosseu
3879 4478 4157 4533 νει-(11111111
4190 4480 4290 4534 hin
4346 4482 4641 4615 snm

2699 4546 2974 4599 urtheilen
2994 4585 3266 4597 ......
3306 4546 3642 4612 Ηαήικαπη,
3673 4544 3926 4614 Schncps.
3947 4564 4007 4615 p.
4027 4546 4127 4601 161
4152 4554 4267 4604 not.
4327 4552 4419 4604 An

2698 4615 2915 4669 schrieb
2953 4615 3132 4667 Brenz
3168 4612 3218 4666 7.
3256 4613 3394 4667 Nov.
3432 4613 3595 4679 1544,
3644 4613 3919 4669 Tossanus
3953 4617 4032 4669 sei
4078 4634 4229 4670 avar
4262 4620 4363 4673 ein
4396 4619 4639 4689 gelen-ter

2697 4683 2809 4737 und
2844 4683 3107 4737 frommer
3142 4682 3333 4748 Manu,
3369 4683 3613 4737 verhfille
3647 4684 3796 4750 aber,
3834 4686 3939 4737 wie
3974 4684 4064 4738 dic
4098 4686 4484 4757 zwinglius!-
4512 4687 4637 4741 aba*

2698 4752 2808 4806 hau
2849 4758 2889 4819 t,
2937 4751 3090 4805 seins
3126 4750 3389 4822 Meinung
3434 4758 3597 4805 unter
3640 4753 3748 4805 den
3786 4752 4010 4808 Worteu
4057 4754 4163 4807 der
4207 4756 4451 4825 Gegner.
4516 4754 4637 4809 uod

2699 4822 2806 4875 vol
2829 4838 2860 4874 e
2896 4837 2958 4874 er
2992 4820 3148 4873 nicht
3182 4819 3280 4874 Oel
3314 4821 3402 4874 ins
3438 4821 3615 4874 Feuer
3647 4823 3862 4891 giesseu
3909 4822 4021 4876 und
4066 4822 4214 4878 habe
4256 4825 4440 4879 daher
4472 4822 4635 4893 ῌ-

3666 4890 3977 4944 Curandum
4019 4899 4209 4947 autem
4254 4896 4426 4948 nohis
4469 4900 4551 4947 u
4582 4906 4637 4943 ιι

2698 4958 2903 5012 nostris
2938 4957 3114 5013 literis
3148 4957 3429 5012 tradamus
3464 4959 3898 5027 Engelmaunum
3932 4961 4045 5013 suis
4090 4962 4327 5031 collegis
4398 4962 4637 5033 pprh-

2696 5028 2843 5082 dum.
2917 5027 3095 5092 Quare
3130 5032 3189 5079 te
3232 5044 3366 5097 rogo
3401 5044 3468 5081 ue
3513 5029 3821 5098 exemplum
3856 5044 4101 5082 mearum
4134 5032 4335 5085 mitt-s
4474 5030 4635 5085 '1⁸—

2698 5114 2843 5150 num.
2914 5096 3034 5148 Nec
3068 5095 3260 5150 dubito
3297 5096 3427 5165 quin
3463 5101 3526 5150 111
3567 5097 3688 5166 ipse
3763 5113 3827 5151 ro
3873 5104 3969 5150 tua
4001 5099 4306 5166 prudentia
4352 5102 4527 5155 lites-'-
4550 5098 4633 5152 εὐ

2697 5166 3018 5234 provisurus
3064 5165 3141 5218 sis
3189 5180 3257 5219 ne
3302 5165 3391 5218 his
3424 5167 3629 5219 nostris
3663 5114 4139 5220 exhortationibus
4184 5169 4469 5223 discordia
4497 5166 4633 5235 -a'-

2696 5235 2879 5288 alatur
2913 5250 3077 5302 quam
3113 5250 3221 5300 pax
3255 5234 3637 5288 constituatur.
3676 5262 3739 5273 —
3783 5233 3946 5303 Quod
3971 5234 4169 5291 Noster
4186 5236 4452 5293 Blacin-
4480 5236 4633 5307 μ-

2696 5303 2943 5357 baim-em
2978 5304 3087 5357 ivno
3134 5303 3242 5357 cibi
3283 5303 3557 5370 laventem
3593 5304 3753 5369 dicit,
3806 5305 3907 5360 hoc
3950 5319 4107 5370 vero,
4162 5304 4631 5363 emar-diffl-

2697 5374 2927 5428 encoeris
2958 5369 3223 5439 cambia,
3260 5373 3420 5427 nobie
3453 5388 3568 5428 non
3993 5413 4009 5425 .

2698 4905 2859 4943 mann
2895 4906 3019 4942 zum
3057 4889 3293 4943 Frieden
3328 4889 3594 4943 εει-1111111111.
