4900 6125
336 361 446 426 133
2022 365 2176 428 1561
2228 361 2289 427 N
2293 360 2645 428 OVEMB.
4217 364 4340 426 134

330 547 462 630 ipse
515 547 907 632 Apologiam
984 549 1269 616 scribere
1333 551 1458 617 sub
1515 552 1656 617 eius
1709 552 1992 629 nomine,
2022 555 2105 630 ¹⁵)
2157 548 2273 617 sed

328 641 647 716 oporteret
710 654 817 699 me
874 635 1127 717 amplos
1207 638 1711 703 commentarios
1767 638 1963 704 istinc
2027 635 2273 703 habere

326 738 546 783 earum
589 740 812 785 rerum
868 742 1031 804 quas
1090 722 1414 806 attingere
1460 743 1725 789 necesse
1774 724 1974 788 fuerit
2014 732 2093 787 ut
2134 743 2272 787 om-

324 804 512 869 nibus
556 806 694 870 suis
735 805 1058 872 coloribus
1099 807 1226 873 iste
1269 807 1501 874 rabula
1536 807 1947 893 depingatur.
2038 808 2274 891 Itaque

322 890 526 954 multa
567 891 697 955 iam
736 891 901 956 mihi
931 892 1242 960 Ualesius
1274 903 1343 959 et
1368 892 1708 976 Boquinus
1751 893 2273 978 suppeditarunt,

322 985 386 1040 et
437 977 879 1060 Argentinam
944 976 1028 1043 ad
1086 977 1508 1045 Hotomanum
1575 980 1807 1064 scripsi
1864 992 1937 1046 ut
2002 992 2071 1046 et
2132 980 2273 1063 ipse

318 1060 538 1125 mittat
600 1083 1029 1147 quaecunque
1099 1064 1414 1132 iudicabit
1483 1065 1566 1131 ad
1623 1067 1745 1132 hoc
1806 1075 2274 1151 argumentum

318 1146 660 1228 pertinere.

484 1233 625 1298 Iam
694 1256 852 1300 vero
916 1236 974 1300 si
1040 1236 1221 1318 cupis
1293 1236 1664 1321 intelligere
1730 1237 1889 1322 quid
1950 1239 2057 1305 hic
2115 1247 2273 1323 agat

316 1319 515 1383 miser
579 1318 688 1385 ille
759 1331 982 1387 noster
1010 1325 1093 1406 ¹⁶)
1149 1322 1455 1404 quamvis
1514 1343 1554 1386 a
1626 1345 1731 1388 me
1798 1325 2271 1407 praemonitus,

316 1417 533 1468 tamen
568 1405 911 1472 cuiusdam
942 1407 1214 1474 consilio
1249 1429 1410 1474 usus
1445 1409 1649 1473 filium
1674 1430 1868 1475 suum
1893 1410 2269 1490 nothum¹⁷)

280 1490 568 1555 loirciter
622 1495 694 1554 16
741 1514 1064 1557 annorum
1126 1494 1223 1558 illi
1264 1492 1675 1560 educandum
1712 1504 1778 1560 et
1823 1496 2129 1562 Lutetiae
2163 1497 2269 1561 in-

312 1574 712 1642 stituendum
785 1579 1126 1644 commisit.
1249 1578 1468 1645 Audio
1547 1581 1948 1664 stipendium
2027 1582 2270 1649 habere

317 1665 476 1726 1300
517 1660 838 1728 librarum
883 1665 1119 1747 quibus
1168 1686 1311 1731 sese
1355 1673 1425 1730 et
1467 1673 1675 1731 totam
1717 1666 1904 1732 illam
1944 1666 2267 1733 familiam

311 1745 454 1811 alat.
564 1747 669 1813 Ita
724 1748 939 1815 factus
1002 1763 1103 1817 est
1162 1772 1247 1816 ex
1303 1751 1768 1818 iurisconsulto
1830 1754 2266 1838 paedagogus,

308 1833 629 1916 tantisper
686 1834 936 1902 scilicet
989 1835 1147 1902 dum
1211 1837 1560 1922 pinguiore
1616 1838 1985 1905 conditione
2048 1839 2267 1905 oblata

306 1939 419 1983 suo
468 1939 655 1984 more
721 1920 805 1985 ad
869 1921 1073 1988 alium
1129 1944 1202 1989 se
1258 1923 1568 1990 conferat.
1656 1925 1945 1991 Putabat
1997 1926 2138 1991 fore
2193 1934 2267 1991 ut

306 2003 657 2071 Valentiae
702 2004 979 2085 doceret,
1024 2029 1176 2074 oum
1222 2009 1439 2092 amplo
1484 2009 1827 2094 stipendio,
1873 2022 1941 2076 et
1979 2011 2104 2078 hac
2148 2032 2264 2095 spe

310 2087 680 2157 Palatinum
734 2090 1129 2160 deseruerat.
1218 2094 1353 2161 Sed
1413 2095 1755 2180 episcopus
1785 2099 1864 2174 18)
1923 2116 1963 2160 8
1997 2118 2103 2162 me
2146 2096 2262 2162 ad-

303 2178 599 2243 monitus
658 2180 1045 2264 tempestive
1109 2180 1191 2247 de
1246 2181 1594 2247 Hotomano
1657 2183 2001 2266 cogitavit,
2066 2204 2261 2266 quem

304 2261 503 2327 etiam
550 2284 669 2345 per
712 2265 935 2331 literas
978 2268 1337 2333 accersivit.
1428 2267 1519 2330 Et
1555 2267 1680 2333 hoc
1716 2289 1969 2351 quoque
2004 2268 2262 2354 gravis-

304 2349 482 2427 sime,
536 2359 609 2413 ut
654 2347 862 2429 video,
908 2352 1109 2418 istum
1153 2353 1453 2436 pupugit.
1544 2351 1847 2437 Denique
1889 2363 2261 2420 monstrum

302 2433 475 2499 istud
536 2434 701 2500 mihi
738 2437 942 2515 trade,
990 2459 1198 2519 neque
1241 2436 1474 2504 dubita
1517 2439 1674 2521 quin
1721 2461 1759 2503 a
1803 2459 1910 2504 me
1956 2460 2073 2523 pro
2118 2438 2261 2526 dig-

300 2521 509 2585 nitate
556 2533 893 2587 tractetur.

468 2605 796 2690 Superest
840 2630 1011 2673 unus
1051 2609 1488 2676 Nmnandius
1536 2620 1760 2676 noster
1805 2610 1885 2675 de
1929 2632 2055 2694 quo
2099 2612 2260 2678 sori-

298 2689 469 2756 bam.
564 2694 806 2776 Accepi
862 2693 1057 2760 hodie
1115 2694 1322 2778 ipsius
1377 2695 1603 2761 literas
1661 2717 1824 2779 quas
1875 2695 1956 2761 ad
2003 2707 2068 2761 te
2112 2698 2261 2761 mit-

302 2787 438 2843 tere
497 2799 699 2861 quam
764 2778 1133 2846 exscribere
1197 2780 1418 2846 malui.
1510 2780 1615 2846 De
1667 2780 1861 2847 rebus
1919 2783 2083 2848 meis
2137 2784 2265 2866 pri-

302 2867 473 2930 vatis
520 2884 668 2930 cras
712 2865 1038 2948 copiosius
1083 2865 1382 2932 scribam.
1476 2866 1653 2932 Bene
1696 2866 1861 2945 vale,
1913 2867 2004 2932 mi
2047 2866 2265 2933 obser-

302 2948 525 3016 vande
587 2959 778 3050 pater
802 2999 818 3027 ,
883 2972 1035 3017 cum
1097 2951 1416 3017 fratribus
1497 2960 1563 3018 et
1627 2952 1892 3037 collegis
1958 2953 2265 3032 omnibus

301 3056 460 3120 quos
504 3043 762 3102 utinam
807 3058 942 3103 una
997 3047 1213 3104 tecum
1258 3036 1592 3105 Dominus
1647 3037 1867 3106 salvos
1911 3047 1981 3104 et
2023 3039 2262 3105 incolu-

298 3144 439 3189 mes
483 3134 845 3189 conservet„
934 3124 1043 3190 Ex
1088 3122 1544 3210 Sangermano
1590 3128 1690 3190 25.
1736 3125 2058 3192 Novemb.

1671 3262 1859 3328 Tuus
1896 3263 2091 3327 Beza.

474 3463 767 3547 Quando
798 3464 877 3550 Ι9)
938 3463 1004 3529 id
1060 3465 1225 3530 mihi
1283 3467 1477 3532 video
1535 3489 1654 3551 per
1712 3467 2126 3535 tabellarium
2186 3467 2266 3532 li-

300 3574 445 3619 cere
510 3552 636 3618 hoc
692 3551 889 3615 etiam
950 3549 1183 3616 addam
1240 3550 1417 3635 quod
1459 3572 1606 3618 cras
1649 3574 1832 3619 eram
1877 3552 2265 3636 scripturus.

301 3637 728 3704 Decumbens
786 3658 871 3701 ex
914 3645 1249 3703 senectute
1305 3650 1496 3721 pater
1540 3659 1646 3704 me
1690 3638 1797 3704 his
1843 3637 2005 3721 ipsis
2049 3636 2268 3704 verbis

301 3724 537 3809 gallice
598 3722 862 3805 scriptis
904 3722 1268 3789 accersivit.
1365 3722 1603 3804 „Quod
1649 3723 1940 3790 nondum
1982 3714 2266 3805 veneris,

300 3810 413 3889 fili,
448 3811 716 3895 ignosco
760 3808 1067 3892 quoniam
1104 3807 1367 3891 publica
1403 3810 1676 3892 privatis
1714 3810 2046 3893 sapienter
2082 3816 2267 3874 ante-

306 4053 642 4115 coniunctus,
695 4056 827 4101 tunc
860 4049 1237 4119 tvnographus
1272 4047 1626 4115 Genevensis,
1663 4047 1873 4102 Calvini
1950 4049 2139 4102 rimam
2177 4064 2263 4101 re·

305 4121 654 4190 sponsionem
693 4118 805 4181 (Ad
842 4116 1214 4186 versipellem)
1246 4117 1402 4186 prelo
1438 4117 1763 4181 subiecerat,
1800 4133 1873 4186 qu
1967 4117 2265 4171 Balduinus

305 4190 662 4244 vehementer
717 4195 1047 4255 conquestus
1099 4187 1320 4256 gravius
1376 4185 1597 4238 tulerat.
1671 4186 1867 4238 Becam
1923 4201 2056 4239 vero
2110 4187 2263 4240 illum

308 4260 424 4312 sola
468 4258 574 4311 hac
621 4256 838 4310 ratione
883 4255 1113 4324 elegisse
1159 4271 1226 4307 ex
1270 4271 1335 4307 eo
1382 4261 1537 4323 patet
1585 4254 1731 4335 quod
1767 4255 2094 4324 Apologiam
2145 4257 2263 4326 ipse

305 4328 547 4382 scribere
607 4332 664 4379 et
716 4332 929 4377 tantum
984 4324 1200 4378 nomine
1253 4322 1490 4392 Crispini
1542 4329 1623 4376 uti
1677 4323 1862 4377 voluit.
1946 4322 2057 4389 (Of.
2113 4324 2265 4378 Besa
2374 4344 2415 4349 ··

316 4395 465 4451 0818.
520 4395 575 4450 d.
622 4394 674 4448 d.
723 4390 773 4446 6.
811 4392 939 4449 Ian.
984 4391 1159 4460 1562).
1233 4390 1513 4446 Caeterum
1572 4390 1863 4459 Crispina
1914 4407 2102 4446 revera
2147 4394 2266 4461 ipse

307 4472 499 4521 eontra
536 4461 881 4518 Balduinum
915 4464 1029 4517 sert·
1065 4464 1164 4516 sit.-
1219 4461 1310 4515 Ad
1347 4462 1523 4530 legem
1559 4462 1780 4514 tertiam
1814 4459 1945 4514 Ood.
1980 4461 2049 4514 de
2087 4462 2265 4531 Apos-

306 4535 441 4589 tutis
490 4548 685 4588 comm.
733 4530 812 4585 Io.
860 4529 1116 4599 Crispini,
1162 4530 1224 4584 in
1278 4528 1500 4585 0818ίηί
1529 4544 1673 4598 resp.
1721 4528 1798 4583 ad
1834 4528 2108 4584 Balduim'
2141 4546 2267 4586 con—

306 4604 451 4659 vicia
528 4639 543 4655 .
581 4600 700 4655 100.

481 4619 570 4735 st)
606 4672 673 4722 Δ.
721 4665 871 4721 1563.
925 4669 1155 4736 proprio
1198 4671 1418 4723 nomine
1459 4666 1683 4734 scripsit
1724 4666 2151 4736 Responsionem
2197 4668 2267 4720 ad

308 4740 371 4795 1².
408 4740 660 4795 Balduini
696 4736 940 4791 Boebolii
977 4742 1255 4806 apostatae
1291 4737 1539 4790 convicia
1574 4735 1773 4802 (Tract
1795 4735 1948 4790 theol.
1991 4734 2111 4790 Vol.
2149 4736 2267 4797 11.)

480 4806 578 4872 16)
614 4804 739 4861 Βα-
773 4803 1090 4861 Naum-rae.

482 4875 579 4943 17)
623 4876 849 4930 Char-les
883 4874 954 4927 de
975 4874 1256 4943 Bourbon,
1291 4877 1450 4929 euius
1482 4880 1653 4927 nater
1671 4879 1792 4928 erat
1819 4873 2040 4939 famosa
2066 4872 2273 4928 Leuius

311 4945 381 4999 de
409 4946 464 5000 18
502 4943 860 5009 Βέταυάίἐνε,
900 4941 1039 4996 Mun
1070 4942 1137 4997 de
1175 4942 1370 4998 Rom.

482 5013 577 5075 18)
615 5012 696 5066 18.
732 5012 800 5065 de
839 5012 1083 5075 Monluc,
1188 5050 1200 5063 .
1248 5011 1529 5068 Valet-tiae
1572 5013 1633 5064 in
1669 5008 2011 5078 Delphinum
2062 5017 2269 5078 protes·

313 5084 556 5137 tenuibus
617 5080 855 5147 favebat.
951 5080 1267 5135 Baldmnus
1329 5081 1434 5134 hac
1490 5094 1584 5149 spe
1638 5077 1949 5143 frustratus
2014 5078 2270 5133 Lutetiae

310 5152 700 5220 praelectiones
750 5150 995 5205 instituit
1128 5166 1195 5204 as
1239 5149 1480 5218 plurimi
1536 5147 1974 5217 frequentabant,
2028 5147 2164 5204 adeo
2204 5164 2270 5202 ue
2362 5163 2403 5215 p

315 5224 423 5287 epis
543 5222 554 5233 ’
581 5225 633 5273 et
664 5219 905 5274 membra
930 5219 1048 5272 Par
1105 5220 1285 5285 menti,
1323 5224 1451 5273 teste
1471 5215 1899 5273 sammarthano
1920 5215 2132 5285 (Hevel.
2252 5256 2264 5268 .

426 5235 577 5353 Ἥ)
621 5288 742 5343 Hoc
776 5286 844 5344 P.
885 5286 941 5342 S.
979 5287 1084 5344 huc
1116 5286 1350 5359 pertinet
1383 5292 1514 5342 teste
1546 5284 1905 5354 88189τ8ρ118.

2375 550 2668 634 posuisti.
2759 549 2897 618 Sed
2940 548 3094 616 vide
3149 550 3530 617 memineris
3574 548 3732 633 quid
3774 551 4034 634 parenti
4079 569 4339 633 quoque

2376 635 2632 712 debeas,
2712 644 2781 701 et
2858 644 2933 702 ut
2987 637 3198 719 primo
3264 656 3525 719 quoque
3601 646 3897 719 tempore
3961 635 4085 701 hoc
4137 635 4338 702 facias

2374 743 2580 805 quum
2621 720 2861 789 licebit.
2949 721 3119 787 Volo
3162 729 3240 787 ut
3283 721 3485 786 frater
3528 741 3788 805 quoque
3833 730 3989 787 tuus
4032 720 4147 806 qui
4190 718 4337 787 istic

2375 816 2478 874 est
2515 828 2665 873 oum
2700 829 2905 874 uxore
2939 809 3181 886 veniat,
3219 815 3286 872 et
3319 827 3594 873 uxorem
3619 826 3876 891 quoque
3912 815 4096 873 tuam
4131 827 4337 890 quum

2375 892 2639 959 veneris
2683 913 2996 972 accersas,
3037 893 3346 977 quoniam
3389 891 3850 977 praesentibus
3894 893 4083 960 vobis
4124 893 4336 958 omni-

2374 977 2500 1043 bus
2557 979 2723 1044 meis
2787 979 3011 1045 liberis
3065 978 3332 1044 institui
3389 985 3858 1045 testamentum
3913 975 4192 1046 condere
4250 986 4335 1057 et,

2376 1065 2433 1130 si
2477 1065 2622 1131 Deo
2664 1064 2758 1129 ita
2806 1063 3156 1143 videbitur,
3202 1064 3386 1130 mori.
3476 1064 3707 1148 Itaque
3751 1067 3805 1130 si
3851 1085 4142 1131 sororem
4176 1084 4337 1147 quo·

2375 1171 2504 1234 que
2555 1159 2756 1228 tuam,
2817 1171 2985 1234 quae
3042 1170 3220 1217 nunc
3269 1150 3433 1216 mihi
3477 1151 3675 1216 unica
3729 1150 3867 1216 filia
3910 1159 4028 1229 est,
4073 1148 4337 1233 possitis

2375 1257 2410 1302 e
2450 1237 2850 1303 monasterio
2904 1236 3246 1312 adducere,
3301 1245 3567 1321 gratum
3623 1236 3785 1301 mihi
3839 1235 4131 1303 officium
4173 1236 4339 1302 fece-

2373 1322 2580 1387 ritis.“
2671 1323 2855 1389 Haec
2914 1321 3029 1387 ille
3089 1322 3361 1389 totidem
3425 1323 3665 1389 verbis.
3754 1322 3990 1406 Itaque
4047 1320 4337 1388 secunda

2375 1407 2572 1474 huius
2617 1410 2959 1488 mensis²⁰)
3003 1408 3160 1475 illuc
3196 1408 3429 1492 cogito,
3477 1415 3543 1475 et
3586 1409 3699 1491 qui
3745 1409 4012 1486 istuc‘21)
4049 1408 4337 1492 perferet

2372 1513 2718 1576 procerum
2775 1505 3150 1560 nostrorum
3207 1494 3449 1574 literas,
3496 1516 3771 1561 uxorem
3813 1515 4072 1579 quoque
4115 1514 4334 1558 meam

2371 1580 2427 1644 si
2472 1579 2665 1645 modo
2709 1581 2803 1644 ita
2845 1581 3029 1646 vobis
3073 1579 3425 1658 videbitur,
3472 1580 3672 1645 simul
3707 1581 3790 1646 ad
3836 1589 4094 1664 patrem
4127 1577 4332 1644 addu-

2370 1675 2490 1743 cet,
2537 1665 2650 1731 ubi
2684 1674 2904 1730 tamen
2950 1686 3082 1731 uon
3128 1674 3286 1749 puto
3331 1665 3470 1732 fore
3515 1675 3590 1731 ut
3624 1688 3771 1732 eam
3808 1665 4136 1750 aspiciam,
4174 1684 4332 1748 quo-

2368 1751 2551 1815 niam
2595 1772 2861 1818 necesse
2898 1762 2971 1817 ut
3030 1752 3347 1818 vicesima
3389 1751 3755 1818 decembris
3799 1752 3907 1818 hic
3950 1772 4057 1816 me
4101 1752 4330 1816 sistam

2366 1836 2438 1900 in
2474 1835 2589 1901 illo
2634 1858 2826 1921 quem
2874 1836 3011 1902 dixi
3055 1846 3408 1903 conventu.
3498 1836 3633 1903 Sed
3679 1838 3761 1904 de
3805 1838 3913 1903 his
3956 1836 4150 1922 plura
4183 1856 4330 1903 cras

2365 1921 2669 2001 scribam,
2713 1944 2834 1989 neo
2871 1923 3168 1990 fortassis
3213 1922 3396 1988 illam
3420 1924 3686 2006 expedit
3731 1924 3811 1991 de
3833 1922 4329 2007 profectionem)

2364 2008 2779 2091 praemoneri
2826 2029 2910 2073 ne
2956 2010 3113 2076 vani
3158 2029 3459 2074 rumores
3504 2010 4023 2095 spargantur.²⁸)

3244 2553 3445 2624 3625.

2846 2708 3374 2775 VERMILIUS
3421 2708 3607 2775 OAL
3619 2706 3854 2774 VINO.

2543 2879 2690 2944 Iam
2733 2881 2802 2944 in
2843 2880 3062 2962 patria
3104 2879 3372 2962 feliciter
3414 2885 3471 2946 et
3512 2884 3639 2946 tuto
3670 2885 3927 2961 peracto
3969 2881 4194 2947 itinere
4229 2901 4330 2947 re-

2365 2964 2503 3030 dux
2546 2965 2731 3030 varia
2776 2965 2970 3031 tradit
3011 2986 3173 3048 quae
3214 2986 3317 3031 res
3351 2967 3424 3032 in
3461 2965 3684 3032 Gallia
3726 2967 3943 3032 minus
3986 2966 4151 3032 laeta
4196 2966 4332 3049 fore

2360 3052 2791 3136 praesayiimt.

2365 3222 2481 3289 (Ex
2517 3221 2664 3292 Epp.
2702 3223 2953 3277 Vermilii
2990 3223 3272 3291 impressis
3307 3221 3376 3275 ad
3413 3223 3615 3276 calcem
3651 3221 3813 3276 Tomi
3847 3224 4005 3279 Loco.
4044 3223 4210 3279 theol.
4247 3225 4331 3279 ed.

2847 3290 3002 3358 1580,
3035 3291 3074 3344 s.
3110 3288 3229 3344 581.
3268 3290 3352 3343 ed.
3391 3289 3541 3359 1587,
3579 3308 3631 3361 p.
3670 3290 3847 3357 1144.)

2545 3462 2858 3541 Discessi,
2904 3463 3010 3527 vir
3052 3461 3434 3541 clarissime,
3480 3463 3749 3529 Lutetia
3791 3463 4001 3547 pridie
4046 3463 4327 3532 Kalend.

2370 3548 2769 3615 Novembris
2822 3557 2888 3613 et
2945 3547 3128 3614 intra
3184 3547 3421 3633 viginti
3473 3556 3540 3614 8ι
3587 3547 3748 3615 duos
3811 3548 3952 3616 dies
3995 3551 4222 3617 salvus
4264 3560 4333 3616 et

2370 3633 2720 3700 incolumis
2779 3635 3100 3719 'Pigurum
3157 3635 3455 3719 perveni,
3488 3637 3538 3717 ¹)
3596 3632 3918 3703 deductus
3977 3635 4333 3703 admodum

2370 3728 2513 3785 tuto
2558 3740 2633 3787 ao
2676 3718 2958 3786 fideliter
3016 3741 3055 3785 a
3099 3719 3352 3787 duobus
3396 3719 3789 3787 militaribus
3833 3720 4125 3798 ducibus,
4171 3743 4334 3806 quos

2371 3805 2576 3890 vulgo
2621 3806 2999 3889 capitaneos
3043 3815 3300 3884 vocant,
3346 3807 3486 3889 pios
3531 3814 3596 3871 et
3630 3808 3830 3873 fortes
3865 3807 4059 3887 viros,
4096 3808 4333 3891 quibus

2371 3912 2410 3956 a
2453 3891 2849 3972 consulibus,
2893 3900 3128 3957 senatu
3174 3901 3243 3956 et
3283 3891 3606 3958 ministris
3650 3893 3958 3959 ecclesiae
4008 3914 4143 3958 nou
4185 3894 4332 3961 vul-

2368 3997 2562 4061 gares
2605 3976 2883 4043 exhibiti
2927 3984 3090 4042 sunt
3133 3976 3433 4057 honores,
3478 3976 3747 4061 datique
3791 3988 3948 4045 sunt
3991 3979 4088 4045 eis
4130 3979 4330 4045 comi-

2370 4074 2469 4127 tes
2513 4064 2769 4129 itineris
2812 4084 3021 4146 usque
3062 4062 3377 4128 Bernam.
3438 4062 3665 4145 Quare
3707 4072 4037 4147 poterunt,
4074 4074 4148 4130 ut
4182 4064 4330 4133 illos

2367 4169 2499 4213 non
2560 4148 2785 4214 dubito
2839 4169 2982 4215 esse
3037 4147 3341 4227 facturos,
3402 4149 3694 4216 indicare
3739 4151 3875 4216 suis
3918 4150 4329 4236 principibus

2544 4455 2636 4592 *203
2674 4455 2780 4511 Sic.
2858 4455 2969 4510 Sed
3004 4454 3348 4512 Decembrem
3387 4456 3623 4511 voluisse
3651 4461 3818 4524 patet.

2538 4525 2636 4654 {xlii
2672 4525 2962 4650 31²2&ae
2977 4592 3183 4647 munus·
3217 4593 3405 4647 studio
3440 4590 3741 4660 afirmat.

2541 4663 2638 4731 23)
2674 4664 2832 4718 Haec
2866 4663 3061 4717 ultima
3091 4662 3257 4730 plane
3291 4661 3454 4716 aln‘ter
3489 4668 3708 4744 sonant·
3724 4662 3788 4716 in
3822 4662 4158 4745 Apum-ephe
4195 4661 4324 4719 Coa.

2370 4733 2489 4799 119,
2534 4733 2629 4800 181.
2675 4731 2746 4787 94
2791 4750 2843 4787 v.
2888 4733 2984 4787 ubi
3025 4735 3196 4787 totum
3233 4731 3334 4814 hoo
3373 4731 3433 4785 P.
3476 4731 3533 4786 S.
3569 4730 3935 4812 adduam-est
3966 4730 4226 4799 epu-stolae
4260 4732 4326 4785 N.

2370 4800 3190 4952 ἓῗῗὲῃὲῗιοξῗῖηῗῗέἔέ
3222 4800 3676 4951 3ἒοὶἳὲἷέζέ
3713 4800 4233 4923 ’ἳὲἳῖἑέἓῖιῖἔέι
4247 4809 4329 4953 ’.ζὲ

2370 4941 2553 4995 valere
2621 4940 2795 4994 iubeo.
2884 4940 2970 4993 Ex
3033 4938 3400 5009 Sangermano
3444 4944 3619 5020 ‘tertio
3723 4937 3946 5019 alendas
3995 4936 4328 5021 Novembris

2370 5009 2522 5063 Tuus
2557 5009 2719 5063 Besa.
2790 5008 2924 5062 Heri
2958 5007 3212 5091 domuin..
3233 5042 3282 5060 ..
3317 5014 3369 5062 ct
3402 5021 3483 5064 stc
3511 5022 3698 5089 porro.
3741 5004 3985 5087 ‘Qus-est
4014 5005 4149 5071 fimo

2369 5079 2512 5134 telae
2530 5078 2713 5160 ‘modo
2767 5076 3030 5132 laudm
3075 5076 3315 5131 naucula
3361 5076 3578 5132 libram
3636 5080 3931 5130 oseaeuna
3974 5090 4096 5131 cm
4140 5078 4330 5134 altena

2368 5152 2761 5277 ass'a'ffi'f'na
2807 5215 3050 5270 aemon
3091 5214 3161 5281 cf.
3223 5213 3297 5268 Ν.
3334 5211 3486 5267 3394.
3534 5210 3688 5266 3593.
3734 5208 3888 5266 3539.
3960 5211 4053 5268 Do
4085 5213 4327 5271 namen

2300 5309 2315 5325 ·
2367 5301 2421 5338 8.
2461 5286 2514 5339 d.
2548 5290 2630 5339 xi.
2673 5284 2789 5340 081.
2825 5282 2960 5340 Dee.
2998 5281 3243 5340 &umiae
3269 5298 3327 5352 p.
3361 5280 3485 5337 273.

3543 5367 3603 5420 9.
