4900 6125
607 418 738 479 24⁷

785 602 851 671 A
891 601 1127 671 Mons».
1173 602 1411 671 Mons&
1455 602 1857 688 D'espeville

1846 709 1886 753 a
1928 685 2397 754 villefranche.

786 858 858 929 S.
957 859 1144 945 Rogo
1223 868 1294 925 ut
1375 859 1715 927 literarum
1814 859 2199 926 brevitatem
2277 878 2569 925 excuses.

610 945 865 1031 Scripsi
908 943 1072 1013 haec
1113 945 1196 1012 ad
1240 953 1308 1011 te
1351 945 1746 1014 decumbens
1781 968 1865 1013 ex
1900 944 2203 1012 catarrho
2236 944 2401 1012 mihi
2436 945 2571 1009 iam

611 1053 747 1098 non
791 1038 1051 1098 tautum
1097 1031 1408 1098 familiari
1451 1031 1566 1098 sed
1614 1033 1811 1098 etiam
1855 1031 2323 1099 contubernali.
2410 1032 2570 1110 [Ac-

610 1118 808 1186 cessit
831 1120 883 1201 ¹)
927 1126 1155 1183 tantus
1199 1138 1428 1184 renum
1476 1118 1671 1185 ardor
1706 1128 1782 1184 ut
1824 1126 1893 1184 et
1913 1126 2143 1203 guttur
2184 1117 2273 1185 sit
2309 1116 2570 1182 exulce-

607 1210 849 1281 ratum,
918 1209 987 1269 et
1050 1204 1277 1270 urinae
1341 1211 1616 1286 meatus,
1725 1204 1852 1270 uod
1919 1205 2241 1288 posterius
2299 1201 2568 1282 malum,

608 1296 881 1375 propter
914 1289 1247 1373 pudorem,
1330 1311 1484 1356 uum
1508 1288 1591 1355 ad
1627 1289 1876 1375 aliquot
1907 1289 2047 1356 dies
2069 1290 2354 1367 celarim,
2393 1309 2570 1355 nunc

613 1396 845 1443 vereor
880 1395 963 1440 ne
999 1395 1077 1441 eo
1111 1377 1290 1441 sitre
1339 1384 1576 1455 actum,
1614 1386 1690 1442 ut
1713 1375 2045 1443 vocandus
2068 1379 2155 1442 eit
2176 1376 2568 1459 chirurgus.l

610 1461 797 1529 Haec
840 1461 1042 1546 igitur
1086 1481 1268 1527 meae
1313 1483 1490 1528 nunc
1533 1470 1635 1528 est
1698 1462 2001 1541 conditi0,
2082 1462 2382 1546 quamvis
2426 1481 2570 1525 meo

609 1567 793 1614 more
857 1546 1126 1613 meliora
1198 1567 1471 1631 sperem.
1585 1548 1877 1615 Discessi
1942 1570 2024 1613 ex
2091 1547 2242 1613 aula
2301 1547 2566 1623 invitus,

609 1652 785 1700 nona
831 1632 1029 1699 huius
1064 1633 1327 1711 mensis,
1366 1633 1456 1698 ita
1491 1633 1882 1718 urgentibus
1903 1633 2281 1717 proceribus
2305 1632 2569 1711 nostris,

608 1728 683 1785 ut
725 1719 840 1785 vix
885 1720 1043 1785 satis
1087 1718 1281 1802 spatii
1337 1720 1650 1786 haberem
1692 1718 2045 1785 induendis
2089 1720 2315 1787 ocreis.
2405 1718 2568 1784 Pos-

609 1803 806 1870 tridie
885 1804 1402 1888 subsequuturus
1481 1815 1624 1872 erat
1705 1804 2026 1888 Princeps,
2046 1808 2102 1889 ²)
2170 1806 2280 1891 qui
2345 1817 2567 1869 tamen

609 1889 900 1957 nondum
949 1890 1152 1969 venit,
1199 1911 1408 1974 neque
1452 1900 1526 1956 ιιι
1570 1891 1785 1970 audio,
1833 1892 2069 1971 veniet,
2127 1892 2256 1958 nisi
2301 1889 2569 1956 dimisso

607 1986 954 2043 conventu.
1028 1976 1173 2043 Hoc
1211 1997 1367 2042 vero
1401 1977 1565 2042 mihi
1601 1978 2051 2062 gratissimum
2091 1986 2208 2056 est,
2254 1975 2568 2060 quoniam

607 2060 776 2128 nihil
841 2061 1050 2148 magis
1111 2062 1481 2129 metuebam
1543 2083 1736 2147 quam
1803 2086 1888 2129 ne
1949 2063 2216 2129 absente
2267 2061 2571 2144 Principe

607 2148 856 2213 inimici
902 2145 1164 2231 quidvis
1210 2148 1545 2229 auderent,
1592 2158 1658 2213 et
1702 2147 1848 2215 ideo
1899 2149 2238 2234 cupiebam
2277 2148 2565 2226 omnine,

607 2240 686 2298 ut
748 2233 829 2297 ad
897 2234 1149 2298 exitum
1216 2233 1516 2318 colloquii
1584 2243 2017 2318 permaneret,
2084 2233 2255 2319 quod
2315 2233 2565 2300 factum

605 2317 797 2385 video
852 2327 920 2385 et
963 2318 1231 2405 gaudeo.
1323 2319 1591 2386 Interea
1632 2318 1827 2387 video
1863 2320 2012 2387 illos
2067 2321 2329 2399 texisse,
2395 2317 2566 2404 quod
2606 2390 2614 2404 .

607 2425 737 2472 non
806 2405 1054 2471 frustra
1118 2405 1405 2485 coniicio,
1490 2408 1800 2472 metuisse
1867 2408 2198 2486 nimirum,
2268 2426 2352 2471 ne
2417 2425 2568 2471 mea

605 2491 981 2575 praesentia
1047 2489 1459 2559 adversarios
1525 2494 1965 2559 exacerbaret.
2064 2491 2418 2576 Utcunque
2478 2491 2568 2556 sit

601 2576 768 2642 mihi
826 2597 956 2641 non
1018 2576 1228 2642 defuit
1270 2576 1527 2643 animus
1570 2578 1946 2661 praestandi
1991 2578 2188 2644 officii
2235 2578 2315 2643 ad
2361 2579 2564 2643 finem

604 2682 829 2747 usque.
919 2663 1011 2728 Et
1070 2663 1233 2728 mihi
1294 2662 1364 2727 in
1409 2683 1484 2729 eo
1529 2685 1782 2748 quoque
1827 2666 2169 2749 prospexit
2213 2664 2561 2742 Dominus,

601 2748 772 2834 quod
818 2748 925 2815 hic
970 2748 1240 2814 morbus
1284 2750 1350 2813 in
1397 2750 1560 2816 urbe
1593 2750 1810 2833 potius
1844 2770 1950 2815 me
1986 2750 2330 2834 occupavit
2409 2769 2563 2814 uam

603 2836 680 2900 in
739 2834 908 2913 aula,
972 2833 1084 2900 ubi
1128 2834 1323 2918 plane
1364 2834 1526 2900 mihi
1571 2833 1983 2918 pereundum
2029 2837 2276 2901 fuisset.
2365 2770 2564 2916 Quod

606 2930 827 2986 autem
889 2919 972 2986 ad
1027 2941 1167 2987 rem
1227 2920 1437 3005 ipsam
1493 2922 1730 2987 attinet
1774 2923 1997 2987 omnia
2039 2920 2255 2987 adhuc
2297 2921 2565 3005 egregie

603 3004 799 3074 nobis
843 3006 912 3072 in
959 3014 1284 3073 conventu
1320 3016 1795 3074 successerunt.
1820 3012 1874 3088 ³)
1945 3008 2052 3074 Ex
2090 3010 2190 3073 26.
2228 3007 2563 3092 suffragiis

613 3097 708 3158 15.
758 3091 946 3158 nobis
1011 3093 1274 3177 templa,
1343 3099 1379 3156 7
1439 3093 1581 3159 loca
1637 3094 1742 3160 vel
1804 3093 2064 3177 publica
2130 3093 2236 3158 vel
2305 3095 2565 3177 privata

607 3197 759 3246 cum
804 3177 980 3264 regis
1025 3180 1444 3245 conniventia
1487 3178 1866 3246 decernunt.
1954 3179 2240 3265 Reliqua
2283 3189 2564 3263 quatuor

501 3291 506 3300 ·
605 3273 838 3332 contra
892 3285 1012 3330 nos
1065 3265 1331 3332 faciunt.
1436 3263 1815 3351 Supersunt
1876 3269 1978 3331 22.
2039 3285 2317 3350 quorum
2362 3264 2561 3331 etiam

604 3349 813 3416 multo
890 3351 1201 3416 maiorem
1282 3358 1538 3434 partem
1614 3371 1753 3417 non
1831 3353 2158 3417 immerito
2222 3370 2567 3435 speramus

604 3447 901 3502 nostram
946 3437 1101 3502 fore.
1191 3433 1326 3503 Sed
1371 3437 1644 3517 interea,
1690 3438 2000 3521 quoniam
2046 3436 2234 3503 nobis
2279 3445 2381 3502 est
2415 3457 2566 3503 cum

607 3521 984 3589 hominibus
1021 3524 1357 3608 negotium
1401 3534 1471 3588 et
1511 3522 1594 3589 iis
1638 3523 1902 3607 quidem
1949 3523 2440 3601 versutissimis,
2498 3524 2567 3587 in

605 3628 741 3676 uno
798 3609 942 3674 Deo
999 3606 1406 3674 confidimus.
1496 3608 1640 3674 Nisi
1837 3611 1936 3674 'na
1978 3609 2376 3674 sententiam
2421 3629 2569 3673 mu-

607 3695 762 3760 tarit
829 3703 897 3760 et
960 3694 1226 3760 morbus
1292 3694 1681 3778 impedierit,
1874 3696 2126 3777 ‘ncipem
2189 3714 2429 3778 sequar
2494 3694 2565 3758 in

608 3779 1051 3863 Aquitaniam,
1119 3778 1234 3845 ubi
1289 3781 1408 3845 vix
1463 3779 1692 3846 credas
1748 3789 1993 3865 quanta
2050 3781 2139 3846 sit
2192 3775 2567 3847 nostrorum

607 3865 1044 3949 intemperies,
1104 3867 1294 3949 quasi
1338 3887 1488 3932 cum
1549 3866 1848 3932 hostibus
1903 3866 2112 3932 velint
2152 3866 2567 3951 impatientia

610 3959 879 4017 certare.
971 3950 1047 4017 Si
1106 3952 1432 4018 scribatur
1479 3953 1554 4017 in
1616 3961 1911 4018 nostram
1954 3952 2349 4018 sententiam
2393 3950 2566 4017 edic-

611 4045 772 4115 tum,
860 4036 1051 4120 plane
1128 4039 1433 4104 existimo
1512 4038 1734 4104 hostes
1798 4047 2098 4104 extrema
2175 4045 2563 4104 tentaturos.

609 4124 843 4207 Itaque
886 4143 1111 4206 preces
1163 4124 1373 4189 multo
1415 4124 1627 4208 magis
1681 4125 1878 4189 etiam
1932 4123 2301 4201 intendetis,
2370 4143 2567 4208 quam

607 4229 900 4292 unquam
935 4221 1142 4274 antea.
1205 4208 1468 4275 Ooenae
1503 4210 2007 4276 celebrationem
2043 4210 2153 4275 hic
2187 4208 2567 4275 distulimus

604 4297 675 4360 in
721 4295 1135 4362 comitiorum
1179 4295 1451 4360 exitum.
1543 4296 1778 4380 Agitur
1833 4316 2010 4362 nunc
2069 4296 2139 4360 in
2183 4294 2436 4361 Senatu
2483 4292 2565 4359 de

607 4401 810 4447 causa
867 4380 966 4446 St.
1025 4379 1347 4452 Medardi.
1407 4401 1537 4463 qua
1580 4382 1660 4446 de
1706 4403 1776 4447 re
1816 4381 2073 4464 copiose
2118 4402 2329 4465 nuper
2371 4380 2453 4445 ad
2500 4391 2565 4445 te

608 4469 862 4550 scripsi,
923 4479 997 4532 ut
1040 4467 1229 4532 testis
1271 4467 1586 4533 oculatus.
1674 4467 2088 4534 Incredibilis
2130 4478 2232 4533 est
2273 4466 2564 4533 hostium

607 4551 879 4618 audacia
921 4561 991 4617 et
1028 4550 1453 4636 impudentia.
1476 4557 1529 4630 ⁴)
1600 4551 1735 4619 Sed
1774 4563 1995 4619 tamen
2031 4554 2166 4619 scio
2201 4574 2331 4617 non
2368 4552 2563 4618 effec-

601 4791 837 4848 8698.1
909 4791 1051 4845 Besa
1081 4791 1418 4847 mucellam.

811 4861 846 4913 2
905 4862 966 4914 in
1007 4857 1352 4914 Oceanum
1382 4862 1732 4930 profecturus
1767 4862 1852 4926 (N.
1889 4861 2043 4927 8688,
2081 4868 2192 4918 not.
2229 4861 2305 4928 9.)

813 4929 868 4994 3)
907 4928 1020 4985 scil.
1056 4929 1118 4982 in
1165 4928 1551 4984 deliberatione
1601 4930 1670 4985 de
1713 4931 1948 5001 aiu-qula
2000 4931 2252 4986 articulis
2297 4930 2463 4986 edicti
2508 4930 2561 4986 d.

609 4997 693 5053 17.
729 4999 857 5053 Ian.
891 4997 1300 5079 promulqaadi.

812 5067 874 5130 4)
916 5065 1203 5135 &applodo
1235 5083 1272 5122 α
1319 5071 1427 5122 ectu·
1458 5075 1606 5134 suat,
1635 5075 1855 5138 praeter
1890 5069 2029 5124 duos
2062 5069 2220 5132 alicu,
2260 5067 2562 5134 Gomon,
2610 5067 2616 5128 ζ
2666 5077 2733 5133 ot
2775 5077 2915 5134 tam
2958 5086 3176 5132 earam
3224 5064 3582 5142 ecclesiam,
3645 5065 3777 5132 imo
3835 5075 4041 5133 totam

605 5136 874 5190 chencher-
907 5136 984 5188 du
1013 5142 1141 5204 quet
1175 5145 1224 5192 et
1322 5135 1690 5206 αις-θώρακι,
1733 5139 1832 5208 qui
1875 5143 2054 5192 tanen
2085 5154 2199 5194 non
2231 5138 2349 5193 nm
2380 5137 2565 5206 officio

607 5220 710 5258 cuo
761 5204 939 5270 func&
986 5210 1159 5258 crant
1243 5206 1559 5276 Desjardins
1611 5207 1911 5262 lientenant
1963 5207 2205 5261 criminel
2268 5207 2336 5260 de
2391 5207 2561 5260 robbe

597 5281 795 5327 courte
844 5278 900 5324 et
945 5272 1371 5343 Rome-oreille
1451 5283 1638 5330 revost
1682 5277 1750 5329 de
1795 5276 1849 5330 12
1885 5275 2262 5331 Connestablie
2311 5276 2343 5329 ὁ
2388 5276 2560 5345 grand

599 5344 765 5412 peine
803 5347 1035 5409 peut-ent
1068 5341 1368 5413 eschapper
1398 5293 1573 5410 &list
1610 5345 1730 5401 eccl.
1769 5345 1812 5400 1.
1849 5343 1993 5412 674).

2119 412 2646 481 EPIS'POLAE
2692 416 3118 478 3693—3693

4496 418 4606 483 248

2678 607 2861 667 turos
2896 600 3067 687 quod
3105 599 3355 667 volunt.
3419 601 3649 687 Neque
3686 603 3873 669 nobis
3909 621 4153 669 novum
4189 610 4288 669 est
4321 604 4610 672 iniuriam

2673 687 2827 771 pati.

2844 773 3035 840 Uxor
3077 773 3369 841 nondum
3414 776 3601 842 venit
3643 781 3710 840 et
3761 774 4028 854 diutius,
4073 785 4150 839 ut
4192 795 4401 858 spero,
4454 776 4613 860 apud

2673 868 2925 942 patrem
2975 860 3287 940 manebit,
3332 882 3528 946 quam
3573 869 3649 927 ut
3701 860 3885 927 illam
3932 858 4154 927 videre
4198 861 4455 944 possim,
4498 862 4615 928 nisi

2672 953 2923 1011 mutato
2968 943 3048 1011 de
3103 947 3468 1030 Aquitania
3521 946 3794 1014 consilio
3835 956 3904 1015 et
3944 955 4331 1030 recuperata
4372 946 4615 1013 valetu-

2675 1028 2846 1097 dine.
2938 1029 3113 1098 Deus
3157 1033 3321 1098 mibi
3365 1031 3613 1099 tribuat
3655 1031 3826 1118 quod
3871 1032 4065 1100 unice
4107 1042 4277 1117 opto,
4329 1041 4405 1098 ut
4446 1033 4615 1099 brevi

2675 1137 2822 1183 mea
2855 1116 3030 1201 apud
3067 1126 3318 1201 patrem
3354 1120 3598 1204 pietate
3632 1118 3828 1185 defun
3918 1140 3973 1198 r,
4019 1138 4221 1204 quum
4259 1128 4618 1185 extremum

2674 1202 2761 1268 sit
2815 1203 2884 1267 in
2943 1224 3129 1270 mora
3186 1206 3570 1289 periculum.
3660 1205 3764 1270 De
3891 1205 4155 1272 alduino
4207 1204 4357 1269 misi
4416 1203 4497 1269 ad
4556 1214 4617 1271 te

2675 1309 2841 1373 quae
2905 1288 3067 1354 mihi
3139 1291 3281 1356 visa
3339 1298 3498 1356 sunt
3574 1299 4060 1376 peropportune
4132 1290 4214 1356 ab
4281 1289 4619 1357 Hotoman

2673 1374 2890 1455 missa,
2929 1375 3166 1460 quibus
3214 1376 3554 1460 Coi-spinas
3596 1384 3840 1443 utatur.
3924 1376 4118 1444 Nunc
4163 1396 4393 1442 rursus
4437 1374 4516 1442 ad
4559 1384 4617 1441 te

2673 1460 2802 1526 alia
2845 1462 3036 1527 mitto
3059 1482 3226 1545 quae
3272 1462 3466 1528 hodie
3509 1462 3591 1528 ab
3626 1462 3853 1530 eodem
3892 1463 4127 1547 accepi.
4206 1459 4518 1546 Denique,
4550 1470 4620 1526 ut

2673 1546 2939 1613 tandem
2984 1547 3338 1628 absolvam,
3384 1550 3439 1614 si
3484 1550 3629 1614 fieri
3672 1557 3887 1634 potest
3928 1558 4003 1615 ut
4044 1548 4345 1613 minister
4402 1547 4621 1630 aliquis

2673 1632 3015 1699 Britannis
3056 1634 3207 1701 istic
3250 1633 3663 1715 concedatur,
3711 1634 3938 1702 multis
3982 1634 4206 1718 probis
4248 1642 4313 1698 et
4359 1634 4623 1717 integris

2673 1718 3054 1786 hominibus
3119 1722 3570 1805 gratissimum
3615 1721 3862 1789 feceris.
3952 1718 4090 1786 Sed
4134 1740 4269 1787 non
4314 1739 4520 1804 urgeo
4562 1728 4623 1784 et

2672 1812 2943 1889 rogatus
2989 1826 3165 1889 rogo.
3241 1805 3452 1872 Video
3494 1827 3602 1872 me
3645 1818 3875 1874 contra
3918 1804 4472 1890 exspectationem
4512 1824 4624 1889 pro

2671 1890 2977 1957 brevibus
3012 1891 3246 1978 longas
3282 1893 3619 1977 scripsisse
3654 1902 3719 1960 et
3754 1914 3913 1959 sane
3953 1913 4157 1976 quum
4193 1890 4277 1959 ad
4314 1900 4382 1955 te
4404 1890 4622 1967 scribo,

2673 1975 2843 2041 nihil
2889 1976 3133 2043 doloris
3177 1979 3411 2044 sentio.
3489 1979 3676 2044 Bene
3720 1979 3886 2057 vale,
3932 1979 4023 2044 mi
4069 1986 4276 2062 pater,
4315 1997 4471 2044 cum
4505 1976 4624 2043 col·

2672 2060 2835 2147 legis
2879 2075 2948 2129 et
2990 2064 3217 2130 amicis
3260 2065 3578 2133 omnibus.
3658 2065 3986 2132 Dominus
4029 2063 4217 2131 Iesus
4252 2063 4375 2129 tibi
4421 2063 4623 2147 magis

2670 2168 2746 2214 ac
2829 2149 3043 2235 magis
3106 2148 3449 2216 benedicat
3510 2160 3579 2215 et
3642 2149 3982 2217 ecclesiam
4050 2170 4237 2216 suam
4307 2149 4620 2232 respiciat„

2670 2234 2977 2300 Lutetiae
3029 2238 3122 2301 12.
3169 2236 3464 2301 Ianuarii
3517 2240 3700 2301 1562.

4035 2374 4219 2438 'l'uus
4263 2372 4458 2439 Besa.

2845 2575 3003 2663 [Ubi
3074 2574 3415 2660 Crispinus
3479 2598 3643 2645 usus
3721 2578 3920 2644 fuerit
3984 2577 4323 2645 Hotomam‘
4401 2578 4622 2655 literis,

2619 2669 2625 2783 [
2670 2684 2846 2743 cura,
2892 2664 3159 2730 obsecro
3202 2661 3771 2751 conscindendas.]

3550 3209 3753 3282 86⁰4.

3158 3363 3659 3432 FARELLUS
3706 3364 4147 3435 OALVINO.

2860 3535 3129 3617 Vapinci
3184 3537 3480 3602 retinetur
3529 3536 3964 3620 flayitcntibus
4024 3537 4364 3620 tratribus,
4412 3540 4633 3607 Nenco-

2668 3641 2843 3687 mum
2885 3622 3012 3687 sibi
3054 3622 3440 3689 redeundum
3474 3622 3686 3699 credit,
3742 3621 4075 3688 conscilium
4115 3624 4309 3692 amici
4364 3626 4493 3692 eibi
4533 3645 4631 3692 a·

2658 3708 2821 3791 petit
2862 3708 2933 3773 in
2974 3707 3094 3773 tali
3134 3707 3518 3775 discrimine.
3597 3706 3801 3774 Porro
3843 3710 4096 3790 eaponit
4127 3715 4441 3792 quatenu-s
4481 3711 4631 3778 doci-

2668 3813 2923 3860 marum
2966 3799 3024 3858 et
3080 3792 3353 3859 aliorum
3412 3813 3708 3860 censuum
3751 3793 4305 3862 ecclesiasticorum
4347 3797 4627 3880 redemp-

2668 3878 2905 3945 toribus
2960 3899 3100 3945 eum
3150 3879 3494 3962 pontificiis
3535 3900 3717 3963 ayere
3762 3881 4143 3961 miserit.
4236 3881 4433 3950 Notat
4480 3883 4633 3950 Gro-

2657 3965 2922 4047 pedium
2963 3964 3349 4030 monachum.

2668 4137 2783 4204 (Ex
2817 4135 3158 4258 autographo
3192 4135 3325 4190 Cod.
3374 4136 3578 4191 Gener.
3636 4135 3752 4204 115,
3803 4137 3893 4191 fol.
3946 4136 4065 4204 144,
4108 4139 4228 4194 coll.
4263 4155 4309 4195 c.
4346 4141 4485 4195 Ood.
4524 4140 4631 4202 116.

2875 4206 2967 4260 fol.
3004 4204 3039 4258 6
3076 4245 3089 4258 .
3146 4205 3285 4275 Epp.
3323 4206 3490 4260 Bern.
3532 4205 3625 4261 VI.
3661 4203 3765 4259 889
3801 4213 3859 4260 et
3892 4206 4113 4261 simleri
4149 4208 4269 4264 Vol.
4308 4206 4433 4274 99.)

2842 4377 3094 4444 Obristi
3161 4378 3727 4461 praestantissimo
3793 4396 3983 4443 servo
4048 4378 4281 4444 Ioanni
4351 4382 4627 4448 Calvino

2668 4467 2911 4549 pastori
2981 4463 3291 4529 ecclesiae
3350 4463 3771 4530 Genevensis
3836 4463 4026 4529 fratri
4091 4473 4161 4530 et
4224 4479 4627 4554 symmystae

2668 4550 2855 4617 valde
2900 4548 3327 4616 observando.

4120 4637 4459 4705 Genevae.

2840 4809 2910 4874 S.
2986 4808 3339 4890 Nunquam
3406 4807 3618 4891 magis
3685 4829 3951 4891 pressus
4024 4810 4119 4874 fui
4186 4830 4386 4894 quam
4457 4831 4622 4876 nunc

2667 4895 2786 4961 hos
2823 4895 3142 4971 deserere,
3188 4900 3261 4958 ut
3296 4913 3402 4959 res
3446 4912 3518 4957 se
3566 4891 3829 4975 habent,
3873 4916 3995 4963 nec
4030 4897 4303 4963 retineri
4340 4917 4620 4980 possum.

2665 4982 2940 5048 Fratres
2983 5000 3091 5045 me
3135 4985 3465 5053 vocantes,
3489 4984 3541 5055 ¹)
3582 4999 3865 5062 quorum
3909 5003 3987 5048 su
4162 4982 4202 4998 ’”
4286 4980 4416 5049 huc
4456 4985 4621 5058 veni,

4142 5068 4413 5133 itionem
4470 5089 4621 5152 quo-

2664 5341 2936 5406 somn)
2990 5341 3120 5396 Vide
3156 5347 3331 5395 tamen
3370 5344 3686 5410 sequentum.
