4900 6125
648 404 768 467 571

644 588 762 674 qui
796 587 1090 654 nondum
1124 609 1343 674 genua
1374 596 1822 657 curvaverunt
1851 607 2073 656 coram
2100 587 2270 655 Baal
2302 587 2601 656 fidelium

647 674 914 827 {omi-ne
955 674 1200 759 scripta
1225 678 1311 754 ¹⁸)
1345 695 1490 742 esse
1524 682 1773 759 putate.
1798 675 1880 757 ¹⁷)
1947 674 2212 775 pitens
2246 673 2329 741 de
2361 673 2605 759 quibus

646 759 2606 928 miffmoffi'ffffffinffissffiffiidssffi

644 929 825 998 Data
867 929 1222 1000 Gracoviae
1263 935 1328 1003 6.
1372 931 1600 1000 Octob.
1626 935 1710 1014 ¹⁸)
1762 934 1945 998 1562.

1551 1049 1925 1117 Stanislaus
1982 1049 2326 1119 Samicius

1595 1158 1829 1203 servus
1861 1135 2020 1202 Iesu
2042 1135 2297 1203 Ohristi

1446 1231 1603 1289 tuae
1646 1223 1878 1306 pietati
1928 1221 2430 1290 addictissimus.

1527 1733 1725 1804 3874.

1045 1887 1539 1957 SARNIOIUS
1584 1887 2218 1957 BULLINGERO.

823 2062 1617 2146 Eademwpmeoedens.

650 2235 763 2300 (Ex
811 2232 1152 2356 απαξ-ηὼς)
1186 2233 1356 2287 Ascli.
1393 2232 1577 2287 Turic.
1613 2232 1762 2286 Plut.
1800 2231 1893 2288 vl.
1930 2231 2050 2287 Vol.
2090 2231 2207 2297 168,
2252 2234 2382 2288 olim
2427 2233 2604 2289 Scrin-

645 2303 703 2360 C.
740 2303 891 2358 Tem.
998 2343 1014 2369 ,
1049 2301 1139 2356 fol.
1177 2300 1295 2356 170.
1332 2330 1400 2342 —
1434 2302 1634 2358 Simler
1670 2301 1790 2357 Vol.
1830 2299 1950 2355 105.
2018 2303 2227 2358 Iterum
2262 2302 2493 2357 eandem
2511 2303 2605 2357 de·

644 2373 886 2428 scribere
939 2387 1403 2440 supervacaneum
1454 2371 1562 2424 rati
1619 2370 1755 2424 satis
1807 2369 2095 2426 habuimus
2146 2371 2373 2426 alterius
2419 2377 2606 2426 textus

643 2442 875 2512 margini
925 2440 1201 2494 variantes
1252 2439 1412 2494 buius
1470 2439 1733 2494 lectiones
1784 2438 2112 2495 adscribere.
2193 2439 2322 2494 Sola
2366 2442 2608 2495 clausula

849 2510 1011 2579 plane
1045 2509 1154 2562 alia
1188 2515 1291 2573 est,
1328 2525 1494 2578 quam
1528 2525 1661 2578 ergo
1695 2509 1868 2563 solam
1913 2507 2003 2564 hic
2036 2508 2398 2575 exhibemus.)

649 2715 739 2783 D.
788 2714 1130 2801 Gykovium
1178 2713 1607 2795 stanislaum,
1630 2719 1683 2793 ¹)
1728 2714 1918 2782 cuius
1958 2734 2202 2800 pueros
2244 2713 2422 2780 domi
2457 2724 2610 2782 tuae

645 2802 845 2882 foves,
899 2800 1166 2868 obsecro
1209 2800 1598 2867 submoneas
1655 2807 1730 2867 ut
1784 2801 1910 2868 sibi
1964 2800 2045 2866 ab
2091 2800 2216 2867 hac
2259 2807 2444 2884 peste
2486 2800 2607 2867 ho·

645 2889 905 2955 minum
968 2895 1214 2954 caveat.
1301 2885 1387 2951 D.
1439 2885 1703 2953 Petrum
1747 2886 2100 2972 Martyrem
2136 2886 2401 2953 obsecro
2444 2886 2608 2955 velit

645 2975 722 3041 Τ.
746 2974 824 3041 Ρ.
870 2973 1280 3041 officiossime
1321 2971 1587 3039 nomine
1629 2994 1776 3039 meo
1820 2973 2123 3039 salutare.
2188 2971 2405 3039 Datae
2438 2972 2607 3041 Cra-

645 3060 873 3130 ooviae
906 3059 976 3128 vi
1017 3058 1409 3129 Novembris
1454 3059 1641 3127 1562.

1671 3193 2049 3263 Stanislaus
2093 3194 2433 3262 Sarnicius

1715 3282 2018 3347 minister
2051 3281 2240 3348 verbi
2261 3280 2393 3348 Dei

1505 3366 1789 3434 Vestrae
1825 3368 2056 3452 pietati
2100 3365 2607 3435 addictissimus.

823 3539 969 3607 Has
1014 3538 1244 3605 literas
1286 3547 1404 3606 aut
1447 3537 1682 3605 saltem
1727 3538 1995 3605 illarum
2040 3538 2383 3622 exemplar
2426 3546 2609 3606 curet

647 3626 795 3693 Tua
836 3626 1244 3710 praestantia
1286 3625 1646 3691 transmitti
1692 3625 1939 3708 absque
1979 3645 2183 3690 mora.
2258 3623 2612 3693 Nescimus

649 3713 772 3779 sub
815 3731 945 3796 quo
1009 3731 1187 3777 nunc
1251 3710 1427 3778 coelo
1500 3710 1758 3777 Tretius
1799 3717 2023 3775 noster
2066 3709 2265 3776 vivit:
2332 3712 2611 3792 proinde

647 3817 779 3881 quo
822 3796 1055 3863 ordine
1097 3798 1262 3864 haec
1305 3796 1651 3863 literarum
1705 3796 1985 3861 istarum
2040 3795 2264 3861 missio
2308 3796 2452 3861 fleri
2498 3795 2609 3863 de-

647 3883 801 3949 beat
845 3882 1261 3961 nescivimus,
1316 3882 1431 3949 sed
1475 3880 1867 3967 prudentiae
1918 3889 2074 3948 tuae
2116 3881 2608 3949 committimus.

649 3967 832 4037 Satis
875 3970 1002 4035 erit
1057 3970 1245 4035 nobis
1301 3970 1358 4035 si
1416 3966 1499 4033 de
1554 3968 1858 4034 omnibus
1902 3968 2099 4033 rebus
2140 3987 2308 4050 quae
2350 3966 2460 4035 hic
2502 3989 2612 4053 ge-

646 4064 890 4121 runtur
923 4055 993 4154 in
1027 4053 1325 4155 ‚ecclesiis
1367 4054 1612 4120 nostris
1658 4054 1780 4119 viri
1824 4052 1925 4117 illi
1966 4053 2063 4137 pii
2106 4060 2273 4151 tam·
2291 4052 2610 4121 Genevae

646 4162 848 4294 32¹&
837 4138 1045 4310 831ιὲῗέ
1055 4139 1770 4311 ηᾞὲωᾙέἓῖ“πὲ
1763 4136 2610 4308 ἑζῗιῖαῗῖῗῖ.ῗθῖἑῗ(ιξὲἑ

644 4313 879 4464 {gunil
909 4310 1307 4464 efiiimffliiiem
1350 4311 1629 4377 Iacobus
1671 4310 1884 4462 ριὲὲιὲιὲ)
1929 4318 1998 4376 et
2040 4319 2268 4393 postea
2300 4311 2608 4396 obsigna-

795 4419 834 4464 a
992 4446 1009 4464 .
1175 4417 1395 4463 mnam
1438 4407 1715 4463 transm1

715 4708 726 4718 ·
819 4567 915 4701 ἒξ),
946 4567 1491 4708 fflwquoe
1521 4634 1612 4692 hic
1643 4640 1946 4706 smum
1977 4636 2155 4692 auera
2183 4635 2415 4706 epistola
2442 4637 2613 4706 plane

644 4707 764 4762 aba
796 4706 1065 4840 wie-o
1104 4773 1365 4829 Novenb.
1397 4773 1467 4839 cf.
1504 4787 1611 4845 seq.

644 4843 834 4899 3874.
860 4844 913 4909 1)
966 4842 1301 4898 Wissowatis'
1329 4842 1588 4898 narratio
1618 4841 1884 4966 w
1914 4860 1980 4979 3⁸
2015 4842 2610 4977 ξιοῖἵκίαοξωῖζξέῗῖθ

644 4915 753 4968 riis
796 4913 1043 4982 separatu·
1090 4913 1205 4967 sint
1254 4909 1505 4967 Unitars'n’
1546 4912 1569 4977 (

648 4983 747 5036 ref.
783 4990 1015 5051 patrono
1060 4981 1137 5034 Io.
1174 4981 1388 5035 Bonaro
1431 4985 1579 5035 caste
1693 4998 1727 5035 o
1769 4981 2019 5035 Biecensi
2064 4988 2293 5050 repente
2336 4983 2608 5037 exstincto

648 5051 799 5105 locus
842 5049 1352 5130 congregationibus
1397 5051 1705 5119 assignatus
1746 5050 1801 5104 in
1850 5049 2014 5104 domo
2048 5050 2200 5105 Stan.
2237 5050 2469 5118 cilum-ii,
2513 5052 2608 5121 qui

648 5126 780 5172 tuno
813 5119 1294 5172 archiesmerarius
1316 5119 1693 5173 cracoviensis
1726 5127 1852 5188 post
1883 5120 2209 5174 castellanus
2240 5120 2518 5173 Bieoensis
2551 5125 2612 5174 et

650 5189 924 5240 exercitus
974 5188 1085 5239 dux
1144 5188 1202 5240 in
1254 5187 1399 5241 bello
1430 5187 1825 5242 Moschovitioo
1858 5186 1976 5242 fnit.
2075 5187 2162 5254 Cf.
2208 5188 2442 5244 Dubios.
2487 5187 2608 5244 143.

656 5254 1221 5393 Cstomtffom
1252 5256 1681 5314 οαθιοόσίωυιι
1712 5257 1995 5329 redierunt
2030 5256 2215 5327 (Saliq
2248 5258 2317 5312 11.
2353 5256 2497 5324 784).

2155 400 2686 472 EPISTOLAE
2730 404 3157 473 3873—3875

4525 412 4626 473 572

3589 592 3795 665 8875.

3239 744 3743 817 SARNIOIUS
3783 746 4148 816 TERTIO.

2880 916 3182 984 Historia
3222 918 3579 1001 perturbati
3634 924 3839 986 status
3888 921 4328 1005 polonicorum
4385 921 4636 990 acoleia-

2710 1023 2855 1068 rum
2890 1007 3154 1088 propter
3194 1005 3618 1071 introductum
3665 1004 4216 1074 Servetanismum.
4244 1011 4296 1086 ¹)

2710 1173 3073 1244 (Excerptum
3109 1180 3197 1229 est
3229 1190 3298 1228 ex
3334 1175 3509 1228 literis
3548 1176 3741 1231 'Pretio
3776 1177 3958 1232 missis
3991 1183 4051 1231 et
4084 1178 4155 1231 ab
4173 1176 4335 1231 buius
4352 1179 4634 1233 amanuensi

2709 1244 2767 1297 in
2802 1243 3104 1313 Bullingeri
3146 1259 3306 1297 usum
3347 1244 3524 1298 deseri
3565 1249 3697 1299 tum.
3768 1246 3970 1300 Exstat
4017 1247 4074 1300 iu
4128 1247 4320 1301 eodem
4366 1247 4541 1302 codice
4585 1264 4637 1302 sc

2983 1312 3314 1382 praecedens
3347 1313 3527 1383 episto
3614 1314 3708 1369 fel.
3744 1314 3845 1369 151
3882 1323 3941 1370 et
3974 1332 4061 1385 ap.
4096 1314 4432 1378 Simlerum.)

2881 1483 3029 1549 Hoc
3070 1488 3148 1549 nt
3168 1483 3405 1549 melius
3445 1484 3778 1569 intelligas
3814 1506 3900 1551 ex
3942 1485 4300 1553 miserabili
4344 1495 4518 1552 statu
4554 1507 4642 1554 ec-

2710 1568 2947 1635 clesiae
2991 1577 3272 1646 nostrae,
3337 1568 3419 1634 de
3462 1591 3593 1653 quo
3648 1572 3785 1636 iam
3842 1571 3962 1637 tibi
4020 1570 4253 1650 dicam,
4318 1572 4640 1657 intelliges.

2709 1654 2795 1721 In
2839 1655 3166 1739 prioribus
3206 1655 3417 1720 literis
3467 1655 3845 1739 complexus
3899 1678 4047 1722 sum
4104 1678 4183 1722 ea
4236 1677 4406 1740 quae
4449 1658 4550 1724 bic
4585 1659 4644 1722 in

2711 1740 3010 1807 absentia
3030 1760 3196 1819 mea,
3220 1738 3380 1806 dum
3419 1740 3494 1805 in
3527 1741 3803 1808 thermis
3838 1762 4071 1821 essem,
4093 1751 4242 1809 acta
4283 1753 4462 1809 sunt.
4521 1743 4646 1808 Iam

2711 1825 2868 1910 quid
2930 1834 3080 1910 post
3142 1825 3508 1892 adventum
3574 1849 3797 1894 meum
3861 1829 4267 1907 successerit,
4351 1829 4648 1914 quibusve

2708 1911 3306 1978 machinationibus
3363 1932 3486 1977 usa
3549 1914 3639 1978 sit
3703 1914 3985 1980 adversa
4041 1934 4198 1997 pars
4262 1915 4362 1979 ita
4437 1916 4646 1997 accipe.

2708 1996 2934 2081 Quum
2979 1995 3289 2064 vidissem
3353 1998 3492 2063 fere
3546 2019 3793 2079 omnes,
3861 2008 4140 2084 excepto
4188 1998 4408 2083 Sfim‘o
4446 2011 4648 2066 nostro

2707 2092 2775 2149 et
2831 2083 3086 2184 ,Albf'we
3104 2085 3166 2159 ²)
3230 2083 3355 2183 hoc
3418 2082 3729 2168 dogmate
3793 2085 4066 2151 infectos
4129 2106 4290 2162 esse,
4384 2087 4648 2169 profecto

2707 2179 2999 2323 ἓξὲξ...
3042 2177 3593 2338 sapsam
3648 2170 4556 2341 {saffiram
4495 2191 4652 2320 sm..

2706 2350 3001 2407 nostram
3044 2349 3306 2424 praeter
3337 2342 3654 2407 maiorem
3677 2340 4020 2407 Poloniam
4055 2342 4452 2409 inundatam
4483 2340 4647 2408 esse?

2708 2425 2907 2493 Solus
2971 2425 3354 2509 capitaneus
3399 2425 4001 2511 Maryenburyensis
4018 2431 4078 2503 ⁸)
4137 2448 4271 2493 una
4311 2447 4471 2495 cum
4509 2427 4652 2494 Cas-

2709 2511 2954 2578 tellano
2975 2511 3269 2577 Biecensi
3286 2515 3343 2592 ⁴)
3385 2519 3717 2578 mutatum
3758 2533 3969 2598 genus
4005 2512 4345 2579 doctrinae
4383 2515 4652 2599 graviter

2710 2598 3024 2664 tulerunt.
3116 2595 3403 2664 Vocatus
3445 2618 3595 2664 sum
3640 2598 3724 2663 ab
3768 2600 3863 2664 eis
3912 2597 4258 2681 aliquoties
4299 2609 4375 2665 et
4417 2619 4654 2666 mecum

2710 2683 3212 2768 expostularunt
3255 2680 3430 2767 qnod
3487 2703 3596 2749 me
3639 2681 3723 2748 ad
3765 2684 3972 2749 vitam
4015 2685 4516 2768 speculativam,
4589 2695 4656 2748 ut

2715 2778 2967 2848 vocant,
3009 2788 3488 2853 componerem.
3569 2767 3893 2835 Similiter
3936 2769 4215 2836 Albinus
4257 2781 4491 2838 noster
4527 2790 4658 2837 cum

2718 2855 2934 2939 Sylvio
2977 2853 3062 2921 ad
3104 2875 3212 2920 me
3245 2855 3444 2920 toties
3484 2854 3801 2935 scribunt,
3843 2875 3951 2920 me
3990 2856 4366 2941 obiurgant,
4415 2857 4660 2923 hortan-

2712 2950 2842 3020 tur,
2888 2949 3177 3007 monent.
3269 2939 3546 3020 Samici,
3589 2941 4028 3020 obsecramus,
4093 2942 4325 3025 inquit,
4374 2955 4456 3009 ut
4496 2953 4660 3012 tuam

2711 3029 2924 3094 vitam
2986 3026 3206 3105 ducas,
3270 3046 3439 3109 quae
3502 3046 3637 3093 non
3707 3035 3824 3091 tua
3887 3027 3977 3092 sit
4040 3026 4156 3094 sed
4200 3027 4362 3095 Iesu
4409 3027 4658 3097 Christi.

2711 3112 2979 3180 Talibus
3021 3121 3090 3178 et
3132 3111 3454 3179 similibus
3507 3112 3856 3178 sententiis
3901 3134 4009 3179 me
4057 3114 4512 3199 exagitarunt.
4585 3113 4660 3179 Et

2711 3206 3070 3267 moverunt
3110 3218 3219 3264 me
3261 3198 3394 3264 ista
3435 3198 3656 3282 aliquo
3697 3197 3912 3275 modo,
3967 3219 4104 3263 non
4147 3208 4378 3266 tamen
4420 3218 4662 3286 permo-

2712 3294 2975 3365 verunt,
3020 3283 3230 3351 donec
3256 3283 3602 3368 &aymus
3616 3285 3674 3361 ὁ)
3720 3283 3982 3367 publice
4025 3305 4145 3368 pro
4186 3287 4510 3353 concione
4540 3305 4663 3353 coe·

2712 3372 2814 3458 pit
2856 3369 2939 3437 de
2979 3371 3260 3437 conflato
3281 3370 3428 3435 Deo
3470 3369 3824 3453 disputare,
3862 3379 3930 3435 et
3972 3371 4086 3454 qni
4129 3391 4317 3437 secus
4355 3374 4662 3439 sentirent

2715 3475 2829 3523 eos
2911 3475 3055 3523 esse
3121 3455 3487 3522 haereticos
3553 3463 3621 3520 et
3664 3453 4096 3521 Sabellianos.
4183 3457 4340 3523 Non
4409 3458 4662 3525 obscure

2712 3550 2933 3608 autem
2999 3562 3122 3607 nos
3187 3541 3441 3606 notavit
3484 3541 3598 3624 qni
3656 3539 3964 3607 docemus
4029 3548 4284 3625 patrem
4357 3544 4574 3610 filium
4609 3550 4666 3608 et

2710 3628 3012 3711 spiritum
3058 3636 3363 3693 sanctum
3406 3646 3550 3692 esse
3592 3646 3804 3691 unum
3848 3626 4090 3706 Deum,
4145 3638 4418 3696 servata
4461 3642 4672 3695 tamen‘

2712 3713 3126 3780 distinctione
3161 3730 3613 3795 personarum
3680 3712 3831 3778 Hoc
3872 3711 4052 3777 enim
4088 3721 4189 3778 est
4221 3713 4320 3780 eis
4357 3716 4666 3782 conflatus

2712 3798 2899 3865 Dens
2940 3819 3144 3881 quum
3188 3796 3428 3862 dicitnr
3470 3816 3615 3863 esse
3658 3817 3837 3863 unus
3878 3806 3947 3862 et
3982 3806 4136 3865 tres.
4201 3797 4396 3867 Haec
4437 3822 4544 3866 res
4575 3819 4666 3863 me

2713 3884 3094 3971 plurimum,
3159 3891 3227 3947 et
3280 3882 3442 3948 alios
3499 3903 3774 3966 quoque,
3840 3884 4209 3949 commovit.
4301 3886 4402 3952 Et
4445 3887 4530 3952 ab
4567 3882 4664 3950 ino

2711 3983 3006 4054 tempore
3057 3969 3272 4052 coepit
3328 3967 3488 4033 haec
3542 3969 3837 4051 quaestio
3891 3968 4202 4034 ventilari
4257 3974 4531 4053 passim,
4585 3972 4664 4035 its

2711 4056 2884 4140 quod
2905 4059 2942 4093 ⁴*
2983 4053 3289 4121 nobilitas
3332 4053 3606 4119 minoris
3649 4053 3968 4119 Poloniae
4010 4062 4231 4121 coacta
4273 4056 4368 4122 sit
4413 4068 4662 4141 propter

2711 4140 3146 4228 pacificandos
3200 4140 3362 4205 istos
3415 4148 3633 4205 motus
3685 4139 4014 4222 synodum
4078 4141 4466 4226 generalem
4509 4140 4664 4208 indi·

2712 4248 2875 4293 cere.
2943 4227 3044 4293 Ac
3084 4236 3160 4290 ut
3188 4225 3455 4308 penitus
3490 4245 3598 4290 res
3632 4226 4068 4308 pervestigari
4101 4227 4327 4309 possit,
4365 4230 4660 4311 utrinque

2710 4313 2946 4379 delecti
2989 4319 3146 4378 sunt
3189 4332 3310 4376 sex
3352 4310 3642 4375 ministri
3685 4310 3797 4393 qui
3843 4310 4130 4386 Baliciis‚
4161 4315 4218 4390 ⁶)
4257 4312 4662 4396 praesidente

2711 4398 3070 4465 castellano
3148 4395 3444 4462 Biecensi
3519 4408 3587 4461 et
3663 4397 4005 4479 capitaneo
4083 4395 4174 4461 M
4635 4399 4646 4409 '

2711 4492 2865 4551 ante
2928 4481 3255 4568 synodum
3312 4480 3689 4567 generalem
3734 4481 4063 4549 debebant
4104 4482 4210 4548 vel
4255 4485 4663 4552 concordiam

2707 4707 2890 4762 8875.
2912 4706 2969 4774 1)
3006 4705 3162 4760 Haec
3193 4704 3483 4772 inscriptio
3515 4719 3583 4758 ex
3616 4705 3743 4773 ipso
3779 4703 3980 4760 Codice
4012 4704 4304 4774 desumpta
4338 4712 4441 4762 ed.

2915 4773 2979 4842 2)
3019 4773 3290 4828 Matthias
3323 4773 3561 4828 Albinus
3601 4789 3650 4827 v.
3687 4774 3741 4827 d.
3775 4789 3846 4826 m.
3883 4773 4286 4828 Ivanowicen‘ae
4323 4789 4510 4844 prope
4545 4774 4664 4829 on-

2705 4847 2918 4902 naviam
2954 4858 3007 4898 a.
3050 4841 3187 4896 1565
3218 4843 3644 4898 controversiam
3668 4842 3926 4896 excitavit
3958 4842 4026 4897 de
4044 4843 4319 4912 baptis-no
4351 4860 4512 4913 qua-
4543 4858 4664 4897 nc·-

2700 4912 3198 5052 ἴῗέῠονιεξῖῗῶω
3232 4916 3284 4966 et
3311 4912 3717 4980 poenitentibus
3751 4911 4254 4967 adun-Menam
4299 4927 4420 4968 me
4453 4912 4666 4967 &aba

2913 5050 2975 5187 {3
3009 5047 3975 5199 mmmm-“gm-
3908 5118 3948 5199 ‚-
4005 5132 4205 5186 m...
4443 5124 4603 5173 ..m

2916 5187 2976 5254 5)
3017 5188 3246 5252 Paulus,
3281 5204 3330 5241 v.
3368 5186 3424 5242 d.
3455 5202 3524 5241 n.
3565 5186 3947 5243 Graccum
3997 5185 4086 5255 (N.
4120 5184 4225 5240 385
4263 5223 4276 5237 .
4319 5184 4482 5242 3865.
4525 5183 4666 5240 ffl-

2714 5257 2946 5314 Labien.
2981 5257 3051 5310 11.
3087 5271 3132 5310 c.
3169 5254 3216 5309 7.
3291 5296 3304 5310 .
3344 5255 3490 5317 133).

2917 5324 2979 5392 6)
3015 5325 3071 5381 d.
3107 5324 3188 5381 12.
3221 5271 3365 5394 ἕως.
3403 5325 3548 5381 Lab.
3583 5322 3700 5378 142.
