4900 6125
90 45 737 88 -——-.———

208 377 319 438 661
1688 377 1857 440 156³
1900 371 2738 441 PRBRUAR-mm.
4095 380 4224 441 662

204 571 437 628 ruant
486 562 685 645 paulo
736 569 890 645 post
930 564 1181 628 mentio
1236 562 1657 629 iniioiebatur
1702 563 1789 628 de
1842 562 2165 628 trimestri

204 661 514 730 tempore,
566 661 635 713 et
676 647 955 714 subinde
994 645 1081 712 ad
1136 670 1345 714 novas
1386 648 1867 732 postulationes
1908 667 2017 714 res
2056 668 2163 712 re-

202 732 399 799 dibat.
488 734 977 799 Intellexerunt
1032 733 1301 799 tandem
1360 735 1573 800 nostri
1628 734 1778 800 illos
1820 734 1995 800 hane
2038 733 2164 800 sibi

202 821 373 884 vitm
440 831 857 886 wernereut
918 819 1175 886 facilius
1236 833 1304 885 te
1366 823 2163 903 totuminperpetuum

200 904 643 971 radicarent„
730 904 963 988 Itaque
1008 906 1387 971 maluerunt
1450 907 1547 972 ita
1601 905 1687 971 ad
1744 915 1813 970 te
1874 902 2163 971 seribere

201 990 1363 1075 utperteseirentlaugdunenses
1420 1012 1622 1076 opera
1678 1001 2163 1074 tuaseposse

198 1077 293 1142 uti
334 1076 655 1159 quamdiu
708 1077 804 1142 ita
856 1078 977 1142 tibi
1020 1077 1433 1142 commodum
1476 1077 1818 1143 videretur
1858 1087 1927 1142 et
1968 1098 2161 1142 sena·

202 1163 311 1238 tui,
358 1183 579 1245 neque
622 1164 817 1228 toties
850 1163 1037 1245 quasi
1072 1162 1448 1229 diffidentes
1490 1165 1807 1247 temporis
1850 1182 2161 1245 proroga-

198 1249 441 1313 tionem
498 1261 820 1332 peterent.
890 1249 1090 1314 Certe
1142 1249 1201 1314 si
1256 1250 1549 1315 instabat
1600 1265 1669 1314 et
1726 1250 2158 1346 urgebamus·

198 1347 391 1398 natus
434 1345 515 1398 ut
572 1337 786 1417 primo
844 1354 1103 1418 quoque
1158 1347 1454 1418 tempore
1508 1335 1780 1412 redires,
1838 1335 2159 1400 eiusmodi

300 1421 315 1432 “
502 1421 518 1434 '
566 1421 891 1485 rationem
934 1422 1003 1484 in
1046 1421 1439 1504 magistratu
1483 1432 1553 1486 et
1589 1420 1994 1503 primoribus
2026 1421 2159 1484 rei-

198 1504 495 1589 publicae
548 1517 615 1570 te
668 1506 825 1571 boni
878 1505 1219 1571 consulere
1272 1506 1621 1584 eredimus,
1675 1517 1977 1571 nostrum
2022 1527 2158 1572 non

198 1603 695 1674 estpraesture.
782 1589 1485 1674 Namquodadnos,
1542 1592 2159 1657 inministeriiee-

200 1676 547 1742 elesiastiei
612 1677 951 1743 funetione
1014 1676 1307 1742 absentis
1370 1678 1473 1742 tui
1536 1678 1880 1754 rationem,
1944 1675 2159 1761 quoad

201 1763 337 1827 sins
398 1763 547 1827 fieri
614 1765 845 1845 potuit,
908 1783 1171 1845 semper
1230 1763 1612 1841 babuimus,
1680 1784 1891 1846 neque
1956 1784 2160 1845 grave

200 1849 381 1913 nobis
423 1869 572 1914 esse
614 1869 783 1914 onus
838 1869 999 1932 prae
1044 1848 1231 1913 nobis
1274 1868 1565 1931 unquam
1610 1848 1905 1925 tulimus,
1965 1848 2160 1914 modo

202 1932 561 1999 valetudini
604 1945 762 1999 mse
802 1934 1163 1999 inservires
1204 1943 1272 1998 et
1324 1949 1393 1999 te
1432 1934 1783 2017 aliquando
1828 1934 2161 2000 valentem

202 2021 959 2172 ῒιέἕαοωωῃῗωῳ
941 2019 1665 2189 -ἔίωρῗήὲοᾚέᾼῗῗί
1679 2020 2161 2188 υἷ’..ῗῑξηίῗῗ

202 2207 260 2256 ts
302 2190 592 2256 habebat
634 2192 703 2256 in
750 2190 1083 2257 mandatis
1126 2191 1283 2257 viva
1326 2211 1485 2256 voee
1526 2190 1875 2256 referenda
1916 2212 2160 2275 magns

202 2297 279 2341 ex
340 2287 533 2359 parte
605 2280 1075 2360 praetermissa
1139 2285 1469 2359 putamus.
1574 2277 1817 2342 Fretus
1878 2278 2158 2344 fortasse

202 2361 437 2427 seheds
492 2361 611 2427 illa
652 2362 726 2427 in
767 2382 901 2445 qua
954 2361 1219 2445 singula
1258 2363 1475 2445 eapite
1526 2362 1654 2444 ipsi
1695 2361 2155 2447 descripseras,

202 2468 323 2512 non
382 2448 691 2513 meminit
747 2448 1127 2514 meminisse
1179 2459 1258 2512 ut
1310 2446 1579 2513 iubebat
1619 2447 1735 2512 ille
1778 2449 1959 2532 apud
2000 2469 2155 2532 poe-

204 2547 344 2598 tam.
430 2533 719 2599 Interim
762 2554 839 2598 re
879 2533 1221 2600 nobiseum
1264 2555 1401 2599 non
1440 2534 1921 2600 communicata
1960 2534 2044 2601 de
2087 2545 2156 2600 te

202 2618 514 2702 Lugduni
566 2618 913 2685 retinendo
966 2618 1417 2702 interpellavit
1469 2631 1803 2696 senatum,
1858 2629 1929 2685 et
1978 2618 2155 2705 quod

202 2707 473 2786 petierat
528 2704 893 2771 obtinuisse
948 2705 1252 2772 iactavit:
1319 2724 1488 2787 quae
1542 2704 1733 2770 nobis
1796 2705 1973 2771 iusta
2028 2707 2155 2772 fuit

204 2810 393 2855 eausa
434 2792 647 2873 ipsius
680 2789 991 2856 monendi
1037 2799 1107 2855 et
1138 2787 1682 2874 reprehendendi,
1726 2802 1803 2855 ut
1844 2804 1912 2856 te
1952 2792 2153 2858 resei-

206 2876 363 2942 visse
404 2875 883 2942 existimamus.
954 2876 1061 2942 De
1102 2875 1314 2941 literis
1355 2895 1519 2959 quas
1560 2885 1841 2960 uterque
1882 2887 2154 2943 senatus

204 2960 667 3045 Lugdunensis
696 2962 1065 3044 seripserat
1097 2960 1409 3044 qnoniam
1446 2962 1519 3026 in
1550 2960 1676 3028 hoe
1707 2963 1910 3028 etiam
1941 2964 2155 3046 eapite

204 3046 359 3113 bene
400 3048 596 3115 nobis
650 3057 869 3115 teoum
912 3047 1226 3115 convenit
1274 3046 1758 3114 inconsiderate
1800 3046 2154 3115 admodum

207 3133 279 3198 sb
318 3133 453 3199 illis
492 3135 741 3200 sautum
782 3134 1007 3212 fuisse,
1051 3133 1247 3217 plura
1285 3154 1420 3199 non
1454 3133 1767 3202 disemus.
1826 3135 2155 3202 Fraterno

206 3230 267 3283 et
316 3228 543 3285 tamen
586 3219 829 3286 aeriter
867 3220 1249 3303 obiurgatus
1292 3240 1334 3286 a
1374 3228 1442 3285 te
1494 3219 1698 3285 fuisse
1750 3220 2027 3287 fortasse
2080 3222 2155 3286 in

206 3318 529 3387 posterum
570 3304 883 3389 proderit.
955 3303 1153 3387 Quod
1195 3303 1281 3369 ad
1327 3324 1465 3383 nos,
1524 3303 1827 3372 dedimus
1882 3327 2153 3390 operam

207 3410 281 3455 ne
318 3391 615 3474 ipsorum
658 3391 802 3456 sive
852 3390 1497 3469 inconsiderantism,
1550 3391 1693 3456 sive
1731 3393 2154 3477 praeeipitem

209 3476 429 3558 agendi
474 3486 546 3542 et
586 3475 919 3542 scribendi
961 3476 1301 3554 rationem,
1346 3475 1489 3541 sive
1530 3475 2005 3561 negligentiam
2047 3481 2157 3560 (ut

210 3576 273 3624 tu
310 3562 553 3640 mavis)
593 3561 816 3627 odiose
867 3563 1211 3646 exagitare
1264 3560 1660 3627 videremur.
1730 3562 2009 3628 Interim
2052 3574 2153 3628 ta·

209 3666 345 3712 men
388 3648 609 3725 vides,
672 3647 834 3712 dum
891 3647 1097 3713 semel
1152 3646 1470 3712 admoniti
1514 3668 1806 3712 errorem
1848 3648 2155 3715 seeundis

212 3730 405 3799 literis
448 3733 813 3817 duplieant,
873 3754 995 3799 nos
1046 3753 1125 3799 eo
1168 3729 1511 3798 devenisse
1554 3741 1634 3797 ut
1677 3752 1811 3798 non
1865 3735 2154 3817 potueri-

212 3837 343 3883 mus
397 3821 693 3903 ipsorum
750 3818 1173 3902 postulationi
1228 3819 1551 3889 resistere.
1606 3820 1895 3884 maxime
1949 3841 2153 3903 quum

213 3902 317 3968 tibi
371 3905 731 3989 gratifieui
788 3924 912 3969 nos
962 3904 1453 3969 arbitraremur.
1524 3902 1706 3984 Quid
1749 3905 1929 3971 enim
1970 3905 2154 3970 aliud

213 3990 516 4056 ooniieere
560 4000 957 4073 poteramus,
998 3988 1109 4053 ubi
1153 3988 1432 4073 publicis
1475 3988 1686 4055 literis
1730 4001 2006 4074 uterque
2050 4011 2153 4057 se·

216 4082 394 4141 natus
436 4074 942 4159 Lugdunensis,
1008 4084 1323 4157 tanquam
1382 4073 1751 4141 voluntatis
1808 4088 1963 4142 tuae
2020 4098 2154 4142 non

217 4160 388 4226 modo
420 4180 703 4245 sponsor
735 4158 851 4225 sed
888 4159 1090 4225 etiam
1123 4163 1469 4243 interpres,
1505 4160 1996 4227 intercedebat?
2062 4163 2155 4228 Et

217 4252 419 4311 tamen
470 4244 745 4311 modum
800 4246 1135 4311 tenuimus
1191 4246 1306 4327 qui
1363 4245 1731 4311 servandus
1780 4245 2149 4326 videbatur,

126 4332 129 4371 ¹
218 4350 291 4393 ns
341 4332 497 4415 quid
552 4329 787 4415 cupide
838 4330 949 4396 hie
992 4351 1034 4395 a
1086 4329 1277 4396 nobis
1332 4331 1478 4396 fleri
1535 4331 1773 4416 aliquis
1828 4334 2151 4417 suspicari

219 4428 436 4495 posset.
508 4417 785 4483 Assensi
842 4437 1001 4501 ergo
1043 4436 1289 4495 sumus,
1355 4414 1471 4481 sed
1532 4437 1689 4483 oum
1745 4420 2150 4502 exceptione,

130 4500 131 4507 ’
220 4512 389 4568 extra
418 4524 617 4586 quam
662 4503 721 4567 si
764 4502 959 4567 aliter
993 4512 1061 4567 te
1095 4501 1267 4567 velle
1309 4501 1522 4567 literis
1564 4503 1699 4570 tuis
1739 4505 1997 4570 senatui
2041 4505 2149 4571 vel

221 4585 386 4652 uobis
438 4598 755 4654 testatum
812 4587 1078 4654 faceres.
1165 4588 1318 4653 Non
1371 4587 1635 4671 quidem
1677 4588 1852 4672 quod
1906 4589 1990 4655 de
2032 4612 2147 4657 vo·

221 4667 453 4739 luntate
486 4686 603 4739 tua
636 4672 1110 4750 dubitaremus,
1153 4673 1342 4738 euius
1379 4675 1821 4740 certissimum
1856 4676 2149 4742 testimo-

222 4756 387 4824 nium
442 4760 691 4825 habere
748 4779 867 4825 nos
928 4758 1411 4825 arbitrabamur
1476 4760 1549 4824 in
1612 4760 1747 4827 illis
1808 4764 2147 4846 utriusque

224 4856 465 4912 senatus
508 4844 738 4922 literis,
782 4844 896 4911 sed
940 4846 1095 4928 quia
1137 4845 1273 4910 fere
1314 4847 1385 4910 in
1428 4845 1748 4912 eiusmodi
1793 4848 1989 4912 rebus
2031 4870 2147 4913 ex·

224 4945 461 5007 pressus
503 4934 615 5013 (ut
656 4932 989 5015 inquiunt)
1033 4951 1395 4997 consensus
1428 4942 1497 4996 et
1532 4932 1716 4997 velut
1756 4931 2150 5017 subscriptio

224 5016 439 5096 requiri
479 5017 651 5084 solet
691 5016 835 5083 eius
868 5015 951 5082 de
984 5037 1114 5100 quo
1155 5018 1391 5100 agitur.
1462 5017 1658 5085 Nune
1691 5017 1865 5102 quod
1900 5020 2149 5100 scribis,

225 5094 561 5169 decrevisse
616 5112 684 5168 te
738 5104 834 5167 ita
883 5102 1226 5169 consulere
1269 5101 1632 5169 valetudini
1673 5114 1751 5170 ut
1805 5104 2148 5172 eeclesiam

226 5202 337 5249 nou
391 5186 653 5255 deseras
710 5207 878 5272 quae
929 5208 1129 5272 opera
1180 5196 1298 5254 tua
1340 5188 1443 5254 uti
1486 5190 1649 5257 velit
1702 5198 1771 5256 et
1812 5189 2029 5274 quoad
2073 5200 2148 5256 tu

229 5264 361 5336 dare
410 5274 505 5339 ini
550 5275 815 5359 poteris,
869 5282 935 5339 et
984 5275 1077 5339 its
1130 5274 1451 5342 inservire
1493 5275 1807 5343 wolesiae
1850 5285 1926 5343 ut
1968 5276 2145 5344 vale-

2266 559 2522 627 tudinis
2573 561 2776 627 etiam
2839 561 3165 627 rationem
3227 560 3492 640 habeas,
3555 580 3694 627 non
3751 561 4224 647 improbamus,

2262 647 2867 730 imoDeumopt.
2923 648 4222 731 max-precamurutministeriotuo

2262 733 2335 798 in
2376 733 2582 798 finem
2623 753 2832 817 usque
2873 731 3260 798 benedicere
3293 743 3530 818 pergat
3569 730 3656 797 ad
3688 733 3970 818 gloriam
4009 736 4224 801 nomi·

2262 818 2370 885 nis
2424 820 2530 884 sui
2585 827 2657 884 et
2705 818 3018 885 eeclesiae
3080 818 3452 884 utilitum
3531 818 3886 886 Caeterum
3941 818 4026 886 ds
4081 829 4224 886 tota

2260 903 2389 970 hae
2430 924 2524 980 re,
2570 915 2647 969 ut
2687 903 2872 982 dieis,
2915 904 3180 989 plenius
3221 919 3442 970 teeum
3479 915 3860 989 praesentes
3891 906 4223 991 oolloque-

2261 989 3199 1056 mursiDominusdederit.
3277 990 4222 1075 Etoerteoptamusutali·

2260 1075 3002 1160 quandonosrevisas,
3046 1075 4218 1159 sihoeipsoveremuodinmest,

2262 1161 2602 1244 atrides)
2644 1161 3348 1245 idfierinonpotsst.
3419 1162 3831 1242 Tumenim,
3876 1173 4218 1247 utspera-

2259 1268 2431 1323 mus,
2471 1247 4218 1348 semmquefnpassiminepistolatuanostrum

2260 1344 3789 1519 mmmmmmfflffvw
3537 1332 4218 1520 maffia&

2258 1525 2437 1570 mmo
2479 1506 2794 1571 fnteret
2833 1504 3025 1571 nobis
3063 1503 3756 1584 omnibusoanssime,
3799 1515 4217 1590 etnospre-

2258 1590 2444 1657 eibus
2487 1590 2622 1657 tuis
2677 1612 2755 1657 ae
2797 1589 3380 1675 quomodocunque
3431 1591 3626 1657 aliter
3857 1591 3874 1606 ’
3953 1590 4214 1659 adiuva.

2260 1675 3243 1744 lnoeussuoedssoeuloeioe
3297 1697 3565 1742 oaumm
3621 1678 4216 1762 tiipraeeipunm

2258 1761 2401 1828 fore
2441 1784 2574 1829 non
2622 1762 3017 1842 dubitamus,
3057 1763 3250 1829 euius
3289 1771 3468 1828 eerte
3508 1762 3806 1829 ordinem
3849 1761 4018 1829 bene
4059 1784 4216 1831 oon·

2260 1848 3454 1933 stitutumilletnrbatvertiginosis
3509 1849 4214 1929 suiseommentis,in

2258 1934 2778 2085 quibusdumm
2837 1936 3084 1999 mirum
3142 1935 3212 1999 in
3267 1931 3540 2000 modum
3589 1934 3718 2000 sibi
3761 1934 3994 2019 placet.
4082 1935 4218 2002 Ite-

2260 2041 2412 2086 rum
2567 2041 2622 2085 e.

3144 2566 3341 2637 8912.

2875 2721 3118 2787 BEZA
3161 2720 3603 2788 GALVINO.

2257 2984 2701 3065 moeoyutat.

2260 3150 2373 3216 mx
2408 3151 2726 3221 upognpho
2759 3150 3708 3287 mamdiffgssmmm.
3737 3150 4212 3219 -emescr-to.

2256 3390 2439 3456 Pour
2495 3391 2661 3456 faire
2715 3391 2892 3455 tenir
2944 3398 3408 3543 οεδιιῇῃῗιιοιιῦἰᾱ
3444 3391 3788 3458 Μοηείοιιι·
3829 3388 4211 3474 Despeville

3197 3498 3236 3543 e
3369 3498 3472 3543 eu.

2428 3645 4213 3733 Quodsaepeiamsdteseripsinunequoquere-

2254 3742 2441 3817 peto:
2509 3735 2624 3798 vix
2667 3731 2835 3798 mihi
2891 3731 3246 3834 quidquam
3303 3733 3428 3800 hoe
3482 3754 3618 3834 nno
3671 3752 3818 3833 esse
3872 3732 4213 3831 molestius

2256 3838 2453 3969 iffi
2489 3816 2743 3971 m,
2769 3820 3574 3989 fflgffsam
3597 3840 3849 4004 aas,
3870 3820 4214 4003 {mx

2255 3991 2908 4072 possumooniioere,
2952 3987 4212 4075 quumexquoatedisoessineh-

2254 4086 2466 4141 teram
2506 4077 2772 4175 quidem
2809 4076 2914 4141 vel
2957 4097 2999 4143 a
3041 4088 3108 4142 te
3143 4077 3250 4176 yel
3291 4097 3334 4142 a
3371 4096 3632 4160 quoque
3666 4077 3717 4158 ι)
3760 4074 3893 4139 alio
3933 4074 4129 4139 iatine
4151 4073 4212 4147 2)

2252 4161 2866 4313 προᾼᾟίιοῖἒιῗ
2912 4162 3402 4348 οδείἀξιιιιῗεὲιῗὲο
3427 4248 3485 4332 ⁸)
3539 4245 3836 4342 procedit
3884 4166 4210 4325 mnguffi

2251 4331 2383 4397 Dei
2426 4331 2761 4413 beneficio,
2821 4333 2978 4416 quia
3034 4334 3223 4399 nobis
3278 4332 3464 4399 nullo
3508 4329 3704 4396 modo
3760 4328 4052 4425 licuisset
4091 4325 4207 4422 ob·

2250 4418 2685 4503 sessisopem
2728 4420 2920 4485 ferre.
3007 4418 3339 4502 Culpain
3389 4419 3473 4484 iis
3529 4414 4210 4495 residetquinosm
