4900 6125
292 417 412 477 325

291 600 919 767 3823&ssssssssss
947 597 2248 752 '332223310323233023232'1240520222

291 781 708 856 conceptum,
769 792 901 837 non
947 780 1083 836 tam
1129 771 1248 837 tibi
1306 772 1328 835 i
1411 772 1432 836 i
1474 793 1671 856 quam
1713 770 1897 837 mihi.
1993 771 2242 837 Verum

292 878 489 941 quum
535 857 647 923 ille
690 857 779 922 sit
819 856 890 922 in
946 857 1186 942 gloria,
1242 878 1328 922 no
1373 857 1431 922 is
1485 858 1757 924 omnino
1811 856 2245 923 annitendum

291 952 451 1027 puto
515 954 594 1010 ut
656 942 945 1009 officium
1022 951 1322 1008 nostrum
1401 943 1743 1022 facientes,
1821 942 1937 1008 ubi
2012 964 2247 1009 cursus

292 1038 513 1094 noster
556 1029 895 1095 absolutus
934 1027 1164 1107 fuerit,
1220 1049 1371 1094 cum
1414 1027 1719 1095 adamato
1772 1029 1842 1094 in
1886 1027 2097 1114 gloria
2138 1049 2244 1094 ae·

293 1125 554 1180 ternum
592 1115 817 1180 vivere
858 1112 1189 1197 possimus
1232 1115 1302 1178 in
1347 1115 1602 1198 gaudio.
1649 1149 2242 1164 —————

294 1233 888 1250 —————
932 1199 1167 1284 Tiguri
1214 1203 1314 1265 23.
1362 1200 1539 1266 Iunii
1593 1206 1774 1266 1564.

1420 1336 1851 1422 Bullingerus
1894 1345 2071 1402 tuus.

1057 1623 1458 1635 ——..-—.——

1170 1879 1366 1950 4122.

831 2035 1342 2102 HALLERUS
1385 2034 1710 2101 BEZAE.
1741 2083 1746 2088 ·

464 2206 812 2289 Absumpto
879 2205 1173 2287 Calvino,
1248 2206 1534 2272 omnibus
1597 2204 1774 2272 bonis
1831 2202 2027 2283 flebili
2089 2204 2246 2283 viro,

291 2292 574 2361 orandus
612 2291 931 2359 Dominm
984 2297 1056 2358 ut
1110 2293 1180 2357 in
1234 2291 1437 2358 locum
1477 2289 1671 2356 Elias
1713 2288 2050 2356 Elissam
2105 2288 2250 2355 sub·

289 2379 522 2444 stium.
583 2377 673 2443 Et
692 2377 801 2445 hoe
831 2378 1080 2445 nomine
1101 2376 1310 2443 Besae
1344 2396 1574 2443 novum
1606 2395 1836 2441 munus
1865 2374 2246 2460 yratuktur.

605 2549 716 2619 (Ex
752 2548 1094 2619 autographo
1122 2547 1255 2604 ood.
1290 2547 1456 2603 Goth.
1488 2545 1612 2608 405,
1648 2546 1741 2601 fol.
1780 2544 1928 2613 169.)

287 2719 670 2788 Clarissimo
715 2721 856 2786 viro
900 2719 987 2785 D.
1033 2717 1377 2785 Theodoro
1419 2718 1636 2784 Besae
1680 2716 2096 2783 Genevensis
2140 2735 2245 2780 em

285 2805 524 2872 clesiae
559 2807 810 2889 pastori
845 2804 1224 2872 fidelissimo
1258 2805 1468 2870 amico
1502 2803 1692 2868 fratri
1731 2810 1801 2868 et
1838 2811 2246 2886 symmystae

669 2911 791 2957 suo
836 2911 1094 2956 summe
1137 2911 1398 2973 semper
1441 2887 1866 2954 observando.

459 3060 529 3129 S.
603 3060 929 3144 Quamvis
973 3084 1105 3129 non
1150 3063 1394 3147 possim
1441 3080 1578 3126 non
1620 3057 1980 3143 plurimum
2026 3056 2245 3125 dolere

281 3157 553 3232 propter
587 3147 841 3215 obitum
884 3148 1231 3216 clarissimi
1274 3156 1343 3213 et
1379 3146 1654 3213 maximi
1693 3145 1817 3211 viri
1854 3145 1939 3211 D.
1975 3142 2243 3223 Caluini,

282 3242 360 3299 et
399 3254 548 3300 cum
586 3233 852 3300 Elizaeo
895 3234 1209 3300 clamare:
1257 3232 1516 3299 Currus
1557 3240 1624 3296 et
1664 3230 1899 3314 auriga
1941 3228 2241 3296 Israelis!

281 3329 510 3385 tamen
563 3318 661 3384 illi
713 3319 1012 3403 gratulor
1053 3317 1228 3402 quod
1270 3318 1604 3383 Dominus
1660 3317 1879 3401 ipsum
1921 3336 2004 3380 cx
2048 3315 2245 3381 mise-

279 3405 406 3471 riis
437 3405 636 3471 huius
670 3405 903 3470 mundi
945 3413 1013 3470 et
1045 3404 1382 3487 praesenti
1424 3402 1685 3469 saeculo
1726 3400 1897 3466 malo
1939 3400 2247 3466 liberavit

279 3500 356 3556 et
395 3489 479 3556 ad
535 3510 818 3588 regnum
861 3510 1058 3555 suum
1101 3488 1382 3555 coeleste
1423 3487 1791 3566 transtulit,
1848 3506 2244 3569 cursumque

277 3597 476 3674 suum
535 3575 635 3640 illl
688 3587 824 3639 tam
882 3573 1158 3641 feliciter
1211 3573 1556 3640 absolvere
1609 3573 1948 3639 noncessit.
2037 3571 2246 3671 1⁴²⁸?st

275 3681 694 3813 &olggaetlein
711 3656 2070 3828 tgtxpaigagosstrussoeffadegmggcffidggio
2098 3677 2244 3840 ‘1³:33

275 3852 551 3916 possum
586 3850 722 3897 non
757 3831 1052 3915 graviter
1087 3829 1306 3897 dolere
1341 3831 1522 3896 vices
1556 3839 1831 3907 nostras,
1878 3830 1991 3911 qui
2035 3838 2243 3893 tantis

273 3917 561 3985 subinde
603 3917 917 3983 orbamur
958 3926 1028 3981 et
1083 3916 1507 3983 destituimur
1564 3913 1856 3981 ducibus.
1944 3911 2244 3979 Abstulit

272 4004 460 4069 enim
507 4003 613 4070 hic
657 4024 872 4069 annus
913 4003 1131 4069 fatalis
1173 4001 1364 4068 nobis
1423 4012 1558 4066 tres
1588 4003 1636 4079 Ι)
1680 3998 2011 4083 principes
2055 3998 2240 4063 theo·

271 4088 468 4173 logos
530 4110 735 4173 quum
798 4088 994 4172 paulo
1059 4097 1213 4154 ante
1279 4096 1348 4153 et
1413 4086 1489 4153 D.
1544 4085 1802 4170 Μηνύειν
1867 4084 2236 4151 decesserit.

273 4172 466 4256 Quid
521 4175 649 4241 hoc
704 4174 1053 4259 portendat
1108 4172 1295 4238 novit
1338 4171 1668 4238 Dominus
1685 4221 1701 4249 ,
1768 4171 1958 4236 nobis
2015 4178 2241 4235 tamen

273 4259 472 4326 facile
514 4281 769 4344 quoque
813 4259 1159 4325 aestimare
1201 4258 1373 4324 licet.
1455 4256 1800 4324 Orandum
1846 4277 2003 4340 ergo
2046 4254 2240 4322 valde

269 4355 359 4411 ut
404 4347 731 4411 Dominus
776 4364 895 4409 nos
937 4342 1266 4409 custodiat
1306 4364 1348 4408 a
1389 4342 1564 4409 malo
1608 4352 1678 4407 et
1720 4362 1839 4427 pro
1882 4341 2053 4407 Eliis
2096 4342 2240 4406 istis

269 4431 582 4497 Elizaeos
624 4429 993 4495 substituat.
1053 4429 1199 4494 Tibi
1237 4450 1408 4507 vero,
1455 4430 1586 4494 imo
1631 4427 1944 4495 ecclesiae
1980 4440 2239 4493 vestrae

269 4516 579 4601 gratulor
612 4514 781 4600 quod
827 4514 946 4580 illa
979 4526 1047 4580 te
1081 4514 1260 4581 illius
1293 4514 1533 4580 habeat
1565 4533 2027 4580 successorem.
2095 4511 2241 4578 Uti-

271 4622 440 4667 nam
483 4601 671 4669 nobis
713 4611 782 4665 et
824 4600 975 4667 aliis
1022 4621 1282 4684 quoque
1326 4599 1617 4667 ecclesiis
1661 4599 1755 4665 sic
1800 4597 2079 4681 prospici
2123 4618 2237 4681 po·

269 4688 535 4754 tuisset.
625 4688 889 4752 Interea
934 4707 1090 4751 vero
1133 4688 1442 4770 quoniam
1489 4684 1816 4750 Dominus
1864 4703 1987 4749 nos
2029 4683 2123 4748 ita
2165 4683 2236 4747 in

269 4774 519 4840 vicinis
560 4773 853 4840 ecclesiis
895 4772 1263 4850 constituit,
1320 4771 1552 4836 demus
1593 4790 1859 4853 operam
1904 4778 1977 4834 ut
2021 4769 2236 4834 unita·

271 4870 416 4924 tem
461 4860 635 4925 inter
670 4879 790 4923 nos
823 4865 1119 4924 mutuam
1164 4857 1521 4935 foveamus,
1560 4877 1694 4923 non
1736 4864 2045 4922 curantes
2079 4853 2235 4938 quid

265 5115 457 5171 4121.
495 5114 553 5183 1)
587 5115 652 5167 zv.
688 5114 847 5198 41¹⁶·
883 5144 949 5155 -
988 5114 1062 5167 D.
1100 5112 1169 5169 aa
1205 5113 1386 5185 noya
1417 5114 1663 5183 aquatus,
1709 5113 1826 5168 nass·
1861 5113 2009 5179 forte
2042 5112 2121 5168 aa
2157 5113 2237 5170 Ν.

265 5184 467 5307 ffla
491 5201 818 5337 1¹‚Pmetbr
843 5251 1132 5307 cam-⁸
1163 5253 1253 5307 rac
1286 5250 1656 5376 aeflffmoo·
1688 5251 1947 5319 mitam
1977 5251 2080 5320 qm·
2115 5248 2232 5305 σοι

271 5323 448 5378 For.
481 5254 708 5388 adnuat,
743 5329 794 5377 a
828 5321 1174 5378 &Mundo
1207 5337 1263 5376 a.
1297 5319 1414 5376 a.1
1486 5316 1979 5391 ,NomAuffilffiss
2004 5324 2234 5376 norm.

2101 414 2266 477 1564
2307 412 2496 482 IUN-
2564 415 2602 462 ‚t

4172 419 4299 483 32ss

2350 600 2684 668 interdum
2732 601 3039 685 utrinque
3081 603 3196 667 fiat
3231 623 3273 667 a
3305 602 3795 687 magistratibus
3829 600 4001 686 quod
4042 603 4127 669 ad
4167 602 4304 669 dis-

2348 687 2735 754 solvendam
2782 684 3193 752 concordiam
3238 698 3532 772 spectare
3574 695 3848 771 poterat.
3934 686 4086 755 Scis
4127 688 4303 754 inter

2349 773 2601 838 vicinos
2664 772 2906 837 multas
2979 792 3171 855 saepe
3243 773 3524 840 offensas
3600 773 4001 841 intervenire
4066 772 4297 840 solere.

2348 855 2546 924 Unde
2588 867 2656 923 et
2690 858 3019 924 Dominus
3066 878 3196 923 non
3241 859 3488 924 frustra
3524 859 3974 941 proximorum
4008 857 4301 926 dilectio-

2348 963 2504 1012 nem
2547 944 2898 1027 praecepit.
2972 941 3105 1024 Qui
3149 944 3372 1027 itaque
3406 943 3658 1010 Obristi
3700 965 3947 1024 sumus,
3992 943 4301 1014 coniunc-

2348 1029 2599 1095 tionem
2663 1028 2846 1094 illam
2909 1048 3329 1111 quaeramus,
3403 1050 3526 1096 nec
3590 1029 3884 1096 sinamus
3948 1051 4070 1096 nos
4130 1029 4302 1097 ullas

2348 1114 2717 1181 calumnias
2759 1123 2874 1180 aut
2915 1114 3201 1182 offensas
3244 1115 3327 1180 ab
3360 1115 3615 1181 unitate
3650 1113 3984 1182 doctrinae
4025 1122 4094 1181 et
4125 1135 4304 1182 com-

2348 1201 2683 1266 munionis
2725 1218 3051 1283 separare.
3126 1200 3208 1265 In
3253 1201 3378 1267 boc
3421 1221 3580 1267 sane
3617 1222 3737 1267 nos
3770 1202 3884 1284 qui
3924 1201 4032 1268 hic
4073 1221 4309 1270 sumus

2348 1284 2578 1351 sedulo
2637 1284 3090 1352 incumbemus
3146 1294 3215 1351 et
3257 1287 3445 1352 nobis
3499 1284 3673 1351 idem
3713 1306 3968 1371 quoque
4010 1285 4094 1353 de
4133 1287 4304 1356 cari-

2347 1379 2484 1436 tate
2520 1379 2738 1436 vestra
2780 1369 3268 1454 persuademus.
3317 1408 4299 1426 ————————

2349 1492 2433 1502 —
2479 1495 2562 1506 —
2607 1492 2693 1505 -
2741 1494 2808 1508 -
2863 1455 3129 1523 Bernae
3174 1461 3275 1522 23.
3318 1458 3496 1524 Iunii
3546 1461 3728 1526 1564.

3288 1592 3343 1660 1.
3381 1591 3696 1660 Hallerus
3739 1599 3913 1662 totus
3955 1600 4127 1662 tuus.

3144 1885 3546 1894 --—-—————

3235 2134 3430 2206 4128.

2957 2289 3201 2356 BEZA
3242 2289 3723 2360 HALLERO.

2526 2460 2782 2527 Mortuo
2828 2458 3092 2535 Calvino
3131 2461 3285 2528 dum
3335 2465 3719 2545 terame-states
3758 2465 4041 2530 creseunt
4090 2459 4310 2547 puber-

2349 2550 2535 2613 nator
2578 2545 2764 2614 abest.
2834 2545 2965 2613 Res
3006 2550 3313 2613 tamense
3354 2547 3491 2613 iam
3531 2547 4309 2616 dedudaeutretrorsm

2343 2632 2509 2712 flecti
2551 2636 2859 2715 nequeant!
2899 2631 2978 2698 ab
3021 2631 3429 2700 adversariis.

2348 2801 2463 2868 (Ex
2526 2802 2840 2873 apographo
2886 2800 3015 2857 Cod.
3064 2801 3241 2858 Turio.
3288 2801 3348 2855 F.
3393 2799 3481 2866 46,
3528 2801 3657 2856 olim
3705 2802 3845 2872 Epp.
3881 2801 4036 2858 Tom.
4068 2801 4169 2872 11,
4212 2800 4309 2857 fol„

2915 2868 3035 2924 564.
3073 2900 3139 2911 -·
3174 2869 3389 2924 Simler.
3429 2869 3555 2924 Vol.
3594 2868 3743 2939 109.)

2524 3039 2623 3106 Mi
2667 3038 2891 3107 frater.
2972 3039 3188 3107 Valde
3233 3038 3421 3108 doleo
3463 3040 3632 3107 mihi
3675 3061 3807 3109 non
3861 3040 4059 3109 licere
4099 3039 4308 3126 pluri-

2351 3124 2475 3192 bus
2532 3147 2709 3192 nunc
2765 3134 2980 3193 tecum
3039 3146 3251 3211 agere.
3340 3125 3603 3194 Audisti
3659 3126 3741 3194 de
3791 3125 4046 3196 calvini
4096 3126 4310 3194 nostri

2349 3210 2551 3277 obitu.
2639 3211 2677 3277 Ι
2679 3232 2786 3277 am
2829 3221 3131 3278 crescunt
3184 3220 3639 3297 tempestates,
3701 3212 3921 3281 ablato
3977 3214 4308 3297 guberna-

2353 3306 2512 3363 tore.
2600 3296 2792 3363 Vivit
2849 3305 3067 3362 tamen
3124 3296 3235 3364 ille
3278 3297 3391 3382 qui
3434 3299 3656 3365 ventis
3712 3308 3783 3364 et
3835 3298 4139 3399 procellis
4181 3299 4308 3364 im-

2348 3389 2554 3466 perat.
2622 3381 2775 3449 Scio
2810 3403 2943 3447 non
2986 3382 3125 3448 fore
3166 3381 3518 3450 molestum
3555 3385 3642 3451 D.
3665 3382 4039 3470 Bullmqero
4080 3391 4305 3451 nostro

2348 3466 2405 3534 si
2467 3467 2692 3534 literas
2746 3469 3080 3553 aperueris
3135 3490 3298 3553 quas
3354 3470 3415 3534 ei
3473 3469 3791 3550 inscribo,
3823 3474 3872 3547 ¹)
3928 3491 4013 3536 ex
4068 3469 4306 3554 quibus

2346 3554 2569 3618 omnia
2611 3552 2957 3639 intelliges.
3020 3551 3313 3620 Domino
3356 3555 3446 3622 sit
3486 3555 3716 3641 gratia,
3804 3556 3877 3621 ui
3917 3577 4039 3622 nos
4080 3555 4299 3623 adhuc

2345 3639 2782 3705 confirmavit.
2870 3638 3068 3706 Certe
3125 3640 3185 3706 si
3242 3641 3659 3725 perrexerint
3715 3662 3754 3707 a
3802 3641 4106 3722 versarii,
4160 3662 4297 3708 non

2345 3733 2484 3790 tam
2520 3725 2650 3790 erit
2681 3723 2844 3792 haec
2889 3724 3022 3791 tela
3063 3724 3274 3792 facilis
3308 3725 3391 3792 ad
3432 3727 3884 3806 retexendum,
3928 3748 4126 3811 quam
4170 3726 4299 3810 ipsi

2344 3809 2774 3877 arbitrantur.
2841 3809 3094 3877 Omnes
3129 3810 3442 3878 valemus.
3510 3811 3730 3879 Pestis
3750 3812 4068 3898 Lugduni
4105 3811 4301 3879 valde

2342 3904 2716 3980 grassatur:
2738 3897 2796 3976 ²)
2840 3897 2953 3963 sed
3000 3904 3350 3980 utcumque
3393 3896 3507 3977 sit,
3571 3896 3969 3982 precandum
4011 3898 4181 3965 serio
4222 3904 4300 3964 ut

2341 3979 2655 4048 adveniat
2675 4002 2953 4066 regnum
2979 3982 3269 4048 Domini.
3331 3981 3734 4049 Commendo
3754 3983 3886 4049 tuis
3918 3991 3989 4049 et
4021 3984 4300 4050 &atrum

2341 4067 2647 4150 precibus
2691 4077 2759 4134 et
2793 4067 2971 4134 hanc
3015 4066 3360 4133 ecclesiam
3395 4077 3463 4133 et
3498 4067 3787 4135 Galliam
3824 4076 4046 4136 totam.
4112 4068 4301 4136 Bene

2344 4150 2516 4218 vale.
2587 4152 2907 4219 Genevae
2952 4156 3054 4218 25.
3101 4152 3281 4218 Iunii
3332 4158 3512 4219 1564.

2339 4442 2528 4497 4128.
2560 4442 2614 4509 1)
2822 4445 3043 4496 nome
3074 4443 3261 4498 oculos
3288 4442 3567 4512 suamne.

2545 4510 2611 4578 2)
2709 4550 2725 4567 .
2758 4509 2915 4573 4116.
2948 4518 3059 4566 not.
3086 4508 3134 4563 7.
3187 4508 3381 4566 Etiam
3414 4515 3479 4567 in
3511 4512 3724 4583 reliqua
3750 4510 3955 4580 Gallia,
3995 4509 4301 4566 Germania

2341 4586 2392 4635 et
2427 4579 2695 4635 Halmio.
2768 4578 3023 4645 (Ructat
3054 4577 3173 4633 vn.
3207 4577 3323 4647 48.)

3774 5400 3844 5451 21
3859 5396 3893 5465 ⁶,
