4900 6125
301 371 377 432 25
2112 370 2275 435 1563
2319 366 2517 435 MAI.
4221 370 4306 434 26

304 555 595 638 (Eut-bat
627 555 760 611 olim
794 555 852 611 in
885 555 1008 612 Vol.
1043 555 1144 611 111.
1180 555 1324 627 Epp.
1360 558 1574 626 autogr.
1608 553 1756 614 Bibl.
1792 554 1995 610 Semin.
2017 555 2251 636 Argeut.

302 624 544 680 incendio
606 624 838 680 deletae.
922 623 1609 760 Sumsimsussmssffisffedis
1664 624 1905 695 collegae
1957 628 2133 678 nostri
2193 622 2253 680 C.

471 865 716 949 Accepi
761 886 803 931 a
844 864 953 931 Lu
1000 861 1428 943 dunensibus,
1471 862 1739 948 optimis
1780 863 2054 943 civibus,
2109 868 2178 928 et
2213 883 2256 928 a

300 951 552 1018 Ioanne
599 949 879 1031 Calvino,
937 885 1315 1017 ‹fectioeimo
1380 949 1544 1027 viro,
1597 949 1826 1015 literas
1869 949 2106 1033 quibus
2147 969 2253 1014 ro·

301 1046 465 1123 gant
505 1042 584 1102 ut
625 1037 787 1120 ipsis
831 1036 1149 1116 adessem,
1195 1056 1324 1119 quo
1382 1041 1653 1101 senatus
1709 1043 1935 1100 noster
1977 1033 2106 1101 fide
2148 1035 2252 1100 iu-

298 1125 500 1202 beret,
544 1120 943 1206 stipendium
992 1120 1164 1205 quod
1208 1119 1393 1187 vobis
1432 1119 1723 1199 debetur,
1767 1119 1941 1205 quod
1974 1118 2256 1206 quadra-

300 1210 687 1295 gintarum’
720 1207 902 1274 mille
936 1207 1253 1273 librarum
1289 1212 1390 1273 est
1422 1214 1490 1271 et
1522 1205 1823 1289 amplius,
1848 1214 2002 1272 ante
2036 1212 2254 1272 extre-

298 1315 486 1360 mum
509 1293 663 1359 Iulii
688 1302 803 1359 aut
823 1299 902 1358 ut
937 1291 1319 1377 longissime
1342 1291 1657 1357 nundinis
1680 1291 2255 1358 Francofordianis

298 1378 794 1446 autumnalibus
810 1379 1215 1463 persolutum
1239 1378 1342 1442 iri.
1380 1377 1587 1461 Cupit
1608 1377 1786 1443 enim
1807 1399 1926 1445 rex
1944 1377 2256 1461 populum

298 1487 494 1533 suum
528 1465 795 1531 liberari
834 1463 1227 1529 exercitibus
1251 1462 1514 1542 exteris,
1554 1471 1621 1528 et
1646 1464 1798 1546 quia
1820 1483 2061 1548 magna
2082 1462 2256 1528 diffi-

298 1552 512 1620 cultas
526 1559 627 1617 est
641 1551 738 1615 rei
752 1549 1168 1634 pecuniariae
1191 1571 1322 1614 non
1339 1556 1553 1632 potest
1573 1556 1832 1615 tantum
1854 1548 2256 1632 stipendium

299 1647 456 1703 ante
490 1636 666 1703 istud
702 1635 784 1702 de
805 1657 935 1719 quo
970 1636 1200 1718 scripsi
1237 1645 1498 1717 tempus
1532 1635 1781 1701 confici.
1833 1635 1938 1700 Ea
1959 1633 2040 1700 de
2062 1653 2258 1699 causa

298 1743 648 1807 sponsores
682 1723 954 1805 quaerit,
1000 1730 1068 1786 et
1100 1729 1395 1785 nostram
1431 1721 1766 1787 civitatem
1801 1728 1995 1803 putat
2028 1728 2256 1785 tantae

298 1829 446 1875 esse
500 1806 676 1892 apud
729 1827 849 1874 vos
902 1805 1055 1871 fidei
1110 1815 1186 1872 ut
1240 1805 1420 1872 illius
1470 1806 1850 1872 testimonio
1914 1813 2256 1872 contentos

302 1915 421 1962 vos
462 1893 604 1960 fore
648 1892 1064 1959 existimarit.
1154 1891 1289 1957 Sed
1346 1912 1591 1957 novum
1650 1891 1828 1956 istud
1892 1899 1959 1956 et
2000 1889 2256 1956 inaudi-

298 1987 446 2045 tum
488 1980 562 2044 in
606 1987 831 2044 nostra
872 1979 1033 2044 urbe
1077 1977 1454 2061 exemplum
1498 1985 1618 2056 est,
1664 1997 1879 2060 nequo
1923 1985 2108 2041 tanta
2142 1996 2255 2059 pe-

296 2065 498 2131 cunia
552 2064 837 2130 inveniri
894 2071 1114 2163 potest
1170 2063 1417 2147 absque
1464 2083 1784 2128 consensu
1841 2062 2256 2147 singulorum

296 2172 601 2303 3332ss
650 2159 1030 2301 233330320
1049 2149 1426 2318 iffisss.
1444 2148 2257 2317 Pafsssffffibffiffffsss‘if

297 2323 505 2389 diosa.
594 2321 830 2405 Itaque
874 2341 1012 2399 nos,
1057 2329 1134 2385 ut
1175 2321 1318 2403 regi
1353 2321 1705 2386 satisfieret
1745 2326 1815 2384 et
1845 2318 2032 2385 vobis
2065 2339 2255 2387 cave-

296 2418 507 2487 retur,
575 2408 700 2473 hoc
753 2406 1100 2473 consilium
1165 2404 1463 2471 dedimus
1505 2413 1584 2470 ut
1641 2406 1846 2484 vobis,
1909 2405 2021 2489 qui
2064 2425 2253 2488 prae·

296 2494 454 2561 fecti
512 2493 831 2558 militares
894 2492 1070 2570 estis,
1136 2511 1254 2574 pro
1309 2512 1467 2576 rege
1510 2491 1741 2557 civitas
1784 2489 2254 2575 Lugdunensis

296 2577 657 2663 sponderet
699 2577 913 2643 literis
957 2585 1024 2642 et
1086 2577 1312 2661 signis,
1365 2576 1706 2660 bonaeque
1762 2584 1952 2642 notae
1994 2575 2254 2641 fideius-

296 2685 485 2732 sores
530 2662 789 2731 obsides
829 2663 1126 2729 mitteret
1180 2670 1576 2728 mercatores
1633 2670 1910 2745 quatuor
1963 2661 2109 2728 locu
2116 2661 2251 2745 ple-

294 2759 443 2817 tes:
512 2759 588 2816 ut
650 2749 929 2833 pecunia
992 2747 1288 2816 solvatur
1350 2748 1434 2814 ad
1502 2755 1762 2830 tempus
1804 2749 2249 2826 constitutum,

298 2836 488 2903 vobis
549 2841 841 2919 potestas
904 2832 1060 2900 data
1122 2841 1223 2900 est
1283 2833 1539 2918 legibus
1606 2833 1845 2899 vestris
1907 2853 2253 2917 sponsores

295 2918 649 2990 custodire.
735 2919 931 2988 Istud
985 2919 1042 2985 si
1098 2918 1586 3004 Lugdunenses
1641 2918 1902 2998 faciant,
1958 2920 2251 3003 interpo-

294 3008 433 3075 sita
465 3006 642 3093 regis
685 3013 753 3074 et
795 3005 1062 3091 reginae
1105 3003 1486 3090 consiliique
1520 3004 1685 3091 regii
1724 3004 2094 3085 autoritate,
2133 3024 2253 3071 vo·

294 3094 401 3160 bis
446 3114 584 3160 non
627 3092 840 3159 solum
884 3090 1047 3158 utile
1103 3111 1338 3159 verum
1391 3092 1593 3157 etiam
1648 3092 2083 3157 honorificum
2127 3091 2255 3157 erit

299 3178 487 3247 istud
564 3178 764 3245 etiam
828 3176 1219 3244 beneficium
1282 3175 1522 3243 addere
1586 3177 1729 3261 regi
1791 3195 2122 3261 regnoque
2185 3183 2256 3242 et

290 3265 582 3350 principi
631 3262 912 3330 Gondaeo
976 3260 1060 3329 ad
1124 3263 1467 3346 superiora
1531 3270 1753 3329 vestra
1814 3262 2131 3328 salutaria
2187 3267 2254 3327 et

342 3351 588 3418 loriosa
640 3349 956 3416 beneficia
1010 3347 1305 3432 praeclar
1387 3368 1470 3413 ue
1526 3348 1715 3414 facta.
1804 3345 2037 3431 Neque
2073 3345 2252 3413 istud

292 3372 606 3503 faceretis
647 3435 893 3519 absque
935 3433 1258 3516 exemplo.
1305 3369 1674 3499 offleoemnt
1730 3431 1902 3499 idem
1944 3433 2254 3516 praefecti

292 3522 623 3588 militares
671 3520 887 3591 Caroli
928 3519 1249 3599 Caesaris,
1307 3539 1509 3602 quum
1567 3517 1903 3585 obsidione
1965 3518 2256 3583 Metensi

294 3607 768 3685 discederetur,
830 3614 971 3670 tum
1029 3626 1232 3689 quum
1286 3603 1605 3670 militibus
1649 3603 2049 3689 stipendium
2095 3624 2256 3687 qua-

296 3702 460 3759 tuor
513 3702 580 3758 et
637 3691 924 3775 amplius
978 3690 1327 3757 deberetur
1381 3690 1726 3756 mensium.
1816 3689 2004 3757 Idem
2059 3708 2255 3772 saepe

287 3988 443 4108 '1'30'2
468 3983 718 4121 ‘3³33
750 3980 1646 4117 'gtgzgssmffiwaffffi
1670 3980 1915 4104 ‘'mm'‘
1782 3978 2257 4115 ⁰⁰⁹⁸³²⁸f²u3232¹2¹i

296 4128 441 4178 asset
517 4122 657 4175 ortis
689 4118 841 4174 alim
876 4119 1256 4173 thesaurarius
1285 4117 1445 4185 (w.
1479 4117 1566 4170 21.
1590 4116 1779 4186 Sept).
1851 4116 1993 4172 md.
2029 4115 2076 4170 ⁴¹1.
2100 4117 2253 4171 Mai.-

292 4135 521 4246 Gnntss
556 4189 970 4243 remercicmens
1004 4186 1074 4240 de
1108 4192 1233 4240 tous
1265 4187 1347 4240 les
1383 4186 1675 4256 Seigneurs
1706 4186 1942 4253 fnucois
1975 4186 2045 4240 de
2078 4186 2135 4239 la
2168 4202 2253 4240 re-

294 4262 475 4330 ligion
511 4275 579 4311 su
614 4259 761 4326 sujet
794 4257 892 4309 des
927 4258 999 4309 im
1080 4264 1230 4308 rtsns
1264 4257 1500 4308 services
1519 4272 1626 4324 que
1645 4255 1835 4308 Th.de
1858 4256 1922 4308 B.
1942 4256 2060 4308 leur
2081 4272 2255 4309 sren-

292 4330 406 4383 dus
442 4328 579 4381 ainsi
617 4325 741 4395 qu’a
774 4332 958 4380 tontes
1002 4272 1081 4378 m
1125 4324 1323 4404 eglises
1355 4324 1431 4377 du
1456 4340 1751 4404 ‘royauma
1785 4351 1855 4364 -—
1893 4324 2146 4404 ῥοηῃιιεῡ
2180 4324 2252 4379 11.

294 4396 422 4451 240.
461 4396 515 4450 d.
552 4396 609 4450 d.
642 4398 869 4464 Arqem.
907 4393 986 4446 15.
1027 4392 1155 4446 Mas
1188 4390 1355 4445 1563.-
1399 4392 1502 4446 Hic
1535 4409 1733 4473 magno
1766 4393 1946 4446 studio
1981 4394 2253 4474 conquiri·

292 4476 396 4589 {ur
430 4463 662 4585 pecuntiis
707 4463 775 4515 ud
789 4461 1183 4584 snmnterffrffzl
1199 4462 1270 4515 sti
1345 4461 1474 4514 ndis
1516 4477 1545 4514 e
1588 4461 1791 4514 uitibus
1825 4464 2059 4584 Geraub
2061 4463 2160 4583 ἰζιιε
2196 4466 2255 4583 οξ

338 4551 405 4589 oc
458 4550 493 4586 n
646 4548 737 4584 um
897 4548 931 4584 n
1744 4546 1808 4582 us
1915 4548 1947 4582 u
1990 4546 2079 4584 rec
2196 4546 2227 4583 e

294 4548 710 4659 locasse-qlia-
756 4548 895 4665 (1ἰὲΙΙ
1029 4598 1201 4652 Mem.
1235 4599 1304 4652 ds
1337 4596 1521 4653 Gonde'
1555 4598 1656 4652 lv.
1865 4600 2253 4669 negotiatores,

295 4672 403 4727 sed
450 4687 541 4724 res
591 4670 759 4723 habet
810 4685 863 4721 m
924 4676 1040 4721 tum
1084 4666 1433 4720 difficultatis.
1502 4667 1725 4721 Summa
1767 4672 1855 4721 est
1897 4667 2252 4722 ducentorum

296 4740 535 4796 millium
596 4744 997 4792 coronatorum.
1084 4736 1166 4789 Be
1241 4737 1288 4789 ri
1357 4735 1447 4789 bic
1481 4734 1707 4790 Petrum
1743 4735 1963 4791 Olsrum
2018 4736 2112 4802 (de
2144 4752 2253 4807 quo

298 4806 652 4873 muchaera.
684 4805 878 4873 Bn'efe
912 4804 1127 4859 Fn‘sdr.
1200 4845 1214 4860 .
1243 4803 1373 4867 384)
1419 4805 1515 4874 qui
1557 4821 1619 4858 se
1663 4805 1829 4859 etism
1873 4805 2000 4859 huic
2032 4807 2251 4875 negotio

296 4877 576 4933 immiscet
607 4881 667 4928 et
700 4875 891 4928 scribit
924 4874 996 4927 ad
1030 4875 1213 4927 varios
1247 4874 1536 4943 principes,
1584 4874 1801 4944 iamque
1847 4882 1935 4928 est
1978 4875 2251 4944 profectus

295 4947 375 5001 sd
410 4948 560 5013 ipsos
594 4943 811 5007 milites,
846 4943 943 4996 sed
978 4943 1161 4996 nescio
1196 4948 1459 5024 quantum
1568 4942 1707 4996 udus
1740 4944 1815 4996 sit
1846 4943 2102 4997 habit-urs
2135 4943 2252 4998 cius

296 5014 592 5071 autoritas.
630 5041 697 5052 -
737 5010 903 5068 Min.
942 5011 1011 5066 de
1048 5010 1229 5065 Cende
1276 5010 1376 5064 lv.
1410 4957 1566 5065 353?
1598 5011 1793 5065 Lettre
1834 5011 1906 5065 dn
1945 5012 2133 5081 prince
2180 5011 2251 5066 de

294 5082 491 5141 Cende
525 5098 595 5135 au
628 5081 817 5151 prince
853 5080 921 5133 de
956 5080 1202 5145 Porcios,
1240 5096 1341 5149 par
1374 5080 1610 5147 laquelle
1646 5080 1685 5133 il
1719 5082 1771 5134 le
1808 5080 1927 5150 pris
1960 5080 2079 5135 d’eu
2224 5099 2251 5134 r

296 5157 383 5209 les
404 5152 619 5205 Beitres
656 5150 725 5204 de
760 5166 818 5203 se
847 5150 1078 5203 desistet
1111 5149 1180 5203 de
1216 5149 1269 5201 la
1292 5149 1559 5203 demande
1582 5149 1738 5218 qu’ils
1774 5150 2024 5204 {siscient
2047 5150 2251 5203 dsvoir

294 5226 355 5278 la
391 5221 612 5276 cantion
657 5219 755 5272 des
792 5220 945 5272 villcs
989 5218 1057 5271 dc
1094 5217 1355 5271 Strssbou
1457 5224 1515 5269 et
1548 5216 1616 5270 de
1657 5217 1943 5273 Fruucfort
1974 5218 2075 5273 des
2109 5234 2247 5272 som·

292 5308 417 5347 nes
456 5292 550 5359 qui
583 5290 702 5342 leur
737 5288 971 5341 estoieut
1005 5287 1136 5340 dues
1170 5284 1329 5353 (Mai
1360 5235 1535 5355 11Ίέ163).

1292 4529 1488 4591 inckel,

2357 553 2696 641 Georgius
2739 552 3211 639 Ronsperyius
3274 559 3343 620 et
3405 574 3621 621 comes
3662 552 3973 621 Nicolaus
4036 574 4079 620 a
4125 552 4308 622 Salm

2355 639 2528 720 fecit,
2604 645 2673 705 et
2734 639 2899 707 haec
2961 639 3359 708 consuetudo
3424 640 3553 706 fuit
3615 639 3860 707 veteris
3923 638 4307 724 disciplinae

2354 725 2680 794 militaris.
2792 726 2980 808 Quae
3041 726 3248 811 igitur
3309 747 3417 792 res
3480 724 3852 792 necessaria
3916 732 4018 792 est
4099 747 4305 812 regno

2355 811 2639 891 Galliae,
2682 817 2752 877 et
2793 812 2936 898 regi
2980 812 3205 878 futura
3245 820 3346 879 est
3387 812 3781 897 gratissima,
3824 816 3892 877 et
3932 809 4107 895 apud
4166 833 4306 879 om-

2356 918 2477 963 nes
2555 897 2853 964 homines
2933 896 3300 977 laudabilis,
3501 898 3755 964 tissima
3817 898 4016 963 etiam
4081 896 4309 964 futura

2354 983 2760 1067 principibus
2800 983 3091 1067 Imperii,
3135 984 3438 1068 inprimis
3481 1004 3642 1050 vero
3687 1004 3851 1068 quae
3888 982 4137 1050 veteris
4173 982 4308 1051 dis-

2356 1068 2638 1153 ciplinae
2691 1077 2757 1135 et
2798 1071 3282 1153 praeclarorum
3324 1068 3980 1153 fidelissimorumque
4022 1070 4304 1153 impera-

2354 1161 2577 1220 torum
2635 1175 2896 1239 semper
2949 1155 3094 1234 fuit,
3152 1154 3236 1220 ad
3293 1176 3438 1222 eam
3492 1175 3613 1223 vos
3667 1156 4031 1239 praefectos
4083 1156 4309 1220 horta-

2356 1261 2528 1320 mur,
2573 1247 2651 1306 ut
2695 1247 2916 1307 vestra
2977 1242 3268 1307 bonitate
3323 1242 3648 1325 optimum
3692 1240 3951 1307 Galliae
3993 1241 4310 1325 populum

2356 1326 2429 1391 in
2487 1327 2609 1393 hac
2665 1325 2976 1393 diuturna
3033 1326 3404 1394 calamitate
3447 1327 3770 1394 recreetis.
3860 1327 4087 1411 Neque
4130 1325 4310 1393 istud

2356 1412 2547 1478 vobis
2590 1412 2940 1479 scriberem
2983 1413 3115 1480 nisi
3155 1414 3386 1479 scirem
3432 1423 3677 1480 certam
3719 1413 4104 1479 solutionem
4146 1411 4306 1492 fore,

2361 1496 2441 1564 de
2506 1518 2636 1582 qua
2699 1497 2861 1563 mihi
2903 1498 3135 1566 civitas
3177 1497 3647 1584 Lugdunensis
3713 1507 3780 1564 et
3844 1499 3975 1564 viri
4037 1498 4197 1564 boni
4240 1505 4311 1563 et

2360 1584 2584 1668 magni
2628 1584 3049 1668 scripserunt,
3115 1606 3393 1668 quorum
3453 1582 3608 1650 fidei
3667 1591 3924 1650 tantum
3968 1584 4186 1650 tribuo
4229 1588 4307 1648 ut

2359 1689 2494 1735 non
2536 1679 2958 1736 recusaturus
3002 1671 3147 1749 sim,
3204 1671 3260 1736 si
3317 1671 3758 1738 necessarium
3802 1671 3987 1748 foret,
4047 1688 4152 1734 me
4193 1668 4305 1734 vel

2357 1754 2426 1820 in
2471 1754 2829 1822 custodiam
2875 1756 2999 1821 hoc
3041 1757 3307 1822 nomine
3367 1755 3619 1822 dedere.
3710 1755 3967 1822 Valete.
4054 1756 4307 1820 Datum

2359 1841 2786 1926 Argentorati
2829 1843 2946 1928 xvj
2989 1842 3153 1907 Maii
3195 1863 3367 1908 anno
3411 1841 3486 1906 M
3508 1841 3575 1906 D
3597 1841 3864 1908 LXIII.

2889 1978 3167 2046 Vestrae
3207 1978 3550 2063 dignitatis
3592 1987 3660 2044 et
3700 1977 4197 2044 existimationis
4238 1982 4306 2043 et

3157 2064 3488 2130 felicitatis
3530 2062 3968 2131 studiosissim‘
3880 2065 3894 2079 ’
3971 2086 4048 2131 us

3313 2150 3496 2216 Ioan.
3542 2149 3896 2217 Sturmius.

3125 2444 3532 2452 ——-———-—-

3234 2693 3435 2766 3956.

2750 2849 3418 2920 BULLINGERUS
3473 2850 3909 2918 CALVINO.

2533 3021 2777 3090 Nubila
2818 3028 3095 3107 tempora
3147 3028 3295 3089 sunt
3350 3026 3408 3088 et
3454 3021 3549 3089 vel
3591 3022 3953 3107 procellosa.
4041 3019 4304 3089 Basile-

2357 3130 2464 3176 am
2510 3109 2807 3176 Sulcems
2861 3110 3084 3190 turbat,
3153 3107 3713 3193 Mombelyardiam
3751 3107 4081 3186 Brentius,
4126 3106 4304 3173 Polo-

2356 3197 2536 3263 m'am
2578 3195 2720 3276 alii,
2755 3194 3010 3261 Ehem-9
3032 3195 3380 3279 principe-9,
3414 3195 3653 3262 caritas
3685 3214 3971 3261 annonae
4011 3193 4305 3259 Turioen·

2355 3301 2460 3348 ses
2499 3286 2702 3361 vexat,
2748 3280 3044 3348 zanchas
3095 3281 3173 3347 de
3226 3282 3551 3365 semetipso
3599 3280 3989 3363 triumphum
4039 3279 4150 3364 aqi
4179 3300 4304 3361 pan

2355 3368 2530 3433 atuor.
2647 3366 2854 3435 Unum
2924 3366 3054 3449 fere
3116 3366 3414 3434 solatium
3483 3372 3572 3432 est
3625 3368 3840 3452 yeneri
3904 3367 4011 3431 sui
4072 3385 4304 3430 novum

2353 3473 2604 3520 munus.

2357 3624 2472 3689 (Ex
2518 3623 2854 3694 autographo
2889 3621 3055 3677 Arcb.
3092 3622 3272 3677 Turio.
3308 3622 3452 3676 Plut.
3497 3621 3592 3677 VI.
3628 3620 3748 3675 Vol.
3791 3619 3933 3692 mu,
3965 3622 4098 3676 olim
4131 3619 4304 3676 Scrin.

2584 3692 2641 3748 G.
2677 3692 2821 3762 Epp.
2858 3691 3010 3746 Tom.
3042 3691 3115 3748 11.
3148 3691 3241 3746 fol.
3274 3688 3400 3747 511.
3437 3720 3502 3731 -
3535 3690 3748 3747 Simler.
3783 3691 3905 3747 Vol.
3941 3688 4086 3757 107.)

2533 3861 2913 3930 Clarissimo
2968 3863 3111 3929 viro
3154 3863 3239 3928 D.
3284 3863 3516 3928 Ioanni
3570 3861 3849 3929 Calvino
3893 3862 4305 3929 Genevensis

2357 3948 2669 4016 ecclesiae
2710 3947 3089 4015 fidelissimo
3130 3948 3375 4033 pastori
3419 3948 3680 4015 domino
3736 3968 3883 4014 meo
3926 3947 4304 4014 honorando

2358 4043 2425 4101 et
2468 4036 2658 4101 fratri
2697 4034 3053 4102 carissimo.
3910 4119 4132 4186 θεώ.

2527 4290 2599 4358 S.
2644 4291 2729 4356 D.
2798 4291 2994 4369 Tuas,
3063 4291 3439 4358 honorande
3503 4291 3764 4358 domine
3841 4300 3910 4358 et
3971 4290 4305 4357 carissime

2355 4377 2578 4457 frater,
2636 4378 2720 4443 29
2765 4377 3019 4461 Aprilis
3085 4376 3272 4444 datas
3295 4381 3345 4456 Ι)
3411 4384 3669 4444 mature
3731 4377 3894 4444 satis
3957 4377 4174 4460 accepi
4237 4385 4306 4441 et

2355 4484 2480 4548 ago
2522 4463 2644 4529 tibi
2685 4464 3009 4530 maximas
3051 4485 3172 4563 pro
3215 4463 3322 4529 his
3355 4464 3621 4549 gratias.
3684 4464 4047 4529 Dominum
4081 4470 4303 4528 autem

2355 4568 2473 4615 oro
2518 4558 2596 4613 ut
2637 4557 3011 4615 nostrorum
3054 4571 3127 4613 m
3172 4548 3397 4615 Gallia
3451 4549 3706 4616 animos
3750 4548 3992 4616 excitet
4031 4547 4115 4613 ad
4156 4569 4304 4632 pro-

2355 4634 2753 4700 movendum
2796 4635 2966 4699 serio
3010 4634 3336 4720 evangelii
3375 4655 3661 4701 cursum.
3748 4633 3885 4700 Nos
3927 4641 4189 4718 praeter
4224 4654 4304 4699 ea

2351 4741 2519 4805 quae
2560 4740 2601 4784 a
2641 4728 2707 4786 te
2751 4720 3120 4804 accepimus
3161 4719 3330 4786 nihil
3371 4741 3640 4804 prorsus
3681 4720 4016 4787 habemus.
4095 4719 4304 4785 Varia

2351 4805 2617 4889 quidem
2682 4814 3105 4890 sparguntur,
3169 4805 3288 4873 sed
3353 4806 3489 4873 fere
3553 4804 3637 4871 ab
3678 4805 4090 4884 adversariis,
4133 4826 4302 4888 quae

2351 4913 2471 4958 nos
2515 4892 2913 4959 excruciant.
3000 4892 3292 4958 Proinde
3344 4890 3791 4958 exhilaramur
3835 4912 4085 4972 omnes,
4140 4910 4301 4974 quo·

2352 4977 2479 5043 ties
2523 4986 2676 5043 tuae
2718 4978 3253 5063 exoptatissimae
3296 4976 3379 5043 ad
3422 4997 3543 5044 nos
3586 4979 4020 5062 perferuntur.

2528 5062 2823 5130 Sulcerus
2880 5063 3182 5131 Basileae
3240 5063 3557 5148 paulatim
3625 5070 3898 5131 conatur
3962 5063 4300 5131 ecclesiam

2609 5204 2756 5212 ——o

2351 5287 2536 5342 89⁶6.
2563 5288 2620 5355 1)
2657 5294 2707 5343 et
2740 5287 3069 5355 deperditas.
