4900 6125
303 399 428 459 ⁴77

303 582 418 648 (Ex
467 583 805 652 autographo
852 582 1014 638 Λεὼ.
1054 582 1236 638 Turio.
1275 582 1420 637 Plut.
1458 581 1550 636 vl.
1590 581 1717 637 Vol.
1755 579 1877 648 129,
1923 580 2053 634 olim
2089 578 2264 636 Scrin.

521 652 588 707 B.
621 652 767 722 Epp.
806 651 957 708 Tom.
991 648 1078 716 30,
1114 651 1207 706 sol.
1243 649 1369 707 437.
1407 679 1470 690 -
1507 649 1722 705 Simler.
1758 650 1877 705 Vol.
1916 647 2061 716 106.)

475 839 863 907 Clarissimo
922 841 1062 906 viro
1105 840 1190 906 D.
1234 839 1473 904 Ioanni
1517 838 1801 905 Calvino
1847 837 2265 904 Geuevensis

295 925 615 992 ecclesiae
659 925 904 1009 pastori
947 924 1127 991 fideli
1171 925 1437 991 domino
1478 947 1596 990 suo
1638 923 1912 990 colendo
1956 932 2022 988 et
2072 923 2264 989 fratri

298 1031 656 1078 caussimo.
1868 1094 2088 1162 Genffi

473 1265 545 1333 S.
580 1268 665 1333 D.
735 1265 1126 1351 Significavi
1163 1287 1281 1350 per
1316 1265 1654 1332 Budaeum
1697 1274 2017 1346 nostrum,
2062 1286 2262 1352 nego-

293 1353 468 1418 tium
524 1352 690 1418 mihi
747 1350 1065 1419 creditum
1126 1351 1367 1438 agendi
1425 1372 1576 1418 cum
1619 1351 1704 1417 D.
1746 1372 1790 1417 a
1835 1351 2099 1436 Hallvyl
2153 1372 2261 1418 me

291 1440 468 1505 bona
503 1437 633 1503 fide
667 1449 733 1504 et
776 1446 1034 1504 mature
1069 1437 1496 1522 expedivisse.
1567 1436 1760 1504 Nunc
1796 1437 1952 1520 quid
1988 1458 2259 1521 respon·

292 1522 471 1590 derit
511 1524 650 1589 suis
692 1523 900 1608 ipsius
942 1523 1162 1591 verbis
1204 1521 1526 1590 recitabo:

475 1607 840 1693 „Ouperem
884 1608 1146 1693 quidem
1204 1608 1599 1674 detrimento
1650 1608 2035 1674 facultatum
2078 1627 2256 1675 mea-

291 1715 469 1773 rum,
528 1695 760 1779 inquit,
823 1693 1104 1777 denique
1147 1695 1323 1760 vitae
1366 1692 1657 1778 periculo
1699 1694 1927 1759 iuvare
1968 1715 2257 1760 commu-

289 1799 450 1847 nem
495 1780 829 1865 religionis
872 1799 1135 1846 causam
1184 1788 1252 1844 et
1305 1779 1540 1845 fratres
1583 1799 1702 1863 per
1744 1778 2032 1846 Galliam
2077 1779 2259 1845 labo-

286 1873 548 1932 rantes:
598 1886 830 1933 verum
875 1886 1003 1931 non
1050 1867 1073 1930 i
1167 1885 1317 1931 oras
1351 1885 1553 1949 quam
1597 1865 1882 1949 turpiter
1922 1864 2089 1930 mihi
2132 1886 2259 1931 nu-

285 1971 417 2104 ῧσι
457 1951 726 2017 illusum
771 1951 860 2015 sit
893 1971 934 2016 a
968 1949 1079 2034 qui
1125 1972 1204 2017 us
1238 1971 1418 2017 nunc
1461 1949 1691 2016 iubeor
1723 1951 1975 2033 equites
2014 1956 2255 2034 petere.

355 2034 491 2102 nde
542 2058 696 2104 cum
756 2036 996 2102 talibus
1016 2061 1022 2068 ·
1040 2034 1121 2103 de
1164 2056 1339 2102 novo
1381 2056 1555 2102 nova
1594 2035 1940 2101 instituere
1983 2034 2259 2102 consilia

286 2122 374 2188 de
421 2142 496 2189 re
537 2120 765 2188 eadem
810 2142 1015 2206 grave
1059 2121 1224 2186 mihi
1267 2129 1387 2188 est.
1457 2120 1638 2187 Malo
1682 2121 1796 2186 alii
1880 2141 2095 2204 noque
2138 2142 2256 2186 ex-

285 2208 636 2293 periantur
677 2228 873 2292 quam
917 2215 1137 2272 tutum
1182 2208 1273 2273 sit
1315 2205 1692 2273 huiusmodi
1735 2227 1772 2272 c
1890 2227 2001 2272 ere
2044 2206 2256 2272 homi·

282 2294 508 2360 nibus.
595 2293 672 2360 Si
716 2313 867 2377 spes
910 2301 1299 2378 magnatum
1352 2303 1417 2358 et
1470 2293 1733 2377 piorum
1778 2291 2075 2358 virorum
2117 2311 2254 2356 non

282 2378 652 2458 falleretur,
712 2398 917 2461 quum
960 2379 1072 2444 isti
1118 2378 1307 2444 vanis
1350 2399 1457 2444 me
1497 2377 2079 2460 pollicitationibus
2120 2377 2254 2444 lac-

283 2473 443 2532 tant
500 2471 568 2531 et
624 2466 1073 2531 inconstanter
1115 2484 1372 2530 mecum
1431 2473 1658 2548 agunt,
1716 2461 1889 2528 hanc
1947 2484 2024 2529 ae
2071 2462 2255 2529 uiore

281 2551 515 2617 animo
548 2548 786 2616 ferrem
825 2549 1150 2614 iniuriam.
1224 2547 1360 2615 Sed
1382 2546 1542 2650 quid
1561 2547 1867 2632 pluribus
1887 2568 2012 2633 ago
2106 2547 2255 2615 Uno

283 2635 494 2703 verbo
534 2633 691 2720 quid
733 2636 803 2700 in
849 2635 974 2701 hac
1016 2653 1212 2701 causa
1254 2644 1535 2700 sentiam
1580 2641 1698 2699 aut
1748 2654 2004 2718 sperem
2049 2633 2221 2719 signi

280 2721 520 2789 ficabo.
611 2719 826 2786 Video
892 2719 1384 2804 Guysianorum
1450 2720 1810 2786 versutiam
1877 2721 2074 2785 unius
2138 2727 2254 2785 aut

280 2805 569 2874 alterius
603 2806 916 2891 principis
952 2805 1247 2871 animum
1281 2824 1649 2889 occupasse,
1687 2826 1806 2888 per
1825 2826 1986 2887 quos
2016 2803 2253 2871 deinde

279 2893 402 2958 alii
448 2890 931 2970 dementantur,
975 2899 1045 2957 et
1086 2891 1178 2957 im
1311 2891 1539 2956 ’untur
1579 2890 1873 2957 consiliis
1915 2890 2130 2970 variis,
2177 2898 2252 2955 ut

279 2977 460 3046 nihil
518 2977 600 3044 ab
657 2975 963 3043 omnibus
1015 2997 1056 3042 a
1305 2985 1699 3060 exspectem.
1773 2978 1866 3044 Ac
1919 2975 2067 3043 volo
2123 2974 2250 3043 boc

277 3074 552 3131 mature
609 3061 743 3130 illis
838 3064 852 3078 “
956 3064 969 3079 ’
1186 3083 1465 3146 quorum
1511 3063 1675 3130 haec
1732 3063 1902 3130 scire
1956 3064 2250 3141 interest,

280 3164 360 3217 ιιι
410 3151 484 3215 ἰιι
526 3157 824 3234 tempore
876 3149 1004 3233 ipsi
1062 3167 1219 3231 pros
1266 3148 1465 3215 'ciant
1521 3147 1785 3214 aliunde
1827 3157 1897 3213 et
1948 3167 2034 3213 ne
2093 3146 2250 3214 inde

279 3244 559 3322 sperent
599 3234 849 3301 auxilia
889 3232 1065 3301 unde
1102 3255 1150 3298 n
1250 3254 1291 3299 a
1323 3242 1858 3318 consequentur.“

461 3320 651 3387 Haec
685 3319 813 3386 ille.
873 3321 973 3387 Ac
994 3319 1297 3404 experior
1317 3319 1458 3403 ipse
1493 3318 1690 3384 etiam
1713 3318 1959 3384 idolum
1982 3320 2249 3404 Augus-

275 3422 488 3474 tanae
530 3405 956 3473 confessionis
1010 3414 1145 3471 tam
1200 3404 1332 3470 alte
1375 3404 1787 3487 quorundam
1847 3405 2088 3470 animis
2145 3405 2251 3470 in·

277 3493 536 3562 sedisse
588 3490 1165 3576 (quemadmodum
1224 3510 1438 3574 nuper
1490 3498 1558 3555 et
1612 3488 1976 3557 mauram
2026 3498 2254 3555 noster

273 3577 644 3661 scribebat)
687 3587 765 3643 ut
805 3577 935 3642 nisi
978 3575 1289 3645 ecclesiae
1341 3574 1704 3661 gallicanae
1745 3575 1916 3641 hanc
1959 3575 2250 3653 adorent,

273 3665 460 3733 nihil
504 3662 734 3730 auxilii
791 3663 926 3729 sint
981 3661 1342 3728 habiturae.
1415 3660 1509 3727 Et
1564 3663 1620 3727 si
1665 3660 1958 3740 adorent,
2014 3659 2252 3726 nihilo·

275 3752 512 3818 minus
553 3770 686 3815 non
728 3749 858 3815 nisi
902 3747 1211 3813 maximis
1265 3747 1403 3813 suis
1455 3746 1769 3831 impensis
1825 3766 2061 3833 parum
2117 3747 2252 3812 sint

273 3835 641 3903 iuvandae.
712 3835 1071 3900 Dominum
1108 3834 1377 3899 unicum
1415 3831 1728 3899 ecclesiae
1771 3852 1931 3898 suae
1974 3831 2250 3898 auxilia-

277 3934 502 3990 torem
557 3942 672 3987 oro
722 3932 797 3986 ut
855 3920 999 4003 ipse
1063 3938 1338 3985 suorum
1406 3919 1719 4002 suscipiat
1783 3916 2246 3995 defensionem,

279 4005 468 4093 quod
513 4006 697 4072 illum
742 4007 1009 4071 omnino
1052 4006 1376 4070 facturum
1421 4005 1573 4071 scio.

463 4093 612 4158 Iam
668 4100 988 4175 quantum
1050 4092 1287 4156 attinet
1343 4088 1426 4154 ad
1484 4089 1708 4156 literas
1763 4110 1927 4173 quas
1982 4088 2251 4156 iubebas

277 4182 555 4245 mittere
597 4178 664 4241 in
709 4175 1060 4276 Rhaetiam
1118 4176 1200 4241 ad
1245 4176 1331 4241 D.
1375 4175 1734 4275 Herculem
1778 4197 1820 4240 a
1869 4174 2114 4274 Salios„
2137 4195 2247 4241 cu-

279 4258 2250 4447 3⁸:5¹1..1'002125353321333‘3323ffl22fffiffiffl

281 4439 306 4503 i
479 4434 782 4501 Hercules
837 4444 1094 4499 venerit
1147 4433 1278 4499 huc
1335 4433 1457 4498 sub
1514 4453 1854 4517 vesperam
1899 4436 2000 4496 28.
2046 4431 2246 4497 Iunn.

279 4458 724 4606 ffipeotevit
787 4519 896 4585 hic
964 4517 1266 4598 biduum,
1333 4538 1607 4603 sperans
1671 4518 1951 4601 aliquem
2010 4540 2079 4583 se
2144 4517 2248 4582 in-

279 4618 649 4676 venturum
711 4604 1124 4671 Condensem
1183 4603 1485 4671 nobilem.
1570 4602 1850 4670 Vocavit
1903 4602 1983 4668 ad
2051 4624 2122 4667 se
2183 4612 2250 4668 et

281 4695 621 4761 Batonem
682 4691 763 4757 ab
804 4690 928 4756 alto
973 4688 1163 4756 Saxo.
1188 4692 1238 4774 ¹)
1324 4688 1500 4771 Quid
1559 4710 1709 4755 cum
1766 4710 1842 4755 eo
1895 4688 2249 4755 contulerit

283 4780 532 4847 nescio.
609 4777 724 4843 Me
767 4775 886 4841 tibi
937 4776 1219 4843 scribere
1261 4777 1460 4855 iubet,
1520 4796 1592 4841 se
1636 4777 1901 4840 omnino
1943 4782 2248 4858 paratum

281 4886 436 4933 esse
477 4872 550 4929 et
590 4872 970 4945 exspectare
1005 4861 1295 4926 nobilem
1329 4860 1607 4944 aliquem
1646 4881 1686 4925 a
1719 4860 2015 4944 principe
2049 4858 2248 4925 Illus-

282 4951 587 5018 trissimo
624 4947 950 5023 Covndevwi,
996 4968 1276 5031 quocum
1324 4955 1479 5031 agat
1522 4945 1603 5013 de
1646 4947 1727 5013 iis
1771 4945 1852 5011 de
1883 4946 2121 5030 quibus
2166 4943 2248 5010 ad

283 5040 308 5102 i
569 5034 794 5099 literas
854 5032 1108 5099 dedisti.
1184 5034 1282 5098 Ac
1325 5031 1521 5097 hodie
1563 5053 1792 5098 rursus
1835 5030 2101 5097 domum
2145 5052 2247 5096 re-

283 5059 410 5188 dit.
481 5118 698 5186 Video
733 5119 1093 5185 multorum
1139 5119 1391 5184 animos
1434 5138 1575 5185 esse
1610 5117 2142 5202 promptissim0s‚
2191 5117 2248 5182 si

283 5310 472 5365 8810.
507 5307 561 5375 1)
597 5307 669 5362 N.
705 5305 857 5361 3814.

2126 394 2290 458 1562
2335 392 2519 460 IUL.

4195 399 4321 462 478

2368 582 2563 648 modo
2606 581 2927 666 Princeps
2969 581 3192 647 mittat
3233 582 3586 650 instructos
3631 583 3943 667 pecuniis,
4000 585 4111 668 qui
4154 586 4323 651 serio

2369 675 2571 754 agant
2634 668 2778 734 eius
2841 668 3197 752 negotium.
3292 667 3478 734 Haec
3544 666 3888 736 confestim
3951 670 4320 755 significare

2369 753 2546 819 volui
2590 774 2677 819 ne
2711 753 2869 838 quid
2910 774 3031 838 ego
3074 752 3401 838 negligam
3448 763 3563 820 aut
3600 755 3691 819 im
3778 754 3970 821 diam.
4041 755 4320 822 Interim

2365 841 2545 906 fama
2586 841 2711 904 fert
2754 840 2975 905 nescio
3018 839 3172 924 quid
3219 838 3301 904 de
3345 841 3617 906 victoria
3835 843 4018 907 ensis.
4040 845 4095 916 2)
4174 841 4321 908 Uti-

2365 946 2522 991 nam
2569 946 2727 990 vera
2770 925 2923 991 sint.
2996 925 3174 991 Tuas
3217 935 3439 991 tamen
3485 935 3963 1011 exspectamus,
4008 948 4125 1010 per
4158 947 4322 1011 quas

2365 1019 2547 1078 certo
2591 1019 2659 1075 et
2698 1010 2873 1076 clare
2916 1010 3361 1095 intelligamus
3404 1012 3640 1077 omnia.
3711 1011 3960 1077 Famae
4004 1020 4148 1078 tuto
4184 1033 4317 1078 non

2365 1096 2711 1163 credimus.
2781 1095 2938 1177 Fac,
2981 1098 3072 1162 mi
3116 1096 3337 1176 frater,
3380 1104 3455 1163 ut
3499 1096 3849 1181 diligenter
3893 1098 3974 1163 de
4018 1095 4319 1164 omnibus

2365 1181 2610 1249 scribas
2654 1202 2821 1332 {uae
2865 1183 3034 1247 fiunt
3076 1182 3148 1246 in
3194 1181 3435 1260 Gallia,
3494 1203 3622 1266 quo
3666 1205 3785 1249 nos
3839 1183 4060 1267 gaudii
4113 1185 4320 1266 parti-

2362 1269 2543 1352 cipes
2594 1288 2667 1333 re
2714 1265 2850 1345 das,
2909 1268 3022 1351 qui
3077 1289 3224 1333 cum
3281 1268 3579 1335 tristibus
3632 1269 3830 1334 etiam
3884 1271 4319 1335 communica·

2362 1375 2530 1432 mus,
2586 1361 2700 1418 aut
2753 1352 2811 1420 si
2853 1353 3008 1437 quid
3066 1352 3418 1420 adversum
3474 1356 3787 1432 evenerit,
3851 1363 3925 1420 ut
3978 1352 4317 1420 ardentius

2361 1458 2706 1523 precemur
2764 1439 3145 1505 Dominum.
3252 1437 3515 1506 Scimus
3573 1448 3640 1504 et
3695 1449 3941 1523 quanta
4003 1441 4139 1506 sint
4204 1449 4318 1506 tua

2361 1526 2645 1610 negotia.
2727 1523 3033 1592 Scribere
3088 1526 3327 1608 poterit
3385 1524 3695 1591 Budaeus
3750 1526 3852 1592 vel
3910 1525 4314 1604 Ion-vinam,

2360 1631 2524 1695 quos
2578 1611 2871 1676 omnium
2928 1617 3224 1676 nostrum
3281 1611 3561 1688 nomine,
3616 1618 3692 1676 ut
3735 1618 3802 1677 et
3856 1613 4092 1678 &atres
4135 1611 4315 1688 alios,

2359 1694 2693 1764 salutabis.
2766 1695 2829 1763 Ο
2876 1697 3033 1762 time
3098 1696 3265 1762 vale.
3348 1697 3576 1782 Tiguri
3642 1699 3857 1780 prima
3912 1696 4069 1763 Iulii
4136 1700 4313 1761 1562.

2360 1781 2673 1849 Salutant
2716 1789 2783 1848 te
2928 1789 3063 1847 tres
3107 1787 3209 1848 etc.

3551 1919 3735 1984 'I'uus
3778 1939 3860 1984 ex
3905 1919 4141 1984 animo.

3238 2463 3435 2535 882⁰.

2770 2618 3443 2687 BULLIN‘GERUS
3487 2617 3923 2687 GALVINO.

2546 2791 2845 2877 Πραικία
2898 2791 3175 2874 undique
3229 2791 3635 2859 conscribitur
3685 2790 3884 2857 miles.
3968 2788 4116 2872 Ipse
4157 2809 4311 2871 pon·

2353 2878 2512 2961 tifex
2548 2878 2880 2945 classim
2920 2877 3107 2944 canit.

2351 3049 2774 3121 (Antogrspbon
2826 3050 2883 3103 in
2933 3048 3134 3104 Oodioe
3159 3117 3214 3174 s·
3284 3048 3898 3183 ssrffi‚)⁹”⁰⁰⁰d⁰mm
3914 3090 3927 3115 ,
3979 3049 4109 3103 item
4164 3047 4309 3117 apud

2530 3290 2914 3356 Clarissimo
2971 3291 3114 3357 viro
3170 3289 3256 3355 D.
3301 3290 3536 3355 Ioanni
3583 3288 3862 3357 Calvino
3922 3289 4187 3354 domino
4244 3298 4311 3354 et

2351 3377 2542 3442 fratri
2586 3396 2704 3443 suo
2747 3374 3020 3443 colendo
3064 3383 3130 3442 et
3174 3374 3425 3443 dilecto.
3912 3459 4136 3528 Genff·

2525 3634 2597 3702 S.
2637 3633 2723 3701 D.
2796 3633 3260 3701 certissimum
3302 3644 3403 3700 est
3437 3653 3675 3718 papam
3719 3634 4074 3700 missurum
4109 3652 4307 3715 gran-

2350 3722 2504 3788 dem
2562 3721 2927 3804 pecuniam,
2953 3725 3005 3798 ¹)
3061 3730 3128 3785 et
3183 3720 3546 3819 petiturum
3602 3723 3772 3818 4900
3827 3717 4304 3785 Helvetiorum.

2351 3807 2695 3874 Praetexit
2751 3805 3193 3872 defensionem
3252 3827 3355 3905 sm
3412 3825 3703 3905 corporis
3761 3812 3829 3868 et
3892 3801 4091 3904 sellae
4110 3856 4125 3881 ,
4191 3802 4306 3869 sed

2349 3890 3866 4080 Qffifffflssfffimsflmzffflaeffim
3958 3910 4072 4074 ³&-
4144 3888 4305 3988 ⁰⁹³·

2346 4086 2578 4235 grob-{fn
2591 4074 3475 4233 mogsoribptalsmoesssgigtngze
3516 4061 4140 4214 metssnsstollilffrhm
4184 4167 4305 4229 pro

2357 4237 2618 4320 Guysio.
2638 4239 2695 4315 ²)
2786 4234 2971 4336 Haec
3028 4236 3086 4300 si
3144 4235 3351 4333 nostri
3407 4233 3753 4332 ignorant,
3790 4242 4182 4332 moneantur
4234 4232 4303 4295 in

2350 4334 3013 4560 ffffimv‘ffni'ss
3029 4318 3619 4557 ξξὲῖξξξέυζ
3668 4317 4303 4469 ἶὲἔέῗωπῖἰωξξί

2437 4513 2620 4559 sime.
2776 4513 2929 4578 gun
3018 4542 3031 4557 .
3187 4513 3232 4555 u
3453 4541 3465 4554 .

3465 4628 3651 4693 Tuus
3697 4647 3890 4710 quem
3936 4626 4127 4691 nosti.

2553 4816 2589 4872 2

2524 4823 2618 4955 .ιῖ
2690 4817 2959 4882 'mam'

2347 4973 2468 5014 m
2503 4955 2556 5011 a.
2581 4955 2622 5011 a
2714 4923 2737 5008 .’
2762 4903 2978 5010 3111.
3016 4952 3105 5009 Id.
3142 4952 3273 5036 ιῳι.
3307 4969 3397 5023 ap.
3431 4881 3765 5035 mxima.
3798 4950 3840 5005 1.
3872 4882 3999 5033 βιΙὲξ
4282 4910 4302 4923 ’

2554 5024 2615 5094 2)
2780 5027 2907 5080 aem
2955 5022 3207 5078 &baudo
3252 5021 3478 5078 ladem
3532 5018 3736 5087 scribat,
3786 5020 3939 5089 prud.
3986 5017 4103 5074 Gal.
4156 5019 4301 5088 Any.

2345 5092 2541 5163 (Md-a.
2577 5095 2645 5148 de
2680 5090 2867 5149 Condi
2904 5092 3000 5149 111.
3035 5089 3197 5157 575).·
3278 5094 3458 5145 Avant
3500 5088 3622 5143 hier
3673 5095 3961 5158 pascerent
4006 5106 4105 5158 par
4152 5096 4299 5142 ceste

2347 5165 2477 5217 ville
2512 5161 2652 5218 6000
2669 5163 2945 5218 Allemans
2980 5178 3086 5231 que
3121 5162 3173 5214 le
3208 5168 3368 5214 conte
3391 5158 3703 5228 Rhingrave
3736 5158 3989 5212 conduict
4023 5174 4092 5211 au
4126 5173 4297 5227 camp,

2345 5233 2518 5356 ἔξω
2570 5247 2703 5301 gens
2755 5237 2813 5285 et
2862 5233 2988 5284 bien
3043 5230 3235 5283 armes.
3316 5227 3405 5282 De
3448 5229 3640 5283 comite
3682 5228 3805 5295 ipso
3840 5243 3888 5282 v.
3924 5226 4200 5281 Barthold
4242 5244 4297 5294 p.

2346 4886 2523 4942 Ξ

2662 5024 2779 5093 Ξ
