4900 6125
572 307 701 371 683

744 491 1127 568 Messieurs,
1170 490 1322 575 puis
1362 513 1488 577 que
1531 513 1655 576 par
1698 500 1916 560 vostre
1950 513 2155 579 conge
2189 501 2259 560 et
2292 513 2528 580 moyen

570 579 703 646 ΜΓ.
748 580 826 644 de
869 577 1071 645 Besae
1113 586 1383 663 present
1426 589 1698 664 porteur
1739 589 1840 645 est
1883 600 2055 646 venu
2098 600 2220 663 par
2260 578 2419 646 deca
2466 578 2531 644 la

570 685 881 749 presence
917 662 1159 747 duquel
1195 668 1327 729 m’a
1359 663 1797 750 grandement
1832 673 2142 731 contente
2163 685 2325 732 avec
2349 673 2530 730 toute

571 759 750 818 ceste
793 753 1176 834 compagnie
1232 752 1304 835 je
1348 754 1497 836 n‘ay
1544 750 1742 816 voulu
1785 750 1849 816 le
1892 750 2125 817 laisser
2168 749 2333 817 aller
2376 770 2532 815 sans

572 835 643 903 la
685 845 990 921 presente
1034 856 1204 920 pour
1246 856 1409 903 vous
1454 838 1803 903 remercier
1845 834 1926 902 de
1969 858 2043 903 ee
2087 836 2315 920 plaisir
2350 843 2415 901 et
2451 836 2531 901 de

570 921 904 1007 plusieurs
960 929 1182 988 autres
1248 921 1508 1005 esquelz
1575 943 1746 987 nous
1814 943 2021 989 avons
2085 942 2407 1006 apperceu
2464 931 2532 986 et

571 1028 827 1093 eogneu
870 1028 993 1091 par
1034 1008 1425 1090 experience
1467 1006 1616 1091 plus
1673 1028 1797 1090 que
1844 1009 2084 1091 Jamais
2126 1007 2420 1074 combien
2468 1006 2532 1072 la

620 1092 782 1159 loire
828 1092 909 1158 de
952 1093 1128 1159 Dieu
1173 1103 1239 1158 et
1281 1092 1822 1178 l'augmentation
1867 1092 1982 1160 des
2028 1093 2288 1178 Eglises
2332 1092 2414 1158 de
2458 1115 2531 1159 ee

640 1198 922 1265 oyaume
991 1200 1157 1245 vous
1215 1187 1369 1246 sont
1422 1178 1650 1245 cheres
1704 1189 1772 1245 et
1831 1180 2212 1263 preeieuses.
2318 1177 2530 1263 Oeluy

574 1264 811 1350 auquel
859 1285 1021 1331 vous
1065 1285 1223 1330 avez
1267 1286 1350 1330 eu
1415 1265 1481 1331 le
1522 1264 1842 1349 principal
1888 1264 2121 1350 esgard
2167 1286 2250 1330 en
2294 1284 2368 1330 ce
2411 1265 2532 1330 fai-

573 1358 730 1417 sant
793 1371 956 1417 vous
999 1371 1080 1416 en
1127 1372 1275 1417 sera
1318 1350 1547 1416 liberal
1593 1360 2105 1431 remunerateur,
2159 1359 2228 1416 et
2286 1350 2368 1416 de
2422 1370 2531 1414 ma

572 1443 742 1520 part,
789 1436 1168 1516 Messieurs,
1205 1439 1276 1522 je
1317 1457 1484 1503 vous
1529 1441 1670 1521 prie
1707 1459 1869 1503 vous
1902 1456 2204 1503 asseurer
2237 1457 2363 1520 que
2388 1437 2529 1520 j'en

574 1543 781 1608 auray
830 1522 982 1587 telle
1028 1542 1437 1589 souvenance
1475 1543 1601 1606 que
1667 1543 1770 1588 me
1815 1530 2157 1588 trouverez
2202 1522 2533 1587 tonsiours

574 1628 731 1693 amy
796 1630 879 1674 en
949 1617 1163 1675 tontes
1225 1617 1436 1674 sortes
1499 1630 1626 1692 que
1680 1611 1751 1692 je
1792 1627 2081 1692 pourray
2124 1607 2534 1692 memployer

572 1715 742 1778 pour
808 1703 1025 1761 vostre
1071 1694 1221 1759 bien
1266 1703 1333 1759 et
1374 1696 1830 1760 conservation
1885 1692 2107 1759 daussi
2164 1694 2292 1760 bon
2336 1713 2532 1759 coeur

573 1801 703 1864 qne
729 1782 800 1865 je
843 1801 951 1846 me
996 1778 1450 1845 recommendo
1509 1800 1549 1844 a
1594 1800 1712 1846 voz
1759 1780 2006 1846 bonnes
2044 1779 2294 1862 prieres
2339 1799 2531 1863 apres

574 1866 762 1932 avoir
806 1867 948 1950 prie
994 1875 1213 1932 nostre
1259 1864 1430 1930 Dieu
1475 1864 1612 1949 quil
1680 1886 1842 1932 vous
1885 1865 2287 1931 maintienne
2331 1886 2414 1930 en
2459 1883 2533 1929 sa

575 1951 830 2104 {fam
874 1952 1076 2037 garde
1119 1965 1188 2017 et
1232 1952 1614 2034 promotion.
1705 1949 2048 2018 D‘orleans
2109 1971 2183 2016 ce
2237 1972 2406 2015 xxxo
2450 1948 2532 2015 de

653 2057 761 2105 ars
814 2042 974 2103 1562
1002 2042 1052 2118 ¹)

768 2208 1013 2276 Vostre
1046 2209 1461 2275 entiemant*
1496 2207 1625 2272 bon
1663 2215 1730 2272 et
1762 2205 1912 2272 bien
1950 2206 2343 2274 affectionne
2378 2227 2533 2291 amy

1518 2326 1905 2395 Chastillon.

1458 3180 1660 3253 8⁹25.

1048 3350 1590 3420 OLEVIANUS
1636 3351 2071 3419 CALVINO.

754 3540 960 3609 Mittit
993 3541 1384 3626 exmplaria
1423 3539 1796 3607 Catachismi
1823 3538 2110 3608 Palatini
2143 3542 2335 3608 latine
2366 3542 2536 3608 versi

576 3627 1405 3729 ethocoecasionemrrat
1446 3647 1568 3709 quo
1611 3631 1683 3693 in
1735 3631 1905 3693 statu
1961 3647 2063 3693 res
2117 3628 2248 3694 sint
2291 3629 2364 3693 in
2408 3648 2533 3695 sua

575 3734 843 3800 remoue.

916 3884 1028 3954 (Ex
1064 3882 1402 3954 autographo
1437 3882 1567 3938 Cod.
1604 3883 1808 3939 Genev.
1846 3882 1967 3947 114,
2000 3885 2092 3939 fol.
2126 3882 2205 3950 8.)

748 4056 810 4123 A
855 4055 1196 4122 Monsieur
1237 4053 1822 4208 Calvigfflministre
1877 4054 1959 4121 de
2003 4053 2234 4142 leglise
2277 4053 2358 4122 de

1522 4160 1703 4208 neve.

747 4328 986 4397 Gratia
1051 4327 1173 4394 tibi
1237 4338 1306 4396 et
1370 4351 1502 4414 pax
1567 4351 1607 4396 a
1673 4331 1818 4397 Deo
1881 4337 2068 4415 patre
2134 4351 2252 4414 per
2309 4331 2531 4398 Iesum

574 4414 918 4481 Christum
997 4414 1209 4480 filium
1290 4437 1501 4482 suum.
1614 4418 1848 4483 Amen.
1959 4416 2360 4484 Benedictus
2446 4418 2536 4484 sit

573 4499 764 4567 Deus
830 4521 907 4568 ae
1019 4509 1164 4566 ater
1227 4501 1500 4567 Domini
1567 4503 1774 4568 nostri
1839 4503 1992 4568 Iesu
2042 4502 2293 4568 Christi
2359 4501 2532 4586 quod

574 4585 867 4654 Galliam
994 4596 1288 4653 ementer
1330 4589 1711 4672 respexerit.
1806 4588 2076 4655 Utinam
2130 4587 2535 4654 Germaniae

574 4674 863 4757 gratiam
927 4672 1041 4738 det
1100 4671 1430 4739 Dominus
1494 4684 1573 4739 ut
1636 4695 1769 4740 non
1836 4683 2068 4760 pergat
2130 4674 2200 4738 in
2266 4682 2536 4758 stupore

573 4778 713 4838 sue,
781 4757 898 4824 sed
962 4758 1294 4844 intelligat
1358 4758 1627 4826 tandem
1693 4759 2047 4844 aliquando
2111 4757 2356 4827 iudicia
2404 4760 2534 4826 Dei

576 4844 659 4910 ab
703 4844 726 4909 i
774 4845 911 4912 sius
969 4843 1161 4911 domo
1218 4845 1525 4932 incipere.
1610 4845 1749 4911 Vos
1795 4845 2155 4911 Dominum
2200 4865 2322 4929 pro
2366 4844 2535 4913 Ger-

573 4948 800 4995 mama
840 4937 1065 4997 nostra
1106 4930 1331 4998 sedulo
1374 4938 1576 4999 orate.
1665 4931 1866 4997 Mitto
1909 4928 1993 4996 ad
2036 4943 2121 5010 te,
2200 4931 2534 4999 carissime

575 5219 770 5275 8024.
790 5220 847 5286 1)
896 5221 1072 5293 Voyee
1105 5222 1159 5277 la
1196 5228 1319 5279 note
1352 5239 1450 5279 aar
1483 5224 1531 5279 le
1568 5223 1643 5280 N.
1677 5221 1833 5278 3922.

2091 303 2614 374 EPISTOLAE
2660 306 3084 372 3924—3926

4450 311 4554 378 684

2631 499 2841 577 pater,
2886 492 3262 577 exemplum
3304 492 3685 562 catechismi
3739 493 3931 560 latini
3961 497 4009 574 ¹)
4070 503 4140 560 et
4181 494 4447 562 alterum
4487 496 4556 562 sd

2633 580 2717 645 D.
2761 578 3036 645 Bezam:
3084 581 3155 644 in
3221 579 3433 662 prima
3497 578 3786 646 editione
3851 580 4250 666 germanica,
4270 583 4328 662 ²)
4388 603 4558 665 quam

2633 663 2717 730 ad
2764 663 3184 750 Scrimyerum
3227 665 3633 747 miseramus,
3702 666 3945 732 omissa
3988 675 4132 732 erat
4174 669 4456 749 quaestio
4491 667 4558 734 de

2633 750 3011 816 discrimine
3076 769 3314 817 coenae
3371 761 3439 816 et
3494 751 3736 819 missae
3759 751 3812 833 ⁸)
3869 752 4257 836 pontificiae.
4347 753 4558 820 Admo-

2631 837 2812 902 nitus
2856 857 2897 901 a
2927 856 3036 904 me
3072 835 3389 921 Princeps
3433 836 3648 903 voluit
3688 837 3759 902 in
3803 836 4091 904 secunda
4124 837 4404 904 editione
4435 859 4561 920 ger·

2632 922 2894 988 manica
2957 929 3023 988 et
3064 922 3280 1004 prima
3321 920 3606 988 editione
3648 921 3855 988 latina
3898 920 4067 988 addi.
4161 922 4370 1006 Spero
4414 923 4562 990 Ger·

2633 1006 2848 1073 manis
2913 1007 3156 1072 nostris
3201 1008 3336 1073 fore
3382 1008 3631 1073 utilem.
3725 1007 4035 1092 Princeps
4078 1019 4305 1074 noster
4346 1009 4426 1074 ad
4465 1029 4562 1074 va·

2634 1095 2767 1159 rios
2845 1092 3170 1178 principes
3247 1112 3396 1158 eum
3476 1093 3697 1160 mittit.
3804 1093 4258 1161 Caneellarius
4334 1115 4564 1179 quoque

2634 1189 2856 1244 noster
2909 1177 3133 1244 retulit
3176 1199 3249 1244 se
3291 1176 3376 1243 ad
3422 1178 3735 1264 Reginam
3776 1178 4036 1246 Galliae
4079 1201 4295 1264 nuper
4336 1181 4566 1246 misisse

2633 1264 2932 1330 latinum.
3050 1263 3129 1330 Si
3202 1262 3432 1350 lingua
3509 1277 3684 1331 esset
3759 1265 3979 1331 italica
4063 1267 4346 1348 scriptus
4422 1266 4565 1330 forte

2632 1350 2850 1433 aliquo
2904 1371 3054 1416 cum
3109 1350 3328 1415 fructu
3385 1371 3537 1416 eum
3602 1359 3774 1418 esset
3830 1350 4096 1418 lectura.
4189 1351 4342 1417 Dux
4387 1350 4566 1416 Pmo-

2632 1437 2787 1514 siae,
2808 1439 2866 1513 ⁴)
2934 1436 3037 1500 uti
3101 1457 3183 1500 ex
3251 1435 3455 1519 ipsius
3519 1435 3735 1520 legato
3802 1437 4260 1503 concionatore
4305 1436 4504 1503 aulico
4521 1440 4566 1514 ⁸)

2634 1519 2821 1587 docto
2868 1541 2944 1587 ae
2987 1520 3254 1587 cordato
3298 1521 3748 1605 superioribus
3794 1520 4026 1588 diebus
4071 1543 4289 1588 coram
4336 1520 4565 1587 audivi·

2632 1628 2799 1682 mus,
2845 1606 3168 1673 sinceram
3215 1606 3574 1672 doctrinam
3614 1616 3681 1673 et
3716 1606 4027 1692 intelligit
4060 1618 4128 1673 et
4161 1617 4566 1692 propagatam

2632 1692 2830 1776 cupit,
2897 1691 3177 1758 facultas
3240 1692 3604 1777 theologica
3669 1693 3751 1758 ad
3808 1713 3960 1758 eum
4019 1694 4299 1776 scripsit.
4401 1693 4566 1758 Idem

2632 1778 2822 1844 brevi
2862 1778 3154 1843 facturus
3196 1786 3297 1843 est
3360 1787 3581 1845 noster
3624 1779 3963 1862 Princeps.
4062 1777 4349 1845 Ioannes
4390 1780 4570 1844 Auri·

2629 1864 2809 1947 saber
2852 1863 3163 1929 Prussiae
3206 1863 3753 1948 superintendens
3770 1866 3827 1941 ⁶)
3886 1865 4033 1947 pius
4085 1872 4188 1931 est
4241 1886 4319 1931 ae
4379 1865 4567 1930 since·

2634 1972 2768 2028 rus,
2823 1946 2939 2016 sed
2995 1949 3255 2031 piorum
3311 1949 3764 2015 ministrorum
3819 1958 4117 2016 extrema
4174 1959 4278 2017 est
4335 1950 4568 2016 raritas.

2634 2032 2945 2101 Orandus
2981 2042 3158 2100 certe
3202 2043 3302 2100 est
3339 2032 3668 2101 Dominus
3705 2045 3779 2100 ut
3813 2032 4122 2102 extrudat
4157 2035 4483 2120 operarios
4513 2037 4568 2099 in

2633 2141 2823 2186 suam
2881 2140 3179 2186 messem.
3269 2120 3505 2187 Multis
3560 2119 3751 2187 nobis
3807 2142 3973 2204 opus
4026 2129 4200 2188 esset
4253 2121 4572 2200 ministris,

2634 2206 2751 2272 sed
2795 2206 3034 2271 misere
3080 2204 3530 2272 destituimur:
3578 2228 3614 2271 e
3658 2213 3890 2272 contra
3929 2205 4271 2292 plerosque
4315 2209 4381 2272 in
4408 2206 4570 2271 Pala·

2635 2293 2848 2357 tinatu
2894 2291 3213 2357 habemus
3267 2292 3509 2374 partim
3564 2293 3677 2375 qui
3734 2290 4100 2358 doctrinam
4157 2314 4294 2358 non
4349 2291 4572 2358 intelli·

2637 2386 2822 2463 gunt,
2866 2377 3132 2442 iuterim
3175 2398 3333 2442 vero
3378 2386 3612 2454 tacent,
3659 2377 3899 2463 partim
3937 2377 4046 2460 qui
4082 2377 4341 2461 publice
4377 2378 4572 2443 adbuc

2638 2469 3028 2546 repugnant.
3140 2462 3490 2528 Rationem
3577 2462 3958 2547 disciplinae
4023 2462 4574 2537 constituendae’)

2639 2548 3030 2632 descriptam
3118 2546 3319 2614 habet
3397 2548 3717 2631 Princeps
3795 2559 4024 2631 estque
4116 2549 4572 2632 paratissimus.

2637 2634 2892 2699 Verum
2953 2655 3037 2699 ex
3082 2654 3215 2699 una
3267 2641 3454 2717 parte
3512 2634 3734 2699 obiicit
3787 2632 4139 2718 prudentia
4191 2634 4476 2700 humana
4518 2635 4576 2697 iu

2638 2718 3025 2804 quibusdam
3093 2719 3308 2797 tricas,
3375 2740 3458 2783 ex
3525 2729 3714 2805 parte
3779 2719 3987 2786 altera
4051 2720 4338 2785 ministri
4401 2719 4574 2803 pauci

2640 2813 2799 2872 sunt
2862 2806 2976 2888 qui
3030 2804 3242 2873 velint
3297 2803 3564 2871 subesse
3620 2804 4020 2889 disciplinae.
4105 2802 4324 2871 Valde
4365 2825 4576 2872 vereor

2640 2912 2725 2957 ne
2780 2891 2967 2957 Deus
3030 2890 3385 2958 accerrima
3451 2889 3641 2975 virga
3703 2911 3823 2957 nos
3886 2890 3971 2956 ad
4026 2889 4436 2974 disciplinam
4499 2889 4576 2955 sit

2639 2981 3163 3060 praeparaturus.
3251 2974 3464 3042 Video
3523 2976 3703 3042 enim
3757 2975 4209 3043 incredibilem
4265 2984 4574 3060 torporem

2639 3069 2709 3128 et
2765 3070 3119 3147 stuporem.
3208 3060 3667 3129 catechismus
3726 3071 3878 3129 tuus
3981 3061 4314 3130 ermanice
4378 3059 4576 3147 prodit

2640 3148 2821 3215 hisee
2862 3146 3178 3214 nundinis
3220 3147 3387 3214 bene
3430 3168 3790 3216 conversus
3833 3168 3873 3214 a
3969 3147 4232 3215 acharis
4265 3147 4506 3225 Ursino,
4527 3150 4576 3223 ⁸)

2640 3234 2752 3319 qui
2794 3253 2903 3299 me
2946 3233 3259 3300 facultate
3300 3233 3568 3319 linguae
3623 3243 3904 3318 superat.
3993 3232 4242 3300 Addita
4281 3241 4384 3302 est
4421 3234 4573 3299 ratio

2638 3317 3142 3393 administrandi
3195 3328 3624 3401 sacramenta,
3681 3320 4088 3404 precationes
4141 3327 4263 3387 etc.
4353 3318 4576 3386 Omnia

2636 3404 2919 3471 fideliter
2982 3411 3139 3471 sunt
3200 3403 3475 3487 reddita,
3542 3426 3777 3474 verum
3843 3425 3978 3472 non
4046 3403 4272 3472 addito
4330 3404 4572 3471 nomine

2632 3778 2902 3846 8925.1)
2933 3777 3245 3861 catechesis
3296 3796 3340 3832 s.
3392 3779 3576 3834 brevis
3605 3854 3608 3859 Ι
3635 3779 3909 3835 institutio
3960 3780 4074 3835 chr.
4117 3780 4416 3835 doctrinae.
4497 3776 4574 3859 q.

2639 3847 2853 3929 Sernes,
2897 3847 3240 3930 Pflqumt.
3313 3886 3326 3898 .
3367 3846 3486 3911 139,
3523 3847 3820 3919 Ntemeyer
3860 3849 3977 3905 coll.
4011 3849 4158 3915 conl.
4197 3846 4352 3902 1840.
4382 3865 4436 3919 μ
4469 3847 4569 3914 bv.

2638 3915 2827 3972 Sm‘m
2840 3914 3458 4049 affiss'chgmuawa
3472 3916 4090 4069 οἷῗνξῖἷξῖιξὶιροῖίέ
4161 3916 4318 4040 ama.
4354 3984 4566 4040 mres-

2634 4071 2688 4110 u.
2722 4053 3525 4244 Μὴιὲῗιιὲἶῗτὸἓὴὲῗ.ἔᾱίζῐζῖ
3579 4164 3590 4174 .
3628 4056 3844 4178 {riflffn
3881 4055 4062 4109 wirdt.
4131 4054 4400 4204 Heydelb.
4434 4050 4566 4107 1563.

2840 4188 2902 4258 4)
2992 4191 3194 4246 mum
3236 4197 3367 4247 tunc
3410 4207 3526 4273 »αξη
3566 4207 3719 4246 sento
3764 4190 4039 4258 censeam
4082 4191 4191 4247 τῶ»
4235 4206 4418 4273 natm
4459 4204 4564 4271 eu·-

2635 4259 3152 4451 ..maffia
3166 4260 3739 4393 mma.
3752 4258 3874 4451 132.-
3885 4260 4248 4398 amr
4163 4258 4567 4384 mmm-⁰*

2634 4414 2688 4453 v.
2727 4396 2897 4527 Βωὲ)
2935 4396 3981 4548 Jgkfhbnffiolffffllogoeooffl
4022 4482 4075 4520 a.
4113 4463 4253 4520 1566
4289 4467 4429 4548 ⁸¹³⁸·oe
4463 4464 4567 4519 azo·

2637 4537 2818 4590 m...
2841 4539 2914 4666 ες
2945 4532 3409 4671 mazze?
3429 4534 4386 4660 sammaa&

2634 4737 2777 4820 3178
2805 4669 2898 4821 ἆ.)
2916 4669 3286 4807 Βξὲὃῗτίπ
3299 4672 3634 4797 Um
3666 4667 4564 4810 mmfflgffffi

2634 4808 3733 4948 mammazas&-
3754 4809 3908 4935 aa
3943 4808 4565 4945 mum

2637 4952 2813 5096 mnf
2842 4950 2905 5081 gt)
2931 4946 3457 5071 Ἑζὸῗᾷοᾞηῖξε
3471 4947 3843 5099 “edwina-u,
3871 5022 4027 5080 ωοα,
4075 5030 4251 5085 neque
4295 5015 4436 5095 aad·
4461 5014 4562 5067 eiu

2636 5083 2994 5149 amtossen
3026 5082 3256 5149 madar,
3294 5099 3344 5166 e·
3391 5086 3571 5169 Vetas·
3621 5085 3844 5141 Galum
3886 5101 3925 5139 a
3974 5084 4042 5166 12.
4087 5083 4286 5167 Heu-q
4330 5086 4562 5157 mvn!

2638 5222 2760 5277 “⁶1
2835 5150 3458 5277 θὲὲιῐᾶὲθέεὲἄοωο»
3501 5151 4561 5221 sunamites-sonamus·-

4243 5872 4751 6066 -u-...l
