4900 6125
448 401 572 465 389

447 603 594 652 tatu
649 587 720 652 in
766 589 1139 655 concionem
1203 589 1291 654 sit
1348 607 1752 673 progressus.
1780 593 1833 663 ⁸)
1920 588 2025 655 Ab
2070 610 2144 655 eo
2190 586 2294 653 die
2338 588 2408 653 in

449 674 610 739 urbe
675 674 900 739 omnia
964 675 1196 740 castris
1272 674 1488 758 potius
1570 694 1766 758 quam
1836 674 2089 742 civitati
2167 673 2411 739 similia

447 761 738 825 fuerunt.
826 759 1119 826 Tandem
1187 760 1370 827 venit
1437 759 1875 838 Navarrcnus,
1943 763 2056 845 qui
2127 760 2413 845 Royanae

447 846 637 911 iussu
675 845 928 912 iuberet
971 847 1280 930 utrinque
1323 867 1510 912 arma
1551 844 1806 930 deponi.
1879 845 2212 927 Quorsum
2250 844 2414 911 haec

449 930 828 1008 tenderent,
889 952 1081 999 nemo
1127 941 1270 997 erat
1325 931 1432 998 hic
1490 932 1605 1016 qui
1660 933 2011 1017 ignoraret.
2105 931 2414 999 condem

448 1017 648 1082 certis
690 1016 772 1083 de
815 1017 1031 1085 causis
1076 1038 1205 1083 non
1251 1017 1501 1103 placuit
1543 1018 1666 1085 hoc
1709 1027 2094 1101 exspectare
2138 1017 2413 1082 manda-

449 1113 616 1180 tum,
669 1103 890 1186 itaque
931 1125 1014 1170 ex
1059 1102 1221 1169 urbe
1265 1102 1670 1171 excessimus
1714 1103 1798 1169 ad
1843 1105 2046 1170 unius
2088 1103 2220 1169 diei
2265 1104 2410 1169 iter.

449 1188 556 1254 Ibi
601 1209 746 1254 sese
787 1190 1129 1255 nobiscum
1173 1189 1513 1257 coniunxit
1555 1190 1958 1256 Amiraldus.
2046 1190 2210 1256 Mox
2253 1210 2413 1274 quo·

447 1293 582 1357 que
640 1274 807 1341 aliae
864 1287 1283 1342 accesserunt
1322 1276 1580 1359 copiae,
1638 1276 1796 1341 dum
1841 1287 2297 1359 exspectamus
2341 1283 2416 1340 ut

451 1359 818 1427 anteimus
860 1369 928 1427 et
970 1362 1111 1446 ipse
1156 1359 1536 1428 discederet.
1625 1362 1727 1428 Ac
1769 1361 2069 1428 discessit
2111 1361 2224 1428 ille
2269 1362 2415 1446 qui·

447 1445 623 1524 dem,
664 1446 779 1513 sed
825 1455 1120 1513 armatus
1161 1455 1344 1515 recta
1386 1445 1469 1512 ad
1509 1446 1737 1531 Reyem
1780 1456 1848 1513 et
2035 1449 2216 1528 'nana
2260 1467 2416 1514 con·

447 1539 560 1597 tra
601 1554 824 1598 eorum
870 1531 1272 1599 mandatum.
1361 1533 1452 1598 Et
1485 1532 1752 1616 quidem
1788 1532 2114 1618 praesidio
2147 1534 2218 1599 in
2253 1534 2417 1599 urbe

447 1618 578 1684 sub
612 1620 878 1684 nomine
914 1618 1288 1686 cardinalis
1323 1617 1631 1686 Borean-52·
1650 1623 1704 1698 ⁷)
1741 1618 2204 1704 gubernatoris
2239 1640 2416 1686 com·

447 1715 703 1787 parato.
808 1704 954 1771 Hoc
1020 1706 1347 1771 facturum
1409 1703 1805 1771 Guist‘anum
1870 1703 2072 1790 (quod
2138 1705 2415 1771 maximi

447 1799 600 1855 erat
662 1791 1007 1868 momenti)
1084 1790 1350 1858 difficile
1421 1811 1553 1856 non
1620 1799 1764 1856 erat
1828 1793 2229 1876 prospicere,
2295 1812 2416 1857 nec

447 1877 656 1941 etiam
713 1895 970 1954 cavere,
1037 1897 1239 1960 quum
1295 1876 1504 1942 nihilo
1560 1897 1855 1943 essemus
1911 1897 1988 1943 eo
2052 1877 2415 1956 inferiores,

445 1961 576 2027 sed
617 1962 828 2028 ausim
874 1961 1089 2029 dicero
1131 1963 1330 2027 fatale
1365 1962 1474 2028 hic
1508 1961 1818 2046 quiddam
1854 1961 2184 2041 accidisse,
2221 1963 2416 2030 'cuius

445 2046 670 2113 adhuc
712 2049 968 2114 exitum
1013 2057 1337 2132 exspecto.
1425 2047 1562 2114 Nos
1607 2056 1874 2132 accepto
1929 2050 2176 2133 captivi
2223 2048 2419 2132 Reyis

443 2134 698 2198 nuncio
742 2139 980 2216 (neque
1036 2134 1214 2200 enim
1257 2134 1382 2200 hoc
1436 2133 1614 2199 aliud
1651 2143 1751 2199 est
1793 2155 1989 2217 quam
2047 2134 2419 2200 miserrima

441 2219 803 2303 captivitas
856 2240 1053 2303 quam
1112 2221 1308 2286 etiam
1363 2219 1507 2285 Rex
1563 2241 1715 2286 cum
1775 2220 2085 2306 lacrymis
2139 2228 2418 2287 testatus

443 2305 607 2388 est),
657 2303 887 2370 urbem
931 2326 1166 2372 versus
1209 2305 1496 2389 regressi
1539 2315 1617 2370 ut
1660 2304 2040 2390 Sequanam
2088 2307 2416 2373 traiicere-

443 2411 623 2468 mus,
691 2391 772 2455 ad
839 2390 1152 2475 oppidum
1220 2388 1391 2474 quod
1435 2389 1776 2457 Olodoaldi
1843 2401 2111 2476 pontem
2157 2401 2414 2472 vocant,

437 2476 810 2542 mximam
854 2477 928 2540 in
972 2475 1136 2542 urbe
1180 2475 1689 2561 trepidationem
1733 2478 2189 2556 excitavimus,
2254 2498 2412 2562 quo·

441 2561 635 2627 niam
693 2561 773 2628 ad
834 2560 963 2628 duo
1018 2562 1312 2646 equitum
1370 2561 1580 2627 millia
1627 2563 1697 2628 in
1743 2564 1945 2630 armis
1990 2562 2413 2641 habebamus,

439 2668 578 2714 nec
611 2646 1043 2730 trepidantem
1084 2646 1315 2713 urbem
1337 2668 1655 2732 occupare
1681 2648 1947 2716 difficile
1971 2650 2340 2716 videbatur.
2362 2649 2414 2735 ⁸)

439 2731 594 2799 Sed
636 2731 812 2798 aliud
859 2731 1098 2800 ducum
1141 2733 1488 2801 consilium
1534 2743 1694 2800 erat.
1771 2735 1943 2801 Nam
1988 2755 2026 2800 a
2070 2734 2414 2801 Olodoaldi

439 2831 651 2903 ponte
694 2828 967 2904 repente
1034 2819 1342 2886 maximis
1396 2819 1741 2886 itineribus
1799 2820 2141 2887 Aureliam
2189 2842 2414 2904 perve-

437 2905 692 2982 nimus,
754 2905 844 2970 ita
886 2905 1148 2988 quidem
1208 2913 1597 2990 opportune,
1659 2916 1733 2971 ut
1775 2905 2071 2972 nondum
2114 2907 2412 2992 ingresso

431 2991 736 3056 hostium
794 2990 1142 3075 praesidio,
1197 2988 1371 3075 quod
1430 3010 1507 3057 eo
1564 2991 1966 3071 mittebatur,
2025 2992 2170 3058 sine
2213 2991 2410 3059 caede

431 3086 516 3142 et
583 3077 718 3142 ullo
776 3077 1065 3143 tumultu
1142 3078 1461 3144 fuerimus
1525 3096 1565 3141 a
1631 3078 1972 3159 fratribus,
2051 3099 2187 3144 nou
2269 3079 2413 3145 sine

433 3183 694 3247 magna
739 3162 1182 3247 gratulatione
1226 3172 1296 3229 et
1337 3163 1698 3229 clarissimo
1741 3164 2161 3230 Psalmorum
2206 3164 2410 3231 iubilo

435 3249 842 3315 intromissi:
903 3250 1012 3315 ubi
1072 3270 1250 3315 nunc
1307 3269 1563 3333 quoque
1613 3247 1960 3317 haeremus
2002 3259 2069 3316 et
2113 3251 2408 3334 equitum

431 3333 872 3419 peditumque
925 3335 1144 3418 copias
1202 3336 1382 3399 omni
1426 3356 1509 3400 ex
1554 3344 1741 3418 parte
1784 3337 2096 3421 cogimus.
2186 3335 2411 3402 Hosti·

431 3422 576 3487 bus
619 3421 870 3487 interea
914 3419 1077 3485 nihil
1117 3421 1340 3505 potius
1384 3420 1526 3499 fuit,
1570 3441 1768 3504 quam
1815 3423 2257 3489 Parisiensem
2304 3444 2410 3489 ec-

659 3674 719 3743 6)
753 3676 1016 3731 Braslurt
1060 3677 1102 3732 1.
1137 3675 1205 3730 76
1252 3677 1405 3741 (vide
1448 3678 1525 3732 ad
1571 3676 1638 3730 N.
1673 3675 1839 3737 3749)
1877 3677 2134 3746 Σαπφία
2176 3676 2246 3732 11.
2278 3676 2411 3730 212.-

433 3744 749 3809 Coudaeus,
835 3746 891 3798 ui
927 3743 1017 3798 hic
1049 3753 1182 3801 tunc
1215 3747 1429 3816 agebat,
1472 3746 1656 3815 coepit
1688 3762 1749 3799 se
1785 3746 1995 3799 munire
2030 3746 2319 3815 praesidiis
2355 3754 2413 3800 et

509 3815 520 3825 ‘
601 3822 688 3867 tus
721 3761 834 3868 201)ι
861 3822 957 3867 aut
989 3812 1096 3867 300
1130 3816 1407 3884 equitibus
1441 3831 1512 3870 ex
1545 3814 1834 3869 nobilitate
1868 3815 1955 3868 bis
1990 3830 2111 3869 cum
2149 3830 2319 3869 uxore
2354 3823 2412 3870 et

433 3883 566 3936 filio
603 3899 771 3951 puero
806 3883 1035 3937 accessit
1066 3882 1136 3936 ad
1172 3884 1501 3949 concionem,
1552 3900 1719 3954 quum
1766 3889 1950 3937 tamen
2000 3884 2259 3937 abessent
2292 3884 2410 3937 eiua

433 3951 615 4006 sedes
651 3968 684 4003 a
717 3952 837 4005 loco
872 3951 1146 4006 concionis
1180 3951 1406 4006 dimidio
1441 3952 1662 4006 milliari
1767 3952 2024 4006 rmanico.
2078 3951 2142 4007 D.
2167 3951 2239 4006 20
2263 3951 2316 4006 h.
2337 3970 2407 4006 m.

433 4019 784 4088 trepidatum
823 4028 909 4074 eat
953 4021 1055 4074 sub
1092 4030 1306 4075 noctem
1355 4022 1411 4074 in
1446 4020 1671 4075 aedibus
1757 4021 1882 4073 uisii
1918 4028 1977 4074 et
2011 4020 2409 4076 Conuestabilis

433 4098 508 4142 et
543 4094 933 4157 pernoctarunt
966 4106 1153 4143 omncs
1198 4090 1410 4143 armati.
1483 4089 1766 4143 Condaeus
1801 4089 2010 4142 veritus
2043 4105 2114 4143 ue
2189 4090 2283 4143 uid
2317 4091 2414 4146 isti

435 4158 714 4210 adversus
749 4174 809 4210 se
845 4157 1172 4211 molirentur
1206 4158 1516 4212 introduxit
1549 4160 1604 4211 in
1639 4174 1765 4211 suas
1800 4158 1964 4211 aedes
1998 4158 2069 4211 ad
2231 4174 2409 4213 arma-

431 4234 554 4280 toa.
595 4224 941 4294 vagabantur
975 4232 1156 4280 autem
1193 4234 1313 4281 tota
1350 4234 1508 4281 nocte
1554 4229 1608 4279 in
1647 4227 1838 4279 ricinis
1873 4226 2071 4295 plateis
2105 4226 2177 4280 50
2210 4232 2305 4280 aut
2338 4226 2409 4281 00

435 4312 516 4350 ox
555 4294 725 4362 ipsius
761 4296 1054 4363 equitibus.

660 4361 719 4429 7)
753 4363 1008 4433 Lunaque:
1058 4363 1093 4416 1.
1130 4366 1194 4417 1..·
1249 4364 1511 4417 Remotus
1564 4369 1650 4415 est
1701 4364 1770 4415 ab
1829 4362 1978 4416 urbis
2013 4362 2406 4432 gubernatione

435 4432 902 4487 Hommorantius
936 4431 1079 4485 filius
1114 4432 1533 4499 Oonnestabilis,
1569 4437 1895 4499 procurante
1932 4438 2092 4500 patre
2128 4434 2245 4486 eius
2280 4434 2409 4501 quia

433 4506 673 4555 nestrae
723 4501 871 4569 parti
924 4500 1191 4554 addictior
1243 4500 1532 4553 videbatur
1569 4540 1580 4551 .
1621 4540 1634 4552 .
1673 4537 1685 4550 .
1723 4540 1734 4552 .
1785 4500 1850 4553 In
1898 4502 2128 4569 gratiam
2173 4501 2406 4555 Navarri

431 4570 781 4623 affecerunt
815 4569 864 4623 ei
901 4570 1061 4622 Oard.
1101 4570 1426 4624 Borbouium
1464 4570 1550 4622 cui
1587 4568 1954 4623 adiunxerant
1986 4578 2246 4639 tanquam
2281 4586 2409 4624 cou-

429 4638 681 4692 niliarioa
715 4638 1102 4692 Marescballos
1139 4638 1439 4692 Brisacium
1476 4646 1533 4690 et
1568 4638 1926 4692 Thermaeum
1962 4644 2057 4693 etc.

653 4704 713 4771 8)
745 4706 906 4761 ibid„-
942 4706 1227 4761 Ooudaeus
1262 4707 1595 4761 confirmatis
1631 4707 1838 4761 viribus
1873 4707 2032 4762 hodie
2053 4706 2164 4773 (30.
2185 4707 2406 4773 Mart).

433 4774 635 4829 Helela
649 4774 900 4829 diae-sit
923 4784 980 4828 et
1002 4778 1231 4830 accessit
1249 4777 1319 4828 ad
1337 4776 1546 4829 Urbem
1563 4774 1844 4829 cum1800
1860 4777 2152 4845 equitibus,
2179 4782 2238 4830 et
2255 4778 2408 4845 equi·

433 4854 574 4897 tans
609 4842 902 4897 secuudum
935 4845 1090 4898 urbis
1125 4846 1326 4899 fossam
1362 4844 1564 4898 dicitur
1587 4852 1778 4913 petere
1815 4852 2036 4914 pontem
2055 4846 2109 4899 8.
2129 4845 2409 4900 clodoaldi
2456 4886 2461 4903 .

433 4914 542 4966 nbi
571 4912 808 4965 traiiciat
825 4913 1150 4982 Sequanam.
1203 4914 1318 4967 Sub
1334 4912 1451 4966 eius
1480 4929 1756 4966 accessum
1786 4914 1867 4967 ita
1896 4920 2055 4968 eraut
2071 4916 2408 4969 consternati

431 4983 597 5035 eive·
631 4988 692 5033 ut
727 4996 787 5034 ae
823 4982 932 5035 iam
1005 4983 1195 5036 eriisae
1229 4982 1542 5047 crederent,
1593 4988 1652 5035 et
1693 5000 1720 5035 s
1794 5000 1886 5036 rsa
1931 4990 2055 5038 erat
2095 4983 2239 5036 sama
2284 4998 2407 5037 enm

431 5048 650 5104 habere
702 5066 884 5103 secum
989 5050 1111 5113 ,000
1157 5051 1329 5106 millia
1377 5051 1625 5105 militum.
1786 5052 1927 5105 ‘dam
1978 5058 2176 5122 putant
2227 5054 2407 5122 ipsum

431 5125 600 5173 reete
633 5118 963 5173 contendere
1011 5121 1068 5174 iu
1114 5121 1311 5185 aulam,
1364 5120 1461 5173 aed
1512 5119 1679 5174 credo
1732 5136 1856 5175 eum
1907 5121 1989 5174 ire
2026 5121 2308 5175 Aureliam
2345 5126 2409 5175 ut

433 5204 568 5241 eam
615 5187 743 5241 belli
788 5203 966 5242 arcem
1012 5190 1311 5243 constituat
1354 5194 1413 5243 et
1453 5189 1532 5241 ibi
1581 5195 1865 5258 exspectet
1899 5205 1994 5243 cos
2038 5191 2131 5259 qui
2180 5191 2408 5245 veniunt

427 5274 512 5310 ex
555 5254 904 5322 Hormauuia,
944 5257 1246 5324 Britannia,
1285 5257 1602 5312 Pictonibus
1637 5265 1696 5311 et
1727 5264 1849 5312 tota
1867 5259 2177 5328 Aquitania.
2227 5259 2404 5325 (Birt.

431 5326 568 5380 ecel.
609 5324 678 5378 n.
717 5322 752 5376 6
788 5340 887 5391 οι,-
927 5324 1138 5382 Solam}
1172 5326 1240 5383 11.
1283 5328 1304 5378 l
1345 5342 1447 5391 κω
1485 5324 1670 5381 Baua·
1705 5326 1774 5382 11.
1812 5326 1918 5381 568
1951 5329 2046 5392 ss.)

2213 400 2376 466 1562
2418 398 2731 466 APRIL.

4351 395 4481 473 tae

2514 588 2801 667 clesiam,
2847 585 3242 655 conculcatis
3286 588 3488 673 regiis
3532 587 3782 668 edictis,
3837 589 4172 676 dissipare.
4198 594 4255 671 ⁸)
4342 591 4475 660 Ubi

2513 673 2738 739 nullus
2797 672 2937 740 dies
2991 675 3323 758 praeterit,
3384 674 3545 759 quin
3601 674 3785 758 plebs
3838 675 4087 744 furiosa
4140 677 4477 745 inauditae

2514 760 2827 825 saevitiae
2878 759 3199 844 exempla,
3258 770 3614 843 praeeunte
3660 761 3989 844 imprimis
4032 762 4481 846 impurissimo

2517 844 2912 926 Cone-stabili,
2955 855 3277 913 exerceat.
3344 846 3606 931 Reliqui
3645 868 3801 914 vero
3835 849 4178 929 coniurati,
4224 858 4300 916 ut
4335 871 4479 917 om·

2513 931 2711 998 nibus
2756 931 3191 1015 persuadeant
3233 933 3566 1016 captivum
3614 932 3845 1017 Reqem
3868 955 3999 1000 non
4022 955 4184 1014 esse,
4228 937 4477 1021 passim

2514 1017 2703 1083 illum
2748 1038 2896 1083 cum
2942 1025 3153 1084 matre
3216 1029 3282 1084 et
3346 1018 3551 1084 fratre
3608 1019 4111 1086 circumvehunt
4154 1029 4222 1087 et
4264 1031 4481 1089 osten·

2516 1110 2682 1169 tant.
2774 1104 2865 1170 Et
2920 1103 3018 1169 ita
3069 1112 3228 1170 sunt
3282 1104 3505 1171 miseri
3558 1105 3904 1188 principes,
3965 1114 4043 1171 ut
4085 1126 4306 1173 secum
4351 1108 4476 1175 hoc

2518 1190 2719 1255 etiam
2762 1188 3015 1255 malum
3061 1189 3476 1256 dissimulare
3520 1199 3857 1276 cogantur,
3903 1203 4100 1276 atque
4135 1191 4296 1260 adeo
4332 1215 4477 1261 sae-

2518 1275 2829 1341 vissimae
2871 1287 3250 1342 nostrorum
3294 1276 3760 1360 proscriptioni
3793 1277 4218 1347 subscribere.
4290 1277 4476 1346 Haec

2517 1361 2722 1446 igitur
2780 1369 3009 1427 nostra
3064 1383 3240 1427 nunc
3298 1371 3399 1427 est
3446 1363 3741 1428 omnium
3785 1362 4086 1429 conditio.
4176 1363 4347 1446 Quis
4391 1366 4478 1431 sit

2517 1447 2782 1512 futurus
2846 1448 3062 1513 exitus
3126 1447 3239 1513 ille
3305 1447 3493 1514 novit
3552 1449 3737 1514 cuius
3800 1469 4067 1515 causam
4133 1469 4267 1515 una
4326 1472 4479 1517 cum

2520 1531 2781 1617 publica
2822 1531 3127 1599 libertate
3169 1541 3236 1598 et
3279 1553 3351 1598 re
3444 1534 3469 1598 i
3503 1534 3715 1600 salute
3751 1532 4174 1602 defendimus.
4247 1535 4480 1603 ante-

2519 1639 2669 1684 rum
2713 1639 2921 1702 quum
2965 1641 3045 1684 ex
3092 1619 3327 1702 quibus
3375 1640 3482 1685 am
3526 1621 4080 1704 cognovissemus,
4126 1622 4296 1688 istuc
4339 1642 4482 1689 esse

2519 1704 2773 1786 missos,
2818 1705 2931 1788 qui
2975 1705 3333 1771 vanissima
3375 1704 3717 1772 mendacia
3758 1715 4161 1790 spargerent,
4207 1718 4276 1773 et
4305 1707 4479 1774 mili-

2520 1801 2655 1856 tem
2713 1789 3064 1856 adversum
3123 1812 3242 1857 nos
3300 1802 3554 1875 cogant,
3615 1790 3949 1858 noluimus
3990 1794 4200 1859 iustae
4245 1814 4479 1861 causae

2518 1885 2587 1941 et
2642 1877 2854 1943 officio
2912 1885 3137 1943 nostro
3190 1875 3429 1942 deesse.
3521 1877 3754 1961 Itaque
3799 1899 3918 1944 vos
3962 1878 4365 1945 obtestamur
4406 1879 4479 1945 in

2520 1962 2788 2028 nomine
2831 1960 3104 2028 Domini
3122 2013 3137 2039 ,
3182 1971 3260 2028 ut
3303 1963 3512 2040 nobis,
3572 1962 3653 2028 de
3712 1962 3948 2046 quibus
4005 1965 4240 2031 merito
4292 1965 4483 2032 dubi-

2521 2055 2664 2113 tare
2707 2069 2838 2114 non
2883 2049 3175 2132 potestis,
3221 2046 3419 2114 fidem
3462 2049 3682 2132 potius
3718 2049 4038 2130 habeatis,
4082 2071 4277 2134 quam
4320 2052 4482 2117 isto·

2519 2154 2670 2199 rum
2706 2133 3071 2200 calumniis.
3145 2134 3376 2218 Neque
3413 2142 3513 2200 est
3547 2155 3666 2201 cur
3701 2155 3818 2201 vos
3853 2145 4262 2203 commoveat
4436 2139 4449 2153 ‘

2520 2227 2587 2285 et
2633 2218 2915 2304 Reqinae
2956 2240 3196 2286 nomen
3238 2229 3355 2286 aut
3398 2219 3708 2305 sigillum.
3736 2220 3822 2307 ¹⁰)
3902 2220 4080 2303 Quid
4124 2242 4257 2288 non
4301 2243 4482 2288 emm

2517 2304 2618 2369 illi
2663 2326 2703 2371 a
2737 2307 2998 2390 captivo
3032 2326 3261 2390 puero,
3306 2314 3374 2372 et
3407 2314 3621 2371 matre
3666 2306 3910 2372 femina
3943 2308 4478 2392 extorquebunt?

2520 2389 2655 2457 Sed
2734 2391 2909 2456 vivit
2971 2392 3301 2458 Dominus
3379 2402 3643 2457 nostrae
3720 2392 4131 2459 innocentiae
4210 2392 4477 2461 vindex.

2521 2475 2703 2558 Quid
2749 2485 2971 2542 autem
3018 2486 3335 2561 petamus,
3383 2498 3464 2543 ex
3510 2498 3587 2543 eo
3630 2477 4017 2564 intelligetis
4080 2479 4193 2562 qui
4244 2479 4328 2545 ad
4363 2499 4481 2545 vos

2520 2562 2692 2629 hanc
2748 2565 2958 2646 ipsam
3018 2564 3100 2630 ob
3158 2583 3423 2631 causam
3470 2564 3926 2647 proficiscitur.
4016 2562 4093 2630 Si
4137 2585 4268 2648 qua
4322 2573 4483 2631 sunt

2522 2649 2781 2714 viscera
2844 2648 3357 2728 misericordiae,
3435 2648 3709 2728 fratres,
3777 2649 4089 2715 adiuvate
4152 2651 4479 2717 infinitam

2520 2735 2800 2800 fratrum
2842 2733 3352 2812 multitudinem,
3398 2735 3893 2820 quibuscunque
3934 2735 4150 2801 modis
4188 2738 4480 2819 potestis,

2521 2828 2591 2886 et
2650 2820 2964 2904 impedite
3029 2842 3115 2885 ne
3182 2819 3456 2905 perditis
3518 2820 3707 2886 uobis
3775 2822 3883 2887 via
3946 2821 4030 2887 ad
4087 2841 4207 2888 vos
4272 2843 4481 2907 usque

2519 2904 2989 2973 crudelissimis
3025 2905 3388 2972 latronibus
3411 2907 3701 2991 patefiat.
3761 2907 3949 2972 Bene
3971 2906 4203 2988 valete,
4240 2909 4480 2975 fratres

2517 2989 2884 3076 plurimum
2927 2990 3341 3073 observandi,
3387 3001 3454 3058 et
3495 3013 3614 3077 pro
3658 2992 3845 3059 nobis
3890 2992 4151 3060 assidue
4193 2993 4477 3060 clemen·

2516 3078 2845 3144 tissimum
2888 3086 3143 3162 patrem
3188 3078 3621 3163 interpellate.
3711 3079 4022 3145 Aureliae
4066 3081 4179 3146 xii.
4226 3081 4479 3167 Aprilis

3396 3299 3638 3369 Vester
3680 3302 4064 3371 Theodorus
4105 3305 4302 3370 Beza.

2688 3503 3061 3572 Omiseram
3118 3505 3467 3592 indiguum
3528 3506 3803 3574 facinus.
3895 3507 4237 3575 Condat-ais
4293 3511 4475 3594 prin·

2515 3591 2679 3675 cipis
2736 3611 2907 3657 uxor
2940 3594 3026 3668 ¹¹)
3083 3612 3475 3677 praegnans,
3536 3590 3695 3658 dum
3753 3594 4043 3678 profecto
4097 3595 4335 3661 marito
4391 3596 4475 3661 ad

2514 3697 2670 3744 suos
2734 3678 3115 3755 revertitur,
3184 3698 3334 3745 ecce
3398 3678 3793 3745 rusticorum
3859 3701 4099 3747 manus
4162 3681 4476 3765 principis

2513 3762 2725 3827 filium
2783 3764 3048 3830 circiter
3098 3784 3337 3830 novem
3396 3784 3605 3830 annos
3663 3774 3895 3831 natum
3950 3767 4022 3831 in
4160 3788 4243 3833 uo
4300 3768 4477 3833 inse·

2515 3847 2779 3914 dentem
2823 3848 3150 3932 lapidibus
3195 3847 3596 3934 adgreditur,
3643 3859 3712 3915 et
3753 3850 3916 3917 duos
3961 3873 4044 3917 ex
4088 3873 4232 3918 ema
4275 3855 4475 3919 comi·

2718 4155 2778 4216 9)
2820 4155 3077 4226 Laayun
3116 4155 3194 4209 19.
3238 4158 3371 4226 Apr.
3410 4157 3507 4223 (11.
3540 4157 3699 4226 215).·
3745 4159 4146 4214 connestabilis
4184 4160 4336 4214 venit
4369 4158 4474 4213 huc

2511 4222 2562 4277 3.
2590 4225 2643 4281 h.
2668 4242 2738 4278 m.
2775 4226 3007 4294 stipatus
3041 4225 3266 4280 armatis
3301 4225 3630 4282 cohortibus.
3703 4226 3844 4282 Dum
3880 4245 4094 4282 murum
4130 4228 4321 4283 circuit
4354 4229 4473 4297 qui-

2511 4293 2637 4346 dam
2673 4309 2741 4347 ex
2777 4294 2950 4362 ipsius
2982 4294 3248 4348 militibus
3292 4301 3619 4350 exusserunt
3663 4300 3978 4366 suggestum
4028 4313 4095 4351 ex
4139 4313 4250 4367 quo
4297 4297 4473 4352 nostri

2511 4363 2973 4416 concionabantur
3018 4370 3077 4416 et
3121 4380 3341 4418 scamna
3388 4365 3442 4418 in
3494 4365 3690 4433 quibus
3726 4366 3993 4420 sedebant
4027 4366 4310 4420 audientes
4345 4381 4476 4420 con-

2510 4432 2737 4485 cionem.
2812 4431 3052 4500 Populus
3100 4432 3196 4486 illa
3229 4449 3292 4486 re
3338 4432 3515 4486 factus
3560 4434 3793 4488 ferocior
3836 4435 4028 4489 eodem
4071 4433 4162 4488 die
4207 4435 4371 4489 irruit
4417 4436 4474 4489 in

2511 4500 2698 4555 villam
2750 4501 2887 4553 satis
2938 4500 3279 4570 splendidam
3337 4502 3391 4555 iu
3429 4518 3538 4571 qua
3572 4503 3643 4555 ab
3688 4503 3865 4556 altera
3908 4504 4061 4558 urbis
4147 4509 4265 4558 arte
4299 4505 4475 4559 nostri

2510 4569 2789 4623 habebant
2834 4585 2960 4622 suas
3003 4568 3290 4624 conciones
3337 4578 3396 4624 et
3428 4587 3547 4624 eam
3598 4572 3857 4626 incendit.
3893 4609 3906 4624 .
3944 4612 3960 4627 .
3998 4612 4009 4624 .
4121 4572 4221 4626 ulti
4275 4578 4405 4626 sunt
4440 4590 4473 4625 a

2510 4637 2791 4691 saeviente
2950 4638 3039 4691 ulo
3092 4639 3367 4693 interfecti
3414 4646 3473 4693 et
3522 4640 3791 4694 vulnerati
3842 4646 3901 4693 et
3945 4640 4236 4695 nonnullae
4280 4640 4472 4696 domus

2510 4706 2842 4828 direptnlse,ll
2865 4712 3204 4776 uraruntque
3250 4708 3388 4763 istae
3432 4710 3626 4763 turbae
3673 4725 3774 4779 per
3808 4708 4100 4763 octiduum.
4168 4708 4286 4777 (Of.
4324 4710 4473 4765 Hiar.

2508 4777 2631 4831 ml·
2672 4776 2779 4911 Ι10)
2814 4777 2984 4899 1132)
3034 4844 3177 4898 Ante
3214 4845 3312 4898 has
3348 4846 3537 4900 literas
3572 4847 3760 4900 veniet
3805 4846 3874 4899 ad
3912 4863 4010 4899 vos
4046 4847 4094 4899 is
4130 4847 4221 4916 qui
4261 4846 4471 4916 perfert

2510 4912 2580 4965 ad
2614 4913 2916 4982 principem
2952 4918 3200 4967 nostrum
3235 4913 3485 4970 Condael'
3507 4914 3699 4969 literas
3745 4917 3801 4969 iu
3838 4915 4036 4984 quibus
4072 4916 4312 4985 explicat
4344 4932 4469 4970 cau-

2507 4998 2597 5035 sas
2633 4998 2774 5050 quae
2810 4982 2985 5051 ipsum
3022 4981 3357 5051 impulerunt
3401 4982 3471 5037 ad
3517 4983 3779 5038 sumenda
3813 4999 3983 5038 arma.
4064 4984 4260 5040 Altera
4304 4986 4471 5040 etiam

2507 5065 2637 5122 pars
2672 5051 2843 5104 mittit
2877 5050 2947 5104 ad
2982 5051 3336 5107 Germanicos
3373 5052 3645 5123 principes
3662 5053 4020 5108 Cortelarium
4058 5055 4266 5125 regium
4300 5054 4471 5108 iuter-

2508 5124 2724 5189 pretem
2762 5158 2777 5174 .
2816 5159 2829 5172 .
2866 5159 2878 5173 .
2926 5120 3091 5175 credo
3134 5137 3258 5175 eum
3292 5121 3539 5191 perferre
3574 5122 3814 5176 edictum
3860 5139 3967 5191 quo
4001 5123 4176 5177 nostri
4213 5120 4471 5177 iubentur

2508 5203 2664 5271 arma
2696 5188 2971 5258 deponere
3006 5196 3064 5242 et
3098 5207 3207 5258 quo
3244 5190 3363 5245 Rex
3399 5196 3652 5260 testatur,
3697 5206 3795 5245 nec
3840 5208 3900 5245 se
3944 5207 4044 5245 nec
4078 5196 4310 5247 matrem
4345 5208 4475 5246 csse

2506 5264 2778 5391 “phaofi
2820 5325 2975 5381 Idm
3010 5334 3250 5383 narrant
3286 5327 3543 5397 Lanquct
3578 5329 3611 5383 1.
3632 5329 3684 5383 ·1.
3721 5333 3773 5384 et
3806 5328 3954 5384 Ht‘st.
3989 5331 4115 5386 eccl.
4154 5329 4220 5385 11.
4258 5329 4340 5383 11.

3946 5414 4064 5468 25·
