4900 6125
269 453 392 518 617

248 4244 455 4315 3061.

1629 453 2096 524 ΔΒΒΕΝΒΑ
2136 455 2260 525 ΕΤ
2298 454 2942 524 OORRIGENDA.

529 651 713 711 coste
778 644 959 711 selon
1025 644 1094 710 18
1155 664 1422 711 mesure
1486 642 1570 709 de
1644 663 1842 729 grace
1907 644 2047 729 quil
2111 644 2234 733 luy

527 730 744 814 plaira
776 752 875 797 me
911 730 1181 810 donner,
1216 751 1383 815 pour
1416 727 1699 813 laquelle
1731 730 1929 796 chose
1967 732 2031 797 ie
2065 751 2234 797 vous

574 817 674 881 rie
732 825 881 883 tous
940 816 997 883 le
1040 816 1300 882 vouloir
1356 816 1652 898 supplier
1704 823 1774 881 et
1830 818 2010 882 811881
2066 837 2236 901 pour

555 901 1058 969 ’advancement
1121 909 1191 968 et
1251 901 1616 985 prosperite
1677 900 1760 967 de
1824 913 2054 969 nostre
2109 903 2238 970 dcte

529 987 910 1054 assemblee.
1004 988 1098 1056 Et
1157 986 1618 1072 pareillement
1674 1008 1844 1054 vous
1902 1009 1990 1055 ne
2052 1009 2234 1054 serez

529 1073 783 1139 oubliez
827 1095 912 1139 en
956 1094 1079 1138 noz
1120 1075 1446 1140 oraisons:
1506 1072 1756 1139 Aidant
1798 1073 1862 1139 le
1905 1073 2236 1158 Seigneur

526 1158 809 1225 Eternel
851 1158 1069 1244 lequel
1111 1159 1178 1225 ie
1219 1160 1383 1243 prie,
1428 1158 1813 1236 Messieurs,
1857 1181 2025 1227 nous
2071 1181 2234 1244 aug-

525 1253 788 1311 menter
841 1265 948 1311 ses
1004 1265 1235 1330 graces
1278 1254 1345 1311 et
1398 1245 1689 1311 enrichir
1731 1242 1813 1311 de
1869 1266 1976 1312 ses
2030 1246 2235 1312 bene-

527 1330 810 1397 dictione
887 1330 1286 1415 spirituelles
1356 1349 1479 1414 par
1540 1338 1767 1396 nostre
1830 1333 2103 1397 maistre
2168 1339 2233 1396 et

526 1416 879 1483 souverain
944 1417 1257 1501 seigneur
1316 1416 1508 1482 Iesus
1573 1416 1805 1482 Christ
1880 1438 2000 1483 son
2079 1416 2233 1483 bien

528 1510 724 1586 ayme
766 1502 874 1567 filz
910 1502 1150 1586 auquel
1186 1523 1333 1569 avec
1377 1501 1491 1587 luy
1527 1509 1594 1566 et
1637 1502 1699 1567 le
1736 1500 1968 1569 Sainct
2003 1503 2232 1586 Esprit

527 1588 660 1654 soit
748 1587 908 1653 loire
952 1588 1261 1653 honneur
1295 1596 1362 1653 et
1395 1587 1671 1670 Empire
1713 1587 2230 1654 eternellement.

526 1672 633 1740 De
677 1607 755 1739 lg..
802 1694 878 1739 ce
922 1677 981 1738 2.
1029 1672 1111 1738 de
1153 1674 1443 1738 febvrier
1494 1676 1678 1738 1559.

648 1758 1042 1838 Messieurs,
1084 1759 1148 1823 ie
1188 1779 1277 1824 ne
1319 1780 1496 1823 veux
1538 1779 1659 1843 pas
1704 1759 1957 1825 oublier
2001 1759 2083 1825 de
2124 1780 2233 1825 me

526 1842 1027 1910 recommander
1063 1844 1214 1910 bien
1255 1842 1713 1910 humblement
1751 1866 1790 1910 a
1825 1866 1946 1910 voa
1979 1846 2233 1912 bonnes

528 1949 755 2014 graces
799 1937 866 1996 et
908 1930 1190 1996 sainctes
1234 1930 1503 2014 prieres.

1212 2066 1456 2133 Vostre
1500 2065 1773 2132 humble
1816 2068 2146 2134 serviteur

1433 2151 1917 2219 Dobouvouzoir.

646 2355 825 2425 O'est
883 2377 1057 2442 pour
1115 2356 1289 2423 deux
1348 2358 1605 2423 1818888
1647 2378 1776 2441 que
1833 2377 2002 2423 nous
2047 2378 2229 2425 reco-

523 2443 715 2526 pions
758 2452 930 2509 cette
972 2443 1169 2508 lettre
1214 2442 1469 2526 d’apres
1513 2443 1858 2527 l'original.
1934 2441 2230 2509 D'abord

523 2529 790 2595 celui-ei
834 2530 957 2594 fait
997 2527 1391 2613 disparaitre
1434 2529 1497 2595 le
1531 2529 1838 2595 ministre
1862 2528 2049 2594 Paur
2081 2538 2230 2596 cree

522 2633 645 2697 par
696 2613 984 2692 Orottet‚
1049 2625 1118 2679 et
1183 2614 1245 2681 le
1308 2614 1638 2698 remplace
1704 2636 1826 2698 par
1883 2636 1956 2681 ee
2011 2625 2228 2680 meme

528 2698 707 2765 Pane
746 2699 910 2766 dont
966 2720 1131 2766 nous
1190 2719 1395 2765 avons
1452 2709 1688 2766 trouve
1730 2700 1793 2765 le
1836 2721 1992 2765 nom
2039 2705 2228 2783 (sans

522 2805 608 2850 en
653 2794 794 2851 etre
838 2788 1139 2870 toujours
1173 2785 1327 2851 bien
1371 2790 1514 2863 sur)
1558 2790 1746 2850 2540.
1795 2788 1984 2850 3763.
2034 2789 2226 2862 3810,

521 2879 590 2936 81
654 2871 769 2955 qui
836 2871 1084 2954 portait
1144 2872 1323 2937 aussi
1390 2871 1453 2935 le
1518 2892 1672 2936 nom
1739 2870 1821 2938 de
1884 2871 2227 2937 Porusson

518 2955 604 3021 N.
651 2960 840 3023 2429.
913 2958 1160 3023 'Pontes
1217 2975 1340 3022 nos
1397 2956 1786 3022 hesitatione
1841 2965 1909 3022 et
1968 2959 2225 3041 conjec-

518 3050 704 3111 tures
746 3043 1047 3110 tombent
1082 3040 1250 3109 donc
1285 3041 1533 3109 devant
1573 3065 1649 3110 ce
1682 3051 1884 3109 texte.
1967 3043 2077 3109 En
2122 3063 2224 3109 se-

520 3128 692 3195 cond
727 3129 864 3194 lieu
898 3129 967 3195 la
994 3128 1147 3194 date
1183 3129 1543 3213 completee
1579 3128 1836 3212 d'apres
1880 3128 1945 3194 le
1988 3149 2226 3194 manu-

520 3215 684 3281 scrit
747 3214 881 3292 (De
936 3214 1048 3295 L.)
1111 3223 1327 3299 pai-ait
1391 3224 1534 3279 etre
1598 3236 1681 3279 en
1747 3213 2225 3281 contradiction

521 3320 679 3367 avec
722 3299 789 3365 18
824 3310 978 3366 8818
1022 3306 1047 3364 1
1100 3300 1183 3366 118
1224 3309 1418 3366 88118
1459 3299 1786 3385 premiere
1831 3299 2097 3377 edition,
2139 3308 2225 3366 ou

518 3406 714 3537 323⁸.
756 3405 1175 3538 §.3203ssss
1211 3387 1904 3538 dffss'fflgffi'oezff
1937 3386 2225 3538 3323?

522 3556 684 3622 dent
726 3578 857 3641 que
899 3556 1162 3623 Orottet
1202 3577 1289 3622 ne
1340 3558 1558 3624 savait
1598 3578 1725 3641 que
1780 3557 1945 3623 faire
1988 3556 2069 3622 de
2123 3565 2226 3624 cet

519 3644 604 3710 L.
650 3652 717 3707 et
773 3664 902 3743 que
958 3643 1205 3709 Lievre
1264 3647 1375 3708 n’a
1434 3664 1552 3726 pas
1607 3662 1825 3709 connu
1882 3643 1949 3708 la
2006 3643 2220 3722 lettre,

519 3728 831 3813 puisqu'il
876 3750 963 3794 ne
1006 3729 1134 3795 sait
1177 3729 1322 3794 rien
1367 3727 1450 3793 de
1490 3729 1695 3794 Pane.

643 3813 873 3896 Quant
914 3822 957 3879 a
1009 3834 1085 3879 ce
1140 3816 1254 3899 qui
1319 3823 1423 3879 est
1485 3812 1583 3878 dit
1647 3812 1814 3880 dans
1878 3814 1943 3879 18
2006 3824 2224 3880 meme

520 3908 676 3965 note
719 3898 801 3964 de
844 3901 1118 3983 Dupont
1136 3952 1151 3977 ,
1212 3902 1373 3966 c'est
1414 3900 1786 3983 egalement
1829 3920 1960 3965 une
2004 3901 2225 3967 fausse

521 3986 988 4051 combinaison.
1066 3986 1163 4063 (V
1164 4007 1204 4050 8
1250 4007 1322 4050 ez
1364 3984 1673 4067 l'Index.)

521 4069 627 4137 De
673 4072 994 4137 Maurisio
1039 4093 1103 4136 v.
1150 4093 1189 4137 8
1278 4071 1361 4136 Ν.
1416 4074 1600 4136 1526.

521 4157 628 4223 1)8
668 4157 764 4223 Io.
812 4157 893 4221 de
935 4157 1149 4223 Bosco
1192 4180 1253 4223 v.
1302 4176 1500 4240 supra
1544 4155 1629 4221 ad
1671 4156 1754 4221 N.
1797 4159 1989 4223 2969.

521 4242 868 4325 Hispanus
926 4240 1038 4307 ille
1096 4263 1291 4326 quem
1349 4243 1414 4307 h.
1461 4242 1504 4306 1.
1550 4241 1870 4309 Calvinus
1913 4243 2221 4310 Gauche·

519 4329 708 4393 riano
771 4327 1185 4393 commendat
1245 4329 1584 4394 Antonius
1648 4327 1755 4393 del
1819 4328 2030 4395 Corro
2094 4330 2222 4395 fuit

524 4412 606 4479 de
661 4413 847 4480 cuius
891 4414 1031 4479 vita
1071 4413 1202 4478 Vir
1243 4414 1399 4479 clar.
1443 4412 1616 4480 Edu.
1655 4413 1990 4480 Boehmer
2035 4416 2222 4481 nobis

521 4499 686 4565 haee
730 4497 963 4563 tradit:

647 4583 842 4651 Coro-o
883 4588 1066 4667 spent
1106 4603 1275 4649 some
1305 4585 1454 4651 time
1488 4589 1557 4651 at
1595 4584 1849 4651 Genava
1881 4586 2014 4650 and
2048 4586 2221 4652 Lau-

520 4690 735 4737 eaaeme.
792 4668 1000 4736 When
1019 4671 1091 4734 in
1116 4669 1425 4736 Navarra
1445 4690 1613 4737 some
1647 4670 1867 4754 liberty
1886 4693 2020 4737 was
2037 4674 2223 4756 yiven

522 4761 584 4824 to
623 4754 724 4821 the
765 4755 992 4839 vowel.
1051 4754 1126 4820 he
1166 4761 1325 4822 went
1379 4755 1545 4822 there
1582 4756 1733 4821 with
1779 4777 1868 4822 an
1910 4758 2222 4823 introduc-

522 4843 654 4908 tion
703 4842 869 4923 from
924 4838 1150 4909 Calvia
1206 4842 1394 4908 dated
1436 4841 1600 4925 May
1638 4846 1741 4908 26.
1796 4848 1959 4908 1559
2013 4849 2075 4909 to
2119 4843 2224 4909 La

530 4926 883 4994 Gaucherie
937 4931 1006 4992 at
1050 4926 1289 5007 Nerac,
1356 4927 1455 4993 the
1510 4932 1678 4993 tutor
1733 4929 1811 5011 of
1856 4928 1956 4995 the
2006 4929 2224 5011 stature

522 5013 675 5098 111119
696 5010 938 5095 Hem-y,
973 5031 1089 5078 son
1120 5014 1198 5096 of
1220 5013 1465 5080 Jeannc
1495 5013 1801 5082 a’Azbret.
1868 5013 2060 5082 Corra
2088 5035 2224 5081 was

522 5098 1774 5185 mademoderatorofthecitycolleye
1828 5101 2223 5168 atAireon

522 5184 623 5250 the
663 5184 906 5250 Adom.
992 5183 1241 5249 Invited
1292 5185 1372 5269 by
1422 5187 1688 5271 fugitive
1746 5185 2111 5269 Spanioeds
2160 5191 2222 5254 to

522 5271 720 5338 assi-st
757 5270 921 5337 their
1214 5273 1386 5338 ation
1424 5277 1494 5337 at
1526 5272 1873 5339 Bordeauoe
1909 5272 1986 5339 hc
2027 5272 2221 5339 asked

529 5356 783 5435 Calvia,
840 5356 913 5421 in
971 5378 1012 5422 a
1289 5358 1481 5425 dated
1533 5358 1881 5428 Bordeauae
1941 5359 2069 5427 od.
2115 5362 2218 5425 27.

2331 2698 2523 2767 3160.

2327 3470 2519 3539 3168.

2326 3728 2517 3796 3179.

2325 3814 2518 3882 3182.

4178 460 4307 528 618

2595 643 3244 730 osthesamcycar,
3299 648 3689 728 topromote
3742 644 3872 711 this
3926 645 4304 730 workbya

2594 730 2768 797 letter
2809 737 2870 795 to
2902 731 3001 797 the
3031 731 3357 797 „siniam
3397 732 3474 814 of
3495 730 3628 796 that
3660 751 3734 797 re
3786 732 3800 746 ’
3916 728 4035 819 [Ν.
4075 730 4299 819 3266}

2597 815 2782 883 Some
2821 816 3020 883 mocks
3142 836 3179 883 ο
3235 816 3682 900 auto-da-fe's
3891 818 4073 883 taken
4113 818 4304 900 place

2594 901 3050 969 atSevizana
3163 901 4305 969 alladolid....ldonotdoubt

2594 986 3072 1054 thatomois
3127 986 4304 1056 themanonwhomcabvinwrites

2593 1073 2693 1138 the
2729 1074 3084 1157 followiny:
3135 1073 3437 1139 Accessit
3479 1073 3693 1139 altera
3735 1073 4084 1139 differendi
4127 1074 4301 1140 ratio

2593 1159 2768 1243 quod
2812 1159 2921 1225 hic
2967 1157 3179 1224 bonus
3219 1160 3327 1224 vir
3366 1159 3653 1242 aliquam
3712 1157 3837 1225 sibi
3881 1159 4301 1227 commenda-

2593 1246 2843 1310 tionem
2868 1243 3009 1309 dari
3047 1243 3320 1329 rogabat
3355 1252 3459 1311 etc
3464 1295 3701 1310 .....
3744 1245 3973 1310 Μ8ο
4007 1245 4093 1311 811
4127 1267 4302 1310 nun-

2593 1332 2787 1396 cium.
2859 1329 3203 1413 Hispanus
3238 1337 3342 1395 est
3384 1339 3506 1397 etc.
3578 1331 3672 1396 At
3704 1330 3804 1396 the
3834 1332 4071 1396 words.-
4112 1331 4301 1399 Lite-

2593 1437 2706 1482 ras
2764 1414 2846 1480 ad
2906 1416 3162 1499 Regem
3232 1413 3394 1502 [not.
3451 1414 3521 1503 5]
3579 1418 3678 1481 the
3737 1416 3972 1482 editors
4022 1417 4304 1483 rmark:

2591 1501 2745 1567 Non
2807 1511 3094 1567 exstant.
3183 1501 3234 1565 I
3278 1501 3456 1567 think
3512 1522 3594 1568 on
3651 1501 3752 1566 the

2591 1588 2693 1652 the
2731 1588 3006 1653 undated
3048 1587 3220 1652 letter
3251 1587 3512 1670 printed
3554 1587 3639 1652 N.
3666 1591 3853 1652 2819.
3920 1588 3987 1653 Α
4019 1607 4302 1671 passaye

4133 1503 4303 1568 itis

2539 1696 2549 1705 ·
2588 1674 2760 1756 from
2794 1675 2847 1737 it
2877 1692 3089 1738 servas
3113 1693 3223 1756 my
3255 1673 3490 1753 special
3523 1674 3697 1739 task:
3730 1673 3830 1737 Le
3852 1682 4125 1756 present
4147 1695 4300 1758 por-

2593 1755 3237 1929 ffiffl‘ssuffi
3256 1759 3871 1928 “533132020031322'0‘2
3903 1764 4104 1910 ‘33³‘
4134 1779 4298 1825 Μ’

2589 1928 2698 1994 1)8
2757 1928 3103 2013 Stephano
3146 1929 3470 2014 Gragnon
3525 1929 3717 1995 nobis
3773 1931 3963 1997 testis
4023 1941 4127 1996 est
4166 1930 4298 1996 Vir

2593 2016 2823 2081 doctus
2891 2017 2960 2080 in
3026 2014 3328 2079 Bulletin
3395 2014 3594 2081 VIII.
3655 2020 3759 2096 75,
3828 2017 3940 2100 qui
4006 2037 4159 2082 eum
4222 2017 4296 2081 in

2593 2101 2946 2253 aaa.
2975 2099 4294 2270 ..mmm

2590 2271 2727 2338 Des
2752 2272 2983 2337 Gontes
3004 2272 3240 2337 vitiose
3275 2272 3598 2356 scriptum
3630 2273 3963 2339 credimus
3985 2282 4052 2338 et
4073 2274 4297 2338 virum

2593 2359 2875 2424 eundem
2937 2357 3145 2423 fuisse
3200 2377 3279 2422 88
3334 2356 3526 2423 illum
3584 2357 3698 2443 qui
3749 2357 3835 2426 Ν.
3882 2361 4048 2422 3785
4104 2359 4294 2424 Hier.

2591 2442 2708 2509 des
2774 2443 3062 2509 98111188
3139 2443 3543 2510 nominatur.
3649 2444 3995 2509 Laudatur
4058 2443 4296 2528 aliquis

2590 2530 2791 2595 huius
2835 2530 3124 2593 nominis
3167 2528 3493 2613 fugitivus
3525 2539 3681 2614 post
3718 2529 3983 2595 caedem
4006 2529 4295 2595 Bartho-

2591 2614 2938 2681 lomaicam
2981 2615 3052 2678 in
3096 2614 3342 2679 Bullet.
3387 2613 3479 2681 X.
3528 2619 3674 2680 233.

2593 2701 2733 2765 Nos
2796 2701 2864 2764 in
2938 2701 3207 2765 nomine
3265 2700 3553 2766 Fontani
3619 2701 3912 2768 haesisse
3988 2701 4107 2766 vix
4194 2708 4297 2768 est

2589 2786 2764 2869 quod
2830 2785 3112 2851 mireris.
3197 2784 3436 2851 Plures
3481 2788 3666 2852 fuere
3724 2788 3838 2870 qui
3880 2786 3988 2852 vel
4029 2807 4150 2870 pro
4197 2788 4296 2853 rio

2589 2891 2708 2937 suo
2754 2871 3020 2936 nomine
3063 2870 3168 2936 vel
3235 2871 3518 2938 ascititio
3562 2873 3668 2938 La
3708 2873 4069 2951 Fontaine,
4176 2894 4296 2939 on-

2589 2967 2810 3036 tanus,
2856 2977 2897 3022 a
2930 2957 3168 3037 Fonte,
3214 2967 3283 3022 et
3325 2956 3648 3023 similibus
3690 2958 4046 3023 veniebant
4079 2960 4176 3043 (v.
4220 2960 4297 3024 in

2588 3041 2846 3125 Indice)
2910 3051 2987 3108 ut
3049 3042 3232 3109 haud
3275 3042 3466 3109 facile
3508 3041 3791 3128 singulis
3852 3044 3925 3109 in
3982 3043 4142 3110 locis
4184 3066 4298 3112 eos

2590 3129 2988 3195 distinxeris.
3102 3127 3328 3210 Quum
3391 3130 3464 3194 18
3539 3130 4020 3213 subscriptione
4096 3130 4296 3197 huius

2590 3215 2903 3298 epistolae
2945 3215 3028 3279 R.
3074 3233 3471 3297 praenomen
3516 3215 3809 3300 legatur,
3862 3216 3997 3281 iam
4041 3214 4122 3281 de
4156 3217 4298 3282 Ro-

2591 3300 2778 3366 berto
2856 3300 3270 3384 potissimum
3347 3302 3710 3386 cogitamus
3788 3305 3900 3386 qui
3969 3301 4133 3368 alias
4190 3303 4294 3370 Le

2589 3386 2864 3452 Masson
2906 3385 3282 3451 vocabatur.

2585 3471 2922 3538 Lusenius
2987 3469 3163 3536 idem
3226 3491 3370 3536 esse
3433 3470 3703 3538 videtur
3758 3491 3835 3539 ao
3892 3471 4005 3538 ille
4048 3473 4162 3557 qui
4203 3473 4289 3541 Ν.

2588 3561 2750 3622 2981
2819 3554 3198 3622 Luszenski
3263 3564 3565 3637 vocatur,
3631 3558 3790 3623 olim
3859 3558 3934 3623 in
3976 3558 4292 3626 Helvetia

2588 3641 2990 3726 aliquamdiu
3034 3649 3489 3708 commoratus.

2586 3729 2870 3795 98118118
2914 3727 3152 3811 aliquis
3195 3727 3480 3794 occurrit
3521 3728 3722 3794 etiam
3765 3726 3850 3795 N.
3901 3734 4083 3796 1406.

2586 3814 2712 3880 Ed.
2737 3812 3070 3879 Boehmer
3110 3814 3245 3877 iam
3267 3813 3464 3878 aliam
3504 3811 3847 3880 nobiscum
3891 3819 4290 3884 sententiam

2586 3899 3047 3965 communicat.
3138 3898 3387 3963 Scribit
3440 3900 3618 3964 enim
3661 3898 3704 3963 l.
3761 3901 3836 3966 L:
3908 3902 4010 3966 As
4047 3904 4152 3986 for
4193 3903 4290 3970 the

2583 3983 3392 4068 yearofCorro’sletter,
3457 3985 4289 4073 Ifomerlycouhimtly

2584 4069 4288 4141 arrivetotheconclusionthatitmusthavebaen

2583 4158 2828 4222 written
2886 4156 3072 4221 about
3135 4160 3338 4234 1560,
3406 4157 3536 4222 and
3598 4155 3696 4224 the
3758 4158 3994 4225 editors
4057 4160 4136 4241 of
4188 4159 4289 4225 the

2588 4241 2814 4308 Calvia
2870 4241 3073 4307 letters
3125 4238 3549 4329 haveplaoed
3605 4243 3657 4307 it
3707 4244 4286 4329 underthisyear.

2583 4326 2722 4393 But
2781 4328 2946 4411 after
3007 4326 3242 4411 haviny
3304 4333 3406 4410 yot
3468 4328 3817 4412 knowledye
3878 4329 3955 4411 of
4005 4329 4290 4411 theja-st

2581 4413 2926 4480 mentioned
2967 4412 3142 4478 letter
3182 4413 3259 4496 of
3293 4412 3515 4480 Calvia
3563 4412 3680 4496 (N.
3728 4418 3946 4501 3061)
3992 4415 4149 4482 Ido
4181 4419 4288 4482 not

2581 4501 2767 4563 doubt
2809 4498 2940 4565 that
2981 4498 3034 4562 it
3072 4517 3208 4563 was
3249 4498 3494 4564 written
3536 4499 3702 4582 affer
3725 4499 3973 4566 Corro's
4012 4501 4285 4569 devnand

2575 4586 2742 4666 from
2791 4584 3148 4650 Lausanne.
3242 4582 3545 4650 Consider-
3595 4585 3737 4652 8188
3790 4585 3955 4651 what
4010 4589 4072 4653 is
4132 4588 4284 4654 said

2579 4671 2650 4735 in
2692 4670 2829 4736 both
2869 4690 2948 4735 on
2992 4668 3086 4734 Le
3133 4668 3295 4753 Gay.

2321 4756 2512 4823 3214.
2558 4754 2749 4821 3219.
2817 4755 3064 4820 Errore
3120 4753 3465 4839 bibliopegi
3522 4755 3791 4822 incaute
3844 4756 4098 4842 decepti
4149 4758 4283 4827 duo

2318 5096 2510 5168 m.

2579 4843 2953 4926 fragmenta
2994 4837 3286 4904 eiusdem
3329 4841 3642 4924 epistolae
3683 4843 3960 4910 seorsim
4005 4844 4281 4912 colloca-

2579 4928 2828 5006 vimus,
2885 4946 3053 5009 quae
3109 4923 3450 4992 evidenter
3505 4925 3591 4993 ad
3633 4948 3832 4994 unam
3875 4928 4283 5015 eandemque

2662 5012 2934 5078 rtinent.

2615 5122 2662 5166 n
2705 5101 2838 5165 fine
2879 5096 3192 5164 laudatur
3216 5093 3580 5165 Mercurius
3617 5098 3857 5183 aliquis
3897 5100 4012 5183 qui
4052 5099 4280 5170 literas

2577 5206 2662 5253 ex
2705 5185 2982 5251 Polonia
3023 5181 3355 5249 afferebat.
3441 5184 3514 5251 Is
3553 5184 3638 5251 Ν.
3683 5188 3851 5251 3287
3897 5184 4136 5252 Gallus
4179 5187 4278 5253 di-

2578 5273 2771 5352 citur,
2814 5278 2884 5337 et
2923 5270 3007 5335 Ν.
3056 5273 3224 5335 8109
3266 5288 3313 5334 α
3345 5268 3741 5339 Mercurinis
3779 5278 4076 5338 vocatur.
4165 5272 4277 5340 Ex

2582 5379 2709 5443 quo
2762 5358 3220 5423 incunctanter
3268 5376 3424 5422 eum
3480 5377 3631 5424 cum
3672 5356 3787 5423 illo
3826 5357 4277 5442 componimus
