4900 6125
580 584 896 671 pan-bilin
950 584 1067 652 ille
1122 585 1476 651 thesaurus
1534 601 1732 667 quem
1775 583 1962 651 Deus
2011 580 2188 667 apud
2230 589 2301 648 te
2344 580 2546 668 depo·

578 681 829 750 aaut,
876 671 1136 738 utinam
1180 671 1399 756 potius
1441 669 1536 736 sis
1578 669 1721 770 ipse
1762 667 1982 747 iudex,
2027 689 2229 753 quam
2272 688 2547 754 exspec-

580 769 689 824 tes
755 755 917 824 dum
979 777 1201 824 coram
1272 755 1537 824 coelesti
1601 755 1820 823 iudice
1884 752 2222 822 reddenda
2284 756 2375 822 sit
2428 754 2547 820 otii

580 843 769 910 ratio.
860 841 1042 926 Quid
1100 841 1244 910 dico
1301 839 1557 908 otium?
1646 840 1881 926 Neque
1921 842 2097 909 enim
2138 841 2286 908 sine
2328 841 2547 908 fructu

580 929 798 996 solum
842 928 1191 996 iacuerunt
1229 934 1334 994 tot
1420 926 1752 994 raeclarae
1796 924 1998 1006 dotes,
2059 924 2177 993 sed
2219 927 2293 992 in
2336 925 2547 992 sordi-

582 1015 711 1082 bus
759 1015 1101 1082 demersae
1142 1015 1217 1078 in
1262 1034 1381 1098 pro
1426 1034 1573 1079 rum
1618 1021 1687 1079 et
1731 1011 2013 1080 dedecus
2056 1014 2350 1079 sincerae
2393 1012 2550 1079 fidei

623 1099 1062 1169 uodammodo
1104 1106 1465 1168 cessarunt.
1536 1095 1868 1181 Quamvis
1900 1100 2078 1164 enim
2113 1098 2311 1166 laude
2346 1097 2552 1185 digna

694 1187 783 1252 rit
844 1187 1023 1252 vitae
1086 1186 1430 1272 integritas
1496 1193 1566 1250 et
1622 1186 1918 1252 castitas:
1986 1184 2116 1252 scis
2180 1193 2422 1264 tamen,
2482 1194 2549 1251 et

584 1292 717 1338 non
760 1273 907 1339 sine
947 1272 1239 1337 maximo
1281 1270 1503 1337 dolore
1545 1269 1858 1338 viderunt
1901 1271 1993 1355 pii
2029 1279 2098 1337 et
2139 1269 2387 1337 cordati
2425 1269 2546 1336 ho-

580 1359 816 1439 mines,
862 1358 1097 1441 impios
1140 1365 1209 1424 et
1249 1357 1599 1424 sceleratos
1643 1355 1725 1422 de
1770 1366 1837 1423 te
1880 1355 2292 1442 triumphum
2330 1377 2545 1442 agere,

580 1464 784 1528 quum
821 1451 1003 1509 metu
1037 1444 1437 1511 constrictus
1472 1443 1975 1510 obmutesceres.
2045 1442 2402 1509 Praeteriit
2443 1442 2547 1507 ni-

582 1529 709 1595 mis
761 1528 1035 1613 longum
1092 1537 1372 1613 tempus,
1451 1550 1580 1612 quo
1644 1529 1887 1596 misera
1948 1528 2065 1594 illa
2127 1549 2260 1595 non
2326 1528 2550 1594 minus

624 1634 778 1680 uam
823 1615 1038 1699 turpis
1081 1615 1371 1681 servitus
1414 1615 1657 1680 mentis
1691 1622 1845 1681 tuae
1878 1615 2180 1699 vigorem
2201 1613 2546 1698 oppressit.

580 1635 803 1766 {Detur
856 1701 1057 1766 venia
1112 1701 1448 1767 communi
1490 1699 1693 1768 malo:
1741 1701 1898 1785 quia
1938 1701 2211 1767 obiectis
2255 1699 2549 1783 undique

587 1784 953 1853 terroribus
995 1787 1186 1869 pauci
1232 1787 1302 1851 in
1390 1807 1521 1853 uue
1566 1785 1820 1852 Christi
1864 1808 1937 1853 se
1995 1785 2351 1870 discipulos
2393 1806 2548 1870 pro-

583 1871 755 1937 fiteri
823 1871 1174 1938 audebant.
1332 1893 1463 1939 unc
1506 1891 1668 1940 vero
1711 1894 1795 1938 ex
1840 1892 1970 1956 quo
2014 1872 2248 1938 melior
2293 1872 2548 1938 affulsit

578 1955 865 2024 conditio
910 1957 1067 2024 filiis
1112 1958 1259 2036 Dei,
1302 1966 1378 2024 ut
1420 1978 1461 2022 a
1502 1958 1792 2041 periculo
1835 1958 2149 2024 immunis
2193 1958 2282 2025 sit
2316 1978 2548 2023 eorum

580 2040 868 2120 libertas,
912 2064 1099 2109 erum
1151 2064 1263 2110 ere
1308 2044 1375 2109 in
1422 2064 1647 2109 vocem
1691 2065 1767 2110 co
1857 2064 1920 2109 r:
1993 2043 2356 2128 Quousque
2400 2052 2548 2109 tan·

581 2127 731 2195 dem
776 2136 1015 2212 sponte
1058 2129 1109 2194 li
1193 2129 1290 2195 bit
1332 2130 1744 2215 tergiversari
1794 2150 1833 2196 o
1869 2129 2215 2196 Christum
2249 2131 2394 2195 iure
2429 2150 2549 2195 suo

581 2213 937 2281 fraudare?
1015 2215 1359 2282 Hactenus
1397 2215 1513 2281 ind
1632 2225 1822 2283 enter
1857 2215 1975 2281 tibi
2010 2217 2199 2282 Deus
2233 2216 2550 2301 pepercit,

586 2298 743 2365 dum
798 2309 1016 2367 rectae
1073 2301 1554 2386 intelligentiae
1622 2322 1840 2382 umen,
1908 2302 2084 2387 quod
2127 2302 2550 2369 cunctatione

584 2395 699 2451 tua
762 2387 1119 2463 suffocasti,
1196 2408 1469 2472 prorsus
1529 2388 1867 2472 exstingui
1936 2409 2172 2471 passus
2235 2407 2370 2455 non
2427 2397 2548 2453 est.

580 2471 718 2538 Sed
762 2472 1030 2539 obsecro
1066 2494 1185 2557 per
1228 2473 1401 2539 hanc
1434 2473 1935 2560 indulgentiam,
1979 2495 2113 2558 qua
2144 2481 2213 2539 te
2250 2473 2333 2540 ad
2370 2473 2550 2539 huno

580 2579 787 2641 usque
846 2558 1021 2625 diem
1087 2559 1421 2638 sustinuit,
1467 2581 1594 2644 quo
1639 2569 1735 2625 tot
1778 2559 2123 2626 hominum
2168 2559 2381 2625 millia
2424 2559 2547 2625 sub

579 2643 902 2711 vexillum
946 2665 1019 2711 se
1061 2644 1429 2729 colligendo
1474 2655 1541 2711 te
1586 2644 1671 2711 ad
1724 2644 2000 2712 eandem
2052 2646 2257 2713 studii
2312 2644 2547 2711 alacri-

583 2741 786 2795 tatem
848 2731 1154 2810 invitant,
1223 2739 1298 2796 ut
1356 2730 1707 2815 diligenter
1764 2741 1983 2799 mcum
2042 2741 2305 2815 reputes
2349 2751 2550 2816 quam

587 2817 951 2900 pretiosum
994 2817 1141 2882 Deo
1197 2817 1598 2883 sacrificium
1642 2818 1731 2883 sit
1795 2839 1962 2902 pura
2004 2818 2135 2884 Dei
2190 2816 2548 2884 confessio:

582 2909 658 2969 ut
700 2899 874 2987 quod
918 2902 1257 2968 residuum
1300 2911 1402 2970 est
1445 2903 1641 2980 vitae,
1688 2903 1801 2969 ubi
1844 2904 2230 2987 simpliciter
2274 2902 2548 2970 Christo

581 2985 873 3054 dicatum
894 2988 1113 3069 fuerit,
1151 2988 1528 3055 tarditatem
1566 2990 1848 3057 anteacti
1886 2990 2202 3075 temporis
2238 3009 2548 3074 compen-

585 3082 706 3141 set.
796 3074 983 3139 Nihil
1048 3085 1226 3143 certe
1287 3074 1640 3143 iucundius
1704 3077 1871 3142 mihi
1938 3076 2233 3145 accidere
2286 3076 2550 3160 poterit,

584 3180 785 3244 quam
828 3161 884 3226 si
930 3161 1216 3241 audiero,
1283 3171 1350 3228 te
1407 3182 1687 3230 excussa
1740 3162 2014 3229 mollitie
2069 3171 2137 3229 et
2194 3161 2550 3228 timiditate

584 3246 762 3313 victa
820 3245 1090 3313 Christo
1135 3247 1353 3331 palam
1398 3255 1469 3314 et
1510 3270 1595 3315 ex
1640 3250 1934 3350 professo
1979 3270 2223 3316 nomen
2268 3247 2545 3314 dedisse.

589 3330 989 3416 Quanquam
1046 3341 1122 3399 ut
1178 3333 1301 3399 hoc
1357 3334 1526 3399 mihi
1570 3335 1882 3418 privatim
1924 3334 2040 3402 des
2084 3356 2219 3401 non
2263 3333 2547 3418 postulo,

587 3416 703 3485 sed
772 3427 847 3483 ut
910 3417 1218 3486 ecclesias
1282 3440 1514 3488 omnes
1571 3443 1734 3505 quas
1788 3420 2179 3487 mirabiliter
2237 3421 2424 3486 Deus
2478 3421 2552 3484 in

590 3503 816 3570 Gallia
874 3506 1089 3570 erexit
1145 3506 1505 3573 exhilares:
1572 3528 1738 3591 quae
1781 3511 2086 3574 certatim
2140 3506 2265 3573 sibi
2319 3517 2385 3572 et
2428 3504 2551 3571 tibi

587 3589 1118 3677 gratulabuntur,
1154 3593 1209 3659 si
1246 3592 1493 3659 relictis
1529 3592 1821 3660 hostium
1856 3594 2090 3660 castris
2111 3602 2178 3658 te
2201 3593 2272 3658 in
2295 3591 2551 3658 Christi

589 3676 760 3741 ovile
804 3677 1177 3745 contuleris.
1258 3678 1396 3745 Nec
1441 3700 1689 3764 parvus
1730 3700 1956 3746 eorum
2002 3680 2115 3763 qui
2159 3678 2375 3745 adhuc
2433 3698 2552 3742 va-

589 3760 821 3827 cillant
878 3783 1193 3829 numerus
1250 3784 1321 3831 se
1367 3763 1449 3830 ad
1494 3765 1932 3832 imitationem
1977 3765 2281 3850 protinus
2336 3763 2554 3831 accin-

589 3858 717 3932 get.
802 3849 901 3914 Ac
942 3849 999 3914 si
1042 3849 1400 3932 prudenter
1454 3851 1789 3935 expendas
1839 3873 2035 3935 quam
2080 3850 2275 3916 multi
2328 3851 2445 3917 abs
2489 3859 2554 3914 te

590 3932 941 4017 pendeant,
1009 3943 1079 4000 et
1134 3957 1330 4020 quam
1388 3937 1750 4002 multorum
1807 3938 1877 4003 in
1939 3946 2004 4003 te
2061 3936 2360 4003 conversi
2419 3936 2555 4001 sint

591 4018 781 4097 oculi,
850 4019 1038 4085 facile
1094 4041 1464 4105 cognosces,
1543 4032 1619 4088 ut
1677 4023 2069 4090 excusabilis
2127 4023 2215 4088 sit
2269 4022 2554 4088 aliorum

591 4116 833 4189 torpor,
900 4109 1245 4172 cessationi
1314 4118 1466 4174 tuae
1534 4108 1716 4174 nullo
1771 4109 1962 4175 modo
2028 4129 2219 4193 posse
2280 4108 2552 4193 ignosci.

590 4191 795 4256 Forte
861 4191 991 4256 iam
1051 4193 1213 4258 satis
1269 4203 1335 4258 te
1378 4195 1741 4259 animatum
1786 4195 2116 4279 reperient
2172 4216 2357 4261 meae
2405 4194 2553 4259 lite·

588 4298 719 4354 rae,
788 4288 867 4342 ut
909 4298 1316 4361 supervacua
1357 4280 1446 4345 sit
1491 4280 1879 4347 exhortatio.
1970 4280 2284 4347 Partibus
2329 4290 2556 4345 tamen

588 4363 754 4428 meis
820 4360 1046 4429 deesse
1113 4363 1312 4430 nolui.
1423 4364 1612 4443 Vale,
1691 4367 2255 4449 praestantissime
2316 4367 2421 4433 vir
2488 4375 2556 4431 et

590 4448 753 4514 mihi
799 4470 882 4514 ex
938 4450 1157 4515 animo
1223 4448 1507 4517 colende.
1605 4451 1933 4520 Dominus
1994 4464 2059 4517 te
2125 4453 2365 4538 spiritu
2430 4472 2552 4517 suo

588 4535 932 4619 gubernet,
967 4534 1353 4601 fortitudine
1389 4537 1678 4602 instruat
1713 4548 1781 4603 et
1824 4539 2220 4605 incolumem
2264 4546 2549 4605 tueatur.

598 4626 691 4686 13.
740 4618 1070 4687 Calendas
1117 4619 1520 4701 Decembris,
1576 4627 1754 4688 1561.

1516 4759 1797 4826 Ioannes
1841 4762 2162 4829 Calvinus
2204 4772 2374 4828 tuus.

2100 391 2632 464 EPIS'I'OLAL·
2675 396 3102 462 sels-3618

4481 403 4580 470 120

3541 581 3740 654 sm.

2846 738 3206 806 cALvm
3251 742 3315 807 A
3357 723 3793 808 L’Eemsss
3843 739 3973 808 Da
4017 739 4408 808 moras,

2829 908 4130 996 Rbpmwedlaquestiondesavoirsi
4183 911 4588 996 noeque«-

2651 995 4588 1083 raeddidecoetevmepeutaereadmisauminmredan

2654 1082 4112 1167 z’bqlieepmtestanteeommizledmande.

2655 1252 2834 1318 (Nous
2870 1271 3041 1311 avons
3075 1254 3254 1310 donne
3291 1256 3344 1309 le
3378 1261 3532 1311 texte
3567 1256 3771 1312 authen
3801 1256 3815 1270 '
3857 1273 3926 1311 ue
3960 1257 4030 1312 de
4065 1273 4128 1312 ee
4161 1256 4449 1312 document
4470 1255 4595 1314 dans

2651 1323 2735 1377 les
2774 1321 3042 1386 Οοηεᾱία,
3077 1324 3247 1379 Teme
3282 1323 3356 1381 X.
3391 1325 3467 1380 It·
3505 1324 3691 1379 Partis
3727 1343 3778 1395 p.
3850 1323 3935 1380 84.
4006 1326 4129 1381 mle
4163 1334 4252 1382 eat
4281 1326 4355 1380 du
4383 1323 4450 1406 12
4467 1324 4594 1381 Nov.

2652 1399 3221 1517 amaziam
3264 1400 3641 1533 tam.
3655 1393 3868 1518 ξω.
3812 1464 3847 1517 ι
3893 1394 4090 1545 3⁸⁰1:
4121 1393 4433 1519 aram...
4465 1401 4594 1518 εεῑ

2651 1545 2844 1585 menae
2878 1547 2981 1600 par
3016 1547 3106 1586 ces
3140 1537 3319 1586 mots:
3517 1608 3629 1654 nov·
3667 1537 3988 1668 mna-8⁶)
4008 1539 4111 1588 etc.
4165 1533 4349 1603 Comp.
4369 1530 4596 1597 RBGOE,

3429 1878 3556 1886 -—-

3540 2128 3733 2198 3⁶17.

3205 2282 3683 2351 CALVINUS
3729 2284 4055 2350 BEZAE.

2833 2456 3240 2522 Transmiuit
3306 2457 3366 2521 ei
3431 2457 3650 2522 litera-3
3712 2456 3798 2522 ad

2654 2541 2816 2608 lium
2835 2544 2912 2608 de
2944 2543 3256 2625 episeopis
3282 2542 3680 2625 recipiendis.
3755 2541 3920 2606 Tum
3953 2541 4272 2623 respondit
4309 2539 4402 2605 ad
4425 2537 4616 2620 plura

2654 2629 2792 2696 alia
2834 2630 2907 2694 in
2942 2628 3156 2696 Besae
3197 2629 3462 2711 nuperis
3499 2627 3777 2709 epistolis
3817 2626 4273 2709 comprehensa.

3867 2453 4264 2521 Saliniactm
4327 2458 4385 2518 et
4429 2453 4614 2517 consi-

2656 2799 3087 2923 (Aufflaphon
3123 2815 3231 2853 non
3269 2804 3462 2853 exstat.
3535 2798 3904 2852 Describimus
3954 2814 4021 2851 ex
4068 2797 4198 2852 Cod.
4233 2795 4442 2851 Gener.
4481 2791 4618 2858 10⁷..

2654 2870 2746 2924 fol.
2893 2906 2907 2920 .
2977 2869 3306 2925 Recentiora
3339 2882 3496 2923 exem
3537 2868 3676 2921 laria
3708 2865 3876 2922 habes
3911 2867 3968 2921 iu
4004 2866 4133 2921 Cod.
4177 2864 4318 2932 111⁸,
4372 2865 4469 2919 fol.
4503 2861 4618 2928 206,

2655 2939 2714 2992 in
2749 2937 2885 2994 eod.
2922 2939 3088 2992 Beru.
3127 2939 3266 3008 Epp.
3293 2935 3388 2992 VI.
3463 2977 3475 2990 .
3539 2935 3622 2996 12.
3660 2953 3747 3005 ap.
3775 2936 3991 2991 simler.
4027 2935 4154 2989 Vol.
4176 2932 4293 2987 102.
4331 2963 4400 2974 —
4437 2932 4620 2987 Edidit

2817 3008 2992 3063 Baum
3028 3007 3095 3063 11.
3133 3007 3281 3077 App.
3319 3021 3373 3076 p.
3415 2955 3532 3060 i’29.
3605 3004 3803 3063 Versio
3839 3005 4050 3076 anglica
4086 3003 4150 3058 Τ.
4186 3002 4286 3057 Π.
4321 2999 4477 3071 237.)

2894 3182 2958 3247 A
3002 3180 3346 3246 Monsieur
3389 3188 3458 3245 et
3500 3178 3671 3244 aime
3713 3178 3886 3243 frere
3929 3177 4028 3242 Μ’
4071 3173 4153 3241 de
4201 3176 4399 3242 Beze.

2829 3351 3000 3419 Heri
3060 3372 3228 3436 equo
3282 3357 3517 3417 vectus
3571 3348 3654 3415 ad
3711 3368 3982 3414 coenam
4027 3348 4242 3431 reperi
4285 3348 4336 3412 h
4594 3380 4622 3395 -

2655 3448 2834 3506 stum
2879 3437 3303 3505 calefactum:
3349 3436 3487 3501 illic
3530 3435 3743 3520 primo
3789 3435 4094 3517 ingressu
4128 3432 4294 3498 mihi
4330 3432 4622 3499 redditae

2653 3526 2927 3591 fuerunt
2967 3524 3224 3608 priores
3267 3530 3419 3588 tuae
3464 3521 3710 3599 literae,
3745 3518 3793 3605 ¹)
3838 3520 4077 3602 quibus
4120 3518 4426 3603 legendis
4471 3518 4624 3584 dum

2653 3612 2960 3677 intentus
2989 3630 3138 3676 sum
3175 3629 3386 3693 vapor
3421 3605 3760 3673 cerebrum
3797 3606 4138 3688 percussit.
4211 3605 4366 3672 Etsi
4403 3614 4624 3669 autem

2655 3697 2841 3764 cibus
2894 3696 3446 3762 sternutationem
3500 3691 3914 3775 compescuit,
3993 3690 4262 3756 domum
4317 3708 4626 3757 reversus

2656 3783 2832 3850 sensi
2876 3782 3127 3847 malum
3172 3782 3649 3864 ingravescere.
3740 3776 3954 3842 Paulo
3999 3787 4147 3860 post
4190 3776 4443 3843 alteras
4487 3786 4628 3840 tuas

2657 3869 2897 3953 accepi.
2918 3872 2977 3945 2)
3068 3864 3356 3944 Videbis,
3399 3865 3559 3949 quid
3620 3862 3955 3947 Saliynaco
4007 3863 4408 3947 scripserim.
4499 3859 4626 3927 Ubi

2656 3954 3006 4039 epistolam
3074 3951 3333 4037 legeris,
3413 3960 3529 4016 tuo
3606 3948 3878 4015 arbitrio
3941 3948 4052 4014 vel
4116 3950 4464 4032 supprime
4524 3944 4628 4010 vel

2659 4038 3063 4106 reddendam
3118 4057 3295 4105 cura.
3385 4036 3541 4102 Non
3595 4035 3823 4118 putavi
3879 4033 4098 4100 lenius
4152 4056 4304 4100 cum
4363 4034 4630 4099 homine

2657 4125 3011 4211 agendum,
3080 4124 3267 4190 cuius
3324 4132 3550 4206 torpor
3598 4120 3796 4205 longo
3855 4121 4171 4204 temporis
4229 4128 4458 4187 tractu
4501 4119 4632 4183 fere

2658 4210 2741 4277 ad
2802 4222 3152 4278 veternum
3195 4230 3401 4292 usque
3442 4205 3771 4274 obduruit.
3852 4205 4124 4271 Utinam
4171 4227 4350 4273 nunc
4397 4205 4629 4272 saltem

2656 4299 3085 4382 expergefiat,
3121 4315 3199 4361 ac
3240 4295 3660 4361 festinatione
3701 4291 3964 4358 studeat
3999 4299 4225 4357 notam
4268 4288 4632 4388 superioris

2656 4386 2967 4469 ignaviae
3013 4383 3412 4466 abstergere.
3499 4379 3789 4447 Causam
3841 4378 4163 4444 Treoeneis
4218 4377 4516 4461 episcopi
4567 4394 4631 4438 m

2657 4490 2920 4555 genere,
2957 4476 3038 4533 ut
3068 4466 3364 4552 optabas,
3407 4465 3706 4533 tractavi.
3778 4463 4108 4529 Brevitati
4146 4470 4376 4529 tamen
4415 4464 4633 4547 ignos-

2658 4577 2785 4635 ces,
2831 4555 2915 4620 ad
2961 4575 3160 4638 quam
3195 4574 3302 4618 me
3336 4572 3515 4618 nunc
3550 4550 3769 4634 adegit
3803 4550 4178 4627 necessitas,
4226 4570 4438 4633 quum
4477 4548 4634 4613 alio-

2656 4644 2769 4726 qui
2805 4641 2971 4707 mihi
3008 4641 3098 4706 sit
3133 4639 3449 4723 ingenita.
3523 4634 3715 4702 Adde
3749 4635 3921 4718 quod
3965 4635 4037 4699 in
4077 4635 4199 4701 hoc
4235 4640 4634 4719 argumento

2657 4728 2824 4794 mihi
2869 4726 3152 4792 libenter
3197 4736 3514 4808 tempero,
3575 4745 3660 4789 ne
3705 4720 3936 4787 videar
3976 4720 4160 4805 leges
4206 4721 4402 4804 quasi
4451 4719 4634 4787 victis

2655 4837 2745 4880 im
2834 4834 3013 4879 nere.

2751 4836 3031 4981 poQuod
3077 4897 3158 4962 de
3201 4901 3627 4981 praepostero
3673 4903 4050 4959 nostrorum
4094 4892 4357 4958 fervore
4405 4889 4640 4959 scribis

2654 4988 3081 5053 verissimum
3140 4991 3259 5061 est,
3328 5002 3538 5065 neque
3595 4988 3821 5046 tamen
3875 4978 4013 5045 ulla
4067 4980 4362 5045 occurrit
4413 4976 4632 5045 mode·

2663 5144 2786 5152 —-
