4900 6125
318 392 423 454 425

316 585 459 643 tates
510 581 755 660 gerunt
808 574 1042 641 tacitas
1096 573 1484 640 simultates.
1560 572 1807 639 Hostes
1863 580 2245 640 oonstanter

313 682 436 729 sese
465 667 695 727 mutuo
728 667 1021 737 tuentur,
1066 669 1143 725 ut
1175 679 1406 725 verear
1441 679 1527 723 ne
1566 658 1880 725 fallantur
1921 659 2030 743 qui
2071 659 2243 724 mul-

313 755 431 813 tsm
483 766 665 831 spem
722 747 793 811 in
850 744 1225 812 hominibus
1278 744 1618 812 oollooant.
1712 742 1851 811 Sed
1892 743 2056 812 haee
2110 746 2243 811 iam

310 831 535 900 dudum
580 833 772 898 nosti.
855 830 1081 899 Unum
1125 830 1250 898 hoo
1303 829 1627 908 adiieiam,
1685 829 2018 897 diffieilem
2076 829 2244 897 mihi

307 918 494 985 videri
550 916 963 1003 quorundam
1005 916 1513 984 Valesianorum
1571 915 2110 1001 pollicitationem
2163 915 2245 982 de

307 1002 608 1070 mittendo
641 1003 942 1088 peditatu
967 1001 1296 1071 Gondausi.
1317 1001 1372 1088 ⁸)
1433 1003 1495 1068 E
1532 1001 1720 1070 nobis
1754 1003 1932 1068 enim
1966 1002 2246 1068 militem

307 1088 595 1175 colligere
649 1108 785 1156 non
841 1088 1083 1157 lieebit.
1177 1087 1425 1155 Rhaefi
1483 1087 1702 1155 dissiti
1757 1097 1915 1155 sunt
1977 1087 2043 1152 lo
2142 1088 2246 1154 ‘us

307 1196 482 1261 qnam
523 1185 605 1240 ut
646 1176 791 1241 sine
832 1174 1299 1259 impedimento
1341 1172 1465 1241 sub
1506 1173 1614 1240 his
1655 1171 1930 1241 ducibus
1971 1174 2044 1239 in
2213 1208 2244 1225 ·

304 1261 444 1327 liam
497 1261 913 1346 perveniant.
993 1259 1354 1326 Valesiana
1406 1259 1589 1345 plebs
1646 1259 1956 1345 pertinax
2014 1268 2116 1328 est
2169 1259 2245 1325 in

305 1348 596 1432 papismo.
667 1344 816 1414 Seis
856 1367 965 1413 me
1008 1346 1133 1412 hoo
1191 1346 1408 1411 dioere
1468 1345 1588 1412 tibi
1633 1367 1718 1412 ne
1772 1345 2091 1412 fallantur
2131 1345 2246 1429 qui

307 1431 634 1500 Gondmis
673 1433 940 1498 nomine
983 1432 1109 1497 hoo
1150 1441 1375 1516 agunt,
1417 1453 1587 1498 neve
1621 1438 1861 1515 putent
1901 1432 1969 1497 in
2007 1452 2244 1515 panoe-

306 1539 439 1584 rum
480 1518 774 1602 alioquin
818 1518 1137 1584 bonorum
1185 1517 1474 1585 virorum
1518 1524 1843 1601 potestate
1886 1538 2029 1585 esse
2072 1517 2243 1602 quod

304 1604 1223 1758 mzoessffuazmssffi
1267 1603 1840 1768 .{'“.};'.;.?2{⁰;.2⁰
1861 1603 2246 1773 3¹³2}AE

456 1741 1122 1928 29dt’aiittiientuisss}otis,
1165 1783 1344 1842 oerte
1378 1774 1488 1860 pia
1528 1782 1596 1841 et
1637 1773 1771 1841 fida
1803 1795 2020 1859 opera.
2080 1775 2244 1842 Ber·

303 1882 415 1928 nse
538 1910 556 1927 .
715 1863 752 1875 ””
811 1867 885 1925 15
977 1911 992 1927 .

1167 1998 1352 2064 Tuus
1395 1998 1705 2065 Nioolaus
1749 1998 2154 2066 Zerohintes.

1051 2291 1464 2303 ῃ*

1167 2546 1362 2616 37⁹5.

747 2717 1268 2785 GRAVELLE
1302 2720 1357 2801 ¹)
1400 2721 1465 2785 A
1508 2703 1770 2785 ΒΕΖΕ.

452 2890 843 2976 Βόρῑίεεᾶε
892 2888 1849 2975 Troyosoailestapremt
1889 2888 2238 2956 auraitbe-

291 2975 1188 3059 memmmdpasteur.

290 3146 664 3219 (Autograpbe
699 3148 768 3203 de
804 3149 858 3202 la
891 3146 1282 3218 Bibliotheque
1317 3148 1386 3202 de
1412 3147 1647 3203 Geneve.
1691 3146 1807 3203 MS.
1845 3145 1964 3215 196,
2001 3147 2093 3204 fol.
2126 3146 2236 3215 58.)

450 3323 512 3386 A
559 3322 902 3387 Monsieur
943 3319 1286 3386 Monsieur
1329 3318 1411 3386 de
1454 3319 1629 3386 Bene

1346 3405 1451 3471 La
1491 3414 1644 3489 pm
1686 3414 1770 3472 ou
1812 3406 1857 3470 il
1902 3427 2065 3473 sera.

287 3575 382 3642 La
423 3598 620 3661 graoe
663 3587 731 3642 et
789 3579 942 3662 paix
999 3577 1081 3644 de
1134 3584 1359 3676 nostre
1401 3576 1729 3679 Seigneur
1771 3578 1970 3645 Jesus
2014 3575 2244 3644 Christ

876 3681 1046 3729 vous
1089 3671 1220 3729 soit
1259 3662 1642 3747 multipliee.

450 3801 799 3867 Monsiem·
853 3809 921 3865 et
978 3819 1152 3883 pere,
1204 3802 1344 3885 j’ay
1398 3800 1588 3883 prins
1645 3799 1711 3864 la
1765 3799 2101 3865 hardiesse
2160 3797 2241 3865 de

287 3905 442 3952 vous
495 3886 820 3970 resoripre
883 3887 948 3951 la
998 3894 1304 3968 presente
1359 3885 1637 3952 saohant
1678 3884 1744 3949 la
1786 3883 2000 3951 bonne
2044 3884 2240 3951 affee-

287 3972 416 4036 tion
471 3993 601 4055 que
658 3991 823 4037 vous
883 3981 1102 4054 portes
1146 3991 1186 4035 a
1243 3970 1471 4056 leglise
1526 3969 1610 4037 de
1654 3970 1829 4036 Dieu
1887 3980 1956 4036 et
1998 3991 2039 4034 a
2081 3990 2237 4056 moy

285 4056 746 4138 pareillement.
829 4057 1175 4123 Monsieur
1232 4077 1401 4122 vous
1467 4056 1668 4123 devez
1734 4054 2048 4122 entendre
2111 4074 2246 4139 que

285 4153 494 4208 estant
548 4144 767 4209 arrive
823 4165 863 4208 a
905 4143 1097 4208 Paris
1141 4164 1307 4208 nous
1349 4140 1790 4208 entendismes
1833 4161 1958 4226 que
2011 4140 2241 4227 leglise

286 4224 610 4294 d'Anvers
664 4230 860 4294 estoit
913 4247 1273 4311 pourveue:
1343 4248 1516 4313 quoy
1561 4242 1811 4311 voyant
1870 4227 2100 4314 leglise
2157 4226 2239 4293 de

285 4312 468 4379 Paris
511 4334 840 4400 menvoya
882 4335 923 4379 a
964 4314 1217 4397 'I'royes
1260 4334 1346 4380 ou
1394 4316 1464 4397 je
1516 4315 1653 4379 suis
1697 4335 1738 4377 a
1779 4323 2063 4397 present.
2137 4313 2239 4378 Le

284 4400 550 4466 nombre
587 4399 667 4464 de
701 4400 894 4467 eeulx
928 4400 1038 4481 qui
1085 4401 1453 4482 invoquent
1494 4399 1556 4464 le
1600 4419 1753 4463 nom
1798 4399 1883 4465 du
1909 4399 2239 4482 Seigneur

479 4689 544 4758 3)
580 4689 803 4748 Rudas
854 4690 944 4744 vl.
996 4691 1130 4747 491:
1185 4692 1233 4746 11
1278 4709 1314 4762 y
1362 4696 1457 4746 ent
1505 4692 1769 4761 quelque·
1817 4691 2116 4761 eapitaine·
2161 4691 2237 4745 du

286 4756 472 4813 Valais
506 4760 604 4829 qni
637 4760 858 4814 avoient
885 4760 955 4813 de
984 4759 1220 4830 l’emploi
1256 4759 1290 4813 ὁ
1308 4760 1482 4831 Lyca,
1518 4759 1587 4815 oti
1622 4761 1702 4813 les
1737 4759 1999 4814 reformes
2027 4760 2239 4815 e'toient

283 4826 420 4880 alors
452 4829 536 4881 les
572 4833 814 4895 matres,
890 4831 946 4882 ni
981 4830 1166 4883 fui-ent
1201 4828 1426 4899 charges
1461 4846 1563 4898 par
1607 4830 1687 4883 les
1721 4828 2130 4885 oommandants
2165 4829 2236 4883 de

283 4895 396 4949 leur
448 4912 714 4967 procurer
758 4845 890 4967 qne}
925 4915 1021 4952 nes
1070 4898 1354 4968 enseignes
1399 4898 1467 4950 de
1517 4897 1745 4952 Suisses.
1845 4897 1920 4952 Ils
1973 4898 2156 4952 furent
2198 4897 2237 4954 a

283 4963 459 5020 Ber-ne
495 4972 556 5018 et
590 4968 838 5035 prierent
870 4914 983 5021 12¹1..
1021 4967 1137 5021 BE.
1184 4966 1253 5019 de
1289 4967 1408 5020 leur
1452 4967 1711 5021 aoeorder
1758 4968 1810 5020 le
1856 4983 2085 5037 passage
2135 4984 2235 5037 par

285 5032 426 5087 leurs
459 5040 656 5101 terres,
691 5050 752 5088 oe
827 5035 885 5088 ui
918 5036 1037 5090 leur
1068 5036 1153 5089 fut
1187 5035 1414 5090 necorde
1449 5035 1501 5089 le
1535 5034 1585 5090 3.
1620 5035 1770 5090 Jnin.

283 5100 462 5157 8705.
479 5101 540 5172 1)
578 5100 665 5165 Of.
699 5102 776 5157 N.
1048 5103 1303 5160 Graecus
1330 5105 1532 5173 purast
1566 5105 1727 5159 avoir
1761 5102 1842 5159 ete‘
2032 5104 2165 5160 iord
2196 5107 2235 5161 ὰ

283 5169 477 5237 Ρέςδκ
512 5171 582 5225 ds
617 5169 811 5228 Draus
846 5170 919 5227 oio
949 5173 995 5228 ’Ἰ
1025 5174 1162 5229 e'tait
1194 5168 1278 5228 κε’.
1325 5174 1504 5242 Δρνὲε
1539 5172 1595 5228 la
1626 5171 1685 5227 S.
1721 5172 1776 5226 B
1919 5172 2070 5244 'lenm
2103 5173 2147 5227 a
2181 5188 2238 5227 se

285 5238 499 5308 drucio
533 5242 574 5295 ὰ
621 5240 870 5297 Lunam
913 5241 1134 5310 (Bullet.
1183 5241 1253 5296 11.
1300 5240 1415 5307 25).
1515 5241 1818 5309 Recordou,
1872 5243 1919 5296 le
1967 5242 2118 5297 Prot.
2168 5258 2232 5297 en

292 5306 640 5377 (Ro-opaeum
673 5310 737 5364 Ρ.
778 5308 913 5365 1863
947 5326 1000 5380 p.
1037 5309 1107 5365 89
1140 5309 1384 5380 Pappoua
1418 5309 1476 5364 J.
1515 5309 1774 5367 Raucae
1808 5310 1889 5367 die
1927 5309 2141 5381 Dupo'n.

2106 387 2268 449 1562
2318 384 2380 449 M
2387 383 2502 450 AI.

4179 392 4304 453 426

2347 581 2450 638 est
2494 573 2551 638 si
2595 571 2809 659 grand
2854 592 2937 639 en
2981 573 3192 660 yeelle
3235 596 3361 658 que
3404 577 3476 659 je
3517 579 3631 662 n’y
3676 576 3827 663 puis
3872 587 4306 644 auennement

2345 656 2623 724 fournir.
2696 657 2833 725 Par
2866 660 3033 725 ainsi
3065 662 3134 745 je
3172 681 3339 726 vous
3375 662 3516 746 prie
3556 669 3691 727 tres
3729 662 4306 729 affeetueusement

2347 764 2474 827 que
2519 764 2688 811 vous
2744 765 2938 830 soyez
2983 766 3220 831 moyen
3264 766 3394 831 que
3437 767 3525 812 on
3568 767 3807 812 menvo
3854 770 3890 814 e
3936 768 4073 849 ung
4131 767 4305 814 eom·

2344 849 2610 915 pagnon
2676 850 2845 913 pour
2907 831 3246 898 travailler
3306 853 3389 898 en
3455 832 3743 898 l’oeuvre
3842 855 3885 898 u
3946 832 4301 919 Seigneur:

2346 936 2475 982 veu
2540 936 2825 983 mesmes
2892 938 3016 1000 que
3074 920 3143 1002 je
3210 919 3347 984 suis
3414 919 3827 985 maintenant
3894 921 4071 1003 saisy
4131 918 4305 986 dune

2346 1003 2550 1068 fievre
2592 1001 2792 1068 tieroe
2829 1000 3106 1086 laquelle
3150 1024 3298 1069 sera
3341 1013 3490 1070 tant
3533 1019 3597 1069 et
3642 1005 3695 1070 si
3740 1026 3864 1088 peu
3901 1004 4142 1090 longue
4178 1026 4304 1089 que

2345 1087 2555 1171 plaira
2614 1108 2653 1152 a
2696 1086 2891 1154 Dieu.
2986 1088 3088 1154 Le
3142 1089 3488 1174 Royaume
3552 1090 3631 1156 de
3700 1101 3919 1156 nostre
3978 1088 4305 1175 Seigneur

2345 1173 2525 1239 fierit
2583 1174 2692 1258 ioy
2734 1172 2911 1239 Dieu
2955 1194 3201 1260 meroy.
3272 1176 3357 1243 Je
3414 1175 3628 1243 desire
3672 1175 3903 1242 davoir
3960 1177 4022 1242 le
4067 1198 4305 1262 moyen

2347 1256 2429 1325 de
2474 1257 2785 1342 presoher
2820 1259 3352 1344 publioquement
3394 1282 3478 1327 en
3513 1261 3823 1346 quelques
3858 1261 4134 1348 villages
4179 1264 4304 1328 oir-

2346 1344 2721 1411 eonvoisins
2766 1364 3020 1412 oomme
3067 1347 3202 1433 J'ay
3248 1367 3329 1412 eu
3386 1347 3651 1430 iusques
3706 1347 3828 1434 iey.
3904 1348 4003 1413 Le
4058 1347 4165 1413 filz
4225 1347 4306 1414 de

2345 1429 2522 1497 Dieu
2582 1430 2822 1497 veuille
2879 1431 3120 1517 garder
3181 1452 3296 1498 son
3352 1432 3556 1517 eglise
3599 1443 3823 1498 contre
3880 1434 3946 1499 la
3990 1455 4145 1519 rage
4192 1433 4305 1501 des

2346 1516 2715 1583 mesohans.
2798 1516 2892 1583 Et
2944 1519 3120 1584 aussi
3177 1517 3246 1584 la
3303 1518 3554 1584 saincte
3599 1520 3725 1585 cite
3779 1540 3859 1584 en
3917 1519 4200 1604 laquelle
4243 1520 4305 1585 le

2346 1599 2677 1687 Seigneur
2753 1623 2916 1669 nous
2975 1623 3015 1667 a
3075 1585 3300 1669 vo'ullu
3353 1605 3672 1689 jnstruire
3732 1625 3981 1671 oomme
4041 1626 4125 1672 en
4186 1627 4301 1671 son

2347 1686 2630 1754 eseholle
2675 1709 2714 1753 a
2757 1687 2824 1753 la
2865 1691 3328 1774 eognoissanoe
3387 1690 3469 1756 de
3525 1712 3643 1756 son
3705 1691 3920 1757 sainot
3969 1710 4144 1756 nom.
4219 1691 4304 1757 Je

2345 1792 2453 1838 me
2498 1774 2961 1841 recommande
3005 1794 3045 1838 a
3090 1795 3205 1841 vos
3249 1774 3497 1842 bonnes
3550 1777 3797 1860 prieres
3842 1776 4135 1843 desirant
4177 1797 4305 1861 que

2344 1858 2409 1924 le
2453 1858 2570 1925 Sei
2667 1879 2788 1925 eur
2844 1880 2951 1926 me
3008 1861 3148 1927 face
3209 1861 3273 1927 la
3330 1882 3524 1946 grase
3582 1860 3663 1927 de
3720 1863 4162 1947 reoognoistre
4221 1884 4305 1929 en

2347 1953 2529 2010 toute
2572 1880 2880 2011 ffimilits
2922 1946 3018 2012 les
3061 1946 3249 2013 biens
3295 1947 3452 2030 qu’il
3495 1969 3605 2013 ma
3666 1948 3820 2014 faiot
3866 1969 3985 2032 par
4029 1969 4193 2014 vous
4238 1957 4305 2015 et

2344 2031 2854 2201 mum
2894 2031 3000 2184 ες.
3028 2030 3541 2185 mssa
3563 2033 3781 2099 ΜΜΜ
3825 2055 4019 2118 w

2520 2203 2623 2269 De
2658 2203 2908 2287 'Pi-oyes
2952 2225 3027 2270 oe
3068 2209 3234 2288 xxjx
3279 2203 3361 2269 de
3404 2226 3578 2290 may.

3213 2377 3453 2493 &festi-e
3499 2343 3907 2495 ngssuffilo
3951 2428 4221 2512 disoiple

3393 2514 3443 2581 J
3441 2513 3616 2580 ohan
3662 2512 3997 2580 Gravelle.

3234 3038 3433 3111 87⁹⁶.

2741 3194 3415 3264 BULLINGERUS
3471 3196 3909 3265 OALVINO.

2518 3366 2678 3449 Ipsa
2744 3367 3073 3433 morarum
3137 3368 3344 3434 maor
3403 3320 3765 3452 frequentia
3843 3371 4306 3453 imminuam

2343 3453 2590 3519 autoris
2621 3454 3106 3534 protestantium
3148 3455 3688 3537 torqiversationes
3730 3457 4006 3523 notantis
4048 3463 4103 3523 a
4144 3479 4304 3526 nova

2342 3538 2653 3606 audiendi
2693 3538 2911 3620 aspidi
2950 3538 3180 3621 prodit.

2338 3709 2450 3779 (¹³²¹
2498 3707 3890 3848 ‘⁰‘02‘ffih003323ff30233113‘513ffl52‘f‘
3908 3713 4167 3846 ιθ)ἰιιιιιίοιιι
4204 3714 4295 3769 ‘⁰¹‘

2515 3947 2898 4016 Clarissimo
2942 3948 3025 4014 D.
3063 3950 3299 4015 Ioanni
3346 3950 3625 4018 Oalvino
3649 3951 4063 4020 Genevensis
4098 3955 4301 4021 eoele-

2341 4036 2479 4103 siae
2515 4034 2692 4101 fideli
2723 4035 3025 4100 ministro
3062 4034 3323 4100 domino
3363 4036 3632 4103 eolendo
3668 4048 3736 4102 et
3757 4039 3943 4103 fratri
3967 4041 4301 4107 carissime

2341 4143 2479 4189 suo.

3908 4211 4125 4278 Genff.

2513 4377 2583 4445 S.
2655 4380 2735 4444 D.
2803 4378 3164 4461 Postquam
3224 4378 3368 4442 heri
3415 4379 3498 4444 ad
3559 4392 3622 4448 te
3684 4379 4011 4447 dedissem
4074 4384 4298 4448 literas

2340 4484 2458 4548 per
2514 4463 2930 4530 tabellionem
2986 4464 3099 4547 qui
3143 4463 3434 4530 Bernam
3488 4466 3858 4545 festinabat,
3931 4467 4122 4534 hodie
4180 4490 4298 4551 per

2342 4549 2731 4633 Goiynetiwn
2775 4550 2965 4616 binae
3009 4559 3163 4614 tuae
3188 4554 3238 4625 ¹)
3283 4551 3657 4617 mittuntur.
3740 4553 4149 4618 Terruerunt
4192 4575 4299 4619 me

2338 4636 2645 4702 nonnihil
2687 4636 2856 4714 illae,
2898 4636 3187 4700 maxime
3220 4635 3393 4718 qnod
3430 4650 3729 4704 reeentes
3766 4646 4002 4717 essent,
4046 4641 4299 4723 priores

2291 4740 2300 4747 ’
2345 4725 2440 4786 19.
2460 4722 2641 4800 Maii,
2664 4724 3055 4805 posteriores
3077 4720 3269 4787 datae
3292 4724 3396 4786 23.
3417 4723 3600 4789 Maii.
3659 4721 3938 4807 Semper
3959 4745 4080 4810 ego
4103 4726 4297 4792 timui

2337 4828 2589 4874 moram
2633 4807 2814 4874 illam
2860 4808 3261 4891 pertinaeem
3305 4809 3550 4875 nostris
3592 4810 3729 4874 fore
3773 4810 4059 4875 noxiam.
4137 4810 4295 4876 Vidi

2337 4902 2405 4960 et
2446 4902 2765 4977 expertus
2807 4915 2954 4960 sum
3000 4890 3157 4977 quid
3201 4893 3392 4960 nobis
3434 4909 3588 4961 ante
3634 4898 3733 4960 30.
3780 4914 3990 4961 annos
4032 4898 4102 4962 in
4127 4896 4296 4963 bello

2336 4988 2564 5047 nostro
2608 4979 3038 5046 vehementer
3081 4981 3397 5060 noouerit,
3440 4990 3510 5046 et
3550 4979 3705 5064 quid
3749 4990 4189 5063 protestantes
4221 4984 4294 5047 in

2337 5065 2508 5132 bello
2596 5068 2968 5151 germanioo
3054 5063 3429 5148 perdiderit.
3540 5063 3674 5132 Sed
3754 5088 3868 5132 oro
3933 5068 4293 5134 Dominum

2546 5225 2681 5234 mm...

2339 5306 2525 5364 8⁷00.
2548 5308 2605 5374 1)
2638 5309 2798 5362 etiam
2838 5306 2938 5359 hae
2975 5304 3376 5360 desiderantur.
