4900 6125
312 409 416 474 465
2086 406 2248 471 1562
2291 401 2479 472 IUN.

456 591 519 660 S.
564 590 869 657 Arbitror
931 612 1113 658 meas
1178 590 1423 671 literas,
1456 591 1508 675 1)
1570 609 1732 675 quas
1785 591 1871 658 ad
1946 601 2011 658 te
2066 590 2220 658 misi

307 681 573 767 proxima
624 676 1047 757 hebdomade,
1104 675 1394 743 redditas
1447 678 1667 744 fuisse.
1754 678 1904 745 Etsi
1964 678 2223 744 animus

306 769 384 835 sit
419 785 528 831 vos
565 762 750 829 brevi
813 762 1168 842 revisendi,
1227 783 1358 828 non
1415 763 1726 831 constitui
1780 778 2004 829 tamen
2068 770 2226 830 ante

307 854 442 920 hinc
501 847 844 926 discedere,
931 869 1127 932 quam
1206 871 1246 915 a
1309 850 1495 917 vobis
1556 849 1784 916 literas
1845 850 2227 933 acceperim.

305 937 543 1006 Iaiterae
583 934 716 1001 huo
756 933 996 1001 allatae
1037 942 1197 1001 sunt
1238 955 1322 1000 ex
1367 934 1536 1016 aula,
1591 935 1830 1019 quibus
1872 936 2226 1002 nunciatus

307 1030 395 1091 est
421 1042 532 1091 eon
721 1041 800 1088 us
843 1029 1220 1086 nostrarum
1278 1021 1615 1106 copiarum
1666 1041 1822 1088 oum
1865 1020 2226 1100 Guisianis,

304 1111 364 1175 in
394 1127 512 1192 quo
651 1106 665 1121 '
704 1106 841 1173 iani
876 1107 1006 1172 fusi
1046 1113 1116 1172 et
1155 1107 1226 1173 fu
1311 1108 1365 1171 ti
1406 1116 1782 1186 narrantur,
1828 1114 1899 1174 et
1921 1104 2230 1175 &ondan-

303 1196 473 1262 droa-v
524 1201 790 1276 accepto
851 1191 1082 1259 lethali
1266 1213 1425 1259 nere
1478 1191 1677 1277 paulo
1730 1199 1878 1276 post
1933 1199 2231 1259 mortuus

303 1289 360 1347 et
397 1278 746 1345 Damnatus
929 1279 1108 1344 viter
1172 1278 1556 1345 vulneratus
1620 1284 1689 1343 et
1751 1285 2002 1362 captus,
2060 1277 2230 1345 Gui-

301 1367 423 1432 sius
483 1383 637 1429 vero
699 1298 941 1463 {dfe}
1005 1363 1391 1431 vulneratus
1411 1416 1430 1444 ,
1502 1386 1635 1432 non
1712 1371 1934 1431 autem
2002 1369 2234 1463 captus

303 1461 363 1516 et
397 1457 582 1534 rapta
638 1471 680 1515 a
732 1455 979 1516 nostris
1035 1450 1260 1517 omnia
1314 1456 1646 1517 tormenta
1699 1449 1935 1518 bellica
1971 1448 2234 1517 hostilis

303 1535 624 1603 exercitus.
654 1540 714 1614 ²)
800 1534 939 1603 Sed
991 1536 1149 1621 quia
1203 1536 1366 1603 haee
1419 1556 1579 1603 vera
1630 1555 1773 1603 esse
1815 1544 1968 1622 opto
2011 1534 2234 1620 potius

301 1641 482 1706 quam
521 1619 737 1702 credo,
782 1621 954 1688 nihil
995 1620 1207 1688 audeo
1244 1641 1554 1702 asserere,
1597 1620 1806 1690 donec
1848 1621 2236 1690 certioribus

299 1705 536 1773 nunciis
575 1706 742 1775 haec
805 1707 997 1774 nobis
1058 1715 1303 1773 testata
1363 1708 1545 1774 fiant.
1637 1706 1957 1774 Audimus
2000 1706 2236 1773 Matis-

298 1812 592 1859 cunenses
611 1797 669 1868 ⁸)
711 1793 994 1861 viriliter
1047 1792 1219 1859 hosti
1286 1793 1606 1860 restitisse
1662 1799 1729 1859 et
1783 1791 2014 1859 urbem
2069 1790 2237 1857 obsi·

298 1877 472 1943 dione
536 1879 926 1946 liberatam·
991 1880 1140 1946 Hoc
1195 1881 1522 1963 posterius
1575 1900 1773 1962 quam
1829 1886 2084 1945 certum
2128 1877 2236 1955 sit,

294 1983 414 2029 non
476 1973 578 2030 sat
635 1964 786 2034 scio.
892 1965 1114 2032 Nostri
1185 1966 1308 2031 etsi
1364 1963 1620 2031 tardius
1691 1984 1882 2048 opem
1940 1963 2240 2030 tulerunt

300 2050 657 2130 Aurieanis,
694 2051 954 2120 hostem
991 2061 1218 2116 tamen
1251 2071 1370 2117 suo
1403 2049 1694 2116 adventu
1731 2050 1959 2137 procul
2003 2050 2239 2135 abege-

299 2147 445 2200 runt
483 2146 550 2202 et
612 2138 803 2221 profli
973 2145 1069 2204 ut.
1157 2136 1350 2203 Missi
1406 2143 1565 2202 suut
1627 2135 1741 2202 alii
1776 2135 1862 2201 ad
1905 2134 2242 2220 Mauqero-

297 2241 435 2300 παπ,
454 2224 514 2296 ⁴)
558 2222 676 2307 qui
715 2222 959 2290 dimtm·
1001 2221 1529 2305 Gratianopolim
1571 2241 1939 2306 occupasse.
2007 2219 2241 2288 Domi-

296 2327 410 2371 nus
443 2309 626 2374 brevi
672 2308 778 2375 his
820 2307 1037 2373 turbis
1078 2316 1148 2374 et
1184 2307 1669 2392 tempestalitus
1708 2309 1909 2373 finem
1944 2308 2244 2391 imponat

295 2399 354 2455 et
383 2412 538 2459 suae
573 2394 888 2461 ecclesiae
920 2394 1328 2460 misereatur.
1396 2392 1600 2460 Hunc
1643 2393 2059 2460 tabellarium
2102 2413 2241 2458 me-

295 2476 501 2544 dicum
568 2488 643 2546 et
704 2480 835 2545 mei
912 2479 1193 2563 hospitis
1258 2499 1497 2545 consan
1597 2478 1819 2545 ‘neum
1877 2478 2000 2545 tibi
2065 2497 2238 2545 com-

291 2565 532 2631 mendo.
601 2565 892 2632 Multam
934 2563 1212 2632 salutem
1235 2563 1383 2631 dico
1416 2584 1493 2630 co
1544 2565 1686 2665 egis
1717 2572 1785 2630 et
1827 2565 2055 2632 amicis
2098 2584 2238 2630 om·

291 2648 488 2715 nibus.
579 2650 771 2716 Vale.
859 2649 1257 2736 Lugduni⁶)
1302 2654 1403 2716 20.
1450 2649 1631 2716 Iumi
1679 2653 1862 2715 1562.

1268 2789 1450 2854 'Puus
1493 2788 1736 2855 Petrus
1781 2787 2066 2853 Viretus.

472 3785 536 3853 3)
569 3786 721 3842 Ceux
754 3786 825 3839 de
860 3786 1082 3841 Mascon
1118 3802 1186 3840 eu
1224 3784 1390 3840 firent
1433 3792 1629 3840 autaut
1662 3801 1769 3855 que
1805 3801 1940 3839 ceux
1976 3783 2046 3839 de
2063 3784 2236 3853 Lyon,

275 3851 323 3904 le
354 3851 390 3906 3
434 3871 566 3925 may
616 3861 677 3909 et
715 3870 850 3909 ceux
905 3854 976 3908 de
1027 3855 1232 3910 Chelon
1277 3854 1791 3909 consecutivement.
1862 3852 2012 3909 Ceux
2055 3853 2125 3907 de
2158 3851 2234 3906 M.

272 3921 572 3977 abettirent
608 3925 757 3979 aussi
793 3924 874 3978 les
907 3924 1115 3993 images
1151 3963 1163 3975 .
1205 3964 1218 3976 .
1261 3960 1273 3973 .
1310 3963 1323 3977 .
1360 3923 1647 3978 Tavannes
1684 3922 1780 3987 (N.
1818 3919 1960 3976 3802
1993 3932 2108 3979 not.
2149 3921 2241 3989 11)

272 4004 327 4042 ce
370 3998 640 4058 precenta
685 3992 891 4046 devant
925 3991 1145 4046 Mascon
1195 3993 1247 4045 le
1281 3990 1317 4045 3
1354 3993 1490 4061 juin.
1556 3990 1699 4045 Mais
1733 4007 1869 4046 ceux
1906 3991 1972 4044 de
2009 3990 2164 4061 Lyou
2200 4009 2234 4059 y

273 4068 616 4130 euvoyerent
670 4063 723 4115 le
769 4062 1044 4131 capit-ine
1095 4061 1406 4130 Entragues
1467 4077 1602 4116 avec
1656 4058 1762 4115 100
1816 4060 2236 4130 arguebouaiers

271 4138 326 4178 et
374 4131 648 4199 quelques
683 4128 864 4200 pisces
915 4129 984 4183 de
1041 4146 1338 4199 campagne
1392 4130 1486 4198 qui
1531 4130 1583 4183 le
1632 4134 2019 4198 repousserent
2055 4127 2233 4193 (Hm

670 4196 850 4257 ,4ου

269 4331 318 4385 10
352 4266 536 4404 ωριῗέ
567 4267 672 4389 1¹2⁸
656 4269 828 4391 ἄρα
820 4334 997 4401 (Hm.
1031 4336 1153 4390 ωσι
1190 4335 1291 4390 111.
1326 4333 1447 4391 267.
1779 4334 1821 4388 1.
1857 4334 1976 4390 131.

467 4403 530 4469 5)
573 4403 834 4470 musard,
873 4402 1070 4459 Nam
1101 4403 1200 4458 IV.
1235 4402 1368 4457 322:
1449 4403 1616 4457 Viret
1659 4405 1844 4457 arrivs
1887 4403 1922 4458 a
2009 4409 2146 4460 lmen
2179 4404 2233 4458 le

261 4467 406 4537 iendi
455 4472 548 4526 21.
589 4473 700 4527 mai
747 4490 781 4541 y
815 4472 1017 4542 preohn
1058 4474 1140 4526 los
1173 4474 1312 4527 trois
1349 4474 1508 4542 jours
1545 4472 1791 4526 suivant·
1837 4480 1896 4527 ct
1928 4472 1982 4527 le
2015 4470 2087 4527 24
2118 4473 2161 4526 il
2194 4490 2231 4553 y

266 4536 327 4591 nt
356 4540 413 4593 ln
443 4544 606 4598 oene-
659 4541 705 4595 n
740 4540 926 4595 venuit
969 4541 1040 4594 de
1074 4541 1422 4610 Montpellier
1455 4542 1523 4595 ou
1559 4541 1599 4595 il
1631 4542 1785 4596 avoit
1816 4541 2013 4596 exerce
2045 4543 2099 4596 le
2134 4558 2234 4594 mi·

267 4608 472 4664 ninere
515 4612 650 4664 bien
698 4626 806 4679 que
851 4610 906 4663 la
950 4611 1250 4680 principale
1293 4610 1366 4664 fln
1403 4609 1474 4665 de
1525 4627 1624 4664 son
1679 4610 1860 4692 se'jour
1894 4615 1988 4665 eut
2022 4612 2112 4666 e'te
2146 4610 2233 4680 d’y

265 4676 491 4732 rentur
525 4695 595 4734 aa
627 4678 799 4732 eante.
868 4677 1090 4748 Voyant
1124 4696 1232 4748 que
1267 4696 1330 4732 sa
1363 4680 1622 4749 presence
1659 4680 1854 4734 n’etoit
1887 4680 2010 4750 plus
2043 4680 2230 4735 nece&

265 4746 478 4869 m
501 4746 888 4885 «0006660606τέ
981 4765 1086 4871 6060,
1107 4748 1291 4883 rga,
1314 4747 1540 4871 dae,
1561 4749 1930 4873 006το3εο
1947 4750 2230 4873 ,az-¹222·

873 4857 886 4882 v
1171 4857 1182 4869 ·
1291 4856 1305 4883 ο
2212 4849 2231 4861 ·

259 4892 408 4947 cente
442 4885 644 4954 Aprili
678 4884 1013 4953 Iuydmum
1047 4886 1251 4940 abiisse
1283 4885 1458 4951 adea).

1031 5163 1446 5174 -——-———-—

467 5399 698 5455 catam·
721 5417 906 5470 opem.
979 5398 1094 5456 Vol.
1127 5400 1298 5455 xlx.

2320 913 3062 1083 Aac&

2621 1171 2734 1239 (Ex
2769 1172 3108 1243 autographo
3142 1172 3273 1228 eod.
3308 1171 3513 1228 Gener.
3551 1168 3669 1237 109,
3704 1171 3794 1226 fol.
3831 1169 3979 1240 155.)

2851 1343 2937 1409 D.
2982 1342 3126 1409 Ioh.
3173 1341 3414 1410 Oarolo
3455 1340 3767 1408 Passelio.

2337 1513 2734 1581 Franciseus
2773 1513 3037 1579 Pancus
3077 1512 3165 1579 D.
3208 1512 3447 1579 Ioanni
3497 1511 3735 1580 Oarolo
3773 1512 4064 1580 Pamelio
4108 1512 4291 1580 fideli

2710 1596 2965 1664 Ohristi
3007 1618 3198 1664 servo
3238 1598 3523 1683 gratiam
3564 1606 3634 1665 et
3674 1618 3922 1682 pacem.

829 4285 866 4320 n
914 4276 1070 4320 entra
1116 4268 1148 4320 a
1182 4266 1459 4321 Greuoble
1505 4267 1557 4319 le
1609 4267 1692 4320 14„
1731 4268 1860 4333 'uin,
1893 4266 1993 4321 des
2029 4267 2233 4320 Adrets

2327 5181 2511 5237 8810.
2533 5180 2592 5249 1)
2632 5180 2720 5248 Of.
2752 5180 2816 5233 N.
2850 5178 3006 5235 3763.

2630 5250 2777 5304 deest
2807 5249 3124 5305 vocabam
3161 5246 3455 5314 (uxor-em?
3491 5248 3761 5301 matmm?
3795 5248 4123 5313 sororemf).

4161 400 4297 464 466

3230 589 3425 661 881⁰.

2881 744 3245 814 PANOUS
3281 741 3723 813 OALVINO.

3064 916 3386 1069 W
3436 914 3526 982 cd
3588 915 3778 997 finem
3821 914 4119 997 parando
4174 936 4292 982 ex-

2514 1769 2711 1852 Quod
2754 1790 2936 1836 soror
2978 1777 3205 1836 nostra
3258 1768 3559 1836 criminis
3612 1769 3977 1853 suspicione
4018 1768 4295 1838 liberata

2342 1857 2431 1923 sit
2453 1863 2505 1932 ι)
2546 1855 2833 1941 gratiam
2887 1854 3098 1922 habeo
3148 1855 3438 1940 primum
3474 1855 3623 1921 Deo
3679 1854 3927 1938 optimo
3981 1855 4287 1934 maximo,

2341 1943 2454 2027 qui
2521 1941 2805 2008 salutem
2868 1960 3191 2025 nusquam
3258 1939 3537 2025 denegat
3590 1940 3675 2007 iis
3728 1940 3842 2024 qui
3896 1963 3930 2007 s
4134 1948 4168 2007 t
4222 1944 4293 2007 in

2342 2048 2497 2095 eum
2540 2027 2782 2111 quique
2824 2025 2955 2093 fide
2997 2025 3255 2093 sincera
3296 2033 3365 2092 et
3402 2033 3540 2092 toto
3580 2033 3846 2109 pectore
3883 2027 3898 2041 '
3956 2047 4072 2093 um
4105 2028 4295 2095 invo-

2341 2123 2514 2213 cant:
2602 2110 2862 2180 Deinde
2917 2111 3036 2211 tibi
3099 2112 3360 2196 tuisque
3423 2111 3812 2211 symmystis
3877 2132 4039 2195 quas
4102 2111 4297 2213 valeo

2341 2390 2582 2522 galopgs
2590 2367 2958 2435 demersam
3001 2376 3223 2519 vestra
3257 2367 3699 2520 ffldmlmtgff
3742 2378 4196 2520 ffiventns
4216 2370 4303 2436 ad

2445 2477 2493 2522 u
2632 2463 2898 2540 portum
2940 2474 3066 2520 ean
3111 2475 3218 2521 em
3378 2473 3545 2520 uoen
3980 2475 4059 2522 oc
4105 2454 4302 2522 bene-

2345 2542 2495 2608 ficio
2547 2561 2672 2626 ego
2726 2561 2832 2607 me
2890 2540 3176 2606 multum
3244 2540 3433 2607 vobis
3496 2538 3732 2606 debere
3794 2541 4123 2623 profiteor,
4186 2539 4303 2623 qui

2344 2648 2454 2693 me
2497 2648 2579 2694 ea
2620 2645 2753 2710 qua
2789 2625 3135 2710 premebar
3165 2625 3502 2692 anxietate
3534 2636 3757 2692 vestra
3788 2645 3911 2709 ope
3946 2625 4303 2693 liberatum

2734 2709 2932 2793 Quod
2985 2711 3223 2777 attinet
3276 2709 3362 2776 ad
3402 2710 3753 2777 ministerii
3811 2710 3976 2776 mihi
4030 2732 4074 2777 a
4112 2709 4304 2777 vobis

2452 2799 2628 2897 egati
2691 2798 3115 2878 functionem,
3180 2797 3444 2881 integra
3498 2805 3672 2874 sunt,
3739 2795 3996 2863 Christi
4056 2797 4301 2876 favore,

2344 2904 2584 2951 omma.
2674 2883 2780 2949 Ab
2822 2882 3013 2948 initio
3057 2881 3305 2949 mensis
3348 2881 3590 2965 Aprilis
3643 2903 3793 2948 cum
3847 2881 4053 2949 nobili
4095 2880 4301 2965 probo

2345 2979 2415 3036 et
2456 2967 2832 3035 doctissimo
2875 2968 3023 3034 viro
3061 2968 3145 3034 D.
3193 2966 3638 3034 Ganaba-iano
3693 2967 3902 3035 vitam
3958 2987 4101 3053 ago,
4208 2967 4300 3048 ui,

2344 3064 2426 3122 ut
2467 3063 2571 3122 est
2612 3053 3148 3133 humanissimus,
3192 3053 3405 3120 nostri
3438 3052 3753 3123 misertus
3795 3074 3904 3120 me
3934 3054 4009 3119 in
4032 3051 4179 3120 wdi
4223 3075 4303 3121 us

2344 3140 2585 3225 amplis
2625 3161 2790 3224 quas
2833 3137 3151 3206 conduxit
3191 3140 3439 3223 recepit
3488 3147 3557 3205 et
3608 3160 3832 3207 secum
3886 3159 4030 3207 esse
4070 3139 4302 3220 voluit,

2345 3237 2415 3292 et
2451 3226 2682 3292 multis
2724 3227 3051 3309 persuasit
3091 3246 3200 3291 me
3240 3245 3435 3292 suum
3476 3246 3620 3292 esse
3675 3225 4044 3292 adiutorem
4084 3227 4156 3291 in
4199 3225 4302 3292 in-

2111 3371 2122 3384 .
2343 3311 2696 3379 stituendis
2738 3310 3262 3379 adolescentibus
3276 3362 3295 3390 ‚
3360 3331 3522 3394 quos
3576 3310 3690 3376 ille
3744 3312 4050 3393 ingenuis
4107 3310 4301 3377 disci-

2209 3438 2223 3452 ·
2342 3398 2564 3481 plinis,
2651 3397 2893 3480 pietate
2956 3404 3026 3463 et
3087 3397 3355 3481 optimis
3438 3396 3618 3463 vitae
3683 3397 3976 3464 moribus
4041 3395 4299 3464 educat.

2342 3484 2507 3549 vixi
2548 3483 2755 3567 igitur
2796 3483 2988 3548 velut
3029 3502 3292 3550 carcere
3327 3481 3647 3549 liberatus
3689 3493 3757 3548 et
3796 3482 4083 3548 vinculis
4125 3481 4301 3549 solu-

2341 3578 2453 3636 tus
2510 3577 2648 3635 toto
2697 3568 2824 3635 hoc
2883 3567 3221 3646 trimestri,
3276 3567 3551 3634 liberius
3605 3587 3804 3651 quam
3864 3578 4062 3635 antea
4102 3576 4302 3651 atque

2343 3654 2642 3733 alacrius,
2689 3664 2758 3719 et
2798 3655 3044 3719 maiore
3084 3673 3233 3721 cum
3278 3652 3519 3719 fiducia
3550 3651 3917 3737 delegatam
3946 3653 4116 3719 mihi
4151 3674 4301 3737 pro-

2343 3740 2631 3805 vinciam
2674 3736 3147 3805 administravi.
3215 3736 3351 3820 Qui
3393 3738 3732 3805 commode
3764 3740 4103 3806 nocturnis
4146 3760 4299 3805 con-

2341 3825 2655 3892 ventibus
2697 3825 2925 3891 adesse
2963 3845 3096 3890 non
3152 3834 3463 3908 poterant
3519 3845 3650 3890 non
3710 3823 4015 3891 dubitant
4071 3835 4301 3909 aperta

2341 3909 2488 3978 luce
2531 3931 2653 3976 nos
2697 3908 2898 3989 adire,
2943 3911 3270 3995 fingentes
3312 3930 3385 3977 se
3427 3917 3764 3994 aegrotam
3809 3910 4022 3976 nostri
4075 3910 4298 3995 hospi-

2342 3998 2445 4076 tis,
2462 4000 2523 4073 ²)
2601 4016 2767 4079 quae
2845 3997 2976 4060 iam
3041 3997 3512 4079 sesquiannum
3576 4003 3645 4060 et
3704 3995 3986 4080 amplius
4054 3996 4297 4062 misera

2338 4082 2507 4149 lecto
2550 4081 2902 4161 decumbit,
2952 4081 3182 4161 visere,
3228 4089 3347 4148 aut
3397 4080 3648 4164 aliquid
3700 4082 3945 4167 negotii
3997 4103 4146 4148 cum
4200 4102 4295 4162 eo,

2338 4179 2453 4234 aut
2492 4167 2823 4234 nobilibus
2876 4165 3501 4233 adolescentioribus
3518 4167 3577 4249 ⁸)
3622 4167 3762 4233 eius
3806 4167 4144 4252 discipulis
4187 4166 4304 4232 ha-

2337 4251 2524 4318 bere:
2592 4272 2804 4336 neque
2858 4252 3014 4319 bino
3056 4253 3303 4337 absque
3344 4251 3673 4336 spirituali
3714 4251 3956 4337 pabulo
3999 4252 4297 4336 fusisque

2339 4337 2424 4404 ad
2480 4339 2701 4405 Deum
2767 4338 2897 4422 piis
2962 4338 3266 4421 precibus
3323 4338 3644 4405 abierunt.
3743 4338 3892 4404 Hac
3950 4338 4292 4405 occasione

2336 4425 2527 4509 impii
2568 4425 2837 4491 sinistre
2880 4423 2962 4490 de
3003 4423 3192 4490 nobis
3234 4424 3557 4508 suspicari
3600 4434 3668 4489 et
3705 4423 3881 4508 loqui
3914 4434 4292 4508 coeperunt,

2335 4510 2451 4577 sed
2497 4530 2723 4576 eorum
2768 4529 3101 4576 sermones
3146 4509 3333 4575 velut
3372 4509 3648 4594 sagittas
3670 4508 4096 4593 parvulorum
4138 4530 4296 4576 con-

2333 4597 2743 4680 tempsimus,
2788 4603 2857 4661 et
2897 4594 3215 4679 quidquid
3256 4593 3329 4660 in
3374 4615 3495 4661 nos
3530 4595 3967 4662 moliebantur
4006 4594 4293 4662 ludibrio

2334 4681 2704 4761 habuimus,
2748 4679 2956 4748 donec
2998 4680 3188 4747 nobis
3228 4681 3508 4748 relatum
3553 4688 3655 4747 est
3695 4678 3990 4746 Andium
4022 4681 4291 4747 vineam

2334 4770 2417 4836 ab
2462 4768 2642 4851 apris
2697 4765 3134 4852 sylvestribus
3166 4776 3237 4831 et
3270 4767 3502 4834 avibus
3537 4764 3904 4851 agrestibus
3937 4765 4299 4849 depastam,

2331 4866 2673 4938 praeterea
2710 4850 3067 4919 malevolos
3087 4852 3405 4935 quosdam
3428 4852 3766 4919 machinas
3786 4859 4042 4917 struere
4062 4863 4293 4918 nostro

2330 4950 2467 5005 tam
2513 4942 2623 5023 pio
2665 4938 2752 5004 D.
2805 4937 3263 5019 omninno,
3308 4940 3417 5023 qui
3443 4937 3525 5004 ad
3564 4938 3703 5004 eius
3737 4957 3893 5022 opes
3926 4936 4291 5021 adspirant,

3796 5402 3869 5455 30
