4900 6125
325 402 442 467 187

1204 588 1405 661 8⁶27.

808 743 1314 814 FARELLUS
1358 744 1798 813 CAININO.

494 918 662 988 Acta
718 918 1162 1002 Vapinceneia.

312 1089 431 1214 εἰ
466 1090 810 1161 autographo
844 1089 976 1145 Cod.
1012 1089 1221 1146 Genev.
1260 1088 1380 1154 115,
1425 1088 1676 1173 tot-148,
1712 1091 1837 1146 coll.
1885 1105 1933 1144 c.
1967 1088 2098 1145 eod.
2135 1089 2285 1173 113⁸,

444 1156 582 1225 ²⁰⁶³
626 1159 790 1285 rs
815 1159 1129 1283 {wi-1
1203 1157 1720 1299 ·03.¹.⁰1f.⁶³²=;¹0;·
1758 1155 2046 1296 fai-‚¹⁰2
2118 1158 2287 1213 ω·

492 1401 574 1464 A.
621 1396 964 1466 Monsieur
1015 1399 1359 1466 Monsieur
1422 1398 1665 1466 Calvin

1743 1506 1784 1550 a
1828 1483 2109 1551 Oeneve.

490 1655 743 1741 Appuli
768 1654 820 1740 ¹)
886 1653 1167 1722 Sabbati
1253 1661 1347 1721 15.
1430 1663 1745 1740 exceptus
1809 1677 2014 1741 supra
2077 1677 2283 1740 spem,

308 1742 498 1824 coepi
541 1741 917 1809 concionari
934 1742 992 1816 2)
1038 1761 1171 1808 non
1215 1761 1430 1820 mane,
1497 1750 1577 1807 ut
1615 1743 1941 1827 optabam,
2015 1749 2285 1827 propter

306 1838 1242 1996 &pimzmffissmssqssffi
1282 1828 1659 1980 ἰέαὲίῗὲἒὲ
1713 1837 2286 1980 Θηὲιὲοὲἶιῗὲωέε

304 1999 530 2065 maior
582 1933 749 2082 1pars
816 2009 1009 2064 extra
1072 1998 1392 2082 templum
1460 2011 1662 2067 esset:
1695 1935 1983 2084 mplacate
2041 2002 2281 2067 omnia.

306 2083 597 2172 Syndici
628 2094 945 2170 rogarant
978 2104 1151 2162 eum,
1194 2084 1307 2168 qui
1342 2086 1609 2151 nomine
1643 2086 1933 2170 episcopi
1967 2099 2068 2153 est
2097 2087 2286 2152 velut

307 2171 735 2255 gubernator,
777 2183 856 2235 ut
896 2189 1047 2235 cum
1091 2170 1230 2236 suis
1296 2169 1678 2254 prohiberet
1730 2194 1821 2238 ne
1863 2172 2023 2255 quid
2066 2183 2284 2238 motus

306 2259 523 2323 fieret.
612 2253 808 2336 Quod
849 2255 909 2321 is
954 2254 1307 2340 diligenter
1350 2268 1418 2322 et
1459 2277 1545 2322 ex
1589 2258 1811 2323 animo
1854 2259 2027 2325 fecit.
2113 2258 2285 2324 Pro-

310 2342 580 2425 sequuti
660 2361 891 2407 sumus
970 2341 1209 2407 Lunae
1292 2351 1361 2407 et
1421 2341 1662 2408 Martis
1726 2344 1949 2408 omnia
2034 2353 2281 2429 pacate.

302 2428 557 2494 Martis
624 2429 722 2492 18.
779 2427 1058 2493 veniunt
1110 2426 1194 2491 ad
1254 2449 1361 2493 me
1424 2428 1677 2511 primus
1733 2427 2072 2512 Syndicus
2129 2449 2283 2495 cum

304 2522 743 2599 procuratore
800 2514 1001 2596 regio,
1064 2522 1259 2578 orant
1316 2525 1389 2578 ut
1434 2514 1518 2579 ad
1566 2513 2040 2581 Vicebailivum
2064 2518 2119 2595 ⁸)
2164 2537 2280 2582 ve-

305 2600 516 2676 niam,
563 2619 696 2683 quo
738 2619 846 2663 me
891 2598 1217 2664 deducent
1259 2610 1327 2664 et
1368 2598 1701 2666 reducent.
1786 2601 1964 2678 Adii,
2010 2600 2280 2667 honori-

303 2687 429 2753 fice
497 2686 662 2751 satis
724 2683 1081 2767 compellor
1147 2684 1229 2750 ab
1294 2706 1405 2764 eo,
1488 2686 1603 2768 qui
1667 2707 1752 2752 ex
1816 2686 2033 2753 edicto
2098 2688 2280 2771 regio

303 2791 545 2837 mense
622 2768 795 2850 Iulio
871 2769 1126 2836 indicat
1189 2792 1418 2838 omnes
1481 2780 1706 2837 coetus
1770 2771 2124 2855 prohiberi,
2212 2785 2280 2838 et

303 2856 479 2924 nihil
523 2854 671 2922 fieri
714 2861 980 2940 praeter
1032 2865 1371 2940 receptum
1428 2876 1701 2938 morem,
1765 2868 2088 2942 rogatque
2130 2859 2280 2941 quis

302 2963 414 3009 me
476 2949 798 3018 vocasset,
879 2963 1014 3025 qua
1068 2942 1423 3009 autoritate
1479 2944 1901 3010 concionatus
1962 2943 2279 3011 fuissem?

302 3028 415 3095 Ad
452 3027 720 3113 singula
753 3027 1063 3112 respondi
1099 3027 1292 3095 valde
1328 3029 1630 3115 benigne,
1669 3028 1787 3097 sed
1823 3039 1899 3097 ut
1932 3032 2282 3115 oportebat

303 3116 499 3182 iuxta
564 3114 844 3181 verbum
910 3114 1206 3192 Domini,
1293 3116 1402 3181 cui
1457 3136 1566 3181 me
1632 3137 1864 3200 parere
1918 3128 1988 3182 et
2050 3136 2279 3183 omnes

301 3208 588 3285 oportet.
679 3199 1003 3267 Secedere
1045 3201 1286 3281 iussus,
1343 3199 1456 3267 ubi
1500 3222 1788 3280 revocor,
1831 3203 1987 3286 quia
2028 3201 2280 3268 indica-

303 3287 463 3353 bmn
508 3286 769 3363 stanes,
814 3288 928 3371 qui
971 3287 1041 3352 in
1065 3285 1388 3369 colloquio
1409 3288 1469 3365 ⁴)
1514 3296 1790 3372 egerant
1830 3308 2055 3355 coram
2098 3308 2276 3371 rege,

302 3372 532 3457 palam
577 3373 967 3448 concionari,
995 3376 1050 3449 ⁵)
1095 3383 1164 3437 et
1184 3372 1503 3457 Lugduni
1525 3376 1581 3453 ⁶)
1628 3382 1696 3438 et
1738 3373 1895 3440 alibi
1938 3375 2279 3439 ministros

304 3458 494 3527 verbi
542 3457 777 3526 docere
821 3480 953 3524 non
1000 3456 1321 3525 admissos
1363 3456 1447 3522 ab
1489 3459 1834 3542 episcopis,
1880 3462 2159 3544 rogavit,
2205 3470 2281 3525 ut

304 3546 637 3628 tantisper
694 3543 1188 3628 supersederem
1232 3564 1273 3608 a
1314 3544 1648 3621 concione,
1707 3545 1913 3610 donec
1970 3556 2279 3611 senatum

306 3629 1006 3713 Gratianopolitanum
1068 3638 1136 3694 et
1196 3628 1699 3713 gubernatorem
1765 3630 2076 3696 certiores
2141 3651 2279 3695 om-

306 3718 495 3781 nium
545 3715 825 3781 fecisset.
915 3713 1153 3780 Multis
1194 3715 1303 3798 egi
1347 3713 1674 3780 hortando
1718 3724 1795 3781 ut
1837 3716 2112 3782 verbum
2159 3738 2278 3782 au-

310 3800 557 3878 dirent,
601 3812 670 3865 et
724 3801 1013 3866 Domino
1073 3820 1114 3864 a
1171 3819 1302 3882 quo
1356 3807 1751 3882 potestatem
1794 3799 2045 3867 habent
2085 3822 2277 3884 pare-

310 3896 482 3965 rent,
528 3884 836 3953 indicans
857 3906 1023 3970 quae
1068 3906 1178 3950 eos
1222 3895 1570 3951 manerent
1610 3886 1801 3965 bona,
1847 3896 1917 3952 et
1959 3885 2278 3955 iudicium

309 3970 482 4054 quod
540 3972 844 4037 imminet
901 3969 1207 4038 omnibus
1264 3972 1376 4054 qui
1431 3980 1666 4038 contra
1722 3972 1977 4038 faciunt
2020 3971 2165 4051 (sed
2207 3972 2275 4037 id

310 4058 531 4124 verbis
568 4056 847 4142 amicis),
892 4078 1013 4123 nec
1047 4055 1321 4122 moleste
1355 4057 1606 4123 ferrent
1644 4059 1698 4122 si
1733 4058 2023 4125 Domino
2059 4059 2276 4141 potius

312 4164 636 4226 parerem.
724 4141 1066 4209 Reductus
1142 4141 1239 4207 fui
1305 4142 1663 4210 honorifice
1721 4154 1789 4209 et
1842 4147 2123 4227 perrexi,
2209 4153 2278 4210 et

312 4232 604 4312 primum
660 4228 983 4312 baptisavi
1037 4248 1341 4311 puerum,
1362 4228 1420 4311 ⁷)
1477 4239 1544 4294 et
1600 4229 1684 4294 ad
1743 4228 1915 4294 diem
1960 4232 2197 4297 Lunae
2212 4232 2275 4310 ⁸)

316 4503 585 4587 mxl)
626 4508 753 4572 pont
794 4504 897 4558 iter
941 4508 1058 4557 octo
1100 4502 1314 4557 dimon
1359 4518 1526 4573 quem
1568 4508 1759 4560 octaco
1796 4504 1939 4560 Noc.
1999 4504 2274 4560 Genavam

519 4641 579 4704 Β)
612 4640 750 4694 dans
784 4640 839 4693 1·
879 4638 1128 4708 chapelle
1162 4638 1514 4695 abandcnne'e
1550 4640 1617 4695 de
1665 4640 1769 4695 δι’.
1807 4640 2085 4697 Oolombe.
2134 4642 2271 4711 (Ar-

316 4711 485 4781 ηαδ,
526 4710 677 4764 Frot.
712 4707 791 4763 du
828 4706 1136 4776 Dauphine
1169 4709 1212 4764 Ι.
1246 4707 1359 4775 88.)

520 4778 583 4839 3)
620 4777 821 4860 Bencit
853 4777 1005 4859 Olier
1038 4776 1109 4831 de
1142 4778 1390 4847 Mcntjcu
1419 4778 1609 4847 (ῶὲἆ.)

518 4848 584 4985 33
615 4917 679 4970 e·
712 4916 922 4986 oppido
959 4888 1016 4970 s.
1059 4914 1343 4970 omnen.

520 4986 579 5051 6)
617 4984 802 5041 Betae
904 5024 919 5040 .
956 4983 1047 5039 ad.
1215 4984 1488 5039 dames
1522 4983 1736 5049 (Bm
1776 4983 1918 5049 182).

522 5052 676 5119 ηδ.
723 5001 996 5110 ΞαἘοα
1078 5052 1148 5107 V·
1260 5052 1376 5122 Ep.
1429 5051 1507 5109 ad
1550 5051 1946 5109 Nemo-sm
1992 5052 2151 5119 infra
2198 5053 2275 5109 ad

376 5166 399 5274 ,ι
429 5122 586 5273 ὒαξ)
635 5190 936 5261 eon-pm,
979 5190 1235 5273 ‘nouenae-
1264 5193 1447 5274 nosqri
1488 5192 1580 5247 hie
1626 5204 1891 5275 mouens·
1931 5195 2028 5255 est,
2074 5191 2191 5248 sea.
2236 5207 2275 5247 a

330 5259 987 5385 &mm-mptum
1023 5259 1245 5328 ampo.
1305 5259 1447 5316 Duos
1482 5260 1680 5316 Lunae
1716 5274 2008 5331 meamus
2039 5265 2275 5330 quarm

2032 406 2188 469 1561
2239 400 2659 471 Novmffl.

4219 402 4346 468 1⁸8

2380 590 2550 656 nihil
2633 598 2905 656 motum.
3017 589 3162 658 Sub
3239 610 3594 675 vesperum
3673 588 3761 657 ad
3836 608 4070 660 sonum
4140 590 4343 657 tubae

2380 676 2860 762 proclamatum
2917 675 3045 742 fuit
3101 697 3187 743 ne
3236 675 3358 742 ulli
3404 678 3641 743 flerent
3681 686 4062 752 conventus,
4111 675 4341 742 redde-

2380 771 2620 828 rentur
2663 762 2930 846 templa,
2977 771 3045 828 et
3086 763 3159 828 in
3201 761 3583 841 aestiuum,
3628 760 3741 827 ubi
3785 761 4071 829 redirem
4114 783 4154 827 a
4187 783 4344 829 ccu-

2383 849 2589 927 cione,
2636 847 2939 914 minister
2984 848 3372 916 Vicebailivi
3431 869 3583 916 cum
3643 848 3854 914 literis
3896 869 4005 914 me
4047 855 4344 916 tremens

2383 935 2711 1013 convenit,
2758 932 3008 1000 indicat
3044 934 3217 1018 quod
3250 934 3484 1001 literae
3520 934 3825 1002 habeant.
3895 933 4046 1018 Ego
4080 940 4343 1000 tantum

2383 1019 2726 1104 exemplar
2784 1021 2963 1102 petii,
3028 1021 3201 1104 quod
3255 1019 3339 1086 sd
3383 1030 3451 1087 te
3492 1020 3700 1087 mitto.
3788 1019 4067 1085 Fratres
4107 1017 4191 1084 sd
4233 1039 4343 1086 me

2384 1113 2718 1170 venerunt
2759 1114 2910 1189 post
2964 1106 3331 1189 prandium,
3395 1116 3464 1172 et
3526 1108 3830 1172 invocato
3872 1104 4161 1172 Domino
4202 1126 4344 1171 cm·

2385 1211 2505 1257 nes
2550 1202 2955 1274 receperunt,
3022 1214 3094 1259 se
3136 1204 3515 1260 constanter
3556 1193 3632 1258 in
3676 1192 4079 1258 confessione
4140 1212 4343 1258 evan-

2432 1275 2542 1341 elii
2602 1286 3157 1361 perseveraturos,
3224 1301 3342 1362 pro
3399 1298 3529 1362 quo
3587 1287 3721 1344 tam
3779 1278 3977 1343 multi
4020 1278 4344 1345 obierunt.

2386 1298 2675 1429 ganeam
2734 1375 3184 1448 susceperunt,
3248 1375 3314 1430 et
3352 1364 3662 1430 adierunt
3720 1362 3935 1430 virum
3996 1363 4107 1447 qui
4152 1363 4346 1431 valde

2385 1447 2663 1515 tinnivit
2679 1453 2735 1526 ⁹)
2775 1468 2925 1514 cum
2967 1448 3074 1517 his
3118 1451 3229 1534 qui
3273 1450 3568 1528 aderant,
3612 1460 3683 1516 et
3724 1450 4059 1533 petierunt
4101 1459 4177 1515 ut
4210 1469 4348 1516 om-

2384 1534 2574 1599 nium
2619 1555 2788 1617 quae
2831 1536 3078 1620 egisset
3120 1536 3460 1620 exemplar
3501 1534 3705 1614 daret,
3758 1557 3887 1619 quc
3931 1544 4200 1620 possent
4241 1556 4346 1601 re-

2384 1639 2538 1769 gem
2597 1630 2668 1686 et
2723 1641 2885 1705 quos
2942 1631 3201 1705 oportet
3256 1622 3454 1688 adire.
3544 1620 3740 1702 Quod
3797 1621 3909 1688 ille
3969 1641 4118 1688 rece
4162 1622 4219 1686 it
4275 1642 4348 1689 se

2416 1712 2735 1773 acturum.
2843 1705 3041 1774 Solus
3127 1717 3230 1774 est
3306 1709 3421 1792 qui
3482 1708 3720 1773 turbet.
3829 1707 4046 1773 Multa
4159 1707 4350 1774 'citur

2383 1791 2599 1875 egisse
2640 1802 2868 1859 contra
2900 1792 3130 1859 urbem
3165 1792 3458 1878 indigna.
3531 1792 3607 1860 Si
3642 1801 4112 1877 compescatur,
4156 1812 4349 1876 spero

2383 1874 2456 1941 in
2492 1897 2652 1960 pace
2686 1878 3014 1964 evangelii
3049 1900 3367 1965 magnum
3404 1899 3847 1964 progressum.
3918 1878 4066 1944 'Pibi
4110 1889 4347 1945 notum

2385 1984 2531 2029 esse
2565 1962 2776 2044 credo,
2822 1986 2955 2049 qua
2975 1967 3088 2032 via
3130 1965 3306 2050 apud
3351 1986 3575 2049 regem
3611 1965 3700 2032 sit
3738 1965 4085 2050 agendum.
4166 1962 4345 2049 Opto

2385 2061 2464 2113 ut
2502 2069 2625 2115 nos
2670 2051 2954 2133 adiuves,
3022 2051 3139 2118 sed
3183 2052 3599 2135 potissimum
3640 2051 3948 2135 precibus
3991 2060 4059 2117 et
4100 2050 4346 2118 sanctis

2384 2135 2696 2203 consiliis.
2786 2137 2973 2214 Vale,
3053 2140 3145 2203 mi
3202 2139 3409 2203 stater
3465 2139 3759 2203 omnium
3826 2137 4288 2203 amantissime.
4312 2141 4347 2176 ⁶

2384 2219 2599 2370 0υὲἰο
2642 2242 2868 2290 omnes
2903 2223 3188 2309 collegas
3223 2223 3457 2290 salvos.
3531 2223 3816 2306 Vapinci
3853 2228 3953 2289 26.
3991 2221 4345 2290 Novembr.

2947 2445 3174 2512 Nostri
3218 2465 3448 2511 omnes
3492 2455 3875 2512 reverenter
3918 2456 3985 2511 te
4027 2446 4339 2512 salutant.

3380 2532 3565 2598 'Puus
3609 2531 3932 2598 Farellus.

3272 3039 3475 3113 8628.

2822 3195 3223 3265 ΒΠΜΟΝΤ
3267 3199 3329 3262 Δ
3374 3196 3907 3266 COLLADON.

2555 3368 2885 3436 Demande
2927 3368 3005 3435 de
3031 3372 3327 3454 postems
3354 3390 3524 3452 pour
3557 3369 4011 3456 l’Anyoumois.
4046 3374 4097 3458 ¹)

2377 3539 2759 3610 (Autogrsphe
2804 3539 2875 3594 de
2921 3541 2975 3593 la
3019 3539 3402 3610 Bibliotheqtie
3450 3542 3519 3596 de
3556 3542 3791 3598 Geneve.
3830 3543 3956 3598 Vol.
4008 3543 4126 3611 197,
4170 3546 4206 3599 t
4254 3545 4336 3600 14.

2411 3609 2584 3663 Autre
2619 3608 2952 3678 exemplaire
2987 3608 3123 3663 dans
3157 3610 3212 3663 le
3246 3609 3599 3665 Portefsuille
3633 3609 3804 3665 197⁸·-
3839 3612 4053 3668 Crcttet
4089 3613 4156 3668 N.
4192 3612 4302 3682 57.)

2381 3783 2443 3846 Α
2504 3781 2850 3847 Monsieur
2907 3788 2976 3846 et
3030 3780 3205 3846 frere
3248 3781 3591 3848 Monsieur
3644 3783 3962 3850 Oclladon
4016 3787 4338 3854 ministre.

2554 3952 2896 4019 Monsieur
2953 3963 3023 4018 et
3064 3953 3237 4018 frere
3281 3953 3464 4018 aiant
3497 3975 3796 4039 congneu
3850 3956 3919 4021 la
3964 3957 4180 4024 bonne
4222 3979 4339 4026 vo-

2378 4038 2586 4115 lunte,
2622 4046 2768 4104 tant
2810 4036 2892 4103 de
2935 4037 3082 4121 foys
3139 4059 3268 4121 que
3310 4060 3416 4105 me
3461 4050 3683 4123 portes
3714 4042 3788 4125 je
3830 4062 3998 4108 vous
4043 4045 4340 4128 requiers

2378 4146 2487 4191 me
2527 4125 2669 4190 fere
2711 4145 2787 4191 ce
2831 4122 2983 4190 bien
3041 4144 3168 4207 que
3211 4125 3452 4191 d’estre
3510 4125 3789 4195 advocat
3831 4148 3998 4211 pour
4040 4152 4209 4196 nous
4252 4153 4339 4196 en

2376 4211 2627 4277 l’affere
2685 4209 2928 4293 duquel
2983 4230 3152 4277 vous
3192 4211 3573 4294 escripvons
3626 4233 3667 4277 a
3708 4221 3861 4280 tous
3919 4234 4007 4280 en
4049 4216 4337 4301 general,

2377 4299 2492 4381 qui
2555 4303 2660 4363 est
2722 4293 2804 4361 de
2867 4316 3037 4362 nous
3093 4297 3364 4369 envoier
3418 4297 3522 4365 s’il
3564 4308 3663 4364 est
3717 4300 4003 4384 possible
4102 4301 4338 4387 uelque

2378 4382 2645 4448 homme
2709 4380 2803 4447 tel
2853 4402 2981 4466 que
3033 4383 3488 4466 congnoistrez
3554 4392 3730 4451 estre
3785 4407 3920 4452 non
3977 4323 4342 4454 seffiement

2376 4490 2551 4554 pour
2600 4465 2916 4551 prescher
2956 4468 3121 4532 mais
3166 4470 3344 4535 aussi
3385 4490 3555 4553 pour
3598 4470 3734 4537 fere
3787 4472 4086 4551 lectores,
4133 4483 4200 4539 et
4241 4473 4338 4540 fe-

2378 4576 2488 4621 rez
2529 4576 2621 4621 un
2656 4553 2808 4619 bien
2841 4553 3261 4636 jnestimable
3303 4570 3474 4638 pour
3518 4563 3691 4622 ceste
3737 4577 3983 4642 pauvre
4026 4560 4338 4642 province

2583 4844 2618 4898 9
2682 4843 2774 4900 Sic
2814 4845 2944 4900 God.
2984 4843 3118 4899 111⁰
3153 4843 3379 4899 haione
3410 4846 3570 4901 ηοὸίε
3604 4853 3873 4916 suspecta
3931 4848 4336 4919 Auoqraphon

2375 4914 2468 4969 hic
2510 4914 2605 4981 δαῒ
2637 4913 2894 4969 calmum
2942 4913 3078 4968 lectu
3127 4912 3517 4996 phar-eam
3560 4915 3752 4970 literas
3794 4916 3892 4970 sod
3932 4932 4074 4986 quas
4115 4921 4199 4973 cel
4243 4935 4335 4974 m·-

2374 4987 2564 5107 3332.
2584 5051 2645 5118 1)
2700 5024 2802 5108 Z’e'
2835 4981 3375 5107 zuew'ofaffm
3391 5000 3534 5175 Aule
3567 5000 3858 5108 'dt-maog&
3914 5069 4024 5122 por
4068 5052 4216 5111 Jecn
4268 5056 4337 5112 ds

2380 5121 2959 5244 wwss
2982 5120 3072 5244 ιι·
3103 5066 3269 5244 ἐς.
3302 5120 3435 5244 {z
3454 5138 3591 5243 “ra
3651 5121 3713 5244 ‚5-
3745 5122 4335 5250 <emaum

2373 5266 2636 5329 pastun
2688 5258 2754 5313 de
2786 5259 3166 5328 l’Anyoumois
3210 5258 3404 5382 clymis
3455 5258 3607 5341 1534.
3682 5209 3839 5316 Mais
3880 5261 3926 5316 οἳ
3964 5278 4005 5332 y
4040 5278 4077 5317 a
4111 5278 4219 5318 m
4252 5263 4332 5318 la·

2379 5345 2519 5384 eune
2548 5342 2694 5397 poue·
2725 5324 2968 5398 Plpoquo
3000 5330 3134 5384 dont
3167 5328 3212 5382 a
3291 5334 3408 5398 aqu
3441 5342 3530 5382 oct.
