4900 6125
649 375 780 440 216

1529 562 1731 637 4⁰5⁹.

1138 716 1641 786 OOUR'I'OYS
1687 714 2127 785 OALVINO.

820 886 1139 954 Ecclesiae
1170 909 1326 957 suae
1367 891 1519 956 laeti
1547 908 1941 974 proyresm.
2020 887 2377 954 erassatur
2407 891 2615 953 tamen

646 971 928 1040 haeresis
977 973 1270 1042 Gentius.

972 1144 1086 1213 (Ex
1121 1145 1464 1216 autographo
1498 1145 1627 1200 cod.
1664 1144 1870 1199 Genev.
1908 1143 2027 1210 110,
2065 1144 2158 1200 sol.
2199 1143 2272 1211 1.)

817 1314 986 1380 Viro
1064 1316 1404 1399 spectabili
1481 1316 1564 1381 D.
1633 1315 1871 1382 Ioanni
1935 1315 2219 1382 Calvino
2299 1314 2614 1381 ecclesiae

644 1400 1061 1468 Genevensis
1101 1401 1486 1468 fidelissimo
1532 1402 1833 1469 ministro
1868 1423 2063 1485 quam
2101 1400 2465 1484 plurimum
2499 1401 2614 1467 ob-

641 1486 984 1553 servando·
2100 1572 2435 1639 Genevse.

815 1709 1056 1776 Gratia
1118 1720 1186 1774 et
1241 1730 1372 1792 pax
1429 1712 1502 1774 in
1553 1709 1701 1776 Deo
1757 1717 1945 1793 patre
2002 1709 2071 1775 in
2127 1709 2398 1776 Christo
2443 1710 2615 1776 Jesu

643 1794 935 1860 Domino
980 1805 1222 1861 nostro.
1314 1794 1642 1878 Quamvis
1685 1796 2081 1878 paucissimo
2138 1794 2212 1860 in
2272 1796 2397 1860 hac
2448 1793 2615 1859 urbe

643 1879 940 1965 degerim
976 1902 1107 1946 non
1154 1881 1168 1894 ‘
1344 1898 1486 1946 tum
1531 1881 1652 1947 tibi
1696 1884 1852 1960 fore,
1907 1881 2000 1946 mi
2045 1892 2250 1965 pater,
2307 1881 2364 1946 si
2406 1878 2491 1945 ad
2550 1889 2615 1943 te

639 1967 989 2032 scriberem
1050 1966 1453 2032 existimavi:
1519 1967 1870 2050 praecipue
1929 1968 2051 2033 hoc
2109 1967 2365 2032 tentavi
2420 1979 2498 2032 nt
2550 1976 2615 2030 te

640 2050 722 2117 de
766 2063 992 2118 nostro
1027 2073 1197 2117 novo
1235 2052 1309 2116 in
1332 2051 1603 2118 Christo
1638 2060 1832 2117 coetu
1868 2053 2214 2117 certiorem
2247 2050 2613 2118 redderem.

642 2136 833 2204 Scies
876 2137 1092 2220 igitur,
1157 2136 1534 2204 venerande
1587 2147 1795 2221 pater,
1852 2138 1975 2203 etsi
2031 2139 2316 2223 populus
2373 2136 2483 2203 hic
2526 2137 2617 2203 sit

641 2224 848 2289 durus
890 2245 985 2298 ac,
1049 2237 1123 2288 ut
1180 2226 1273 2288 ita
1327 2223 1558 2300 dicam,
1601 2223 1920 2307 lapideus,
1977 2233 2200 2289 tamen
2254 2224 2350 2289 ita
2392 2245 2500 2288 res
2544 2244 2615 2287 se

640 2309 840 2375 habet
881 2325 960 2374 ut
995 2310 1135 2375 Deo
1176 2310 1445 2376 favente
1487 2310 1559 2373 in
1596 2308 1735 2375 dies
1768 2319 2019 2376 crescat
2074 2330 2407 2375 numerus.
2469 2306 2614 2373 Iam

637 2394 946 2460 diaconos
988 2409 1055 2461 et
1097 2397 1388 2461 seniores
1431 2396 1802 2461 creavimus
1827 2405 1895 2459 et
1915 2416 1998 2461 ex
2022 2394 2130 2462 his
2149 2394 2613 2461 consistorium

637 2480 1084 2545 formavimus.
1154 2479 1340 2547 Adeo
1383 2480 1602 2546 fervet
1642 2479 1871 2566 populi
1912 2481 2128 2546 infimi
2173 2481 2354 2546 zelus
2395 2487 2473 2545 ut
2494 2482 2611 2546 vix

636 2567 909 2631 retineri
953 2567 1179 2651 possit,
1243 2566 1402 2650 quin
1463 2587 1571 2632 me
1626 2565 1757 2632 huc
1810 2573 1879 2632 et
1919 2565 2079 2633 illuc
2122 2566 2452 2651 quaeritet
2492 2564 2609 2631 nbi

637 2672 859 2717 meum
925 2652 1194 2718 rescivit
1255 2649 1634 2718 adventum.
1721 2649 1858 2718 Sed
1916 2651 2073 2735 quia
2126 2651 2344 2717 adhuc
2384 2673 2493 2717 res
2534 2652 2608 2716 in

639 2737 930 2821 periculo
975 2746 1293 2816 versatur,
1340 2759 1381 2804 a
1424 2737 1793 2804 senioribus
1831 2737 2128 2820 providis
2171 2738 2497 2804 retinetur
2540 2746 2609 2802 et

637 2845 720 2889 ex
765 2823 1306 2908 prudentioribus
1348 2823 1641 2889 fidelium
1685 2843 2004 2889 numerus
2044 2822 2367 2907 paulatim
2411 2842 2609 2904 auge-

634 2917 765 2975 tur.
855 2909 1112 2975 Verum
1155 2906 1322 2975 illud
1365 2930 1573 2975 unum
1632 2909 1856 2988 timeo,
1910 2929 1998 2974 ne
2050 2907 2218 2973 mihi
2270 2929 2420 2975 cnm
2468 2907 2605 2973 Ve-

632 2995 1019 3061 lentinianis
1059 2996 1252 3063 novis
1295 2995 1471 3060 lucta
1514 2995 1636 3061 sit:
1695 2995 1829 3060 iam
1884 2994 2062 3060 enim
2097 2992 2441 3061 cuiusdam
2477 2993 2607 3058 foe-

634 3092 843 3148 torem
886 3082 1165 3149 olfactus
1220 3102 1387 3147 sum.
1475 3081 1706 3164 Neque
1762 3080 1876 3145 ille
1929 3080 2170 3146 nebulo
2212 3080 2530 3164 Desaryes
2554 3079 2604 3165 ¹)

629 3178 845 3234 cessat
886 3188 1040 3233 suas
1081 3168 1427 3251 spurcitias
1470 3167 1806 3249 rabieiqne
1849 3187 2118 3251 spumas
2153 3187 2468 3251 spargere
2510 3165 2608 3231 ita

631 3263 712 3318 ut
776 3274 908 3319 non
965 3253 1179 3320 solum
1235 3252 1535 3318 homines
1592 3252 1709 3318 sed
1762 3272 1981 3318 aerem
2039 3253 2258 3336 ipsum
2315 3253 2604 3319 infectet.

634 3337 826 3406 Unus
870 3346 1246 3405 nostrorum
1290 3339 1626 3405 seniorum
1669 3359 1879 3403 unum
1935 3339 2008 3403 in
2064 3338 2354 3421 primum
2397 3336 2605 3403 Insti-

632 3426 905 3492 tutionis
946 3431 1097 3490 tuae
1141 3423 1538 3491 christianae
1571 3424 1818 3489 librum
1849 3422 2401 3491 commentarium
2437 3421 2607 3489 vidit

635 3531 843 3576 manu
869 3510 1189 3593 scriptum
1236 3532 1312 3577 ac
1357 3530 1477 3593 per
1520 3508 1709 3574 illum
1755 3508 2298 3574 nefandissimum
2342 3529 2603 3591 compo·

633 3597 855 3663 situm.
951 3596 1324 3662 Valentinus
1338 3598 1395 3671 ²)
1461 3595 1804 3662 Poloniam
1886 3596 2218 3679 profectus
2293 3606 2412 3671 est,
2490 3592 2605 3659 ubi

629 3681 947 3748 mandare
1025 3680 1208 3765 prelo
1273 3680 1604 3764 pollicitus
1666 3690 1768 3747 est
1828 3678 2161 3765 quendam
2225 3680 2467 3745 librum
2532 3680 2602 3744 in

629 3777 813 3834 tuam
873 3767 1364 3851 responsionem
1423 3778 1857 3849 compactum.
1946 3766 2189 3839 Tuum,
2242 3767 2334 3830 mi
2396 3772 2601 3849 peter,

630 3874 832 3937 super
874 3854 1000 3921 hac
1042 3873 1117 3919 re
1160 3851 1548 3936 exspectabo
1583 3851 1947 3919 consilium.
2012 3851 2200 3917 Haec
2240 3858 2399 3917 sunt
2433 3871 2604 3934 quae

628 3939 701 4006 in
743 3960 1002 4006 summa
1043 3939 1418 4023 significare
1451 3939 1653 4021 potui.
1739 3938 2011 4004 Patrem
2042 3938 2129 4002 D.
2167 3937 2413 4003 Bezam
2456 3957 2601 4002 cae-

630 4034 934 4111 terosque
991 4026 1227 4091 fratres
1283 4045 1430 4089 meo
1488 4024 1751 4088 nomine
1804 4024 1877 4088 in
1936 4022 2205 4089 Christo
2262 4021 2600 4100 salutabis,

631 4113 764 4178 tuis
816 4131 1175 4195 eorumque
1231 4109 1534 4194 precibus
1593 4109 1838 4176 sanctis
1889 4129 1998 4174 me
2056 4129 2254 4192 quam
2309 4108 2601 4174 maxime

627 4197 1160 4265 commendatum
1209 4196 1471 4261 habeas.
1561 4194 1766 4261 Pater
1822 4194 2423 4260 misericordiarum
2480 4213 2601 4260 vos

627 4284 698 4348 in
744 4283 1014 4350 Christo
1059 4290 1402 4348 conservet
1445 4302 1521 4348 ac
1562 4280 1802 4347 foveat.
1855 4285 1952 4346 17.
1978 4278 2368 4346 Decembris
2413 4283 2596 4344 1563.

1217 4419 1402 4484 'l'uns
1445 4417 1621 4484 filius
1664 4418 1736 4482 in
1780 4416 2051 4483 Christo
2094 4415 2512 4482 humillimus

1479 4503 1799 4571 Claudius
1842 4501 2190 4587 Gourtoys.
2211 4504 2268 4581 ⁸)

629 4675 903 4813 405013
940 4674 1265 4759 θῶαζᾶιυ,
1302 4675 1465 4730 cuius
1490 4673 1791 4758 praedius·
1824 4679 1947 4756 emt
1984 4674 2215 4756 Fjaroes.
2289 4745 2301 4757 .
2567 4745 2578 4758 ο

682 4816 693 4827 ⁰
810 4743 1186 4869 uincienda.
1229 4760 1388 4815 quon
1433 4750 1616 4799 mm
1662 4742 1883 4814 alequa
1926 4744 2597 4815 mezur-ptumo&-

834 4882 897 4950 3)
937 4879 1104 4951 Quen
1347 4880 1706 4937 Tarento-sios
1743 4879 2037 4936 Sabandos
2069 4882 2379 4937 ministrum
2421 4882 2599 4948 fuisse

631 4950 808 5008 diam
839 4966 908 5006 a
941 4964 1025 5020 ep.
1061 4952 1226 5006 initae
1257 4966 1326 5005 n.
1364 4950 1492 5006 Ian.
1533 4948 1673 5005 1⁶64
1705 4951 1934 5019 scripta.

2172 372 2702 442 EPISTOLAB
2745 377 3167 442 4059—4061

2690 1918 2912 1984 ,scribi
2975 1939 3060 1984 ex
3112 1920 3324 1987 literis
3365 1921 3450 1987 D.
3503 1920 3756 1990 Calvini
3798 1933 3867 1989 et
3910 1924 4122 1991 Reme

4528 386 4625 448 216

3601 566 3803 637 4⁰⁶6).

3082 717 3749 789 BULLINGERUS
3794 721 4331 791 BLAURRRO.

2894 887 4637 980 Communicatcumeoquaeacalvinoethde

2711 974 3563 1062 rebusGauiaeaoeepov-at.

2776 1145 3134 1216 (Excerptum
3170 1163 3239 1202 ex
3276 1147 3408 1203 Ood.
3444 1149 3684 1221 Sangall.
3718 1149 3804 1205 38.
3840 1152 3980 1222 Epp.
4018 1152 4100 1206 lx
4136 1153 4230 1207 fol.
4274 1152 4374 1207 188
4405 1155 4607 1224 aba.)

2892 1312 3338 1405 [GIaJrissimo
3447 1322 3593 1388 viro
3681 1324 3765 1389 D.
3848 1324 4200 1391 Ambrosio
4294 1323 4637 1414 [Blandus

2717 1401 3124 1469 Liitmerkse
3181 1403 3279 1493 [in
3320 1404 3721 1496 Thury]avia
3777 1409 3911 1475 iam
3971 1412 4199 1496 agenti
4256 1408 4519 1498 [amo]oe
4561 1431 4639 1476 co-

2717 1487 3098 1555 lendissimo
3142 1502 3210 1557 et
3251 1493 3614 1560 carissimo.

4039 1583 4507 1649 Liitmerchen.

2721 1870 2800 1880 —
2850 1867 2935 1879 —·
2974 1834 3174 1900 Mitto
3239 1835 3357 1901 tibi
3425 1857 3594 1921 quae
3654 1841 3881 1904 curavi
3948 1839 4020 1903 in
4064 1841 4163 1905 tui
4357 1843 4511 1907 fiam
4560 1841 4641 1906 de-

4316 1948 4430 1992 me
4468 1929 4643 1993 mins

2717 2025 2838 2154 {ger
2881 2004 3189 2070 Linerum
3231 2014 3556 2088 nostrum,
3602 2009 3708 2075 cui
3752 2009 3862 2076 hic
3919 2011 4214 2077 dixerat:
4282 2034 4480 2079 mone
4516 2013 4643 2078 Bur-

2742 2110 3023 2175 myerum
3088 2098 3168 2156 ut
3229 2112 3558 2158 summam
3624 2096 3919 2162 omnium
3997 2107 4188 2164 curet
4254 2098 4527 2166 describi
4582 2099 4641 2164 D.

2718 2175 3055 2242 Blaurem.
3143 2176 3418 2262 Ignorat
3481 2178 3595 2244 ille
3658 2182 3938 2248 fortasse
4002 2184 4193 2250 nobis
4258 2188 4483 2251 omnia
4537 2206 4643 2252 ene

2717 2264 3119 2340 communia,
3189 2264 3358 2330 sicut
3402 2265 3579 2330 inter
3622 2267 3867 2333 amicos
3911 2289 3990 2334 ea
4030 2289 4181 2336 esse
4223 2269 4467 2337 debent
4507 2291 4641 2337 oon·

2717 2349 2962 2413 munia.
3028 2384 4457 2404 ———————————
4496 2356 4641 2420 Vale.

2716 2434 2949 2519 'l'iguri
2993 2439 3088 2500 19.
3113 2434 3426 2502 Deoemb.
3451 2457 3580 2519 quo
3625 2446 3781 2504 ante
3826 2460 4079 2505 annum
4125 2439 4233 2507 die
4267 2441 4497 2508 eadem
4528 2463 4639 2508 eun·

2713 2521 2944 2585 flixere
2986 2519 3058 2585 in
3103 2519 3327 2587 Gallia
3370 2522 3595 2605 copiae
3634 2522 3970 2591 adversae.
4024 2529 4206 2592 1563.

3852 2663 4035 2728 'suus
4079 2664 4193 2747 qui
4238 2685 4515 2750 semper.

3494 2954 3907 2966 ——-———

3598 3207 3793 3279 40⁰1.

3242 3361 3614 3428 MERLIN
3658 3366 3722 3428 A
3768 3364 4143 3431 GALVIN.

2884 3528 3329 3597 Govoeinuation
3370 3533 3460 3598 du
3498 3540 3762 3617 rapport
3801 3555 3919 3601 sur
3961 3536 4134 3603 vetat
4175 3538 4291 3604 des
4336 3540 4551 3626 ὀψία
4582 3538 4631 3601 ἆ

2705 3614 2948 3680 Reium.

2706 3785 3083 3856 (Autographe
3118 3787 3186 3842 de
3221 3790 3275 3843 la
3308 3788 3694 3862 Bibliotheqne
3729 3793 3800 3848 de
3834 3792 4057 3848 Geneve
4102 3795 4225 3850 Vol.
4264 3798 4389 3865 112,
4426 3800 4513 3853 fni.
4544 3796 4619 3850 1⁶1

3374 3859 3617 3915 Bulletin
3648 3861 3800 3917 xlv.
3831 3860 3982 3929 243.)

2910 4032 2974 4094 A
3018 4030 3364 4098 Monsieur
3406 4033 3752 4100 Monsieur
3793 4035 4033 4104 Calvin
4079 4060 4119 4103 a
4162 4039 4461 4107 Geneve.

2917 4200 3114 4268 Salut
3156 4225 3278 4288 par
3320 4214 3542 4272 nostre
3586 4205 3918 4292 Seigneur
3957 4210 4007 4278 J
4008 4231 4162 4279 esus
4206 4211 4459 4281 Christ.

2872 4341 3216 4409 Monsieur
3249 4350 3318 4409 et
3351 4345 3790 4412 treshonnore
3823 4348 4015 4426 frere,
4036 4348 4087 4413 il
4106 4371 4155 4433 y
4177 4370 4221 4415 a
4240 4354 4409 4418 trois
4428 4350 4623 4427 indus}

2700 4447 2786 4493 ou
2831 4431 3108 4493 environ
3153 4450 3280 4512 que
3336 4431 3400 4496 ie
3441 4453 3530 4497 ne
3581 4452 3752 4498 vous
3806 4454 3895 4517 ay
3934 4455 4067 4518 peu
4123 4437 4375 4503 escrire
4425 4459 4499 4505 oe
4542 4436 4623 4521 qui

2701 4514 2899 4580 estoit
2941 4514 3205 4580 advenu
3248 4515 3356 4615 icy
3372 4568 3388 4593 ‚
3440 4525 3484 4582 a
3524 4518 3749 4584 savoir
3791 4517 4025 4603 depuis
4073 4542 4202 4605 que
4245 4526 4455 4608 partit
4490 4522 4621 4601 δὴ

2702 4621 2796 4666 un
2841 4599 2951 4685 qui
3004 4601 3199 4667 estoit
3238 4603 3542 4669 ministre
3584 4624 3623 4669 a
3676 4604 3895 4672 Norae
3950 4606 4129 4672 natis
4177 4608 4263 4675 de
4319 4609 4619 4676 Lami-2

2702 4683 2945 4769 duquel
2978 4686 3111 4771 i’ay
3143 4688 3360 4754 onblie
3394 4689 3457 4754 le
3490 4711 3665 4771 nom,
3704 4692 3943 4774 auquel
3975 4694 4039 4757 ie
4072 4694 4269 4780 priay
4301 4696 4463 4779 qu'il
4492 4711 4619 4759 w·

2700 4780 3038 4839 racontast
3078 4793 3154 4839 ce
3196 4774 3307 4856 qni
3350 4775 3534 4840 avoit
3568 4786 3708 4841 este
3750 4778 3873 4843 fait
3905 4778 4015 4863 icy
4057 4800 4145 4844 en
4180 4802 4273 4847 un

2699 4859 2870 4925 mois
2913 4856 2994 4925 de
3039 4857 3430 4944 Septembre
3473 4861 3738 4928 dernier
3774 4866 4063 4947 passe,⁸)
4106 4874 4180 4931 et
4218 4887 4379 4951 croy
4422 4864 4559 4952 qt'fl
4588 4880 4617 4923 ⁸

2696 4945 2885 5030 parle
2927 4968 2969 5011 a
3010 4966 3196 5012 vous.
3252 4945 3315 5011 11
3351 4955 3453 5013 est
3485 4968 3655 5032 vray
3691 4968 3819 5032 que
3858 4951 3921 5014 ie
3954 4970 4121 5017 vous
4156 4973 4244 5037 ay
4278 4952 4431 5019 bien
4462 4948 4615 5017 ni

2697 5221 3434 5285 soeLliNma-un‘avons
3553 5224 3565 5234 ⁰
3658 5221 4427 5299 demutatarum

2905 5291 3415 5363 DBordenoeep,
3485 5289 3950 5359 lvefimaeflss.
