4900 6125
588 442 715 506 707

592 626 790 710 Quod
834 629 955 695 tibi
998 630 1262 716 ignotus
1310 634 1498 695 4176.

595 713 793 793 Quod
828 715 948 782 tibi
992 715 1233 801 legisse
1276 717 1459 784 visus
1504 737 1575 783 es
1628 720 1811 784 1578.

590 798 786 880 Quod
834 801 953 866 tibi
996 802 1183 868 nulla
1226 801 1519 868 humana
1563 805 1751 868 2947.

593 884 791 966 Quod
834 887 956 952 tibi
1001 909 1214 972 nuper
1257 909 1332 955 ac
1375 889 1683 955 Musculo
1735 893 1916 954 1428.

592 969 791 1051 Quod
836 972 961 1037 tibi
1004 995 1220 1058 nuper
1260 975 1513 1039 fueram
1562 979 1708 1037 218.

593 1055 788 1137 Quod
835 1058 958 1123 tibi
1001 1081 1121 1144 per
1163 1067 1574 1143 quaestorem
1624 1066 1766 1124 813.

594 1141 790 1223 Quod
838 1144 955 1209 tibi
1001 1167 1122 1229 per
1167 1144 1497 1213 Secelium
1546 1150 1736 1209 2337.

593 1226 791 1308 Quod
834 1229 955 1294 tibi
998 1232 1212 1297 serius
1256 1231 1616 1317 respondeo
1666 1235 1846 1298 1958.

591 1312 788 1394 Quod
833 1316 1242 1383 tristissimas
1285 1338 1479 1384 curas
1528 1323 1715 1381 2135.

590 1398 787 1480 Quod
831 1407 980 1469 tuas
1020 1423 1151 1467 non
1197 1405 1606 1488 exspectavit
1652 1408 1796 1469 773.

593 1484 788 1565 Quod
832 1488 967 1554 tuis
1002 1489 1084 1553 ad
1130 1510 1238 1554 me
1282 1488 1491 1555 literis
1546 1495 1681 1553 173.

592 1569 788 1651 Quod
829 1575 964 1638 tuis
1008 1574 1217 1639 literis
1260 1575 1579 1642 hactenus
1628 1580 1814 1641 3870.

591 1656 787 1737 Quod
831 1659 965 1723 tuis
1007 1658 1218 1726 literis
1260 1662 1505 1743 rogasti
1556 1664 1740 1728 2243.

591 1741 790 1822 Quod
833 1745 967 1808 tuis
1010 1746 1220 1812 serius
1262 1747 1622 1830 respondeo
1670 1753 1811 1811 635.

590 1827 784 1909 Quod
831 1828 1007 1895 ultra
1042 1841 1321 1914 quatuor
1364 1836 1551 1898 2299.

589 1912 788 1995 Quod
830 1936 1038 1980 unum
1081 1918 1274 2000 petiit
1314 1919 1566 1983 Hector
1612 1921 1753 1981 623.

589 1998 788 2079 Quod
831 2001 1228 2087 Vergerium
1266 2004 1591 2070 cursitare
1640 2007 1825 2071 3208.

581 2084 777 2166 Quod
820 2107 981 2152 vero
1026 2088 1109 2154 ad
1155 2087 1663 2154 hebdomadaria
1713 2095 1893 2156 1256.

580 2170 955 2252 Quominus
1000 2175 1177 2239 viam
1226 2175 1411 2240 nobis
1459 2181 1601 2240 396.

579 2256 923 2338 Quomodo
968 2280 1180 2343 nuper
1222 2261 1447 2325 Berua
1496 2264 1682 2326 2187.

580 2342 930 2424 Quomodo
974 2365 1080 2410 res
1123 2355 1384 2412 vestrae
1428 2347 1715 2412 habeant
1766 2349 1946 2412 1829.

581 2429 926 2510 Quomodo
971 2431 1322 2497 Rochaeus
1368 2436 1555 2497 2893.

580 2514 910 2595 Quoniam
959 2537 998 2580 a
1042 2517 1318 2582 Macarii
1366 2521 1553 2584 2597.

578 2600 912 2681 Quoniam
957 2601 1042 2666 ad
1085 2623 1191 2667 me
1237 2605 1549 2687 privatim
1600 2607 1784 2668 2056.

578 2685 909 2767 Quoniam
954 2687 1037 2754 ad
1083 2688 1292 2753 multa
1334 2712 1515 2756 nunc
1569 2694 1713 2754 750.

580 2771 911 2852 Quoniam
961 2773 1328 2841 Andelotus
1376 2778 1561 2840 2892.

580 2857 909 2938 Quoniam
957 2866 1113 2925 ante
1155 2880 1366 2926 annos
1415 2867 1600 2924 3198.

581 2943 915 3024 Quoniam
958 2953 1117 3010 ante
1162 2954 1307 3013 octo
1352 2951 1541 3012 4058.

578 3028 912 3111 Quoniam
960 3031 1185 3098 Berna
1227 3053 1537 3100 reversus
1585 3036 1771 3098 2845.

580 3115 913 3195 Quoniam
958 3118 1138 3183 Beza
1182 3126 1408 3185 noster
1451 3125 1638 3183 4034.

586 3201 922 3282 Quoniam
966 3202 1246 3269 Claudio
1290 3214 1517 3271 nostro
1566 3208 1709 3269 752.

583 3288 915 3369 Quoniam
962 3288 1043 3353 de
1089 3288 1381 3355 adventu
1427 3294 1608 3355 1289.

581 3373 917 3455 Quoniam
961 3374 1068 3441 die
1109 3376 1392 3444 Veneris
1443 3382 1627 3440 1411.

583 3460 916 3541 Quoniam
961 3459 1049 3524 D.
1094 3461 1463 3528 Andelotus
1511 3465 1698 3526 2892.

585 3545 916 3626 Quoniam
965 3567 1044 3613 ea
1088 3548 1584 3615 benevolentiae
1632 3554 1776 3612 311.

585 3631 921 3713 Quoniam
963 3632 1193 3697 eodem
1236 3635 1373 3699 fere
1426 3639 1606 3699 1674.

585 3717 920 3798 Quoniam
960 3726 1027 3783 et
1068 3718 1278 3785 literis
1321 3720 1677 3786 multorum
1726 3723 1913 3784 2851.

585 3803 920 3884 Quoniam
964 3804 1108 3870 heri
1152 3806 1246 3870 ita
1292 3808 1478 3871 2460.

588 3888 921 3969 Quoniam
965 3889 1074 3957 hic
1116 3890 1329 3956 bonus
1369 3892 1474 3957 vir
1532 3896 1715 3955 1176.

587 3973 917 4055 Quoniam
962 3976 1072 4043 hic
1114 3976 1322 4042 frater
1366 3977 1480 4042 diu
1539 3981 1724 4042 1092.

580 4060 921 4141 Quoniam
964 4061 1074 4127 hic
1114 4061 1323 4128 frater
1364 4063 1793 4129 Lausannam
1844 4065 2022 4126 1296.

587 4146 921 4227 Quoniam
964 4147 1077 4213 hic
1119 4148 1227 4213 vir
1268 4148 1505 4214 nobilis
1552 4153 1737 4215 3212.

589 4231 922 4313 Quoniam
967 4233 1092 4300 hoc
1134 4236 1473 4320 negotium
1523 4240 1706 4300 1285.

589 4318 922 4398 Quoniam
966 4321 1037 4384 in
1082 4320 1217 4385 tuis
1260 4319 1472 4387 literis
1518 4323 1703 4383 2969.

586 4403 916 4487 Quoniam
963 4404 1249 4471 Ioannes
1293 4406 1613 4472 Calvinus
1657 4411 1801 4473 479.

586 4489 920 4571 Quoniam
964 4490 1130 4556 mihi
1171 4493 1397 4558 testati
1440 4498 1597 4557 sunt
1641 4494 1828 4557 2978.

588 4576 927 4658 Quoniam
968 4587 1197 4643 nostra
1236 4579 1513 4644 interest
1558 4582 1746 4644 3671.

591 4662 925 4743 Quoniam
968 4684 1231 4728 omnem
1274 4685 1472 4748 quam
1519 4668 1708 4726 4094.

588 4748 919 4830 Quoniam
965 4750 1293 4834 principes
1341 4755 1479 4813 145.

589 4834 921 4916 Quoniam
964 4837 1211 4921 rogasti
1255 4834 1600 4920 postremis
1645 4840 1788 4902 693.

591 4920 920 5001 Quoniam
967 4923 1285 5005 scriptum
1330 4923 1791 5007 consignatum
1838 4929 1979 4989 741.

591 5006 923 5088 Quoniam
966 5007 1242 5073 verebar
1285 5029 1370 5073 ne
1414 5008 1655 5074 Petrus
1702 5013 1847 5073 690.

590 5092 923 5173 Quoniam
970 5093 1247 5159 verebar
1286 5116 1373 5158 ne
1416 5095 1537 5160 tibi
1580 5094 1856 5161 molesta
1904 5099 2041 5161 164.

592 5178 922 5260 Quoniam
967 5178 1234 5245 videbat
1276 5181 1529 5246 Textor
1575 5185 1717 5247 633.

590 5263 918 5344 Quoniam
963 5263 1264 5331 videmus
1306 5267 1640 5332 interdum
1677 5270 1821 5329 866.

590 5350 905 5431 Quotidie
947 5372 1096 5418 cum
1142 5349 1287 5417 Deo
1332 5356 1517 5417 3116.

2056 443 2438 513 INDICES
2484 444 3176 514 EPISTOLARUM.
4515 454 4615 517 708

2673 634 2951 715 Quoties
2996 657 3118 720 ego
3161 635 3242 701 ad
3287 643 3354 701 te
3402 642 3588 703 3806.

2672 720 2948 801 Quoties
2991 722 3243 789 occasio
3289 723 3551 788 dabitur
3598 727 3783 789 3526.

2669 806 3204 891 Quotiescunque
3243 811 3644 875 mentionem
3691 810 3791 875 tui
3844 815 4023 874 1353.

2669 891 2895 972 Quum
2940 915 2979 959 a
3022 893 3319 960 revelato
3362 898 3548 958 3290.

2666 977 2891 1058 Quum
2936 1000 2975 1044 a
3017 979 3181 1046 viris
3219 981 3441 1064 probis
3486 986 3671 1046 3986.

2668 1063 2894 1144 Quum
2939 1065 3021 1129 ab
3065 1067 3338 1131 ineunte
3393 1071 3490 1130 70.

2666 1148 2892 1229 Quum
2937 1150 3020 1216 ad
3065 1172 3171 1217 me
3212 1171 3428 1235 nuper
3473 1158 3659 1216 4211.

2665 1235 2889 1316 Quum
2935 1235 3019 1302 ad
3063 1258 3169 1303 me
3214 1238 3569 1321 scripsistis
3617 1242 3801 1302 3908.

2666 1320 2890 1401 Quum
2939 1321 3021 1387 ad
3067 1331 3133 1389 te
3172 1324 3694 1407 proficisceretur
3743 1328 3933 1387 1510.

2665 1406 2890 1487 Quum
2936 1408 3019 1472 ad
3063 1429 3180 1475 vos
3226 1409 3383 1474 binc
3432 1413 3618 1472 3042.

2664 1491 2888 1572 Quum
2936 1493 3312 1560 admonitus
3356 1516 3567 1560 essem
3615 1495 3696 1560 ab
3740 1496 3990 1561 Ioanne
4037 1499 4182 1560 821.

2664 1577 2890 1658 Quum
2935 1580 3312 1646 admonitus
3355 1602 3562 1646 essem
3610 1584 3678 1647 in
3727 1601 3986 1647 summo
4025 1583 4212 1648 2532.

2662 1663 2890 1744 Quum
2937 1665 3137 1730 allata
3181 1675 3403 1731 essent
3445 1668 3748 1751 exempla
3793 1669 3979 1731 2275.

2662 1749 2889 1830 Quum
2935 1750 3175 1816 allatae
3219 1763 3374 1818 sunt
3420 1761 3574 1818 tuae
3623 1757 3764 1816 286.

2661 1834 2888 1915 Quum
2934 1836 3611 1905 animadverteremus
3661 1841 3843 1903 1254.

2660 1920 2886 2001 Quum
2930 1924 3151 1988 animo
3193 1924 3526 1990 volverem
3576 1927 3762 1988 3286.

2661 2006 2886 2087 Quum
2930 2028 3105 2074 anno
3148 2010 3488 2093 superiore
3532 2015 3717 2075 3083.

2662 2092 2888 2172 Quum
2934 2094 3216 2160 antehac
3258 2094 3341 2160 ad
3388 2103 3677 2162 vestram
3726 2100 3912 2161 2810.

2658 2177 2884 2257 Quum
2930 2180 3105 2264 apud
3149 2201 3256 2246 me
3292 2183 3665 2247 statuissem
3715 2187 3894 2246 1493.

2659 2263 2882 2343 Quum
2930 2265 3188 2330 audiam
3236 2286 3320 2331 ex
3365 2266 3511 2332 aliis
3558 2272 3746 2331 4029.

2658 2348 2887 2429 Quum
2930 2350 3228 2416 audirem
3273 2351 3620 2417 Sulzcrum
3670 2358 3857 2418 3954.

2657 2434 2880 2514 Quum
2932 2436 3308 2504 avidissime
3352 2447 3503 2503 tuas
3551 2441 3738 2503 2598.

2658 2520 2883 2600 Quum
2927 2524 3153 2588 Berna
3195 2543 3500 2589 reversus
3539 2533 3712 2590 essct
3761 2532 3944 2592 1035.

2658 2605 2881 2685 Quum
2929 2608 3082 2673 boni
3123 2609 3237 2673 isti
3277 2610 3405 2673 viri
3456 2615 3635 2674 1951.

2656 2690 2881 2770 Quum
2929 2693 3250 2760 Calvinus
3293 2694 3377 2759 ad
3421 2715 3528 2759 me
3571 2696 3858 2762 misisset
3908 2703 4087 2763 1328.

2656 2776 2882 2857 Quum
2930 2781 3125 2845 certis
3167 2779 3557 2863 quibusdam
3607 2785 3795 2848 3486.

2655 2862 2877 2942 Quum
2921 2872 3141 2930 certus
3185 2867 3467 2932 nuncius
3510 2871 3695 2932 3168.

2654 2947 2881 3028 Quum
2926 2951 3179 3016 Christi
3224 2950 3525 3034 expendo
3569 2956 3711 3014 263.

2654 3032 2880 3114 Quum
2924 3037 3291 3102 communis
3335 3059 3534 3105 causa
3585 3043 3766 3104 1352.

2654 3119 2878 3199 Quum
2924 3123 3006 3187 de
3050 3132 3227 3189 statu
3274 3134 3494 3190 vest-ro
3539 3128 3728 3190 2745.

2653 3205 2884 3285 Quum
2929 3207 3253 3274 decimum
3298 3212 3429 3275 iam
3478 3210 3648 3274 diem
3703 3215 3885 3277 1927.

2653 3291 2879 3371 Quum
2923 3293 3029 3360 die
3072 3293 3398 3361 dominico
3447 3299 3590 3361 658.

2653 3376 2877 3457 Quum
2925 3380 3039 3445 diu
3083 3381 3502 3463 multumque
3549 3387 3736 3447 3213.

2652 3463 2876 3543 Quum
2923 3466 3114 3531 domo
3157 3468 3430 3550 profecti
3487 3471 3667 3530 1612.

2700 3553 2877 3628 !uum
2924 3551 3190 3617 domum
3235 3551 3575 3619 rediissem
3627 3558 3816 3620 3990.

2699 3639 2878 3714 tuum
2924 3637 3294 3702 dubitarem
3330 3637 3777 3705 intercedatne
3824 3645 4010 3707 2304.

2699 3724 2878 3799 tuum
2918 3721 3048 3788 duo
3091 3724 3190 3788 illi
3231 3726 3469 3790 fratres
3515 3728 3658 3788 639.

2652 3803 2877 3885 Quum
2923 3828 2961 3874 e
3005 3810 3390 3875 Pictonibus
3436 3814 3623 3874 3780.

2653 3889 2883 3970 Quum
2927 3894 3154 3960 eadem
3199 3895 3512 3960 mandata
3559 3900 3742 3961 3333.

2652 3975 2879 4055 Quum
2923 3979 3235 4046 Enardus
3276 3981 3484 4046 frater
3529 3985 3674 4042 582.

2654 4062 2879 4142 Quum
2926 4086 3134 4131 essem
3180 4065 3355 4148 apud
3398 4066 3755 4133 Calvinum
3805 4072 3990 4134 2012.

2654 4147 2881 4227 Quum
2925 4172 3139 4216 essem
3182 4152 3499 4218 Genevae
3545 4156 3732 4217 2576.

2655 4231 2883 4313 Quum
2928 4258 3137 4303 essem
3183 4239 3252 4301 in
3298 4248 3630 4303 conventu
3676 4243 3863 4306 2260.

2655 4317 2883 4397 Quum
2928 4344 3012 4388 ex
3056 4343 3132 4388 eo
3179 4331 3476 4407 tempore
3516 4328 3706 4389 4168.

2655 4403 2884 4483 Quum
2927 4427 3012 4472 ex
3056 4409 3278 4475 &atris
3322 4411 3532 4474 nostri
3578 4415 3764 4477 2004.

2656 4489 2879 4568 Quum
2925 4515 3009 4559 ex
3050 4494 3262 4560 literis
3307 4496 3439 4560 tuis
3485 4499 3671 4558 2970.

2652 3547 2697 3799 nnn

2641 4574 2882 4655 -Quum
2927 4601 3012 4645 ex
3056 4580 3462 4646 Rhaetorum
3520 4586 3698 4646 1577.

2654 4661 2881 4741 Quum
2925 4666 3297 4732 existimem
3339 4666 3644 4750 precibus
3690 4672 3876 4733 3581.

2654 4748 2880 4828 Quum
2922 4750 3250 4835 expeditio
3292 4753 3423 4817 ista
3468 4757 3652 4819 2070.

2656 4833 2880 4914 Quum
2925 4838 3280 4903 Francisco
3326 4848 3552 4904 nostro
3598 4845 3784 4904 3061.

2655 4920 2881 5001 Quum
2927 4924 3434 4990 Francofurtum
3483 4934 3757 4992 vocatus
3805 4929 3992 4994 2533.

2654 5008 2877 5088 Quum
2922 5008 3131 5075 frater
3173 5010 3282 5075 hic
3324 5013 3727 5094 propositum
3773 5014 3960 5078 2488.

2655 5094 2878 5173 Quum
2925 5094 3158 5160 Gallos
3199 5105 3459 5162 nostros
3503 5097 3796 5162 viderem
3844 5102 3989 5165 605.

2654 5179 2879 5260 Quum
2924 5180 3236 5246 haberem
3280 5182 3362 5246 ad
3407 5193 3472 5247 te
3508 5182 3736 5248 literas
3783 5188 3925 5251 746.

2655 5267 2876 5347 Quum
2924 5267 3049 5333 hac
3090 5270 3409 5333 transiret
3455 5270 3642 5333 2009.

2654 5351 2881 5432 Quum
2927 5352 3072 5418 heri
3115 5363 3262 5438 post
3303 5373 3572 5420 coenam
3628 5359 3806 5421 1124.
