4900 6125
265 438 395 502 569

264 633 335 690 οι
377 623 462 690 ab
503 625 806 692 omnibus
848 625 1227 692 civitatibus
1269 623 1574 704 conferri,
1637 633 1716 690 ut
1755 622 2040 691 honesta
2079 644 2235 691 con·

266 708 519 777 ditione
561 710 868 777 Basileae
921 720 1042 776 aut
1094 710 1271 795 apud
1324 730 1447 777 vos
1505 711 1762 777 viveret
1782 762 1798 788 ,
1863 719 1981 778 aut
2036 711 2236 775 etiam

266 795 442 880 apud
484 815 641 863 nos:
697 817 1077 881 quanquam
1134 798 1336 863 etiam
1384 797 1597 863 nostri
1647 797 1838 881 pueri
1892 798 2239 880 σοφίζονται

265 883 328 947 ἐν
359 887 486 957 τοῖς
519 881 807 962 δείπνοις,
844 882 942 950 ita
974 894 1051 949 ut
1084 884 1354 950 senibus
1389 903 1522 949 non
1558 884 1954 968 permittant
1986 902 2234 966 sapere.

265 968 641 1035 Evocatum
699 980 925 1035 tamen
979 990 1133 1036 eum
1186 968 1390 1037 velim
1444 989 1528 1034 ex
1584 968 1716 1036 illis
1771 967 1930 1035 locis
1996 968 2237 1052 quibus

266 1053 492 1120 nullae
555 1062 774 1121 terrae
835 1075 1067 1139 sapere
1148 1053 1518 1121 videant-ur.
1628 1053 1842 1121 Credo
1908 1053 2237 1139 Sibyllam

265 1139 661 1224 Delphicam
706 1140 1145 1226 migraturam
1200 1160 1306 1207 eo:
1364 1141 1462 1207 ita
1514 1161 1743 1207 omnes
1783 1142 1852 1206 in
1896 1140 2030 1207 illis
2074 1138 2238 1206 locis

265 1226 553 1310 sagiunt.
641 1227 790 1312 Ego
832 1227 930 1292 ita
984 1248 1117 1293 non
1171 1225 1371 1293 laudo
1425 1228 1624 1293 istam
1666 1226 1750 1292 N.
1795 1234 2237 1312 μικροψυχίας

265 1311 605 1395 φιλόψυχος
645 1312 811 1379 mihi
868 1313 942 1378 in
994 1312 1120 1380 hac
1177 1320 1392 1379 aetate
1448 1313 1685 1379 affecta
1741 1321 1938 1396 atque
1994 1311 2239 1377 afflicta

264 1418 411 1464 esse
452 1397 724 1464 videtur
765 1399 1063 1479 nimium,
1108 1398 1178 1464 in
1222 1419 1296 1464 re
1341 1399 1728 1484 praesertim
1764 1397 1884 1464 tali
1918 1418 1996 1465 ao
2030 1405 2235 1463 tanta.

264 1484 362 1549 Το
403 1482 601 1551 laudo
645 1485 758 1570 qui
800 1483 1030 1551 laudes
1047 1535 1063 1562 ,
1131 1493 1202 1550 et
1253 1487 1367 1568 qui
1421 1484 1787 1552 contemnis
1844 1505 1924 1550 ea
1965 1504 2135 1567 quae
2179 1483 2236 1549 si

263 1569 348 1636 ab
390 1569 538 1636 aliis
582 1578 1054 1655 spernerentur
1097 1569 1318 1638 minus
1359 1570 1828 1637 laboraremus.
1903 1569 2090 1636 Vale.

1130 2113 1333 2187 4258.

818 2286 1201 2354 'mx'roR
1243 2286 1686 2355 CALVINO.

437 2458 812 2525 Remedium
875 2460 978 2526 illi
1040 2482 1084 2525 a
1140 2480 1209 2526 se
1254 2465 1716 2544 praeparatum
1770 2460 1858 2527 ad
1901 2459 2233 2526 levandam

258 2545 561 2614 stomachi
600 2546 1078 2613 imbecillitatem
1120 2546 1326 2611 mitat.

554 2717 670 2783 (Ex
706 2716 1049 2789 autographo
1084 2716 1215 2772 Cod.
1252 2716 1456 2771 Genev.
1499 2714 1617 2785 117,
1651 2716 1742 2772 sol.
1781 2715 1928 2785 100.)

943 2887 1181 2955 Oarolo
1224 2887 1542 2956 Passelio.

432 3044 724 3112 Gratum
767 3052 836 3111 et
871 3043 1040 3109 mihi
1079 3050 1149 3109 ει
1193 3043 1425 3111 amieis
1466 3041 1676 3111 fecisti
1721 3043 1855 3112 tuis
1898 3043 2034 3110 illis
2076 3043 2227 3111 lite-

255 3132 352 3198 ris
393 3131 866 3216 posterioribus
910 3131 993 3197 ab
1038 3129 1163 3195 hoc
1205 3130 1416 3197 amico
1460 3129 1762 3210 redditis,
1807 3130 2045 3215 quibus
2086 3150 2227 3197 cer-

255 3219 458 3284 tiores
501 3218 660 3285 facti
702 3237 932 3282 sumus
976 3224 1303 3300 quatenns
1359 3214 1478 3280 tibi
1545 3214 1733 3281 licuit
1774 3216 1860 3282 iis
1903 3217 1985 3282 de
2028 3217 2227 3283 rebus

253 3324 426 3389 quae
481 3305 630 3372 istic
687 3313 1031 3388 geruntur.
1121 3303 1255 3368 Hic
1311 3301 1476 3368 nihil
1531 3310 1634 3369 est
1690 3304 1848 3368 novi
1904 3323 2085 3369 nune
2143 3302 2226 3369 de

254 3411 388 3474 quo
451 3398 530 3456 ut
591 3388 924 3455 monearis
987 3396 1265 3471 uterque
1343 3386 1576 3454 debeat
1660 3409 1804 3454 esse
1869 3387 2225 3454 admodum

252 3476 605 3556 sollicitus,
663 3476 792 3540 nisi
835 3474 1003 3541 forte
1047 3473 1219 3559 quod
1265 3495 1346 3540 ex
1393 3472 1743 3540 tabellione
1785 3474 1979 3542 facile
2024 3475 2224 3542 resci-

251 3565 448 3644 veris,
489 3583 696 3646 quum
738 3560 982 3645 alioqui
1024 3560 1381 3644 prolixiore
1423 3559 1704 3645 epistola
1746 3582 1880 3626 non
1925 3582 2091 3645 opus
2135 3560 2227 3626 sit

249 3648 505 3715 homini
572 3656 668 3713 tot
730 3647 943 3713 modis
1008 3646 1539 3730 occupatissimo,
1606 3655 1672 3711 et
1735 3647 1902 3712 mihi
1968 3668 2225 3730 quoque

253 3735 478 3801 minus
541 3742 736 3800 vacet
797 3734 870 3797 in
938 3733 1324 3816 praesentia.
1411 3730 1490 3798 Si
1555 3742 1732 3799 recte
1796 3732 2068 3811 valetis,
2146 3739 2223 3797 tu

253 3820 645 3905 praesertim
661 3870 678 3897 ,
743 3839 911 3884 uxor
969 3828 1036 3884 ει
1081 3816 1417 3896 Chlor-viee,
1443 3823 1495 3892 ¹)
1555 3839 1678 3884 nos
1732 3827 1909 3885 recte
1953 3819 2225 3884 demum

253 3907 557 3974 valemus
601 3904 730 3970 Dei
771 3912 903 3987 opt.
949 3926 1122 3970 max.
1171 3905 1505 3983 beneficio,
1549 3912 1813 3987 praeter
1854 3912 2224 3970 matronam

251 3993 439 4058 illam
482 3992 761 4057 alteram
805 3990 968 4056 adeo
991 4010 1396 4076 generosam,
1437 3992 1780 4073 proximae
1821 4000 2087 4056 nostrae
2109 4012 2222 4075 pe-

251 4077 723 4163 regrinationis
786 4078 1124 4154 comitem,
1191 4076 1546 4160 proceriori
1613 4075 1866 4142 scilicet
1929 4097 2220 4162 corpore,

253 4184 392 4231 non
455 4173 683 4229 tamen
747 4162 1114 4246 periculoso
1156 4163 1383 4228 morbo
1442 4162 1880 4239 laborantem,
1947 4183 2221 4228 uxorem

253 4254 527 4335 inquam
591 4248 771 4314 illius
879 4250 1101 4314 uicum
1147 4268 1295 4313 ·non
1363 4249 1590 4331 procul
1657 4247 1741 4313 ab
1802 4247 1964 4314 urbe
2008 4269 2225 4329 nuper

255 4335 738 4402 deambulabas.
892 4342 1121 4417 terque
1164 4334 1470 4418 inprimis
1511 4355 1633 4399 vos
1677 4334 2030 4414 resalutat,
2073 4355 2222 4399 mu·

254 4421 609 4488 nusculum
654 4420 771 4486 tibi
815 4435 882 4485 ει
927 4418 1204 4486 onorata·
1245 4420 1528 4486 offerens
1581 4428 1853 4486 mutuae
1895 4420 2224 4486 amicitiae

255 4506 661 4594 symbolum:
721 4527 962 4591 nempe
1006 4506 1171 4571 duas
1217 4505 1495 4592 pyxides
1536 4516 1761 4572 nostro
1805 4506 2082 4572 artificio
2122 4506 2225 4570 in-

253 4602 558 4672 structas,
604 4592 885 4659 alteram
928 4592 1081 4671 tibi,
1148 4591 1247 4656 illi
1292 4591 1567 4657 alteram
1614 4591 2004 4658 donandam.
2093 4591 2225 4659 His

253 4680 508 4764 quoties
561 4698 728 4762 opus
771 4679 901 4744 erit
943 4698 1030 4742 ex
1073 4677 1283 4763 ligula
1325 4678 1643 4744 utendum
1690 4677 1889 4761 paulo
1932 4684 2088 4743 ante
2131 4679 2222 4744 ci-

253 4766 587 4833 bationem
632 4763 715 4828 ad
761 4764 1112 4830 ventriculi
1155 4764 1673 4831 imbecillitatem
1719 4772 1786 4829 et
1829 4764 2098 4830 cerebri.

427 4850 829 4917 Resalutant
891 4872 1010 4917 vos
1076 4851 1299 4927 amici,
1382 4870 1553 4915 uxor
1618 4869 1768 4914 mea
1831 4849 2222 4934 praesertim

252 4947 438 5004 tuam
492 4937 679 5005 cuius
737 4944 1162 5021 conspectum
1204 4934 1317 5001 illa
1360 4936 1522 5002 adeo
1566 4933 1875 5002 ardenter
1919 4948 1987 5001 et
2027 4936 2221 5003 resti·

252 5030 470 5090 tutam
527 5022 977 5089 valetudinem
1031 5043 1261 5087 omnes
1316 5024 1650 5106 cupimus,
1717 5042 1839 5107 ego
1896 5023 2038 5105 ipse
2080 5043 2220 5087 ma·

253 5110 452 5175 xime.
519 5111 581 5174 A
605 5106 897 5175 Domino
940 5108 1008 5174 id
1053 5107 1344 5193 efflagito
1387 5118 1466 5173 ut
1498 5129 1660 5192 quos
1694 5129 1813 5175 suo
1848 5108 2037 5194 gregi
2073 5108 2220 5175 istic

251 5366 445 5423 42⁶8.
469 5367 528 5435 l)
576 5366 750 5423 Vinii
782 5382 979 5422 nonen
1014 5364 1139 5422 oli-¹
1176 5366 1248 5421 ab
1287 5364 1576 5422 oliveta-o
1604 5368 1920 5435 somatum.

1898 434 2690 504 SUPPLmN'l'UM.

4179 441 4311 507 570

2337 623 2706 709 praefectos
2749 645 2893 691 esse
2933 624 3146 692 voluit
3189 645 3379 692 veros
3418 645 3496 693 ac
3527 625 3696 694 fidos
3729 626 3947 711 episoo
4097 625 4312 695 indies

2337 712 2553 796 magis
2596 732 2672 779 ac
2713 711 2930 795 magis
2986 711 3059 775 in
3101 730 3298 794 opere
3349 719 3654 779 strenuos
3694 734 3894 798 quam
3986 712 4309 780 ‘utissime

2337 803 2606 864 tueatur
2647 796 3028 874 incolumes,
3071 796 3361 864 breviter
3404 818 3637 866 omnes
3679 800 3819 866 suis
3857 797 4119 866 dotibus
4150 819 4309 867 auo-

2337 884 2541 950 tiores
2582 880 2834 950 reddat.
2900 882 3089 949 Vale.

3851 986 3933 1052 B.
3980 986 4134 1068 ΤΑ)

3224 1497 3429 1567 4259.

2816 1650 3373 1720 VILLIERIUS
3408 1648 3851 1719 OALVINO.

2513 1824 2765 1892 Auudit
2830 1823 2915 1890 ad
2978 1824 3290 1907 neyotium
3351 1822 3664 1906 quoddam
3733 1821 4033 1908 Stephani
4097 1831 4156 1891 et
4217 1827 4308 1894 ad

2336 1910 2776 1980 adolescentem
2851 1909 2981 1975 sibi
3041 1909 3549 1976 comnendatum.
3659 1906 3914 1975 Deinde
3967 1911 4112 1994 fuse
4173 1912 4310 1996 ayit

2334 1998 2414 2063 de
2469 1997 2769 2081 leyatione
2820 1995 2908 2061 ad
2951 1995 3283 2077 principes
3327 1999 3744 2077 protestantes
3801 1995 4103 2063 mittenda
4143 2017 4312 2081 quae

2335 2083 2412 2149 de
2450 2083 2698 2167 foedere
2738 2081 3075 2148 sanciendo
3121 2101 3263 2147 cum
3311 2081 3395 2147 iis
3435 2085 3668 2162 tractet,
3714 2101 3793 2146 ea:
3836 2101 3959 2164 quo
4000 2082 4126 2149 sibi
4168 2085 4310 2168 ipse

2335 2170 2506 2234 mira
2535 2167 2867 2250 promittit.

2402 2340 2515 2410 (Ex
2551 2338 2893 2409 autographo
2927 2337 3057 2394 Cod.
3095 2336 3259 2393 Goth.
3298 2335 3434 2401 405,
3468 2337 3560 2393 sol.
3594 2335 3685 2392 43.
3726 2367 3789 2379 -
3828 2338 3997 2394 Liebe
4032 2355 4088 2408 p.
4127 2338 4241 2407 66.)

2510 2514 2574 2577 A
2618 2511 2963 2577 Monsieur
3006 2510 3245 2576 Mons‘.
3291 2508 3697 2594 d'Espeville

3575 2617 3616 2661 a
3659 2594 4131 2662 villefranche.

2513 2766 2584 2836 S.
2630 2768 2716 2834 D.
2807 2767 2915 2835 De
2958 2767 3237 2834 Roberti
3283 2765 3591 2849 Stephani
3633 2766 3899 2852 negotio
3940 2766 4111 2832 nihil
4154 2765 4305 2832 atti·

2336 2857 2541 2922 nebat
2600 2862 2667 2919 te
2734 2853 2818 2920 ad
2882 2876 2992 2920 me
3055 2853 3341 2920 scribere
3362 2903 3379 2932 ,
3467 2853 4063 2920 observandissime
4137 2852 4307 2918 mihi

2334 2950 2541 3025 pater.
2631 2938 2956 3021 Quamvis
3015 2941 3192 3005 enim
3257 2947 3457 3005 antea
3512 2938 3742 3006 nullus
3798 2937 3967 3004 mihi
4007 2939 4078 3004 in
4123 2937 4306 3005 illius

2333 3025 2848 3094 familiaritatem
2906 3024 3198 3112 patuerit
3250 3024 3498 3107 aditus,
3558 3026 3781 3092 omnia
3822 3033 4049 3092 tamen
4090 3024 4307 3091 officia

2332 3114 2417 3180 ab
2460 3114 2545 3179 iis
2589 3132 2711 3179 suo
2754 3113 2901 3178 iure
2942 3120 3162 3197 potest
3201 3112 3467 3196 exigere
3511 3112 3626 3196 qui
3667 3121 4007 3178 sectantur
4039 3110 4303 3195 lingua-

2331 3221 2484 3265 rum
2506 3199 3035 3283 optimatumque
3056 3197 3299 3263 artium
3323 3197 3562 3277 studia,
3585 3197 3907 3282 quibusve
3938 3196 4304 3263 christiana

2330 3306 2486 3352 cara
2520 3293 2626 3351 est
2657 3285 2911 3370 religio.
2977 3282 3117 3351 Sed
3149 3283 3277 3349 hoc
3309 3284 3458 3368 quis
3491 3292 3695 3368 neget
3731 3282 3905 3367 quod
3948 3282 4135 3349 salvo
4172 3282 4304 3349 viri

2329 3371 2483 3438 boni
2519 3372 2730 3437 officio
2782 3370 2996 3436 omitti
3032 3391 3168 3435 non
3202 3368 3465 3454 potest?
3536 3369 3665 3434 Est
3698 3371 3877 3437 enim
3912 3389 4049 3434 non
4086 3368 4302 3434 dicam

2329 3458 2457 3523 viri
2501 3457 2657 3524 boni
2701 3457 2760 3522 si
2801 3466 3131 3540 praestes,
3179 3455 3298 3521 sed
3340 3455 3621 3539 improbi
3664 3456 3722 3520 si
3762 3476 4026 3521 recuses
4069 3475 4301 3521 erran-

2323 3551 2459 3609 tem
2505 3543 2579 3608 in
2622 3543 2796 3609 viam
2837 3541 3173 3608 reducere.
3243 3541 3539 3608 Multum
3574 3551 3796 3608 tamen
3852 3540 4032 3607 illius
4066 3539 4301 3625 pudori

2328 3628 2554 3707 debeo,
2621 3649 2751 3713 quo
2794 3629 3040 3695 factum
3084 3638 3185 3694 est
3225 3635 3303 3693 ιιι
3343 3627 3769 3695 suavissimas
3810 3627 4300 3711 exspectatissi-

2327 3735 2600 3799 masque
2655 3713 2883 3779 literas
2941 3712 3025 3779 ad
3089 3734 3199 3779 me
3243 3713 3453 3780 dares.
3543 3711 3712 3795 Quis
3756 3713 3845 3778 sit
3885 3720 4100 3779 status
4144 3709 4301 3777 ado-

2328 3800 2665 3877 lescentis,
2721 3798 2963 3884 quidve
3005 3800 3257 3883 sperari
3302 3801 3540 3884 possit,
3606 3799 3835 3882 scripsi
3880 3798 3965 3863 ad
4007 3807 4295 3882 patrem:

2327 3894 2400 3952 tu
2443 3909 2529 3953 ex
2575 3906 2652 3951 eo
2695 3905 3065 3969 cognosces.
3155 3884 3399 3951 Noster
3440 3906 3578 3950 non
3622 3885 3681 3950 is
3725 3894 3829 3951 est
3870 3905 4067 3969 quem
4112 3882 4298 3950 volu-

2326 3993 2478 4038 mus
2520 3980 2588 4039 at
2628 3973 2930 4055 cupimus
2973 3969 3111 4051 (cui
3153 3970 3331 4036 enim
3373 3971 3550 4036 inter
3608 3979 3705 4036 tot
3747 3971 3964 4037 obices
3980 4021 3997 4050 ,
4063 3970 4180 4036 ubi
4221 3969 4298 4034 in

2326 4066 2515 4124 tanta
2559 4057 2930 4141 suspicione
2973 4056 3186 4122 multa
3228 4056 3474 4123 multos
3518 4055 3793 4122 celanda
3835 4065 3993 4122 sunt
4009 4104 4025 4133 ,
4069 4063 4137 4121 et
4179 4076 4296 4138 pa-

2325 4153 2544 4211 temus
2587 4144 2672 4210 ad
2714 4141 3027 4228 praedam
3071 4153 3544 4227 quaestumque
3584 4162 3813 4208 eorum
3857 4142 3971 4226 qui
4030 4140 4294 4226 religio-

2325 4251 2482 4296 nem
2516 4229 2785 4309 iactant,
2830 4237 3290 4296 successerunt
3330 4249 3415 4294 ex
3455 4236 3603 4295 voto
3641 4228 3893 4311 omnia)
3930 4234 4034 4293 est
4067 4235 4297 4293 tamen

2324 4314 2499 4401 quod
2556 4336 2749 4400 agam
2792 4315 2940 4382 Deo
2998 4335 3145 4381 mco
3199 4315 3449 4400 gratias
3502 4315 3615 4398 qui
3670 4314 3993 4380 iacturam
4050 4332 4299 4398 magna

3696 4605 3708 4620 ·
3846 4619 3877 4659 ο
3927 4609 4121 4660 autore
4178 4619 4295 4660 non

3654 4688 3859 4729 uanas
3890 4674 4037 4728 hane
4068 4672 4295 4740 referat.

2626 4604 2957 4661 Benedictus
3019 4604 3232 4661 Tmor.
3306 4604 3401 4661 De

2322 4681 2404 4730 m
2617 4675 2846 4741 dubites,
2882 4689 3199 4744 quanquam
3230 4675 3403 4730 codex
3437 4680 3582 4729 mter

2579 4749 2660 4799 eet
2692 4759 2895 4799 nanus
2929 4750 3091 4813 atque
3123 4742 3272 4799 inN.
3306 4741 3412 4799 598
3445 4758 3612 4813 quant
3647 4749 3699 4798 et
3730 4746 3913 4811 ipsa-⁸
3945 4742 4085 4798 iden
4108 4741 4292 4797 Codex

2518 4828 2609 4867 aa
2656 4812 2840 4868 Besae
2889 4813 3100 4869 tribuit.
3171 4811 3337 4867 Patet
3396 4810 3675 4866 Tea-torm
3690 4849 3704 4873 .
3767 4827 3874 4882 quo
3925 4816 4162 4881 tenpore
4213 4810 4296 4866 ad

2375 4881 2635 4936 assolitam
2692 4882 2986 4946 scribebat,
3047 4882 3109 4935 in
3147 4880 3339 4936 Gallia
3390 4880 3574 4937 adhue
3622 4879 3811 4943 fuisse.
3881 4878 4111 4934 Annuus
4163 4894 4295 4935 vero

2322 4950 2673 5020 anquatenus
2704 4966 2773 5005 ex
2805 4950 3076 5004 maone
3115 4951 3296 5005 malae
3338 4949 3675 5004 valaudiniae
3707 4950 3904 5003 uxoris
3943 4947 4165 5031 Oalqini
4196 4948 4290 5003 eli·

2314 5017 3144 5171 fflamssmmff‘
3185 5019 3411 5154 ''⁷520“
3425 5018 3722 5156 ,35:322
3734 5017 4202 5155 “ffss‘ssff
4141 5032 4291 5141 mm

2322 5155 2545 5213 Calvum
2600 5159 2679 5224 (a
2727 5160 2949 5223 αεοπο)
2999 5157 3235 5213 redium
3290 5162 3341 5211 et
3374 5172 3446 5209 m.
3484 5155 3692 5212 Iulium
3745 5172 3797 5210 a.
3836 5153 3976 5209 1542
4020 5155 4286 5226 elapsam

2333 5226 2532 5281 Verum
2562 5242 2666 5296 per
2698 5227 2885 5295 plum
2919 5242 3100 5282 annos
3127 5228 3319 5294 postea
3359 5224 3561 5280 Tmo·-
3594 5224 3750 5295 apud
3786 5224 4126 5279 naama
4147 5240 4291 5280 eon·

2320 5302 2568 5350 amatus
2598 5298 2681 5350 est
2715 5295 3056 5367 apyaeidm
3090 5309 3384 5365 mamper
3414 5294 3704 5350 Calvinus·
3736 5293 4287 5350 effa-Lausum

2317 5366 2530 5420 mittere
2557 5370 2789 5434 morat.
