4900 6125
591 416 728 478 5⁷1

605 600 1002 668 liberalitate
1015 650 1033 678 ,
1120 605 1188 666 et
1267 597 1572 683 ampliori
1647 619 1847 683 quam
1912 620 2179 684 sperare
2245 600 2577 679 auderem,

606 687 1079 771 compensavit,
1123 694 1190 751 et
1233 704 1355 751 nos
1398 705 1482 750 ex
1525 705 1774 769 magna
1814 685 2167 752 iactatione
2212 686 2285 751 in
2329 694 2581 753 certam

607 795 729 842 nec
772 774 884 853 ita,
927 779 1001 837 ut
1046 791 1259 855 spero,
1306 769 1739 855 longinquam
1782 792 1969 854 spem
2012 771 2371 840 revocavit.

781 857 931 940 Quo
993 878 1153 923 vero
1216 857 1291 922 in
1355 856 1499 923 loco
1553 877 1662 922 res
1718 856 2119 923 christianae
2174 858 2312 923 sint
2374 867 2449 922 tu
2496 879 2583 924 ex

608 945 758 1012 aliis
799 945 994 1011 satis:
1039 942 1200 1028 quid
1244 963 1367 1008 nos
1411 941 1768 1008 moliamur
1802 963 2157 1028 cognosces
2192 965 2278 1010 ex
2312 945 2394 1009 iis
2431 943 2582 1009 lite·

605 1032 700 1097 ris
755 1051 1040 1114 quarum
1093 1027 1434 1113 exemplar
1491 1028 1575 1093 ad
1619 1036 1687 1093 te
1731 1028 1902 1094 misi.
1991 1029 2312 1096 Nostrum
2357 1031 2413 1096 si
2458 1030 2582 1095 tibi

607 1115 951 1184 consilium
992 1115 1310 1199 probatur
1352 1115 1512 1180 iuva
1553 1135 1693 1193 nos,
1735 1114 1830 1178 mi
1875 1122 2081 1198 pater,
2128 1136 2281 1182 cum
2325 1116 2462 1181 tuis
2497 1114 2582 1180 ad

605 1204 828 1270 Deum
870 1200 1206 1285 precibus,
1274 1208 1416 1265 tum
1481 1220 1562 1266 ea
1603 1219 1732 1283 qua
1775 1199 2133 1283 plurimum
2177 1201 2364 1267 vales
2406 1199 2583 1285 apud

605 1287 947 1355 ecclesiam
991 1286 1120 1352 Dei
1174 1287 1547 1352 autoritate.
1635 1285 1906 1351 Instrue
1978 1295 2126 1352 tuos
2193 1288 2267 1352 in
2309 1287 2581 1353 Christo

606 1374 883 1453 liberos,
949 1373 1075 1439 hoc
1118 1381 1254 1451 est,
1323 1383 1439 1437 tua
1503 1370 1714 1455 ipsius
1755 1373 2016 1438 viscera
2059 1373 2348 1440 consilio.
2442 1372 2583 1439 Nec

608 1461 789 1527 enim
846 1460 1036 1526 nobis
1093 1460 1166 1523 in
1223 1457 1674 1542 aggrediundo
1728 1457 2251 1542 perficiendoque
2315 1459 2581 1543 negotio

607 1545 920 1613 voluntas
962 1544 1354 1628 animusque
1399 1541 1624 1609 deerit.
1712 1542 1860 1608 Hoc
1905 1544 1962 1609 si
2009 1564 2094 1609 ex
2138 1543 2285 1609 Deo
2332 1544 2581 1629 profec-

606 1641 749 1698 tum
786 1631 869 1697 ad
892 1629 1025 1696 Dei
1069 1630 1343 1715 gloriam
1382 1628 1819 1711 ecclesiaeque
1855 1630 2156 1708 salutem,
2190 1629 2582 1714 dignitatem

606 1717 1156 1801 splendoremque
1191 1716 1495 1799 pertinet,
1530 1715 1811 1797 inspiret
1845 1713 2368 1782 benedictionem
2390 1736 2582 1798 coep-

609 1805 699 1870 tis
755 1803 951 1870 rebus
996 1801 1358 1878 Dominus,
1425 1799 1720 1868 conferat
1777 1801 1953 1867 vires
1997 1801 2336 1885 animique
2378 1802 2584 1867 robur

609 1890 820 1956 tantis
899 1886 1240 1955 conatibus
1320 1888 1785 1953 necessarium.
1898 1884 2035 1952 Sed
2114 1898 2336 1953 tamen
2415 1887 2583 1953 certi

608 1973 971 2058 quidquam
1036 1972 1318 2039 necdum
1361 1973 1794 2039 constitutum
1836 1972 2175 2039 habemus.
2266 1973 2584 2040 Commu·

607 2062 829 2128 nicavi
909 2059 1260 2127 consilium
1334 2080 1487 2125 cum
1567 2059 1886 2142 gravibus
1952 2058 2200 2143 aliquot
2263 2060 2585 2142 bonisque

609 2146 792 2214 viris.
863 2146 1097 2229 Itaque
1142 2144 1380 2210 ardent
1424 2143 1749 2211 desiderio
1793 2144 2236 2211 conficiendae
2280 2146 2395 2226 rei,
2440 2145 2585 2230 qui-

609 2233 735 2299 bus
792 2240 869 2297 ut
925 2231 1204 2315 probavi
1269 2230 1460 2297 facile
1503 2228 1787 2295 eundem
1830 2238 2143 2296 eventum
2189 2231 2271 2296 de
2310 2232 2587 2298 caeteris

608 2317 778 2385 mihi
819 2317 1161 2401 polliceor,
1211 2326 1286 2382 ut
1328 2338 1451 2383 nec
1494 2314 1715 2381 studia
1753 2315 2098 2381 hominum
2144 2338 2265 2383 nec
2308 2316 2587 2382 faculta-

611 2415 714 2472 tes
755 2413 987 2489 putem
1032 2403 1392 2469 defuturas.
1482 2402 1821 2485 Exspecto
1865 2423 1902 2466 e
1947 2402 2256 2468 Picardia
2299 2402 2585 2468 similem

610 2491 935 2557 nobilium
993 2489 1355 2555 multorum
1414 2508 1826 2554 consensum.
1914 2488 2088 2553 Nam
2154 2489 2267 2571 qui
2331 2488 2587 2555 incerta

611 2577 688 2642 in
737 2597 815 2644 re
870 2576 1313 2642 certissimum
1367 2594 1504 2639 non
1560 2584 1943 2640 recusarent
1984 2574 2346 2657 periculum
2366 2623 2382 2653 ,
2450 2595 2585 2640 non

611 2672 777 2747 puto
835 2662 1003 2728 citra
1058 2660 1270 2726 ullum
1323 2659 1690 2745 periculum
1733 2661 2135 2726 certissimos
2179 2660 2437 2726 fructus
2482 2681 2586 2726 re-

615 2755 976 2815 cusaturos.
1057 2747 1232 2811 Nam
1278 2746 1439 2813 haec
1478 2745 1562 2811 ad
1605 2766 1716 2811 eos
1757 2747 2003 2829 scripta
2047 2756 2167 2811 est.
2248 2744 2587 2829 Quidquid

615 2835 724 2913 sit,
771 2835 895 2901 hoc
929 2843 996 2899 te
1032 2833 1200 2899 scire
1239 2832 1416 2898 volui
1452 2841 1543 2910 ut,
1589 2832 1663 2897 ni
1708 2830 1828 2897 tibi
1866 2832 2183 2915 probatur
2217 2832 2584 2911 consilium,

617 2929 734 2987 tua
778 2941 897 2986 nos
940 2919 1230 2986 retineas
1286 2919 1673 2983 autoritate:
1740 2917 1799 2983 si
1856 2920 2125 3003 probes,
2187 2917 2392 2983 addas
2435 2939 2586 2983 cur-

617 3007 921 3074 rentibus
965 3004 1286 3073 stimulos.
1369 3004 1603 3089 Itaque
1655 3003 1882 3071 literas
1936 3013 2084 3071 tuas
2128 3011 2589 3087 exspectamus

618 3094 842 3172 brevi,
908 3092 1180 3176 quibus,
1247 3091 1304 3158 si
1363 3091 1460 3156 ita
1503 3089 1796 3170 videtur,
1861 3091 1910 3156 ii
1954 3090 2385 3175 designentur
2426 3111 2591 3174 quos

618 3180 827 3246 tantis
869 3178 1203 3245 laboribus
1246 3184 1596 3261 tantaeque
1630 3177 1728 3242 rei
1762 3196 1956 3261 pares
1989 3197 2132 3243 esse
2172 3176 2440 3254 iudices,
2487 3176 2593 3242 vel

618 3266 842 3349 potius
877 3264 958 3330 ab
1003 3264 1089 3329 iis
1122 3284 1284 3347 quos
1326 3263 1399 3329 in
1434 3282 1582 3328 eam
1621 3283 1762 3328 rem
1799 3262 2077 3329 miseris.
2144 3262 2376 3328 Firmo
2410 3263 2592 3328 enim

619 3371 894 3436 corpore
938 3350 1397 3434 praesentique
1440 3349 1662 3414 animo
1706 3370 1871 3433 opus
1915 3358 2044 3425 est,
2100 3346 2269 3414 addo
2312 3357 2378 3414 et
2422 3348 2593 3413 mul-

621 3446 762 3503 tam
818 3436 894 3502 in
938 3436 1108 3502 aulis
1162 3434 1536 3519 principum
1591 3434 2150 3502 consuetudinem.
2241 3433 2379 3500 Nos
2424 3433 2593 3499 duos

620 3522 944 3589 habemus
1007 3541 1169 3605 quos
1233 3542 1400 3588 onus
1465 3521 1590 3587 hoc
1666 3519 2185 3605 mandatumque
2263 3521 2595 3586 sustinere

621 3629 816 3695 posse
858 3607 1270 3687 confidimus,
1314 3607 1866 3691 Andegavensem
1909 3606 2236 3690 quendam
2280 3606 2591 3685 nobilem,

623 3695 1117 3762 ornatissimum
1141 3692 1359 3760 virum
1396 3713 1764 3778 magnaque
1786 3694 2030 3777 pietate
2064 3690 2225 3772 δουξ.
2241 3695 2290 3770 ¹)
2335 3693 2592 3758 Verum

622 3781 855 3866 procul
910 3782 967 3845 is
1024 3780 1182 3847 hinc
1250 3781 1466 3857 abest,
1532 3778 1649 3845 sed
1715 3788 1939 3845 tamen
2004 3779 2133 3844 erit
2195 3778 2590 3845 evocandus.

622 3866 766 3933 Nec
821 3867 1002 3933 enim
1060 3876 1221 3950 puto
1275 3874 1502 3931 tantae
1546 3864 1628 3931 de
1686 3887 1758 3931 se
1813 3865 2286 3931 existimationi
2333 3863 2593 3930 defutu-

623 3974 794 4019 rum.
885 3952 1077 4019 Alter
1119 3961 1219 4017 est
1263 3949 1347 4016 D.
1396 3951 1477 4017 de
1520 3956 1727 4032 σεχελε
1795 3951 1855 4017 is
1899 3951 2012 4036 qui
2068 3952 2195 4016 fuit
2248 3949 2426 4034 apud
2471 3970 2594 4016 nos

625 4060 800 4105 anno
864 4039 1183 4121 superiori
1260 4038 1414 4103 totis
1483 4038 1904 4104 Pentecostes
1970 4036 2218 4103 diebus.
2240 4039 2298 4115 ⁴²)
2391 4035 2595 4101 Hunc

624 4123 768 4191 dico
792 4124 1236 4190 vexilliferum
1262 4122 1449 4190 ducis
1484 4123 1682 4189 illius.
1743 4123 1947 4190 Novit
1983 4122 2276 4188 Villetius
2297 4132 2522 4188 noster
2537 4126 2595 4198 ⁸)

624 4211 980 4277 hominem.
1068 4209 1205 4277 Sed
1251 4230 1483 4276 vereor
1528 4220 1603 4274 ut
1645 4208 1759 4274 vix
1821 4211 1880 4274 ei
1940 4207 2323 4292 persuaderi
2364 4208 2592 4291 possit,

625 4308 822 4380 atque
866 4296 1324 4381 longinquam,
1384 4293 1650 4373 duram,
1711 4294 1877 4360 duro
1932 4295 2003 4359 in
2064 4306 2362 4378 tempore
2405 4314 2594 4377 pere-

625 4384 1069 4467 grinationem
1129 4381 1477 4465 suscipiat,
1545 4382 1934 4464 praesertim
1978 4379 2155 4445 haud
2203 4382 2296 4445 ita
2341 4379 2593 4464 pridem

626 4478 1014 4552 recuperata
1049 4489 1271 4545 uxore,
1317 4487 1524 4550 eaque
1559 4488 1693 4532 non
1729 4467 1892 4531 satis
1927 4468 2273 4531 constanti.
2337 4467 2592 4533 Verum

627 4565 782 4621 tuae
835 4554 1068 4619 literae
1123 4553 1608 4621 confirmabunt
1651 4553 2017 4629 hominem,
2080 4563 2152 4617 ut
2212 4551 2418 4635 pluris
2465 4553 2593 4617 Dei

628 4864 820 4918 am.
848 4863 908 4928 1)
939 4862 1033 4916 Aa
1071 4859 1401 4916 Hammon?

837 4930 899 4999 2)
936 4929 1227 4987 Secutum
1273 4928 1527 4986 Gemens
1567 4930 1756 4994 fuerat
1805 4945 1876 4983 m.
1927 4929 2088 4984 Maio
2135 4926 2274 4981 1554
2306 4928 2401 4996 (N.
2442 4927 2596 4985 1954.

630 4999 814 5067 1958.)
867 5001 1061 5054 Verum
1092 4999 1219 5054 vide
1252 5015 1328 5053 aa
1363 4999 1431 5054 de
1470 4998 1690 5054 Genese
1724 4997 1919 5053 dicat?
1951 4998 2078 5053 Iam
2110 5004 2160 5053 et
2192 5013 2315 5052 vere
2349 5014 2402 5051 a.
2439 4996 2592 5051 1555.

633 5069 723 5136 (Ν.
758 5068 914 5124 2202.
947 5067 1103 5123 2206.
1137 5066 1322 5135 2223).
1397 5066 1506 5123 Sed
1550 5083 1667 5124 ecee
1704 5067 2000 5123 Macarius
2048 5082 2166 5120 eum
2200 5073 2407 5121 aestate
2446 5065 2595 5122 1558.

637 5138 884 5193 Parisiis
933 5143 986 5192 et
1034 5138 1172 5192 alibi
1219 5139 1283 5191 in
1322 5136 1512 5193 Gallia
1563 5152 1741 5193 secun
1783 5137 1976 5192 habuit
2019 5135 2125 5203 (N.
2173 5133 2356 5201 2941.)
2397 5137 2482 5190 ita
2533 5141 2597 5191 ut

634 5206 830 5262 Noster
863 5207 916 5261 h.
961 5207 1000 5262 1.
1049 5207 1269 5261 minime
1314 5206 1382 5261 de
1425 5204 1649 5261 Genava
1692 5206 1951 5275 loquum
1994 5206 2278 5266 videatur,
2329 5210 2381 5260 et
2432 5213 2494 5260 tu
2528 5205 2596 5259 de

635 5291 790 5331 “⁸⁵⁸⁰
825 5274 1479 5413 &ts-witam
1512 5342 1596 5397 ιι.

2129 410 2662 480 EPISTOLAE
2702 415 3138 480 4259—4260

4508 419 4605 480 m

2682 599 2962 684 gloriam
3005 600 3445 684 ecclesiaeque
3501 600 3789 668 salutem
3844 601 4045 667 faciat
4086 622 4287 686 quam
4342 603 4614 670 uxofiun

2683 706 3004 766 amorem,
3062 706 3271 770 quum
3313 689 3459 752 sine
3514 685 3648 752 illis
3692 687 3801 754 hic
3845 708 3933 752 ne
3986 686 4153 753 felix
4202 687 4460 772 quidem
4497 709 4615 756 eu·

2680 771 2905 856 possit.
2993 771 3382 839 Uberrimos
3438 773 4048 857 copiosissimosque
4102 774 4357 841 frustm
4398 793 4481 839 ex
4516 774 4617 840 bas

2681 878 3027 941 speramus
3070 859 3638 942 peregrinatione:
3683 860 4095 927 obstructum
4134 861 4219 925 iri
4260 880 4337 927 os
4378 861 4619 944 impium

2682 941 3059 1010 Oardinalis
3092 944 3286 1010 istius
3319 954 3855 1028 caeterorumque
3892 945 4319 1024 asseclarum,
4354 949 4465 1030 qui
4488 946 4619 1012 alie·

2682 1038 2847 1096 nant
2888 1051 2929 1095 a
2971 1029 3162 1097 nobis
3206 1031 3581 1115 principum
3627 1030 4109 1116 hominumque
4152 1032 4430 1109 animos,

2685 1135 2805 1181 nos
2872 1115 3099 1182 dicant
3162 1115 3508 1184 demolitos
3573 1116 3950 1194 ecclesiam,
4016 1119 4242 1200 itaque
4306 1118 4511 1183 mere
4566 1119 4625 1182 ia

2683 1200 2900 1267 ruinis
2944 1211 3012 1267 et
3053 1201 3403 1269 ruderibus
3445 1202 3760 1269 ecclesiae
3774 1254 3791 1282 ‚
3848 1202 3974 1269 sibi
4015 1224 4349 1288 quemque
4400 1202 4627 1289 religie-

2683 1308 2840 1353 nem
2884 1289 3155 1372 fingere,
3201 1297 3301 1353 tot
3343 1308 3554 1372 paene
3591 1289 3896 1356 haereses
3938 1298 4281 1373 sectasque
4324 1309 4467 1356 esee
4497 1301 4631 1373 quot

2684 1393 2917 1439 sumus
2954 1374 3275 1441 homines.
3343 1373 3605 1440 Deinde
3648 1395 3873 1458 regem
3917 1395 4184 1442 necesse
4225 1383 4333 1442 ea
4372 1378 4447 1440 in
4482 1375 4627 1442 hane

2685 1460 3081 1526 sententiam
3118 1458 3532 1540 descendere,
3577 1482 3648 1528 se
3692 1460 3944 1527 frustra
3986 1460 4142 1527 huic
4174 1463 4511 1545 potentiae
4544 1481 4631 1525 re-

2685 1564 2985 1630 pugnare
3027 1566 3197 1630 quae
3254 1553 3469 1611 totum
3528 1546 3757 1612 orbem
3814 1547 4249 1614 christianum
4293 1547 4633 1630 pervaserit

2685 1638 2754 1696 et
2796 1631 3131 1715 occuparit
3173 1632 3307 1696 iam
3350 1640 3567 1697 totum
3613 1632 3752 1698 fere
3794 1632 4002 1715 ipsius
4042 1654 4359 1717 regnum,
4404 1643 4473 1699 et
4508 1643 4633 1696 tan·

2685 1725 2788 1782 tos
2833 1718 3166 1800 principes
3208 1718 3469 1783 irritare
3505 1726 3773 1802 tamque
3807 1726 4111 1801 potentes
4146 1719 4459 1784 nationes
4488 1719 4633 1802 peri·

2686 1801 2987 1869 culosum
3032 1823 3209 1882 esse,
3270 1823 3437 1885 quas
3479 1803 3659 1870 solus
3704 1803 3787 1868 de
3830 1803 4239 1888 Imperatore
4286 1819 4503 1870 metus
4540 1803 4635 1868 ad·

2686 1889 2920 1971 iungat
2961 1887 3156 1954 modo
3200 1888 3453 1972 sibique
3498 1888 3821 1956 conciliet.
3912 1889 4170 1955 Deinde
4206 1911 4345 1955 non
4390 1888 4634 1972 despero

2686 1975 2931 2040 iactum
2996 1975 3081 2039 iri
3145 1974 3652 2040 fundamentum
3732 1974 4017 2041 foederis
4081 1977 4260 2041 inter
4332 1976 4637 2058 principes

2686 2058 3095 2138 christianos,
3144 2060 3261 2143 qui
3304 2061 3571 2127 tametsi
3606 2071 3830 2127 mente
3874 2071 3943 2126 et
3962 2061 4310 2127 voluntate
4334 2061 4637 2128 coniuncti

2687 2155 2880 2224 sunt,
2926 2147 3081 2229 quia
3124 2153 3345 2212 tamen
3391 2147 3529 2213 suis
3571 2147 3847 2230 quisque
3890 2148 4087 2214 rebus
4129 2148 4485 2232 prospicit,
4538 2166 4637 2211 nee

2686 2232 2768 2295 fit
2811 2231 3178 2299 communis
3220 2230 3499 2298 foederis
3546 2254 3587 2298 a
3630 2253 3961 2317 quoquam
4002 2232 4305 2312 initium,
4368 2232 4639 2299 dismti

2688 2336 2896 2400 paene
2962 2327 3121 2384 sunt
3183 2318 3363 2384 inter
3427 2338 3500 2383 se
3566 2327 3634 2382 et
3694 2320 4000 2401 separati.
4088 2317 4259 2398 Sed,
4331 2318 4507 2403 quod
4550 2337 4639 2382 me

2689 2402 2883 2470 valde
2947 2411 3202 2470 recreat
3219 2454 3234 2480 ,
3316 2402 3739 2486 probabimus
3809 2402 4116 2470 omnibus
4182 2404 4463 2470 unicum
4522 2423 4639 2468 ene

2689 2488 2908 2555 locum
2966 2488 3278 2555 ecclesiae
3337 2487 3466 2554 Dei
3526 2490 3726 2555 etiam
3994 2491 4008 2504 '
4103 2488 4407 2557 locorum
4460 2491 4637 2555 inter*

2691 2573 2886 2641 vallis
2943 2574 3246 2653 dissitas,
3309 2574 3553 2639 instrui
3612 2596 3731 2641 nos
3796 2595 3932 2641 una
3986 2574 4290 2643 doctrina
4357 2574 4639 2659 quemad·

2693 2660 2961 2726 modum
3005 2681 3137 2726 una
3174 2661 3419 2726 veritas
3461 2668 3585 2737 est,
3630 2682 3798 2744 quae
3834 2682 3941 2727 res
3980 2661 4495 2728 conciliabulum
4530 2661 4640 2725 Ro-

2693 2767 3007 2812 manense
3047 2744 3245 2811 valde
3301 2746 3607 2824 terrebit,
3664 2748 3777 2829 qui
3824 2768 3944 2813 nos
3988 2746 4149 2811 dum
4208 2747 4467 2832 singuli
4517 2767 4641 2831 pro-

2691 2833 2958 2898 fitemur
3021 2832 3410 2915 religionem
3481 2831 3596 2898 des
3642 2833 3883 2909 iciunt,
3963 2833 4078 2899 ubi
4160 2832 4345 2898 idem
4426 2833 4641 2897 sentire

2692 2938 2921 2984 omnes
2964 2917 3356 3002 intelligent,
3394 2928 3461 2982 et
3493 2918 3608 3000 qui
3653 2937 3886 2984 uscum
3927 2917 4053 2984 sibi
4087 2939 4198 2984 res
4230 2920 4347 2997 sit,
4390 2917 4474 2984 ad
4507 2918 4643 2983 alias

2692 3015 2870 3071 artes
2912 3003 3266 3088 confugere
3301 3024 3569 3071 necesse
3611 3005 3829 3071 fuerit.
3897 3004 4029 3072 Hic
4063 3006 4263 3071 etiam
4309 3024 4643 3073 consensu

2693 3089 3228 3157 turbulentorum
3274 3090 3620 3157 hominum
3667 3090 4094 3157 ambitionem
4137 3100 4519 3176 compoecet
4550 3088 4643 3174 qui

2694 3197 2905 3243 novas
2946 3175 3225 3243 subinde
3267 3177 3573 3243 haereses
3617 3177 3982 3242 moliuntur
3998 3228 4015 3257 ,
4070 3177 4535 3262 tuebiturque,
4584 3188 4645 3240 ut

2696 3283 2886 3346 spero
2966 3261 3050 3328 de
3115 3262 3245 3328 Dei
3311 3261 3602 3328 bonitate
3619 3314 3634 3341 ,
3711 3262 3926 3328 multa
4000 3262 4264 3330 saecula
4340 3266 4645 3348 integrm

2693 3368 3056 3433 sanamque
3101 3347 3470 3415 doctrinam
3512 3348 3862 3433 evangelii.

2866 3435 3227 3501 Praeterea
3268 3456 3403 3500 non
3447 3435 3641 3519 parvi
3696 3433 3905 3500 refert
3945 3436 4303 3503 convenire
4348 3436 4425 3502 in
4466 3453 4645 3501 unum

2693 3520 3043 3587 concilium
3087 3519 3483 3587 christianos
3530 3520 3827 3587 doctores
3870 3530 3939 3586 et
3982 3520 4409 3606 disciplinam
4450 3522 4521 3587 in
4559 3540 4643 3585 ee·

2694 3605 2895 3674 clesia
2936 3606 3225 3690 aliquam
3268 3606 3666 3674 constituere
3701 3627 3963 3672 morum
3998 3607 4475 3691 doctrinaeque
4514 3627 4643 3674 ccu-

2695 3693 3139 3759 servatricem.
3229 3694 3454 3776 Atque
3495 3693 3781 3770 utinam,
3841 3691 4407 3776 quemadmodum
4462 3711 4643 3759 unm

2693 3799 2934 3862 corpus
3002 3799 3234 3844 sumus
3298 3779 3370 3843 in
3439 3778 3709 3844 Christe
3764 3778 3949 3859 Iesu,
4014 3781 4169 3845 unis
4233 3778 4643 3845 caeremoni-

2695 3866 2882 3949 quasi
2941 3865 3135 3930 unico
3194 3865 3440 3931 amictu
3497 3863 3615 3929 sed
3670 3864 3957 3948 pretioso
3998 3865 4409 3945 vestiamur,
4472 3864 4543 3930 in
4584 3882 4643 3927 m

2696 3950 3085 4036 praesertim
3144 3949 3675 4016 sacramentaria.
3777 3951 4123 4018 Postremo
4136 4002 4153 4027 ,
4212 3950 4396 4034 quod
4461 3948 4643 4033 negli-

2741 4034 2982 4102 endum
3028 4058 3163 4102 non
3219 4044 3349 4116 est,
3407 4037 3706 4103 infensus
3751 4035 4070 4103 Genevae
4112 4058 4192 4102 ea
4248 4037 4643 4119 potissimum

2741 4143 2778 4188 e
2822 4142 3022 4189 causa
3065 4122 3370 4206 princeps
3415 4131 3640 4188 noster
3683 4130 3813 4199 est,
3869 4122 4042 4207 quod
4082 4122 4429 4187 existimet
4466 4122 4643 4187 senti·

2697 4228 2855 4274 nam
2890 4218 2958 4273 et
2991 4208 3281 4274 cloacam
3315 4229 3458 4274 esse
3494 4208 3868 4274 haeresium
3902 4209 4218 4274 omnium.
4276 4207 4425 4275 Nec
4449 4208 4641 4273 mimo

2697 4295 2963 4379 ignotae
3010 4294 3194 4361 vobis
3250 4305 3424 4359 sunt.
3514 4291 3685 4375 Qui,
3752 4295 3811 4359 si
3864 4293 4109 4360 viderit
4165 4295 4641 4360 eonsensionem

2697 4379 3032 4446 doctrinae
3071 4391 3137 4445 et
3170 4379 3722 4463 conspirationem
3745 4388 3843 4444 tot
3878 4379 4345 4448 bellicosarum
4368 4380 4639 4465 genum

2696 4466 2770 4531 in
2813 4486 2892 4531 ea
2936 4464 3365 4544 defendenda,
3410 4465 3808 4531 formidabit.

2867 4551 3125 4630 Habes,
3186 4552 3279 4616 mi
3324 4560 3541 4635 pater,
3603 4571 3769 4635 quae
3810 4551 3980 4617 mihi
4024 4549 4288 4617 videtur
4332 4552 4639 4617 Dominus

2695 4637 2880 4704 Deus
2945 4646 3172 4703 noster
3236 4636 3531 4721 polliceri
3599 4638 3815 4704 nobis:
3889 4648 3962 4703 tu
4029 4637 4299 4721 singula
4364 4658 4485 4722 pro
4544 4646 4639 4699 tua

2694 4722 3046 4808 prudentia
3100 4722 3494 4807 perpendes,
3563 4731 3629 4789 et
3687 4744 3820 4807 qua
3882 4723 4139 4788 ratione
4202 4721 4637 4789 metiundum

2695 4808 2995 4893 quodque
3076 4810 3204 4874 erit
3281 4809 3579 4876 edocebis
3657 4830 3763 4873 am
3814 4807 4095 4887 lissime,
4175 4808 4515 4894 sigillatim
4568 4802 4636 4869 de

2695 4896 2990 4973 Geneva,
3035 4917 3195 4961 num
3240 4894 3408 4961 velis
3451 4915 3750 4962 commen
3798 4895 3897 4960 ari
3941 4894 4383 4981 principibus,
4426 4904 4501 4959 ut
4538 4890 4633 4957 ad·

2697 5002 2925 5047 versus
2967 4983 3183 5047 minas
3227 4979 3755 5047 adversariorum
3800 4980 4115 5047 universa
4147 4982 4279 5047 Dei
4320 4990 4633 5047 armatun

2696 5076 2965 5133 utamur
2981 5118 2996 5141 ,
3057 5079 3132 5131 ut
3187 5067 3684 5152 propugnacula
3726 5067 3909 5132 urbis
3950 5088 4084 5133 non
4138 5068 4341 5151 septis
4386 5065 4631 5150 Alpium

2696 5152 2810 5219 sed
2856 5153 3095 5219 finibus
3139 5152 3315 5218 orbis
3360 5153 3838 5218 contineantur.
3925 5150 4061 5219 Sed
4106 5153 4503 5218 celeritatem
4542 5167 4625 5214 ru

2697 5238 3025 5305 desiderat
3039 5292 3054 5321 ,
3117 5238 3274 5305 dum
3336 5261 3442 5305 res
3498 5240 3789 5305 incertae
3846 5258 4070 5320 regem
4114 5238 4419 5305 nonnihil
4472 5256 4625 5303 eoa·-

2697 5336 2875 5404 cent,
2935 5347 3018 5391 ne
3062 5325 3393 5392 desaeviat
3444 5326 3511 5391 in
3557 5345 3677 5390 nos
3728 5321 4153 5408 effundatque
4196 5345 4365 5409 quae
4404 5344 4477 5390 ee
4512 5340 4623 5387 nn

4188 5950 4814 6108 Α
