4900 6125
593 394 736 458 215

657 580 672 595 '
779 577 1108 649 omnibus.
1209 575 1457 656 Nostri,
1525 576 1914 644 nominstim
1986 594 2150 642 vero
2215 572 2579 660 umqum,

607 599 944 730 metm·
982 672 1055 728 et
1100 661 1523 739 &wadan-3,
1540 666 1600 739 ⁴)
1643 670 1710 730 te
1763 660 2215 728 amantissime
2263 660 2576 728 salutant.

605 749 784 817 Vale
825 749 1075 834 optime
1118 770 1196 815 se
1239 748 1628 817 diutissime.
1716 749 2037 816 Nemausi
2081 752 2182 814 30.
2228 746 2577 815 Decembr.

784 919 917 987 Hie
999 918 1382 987 tabellarius
1445 920 1612 986 mihi
1674 921 1878 987 verbs
1942 919 2100 986 feeit
2142 918 2226 984 de
2289 916 2578 984 Antonio

607 1003 825 1085 calvo,
871 1007 1005 1091 qui,
1051 1028 1254 1090 quum
1297 1006 1498 1074 isthie
1541 1027 1774 1085 essem,
1819 1004 2267 1072 famulabatur
2310 1005 2396 1071 D.
2424 1002 2578 1070 Sar·

601 1111 847 1159 moeno.
870 1094 925 1169 ⁸)
1022 1090 1236 1159 Ouius
1300 1091 1617 1160 eeclesiae
1682 1092 1895 1176 grstia
1957 1090 2148 1156 illum
2221 1098 2423 1175 petat,
2492 1110 2575 1155 ex

604 1177 752 1261 ipso
795 1177 1042 1330 tuldies,
1089 1186 1158 1244 et
1199 1177 1372 1263 quod
1406 1176 1719 1262 expedire
1760 1176 2070 1243 iudiosris
2103 1184 2370 1243 statues.
2436 1174 2575 1241 Ite-

603 1282 757 1329 rum
913 1284 968 1330 e.

1587 1400 1772 1467 'l'uus
1811 1400 2058 1467 Petrus
2099 1397 2394 1466 Viretus.

1389 1691 1799 1707 ———

1497 1943 1697 2017 8675.

637 2084 1079 2169 L’Eemss
1127 2101 1253 2167 DE:
1299 2099 1739 2169 romnus
1777 2100 1978 2170 on
2013 2099 2526 2169 mlszmss

1297 2204 1425 2271 ns
1472 2188 1880 2272 osmvs.

773 2375 1542 2459 Dan-andedam.

597 2545 984 2617 (Autognpbe
1016 2545 1090 2601 de
1126 2547 1181 2599 ls
1213 2544 1601 2617 Bibliotheque
1637 2546 1707 2601 de
1742 2546 1965 2601 Gen'eve
2010 2546 2129 2601 Vol.
2170 2545 2284 2615 196,
2322 2549 2415 2603 sol.
2449 2546 2572 2603 246.

1279 2616 1521 2671 Bulletin
1557 2616 1712 2672 xlv,
1745 2614 1898 2683 327.)

775 2790 839 2854 A
895 2786 1257 2853 Messieurs
1312 2796 1384 2852 et
1438 2808 1629 2871 peres
1684 2787 2029 2854 Monsieur
2087 2786 2447 2871 despeville
2504 2796 2576 2854 et

599 2894 713 2941 m
753 2873 981 2939 stem·
1776 2958 1887 3023 En
1929 2956 2075 3024 leur
2118 2960 2394 3026 maison.

669 3131 892 3198 Grsoe
935 3142 1004 3196 et
1035 3129 1194 3215 psix
1228 3150 1351 3213 par
1387 3139 1613 3196 nostre
1648 3128 1983 3215 Seigneur
2015 3131 2219 3200 Jesus
2254 3130 2503 3198 Christ.

780 3301 1139 3369 'Presehers
1196 3302 1408 3368 sieurs
1465 3310 1534 3367 et
1587 3322 1793 3385 peres.
1882 3301 2157 3368 Comme
2199 3315 2483 3370 souvent
2515 3304 2572 3388 ¹il

601 3399 707 3489 est
764 3387 1026 3489 sdvenu
1071 3389 1266 3472 qu’en
1327 3408 1447 3454 nos
1505 3388 1864 3454 neeessitez
1916 3408 2085 3454 nous
2128 3408 2336 3474 syons
2388 3399 2573 3455 tous-

603 3472 2228 3627 ffffssmzsszelssmffzz{332121'33035‘30
2258 3495 2573 3645 ⁸1:⁰33&

605 3646 688 3712 de
729 3645 906 3712 Dieu
949 3657 1017 3712 et
1058 3645 1454 3712 ediffication
1500 3643 1581 3710 de
1635 3667 1756 3711 son
1798 3646 2022 3731 eglise,
2076 3666 2280 3731 sussy
2322 3646 2572 3714 faisons

603 3752 646 3798 a
688 3741 963 3816 present
1004 3752 1171 3798 nous
1214 3741 1433 3797 estant
1475 3731 1806 3799 tousiours
1850 3753 2209 3815 spperoeuz
2244 3732 2334 3798 du
2370 3735 2572 3818 profit

607 3819 724 3901 qui
782 3839 948 3883 nous
1005 3826 1108 3883 est
1163 3816 1429 3883 advenu
1475 3817 1556 3883 de
1599 3827 1822 3883 vostre
1880 3828 2045 3901 part.
2136 3818 2270 3885 Car
2312 3839 2570 3886 eomme

605 3902 802 3988 uinsy
847 3924 919 3968 so
1042 3925 1168 3987 que
1210 3901 1440 3986 depuis
1483 3902 1761 3987 quelque
1806 3911 2021 3988 temps
2064 3926 2146 3970 en
2189 3926 2304 3971 ezs
2344 3905 2485 3989 quil
2529 3928 2571 3972 s

600 3989 759 4073 pleu
803 4010 844 4055 s
957 3991 1061 4056 ieu
1121 3989 1203 4055 de
1270 3991 1433 4055 faire
1499 4009 1714 4054 oesser
1778 3988 1874 4055 les
1940 3992 2388 4074 perseeutions
2444 4014 2570 4075 par

601 4075 796 4142 deeza
851 4075 1080 4160 leglise
1135 4084 1287 4160 soyt
1333 4074 1700 4157 multipliee
1755 4074 1837 4140 de
1890 4076 2102 4160 grand
2162 4078 2441 4144 numbre
2487 4077 2569 4144 de

599 4182 962 4246 personnes
1004 4168 1072 4226 et
1126 4165 1408 4245 n’syans
1451 4161 1717 4226 homme
1762 4181 1803 4226 s
1857 4161 2084 4228 suffire
2128 4182 2169 4227 s
2224 4163 2422 4230 lestst
2478 4164 2568 4231 du

598 4248 961 4328 minister-e,
1018 4267 1180 4312 vous
1235 4266 1442 4331 syons
1497 4246 1928 4312 instamment
1981 4248 2235 4332 supplie
2279 4249 2361 4316 de
2405 4273 2567 4317 vou-

601 4334 748 4420 loyr
811 4343 957 4398 tant
1021 4333 1183 4398 faire
1245 4352 1416 4415 pour
1481 4354 1646 4398 nous
1701 4331 1781 4398 de
1838 4333 2001 4399 faire
2060 4344 2406 4402 retourner
2444 4358 2569 4404 ver

599 4440 766 4485 nous
803 4420 931 4485 ΜΓ.
971 4418 1316 4503 Frsneoys
1359 4417 1437 4483 de
1475 4417 1566 4483 δ’.
1607 4417 1744 4496 Pol,
1773 4423 1825 4498 ¹)
1869 4440 1952 4485 en
1989 4418 2242 4487 defsult
2277 4423 2367 4489 du
2410 4422 2568 4507 quel

597 4504 1204 4666 {fffiffiffl‘
1234 4503 1399 4654 3³32
1439 4524 1607 4655 1222
1659 4503 1898 4656 2232ss
1931 4517 2106 4658 ἳῗὲῗ
2149 4528 2569 4677 mm

803 4827 866 4894 4)
903 4829 1313 4884 Nemausenses
1345 4827 1420 4894 ef.
1455 4826 1536 4884 N.
1571 4826 1726 4884 3582.
1760 4827 1914 4884 3638.

805 4897 870 4956 ὃ)
906 4899 1115 4952 medico
1155 4897 1474 4952 Gemenn'.

597 4963 780 5020 8675.
805 4967 863 5028 1)
899 4965 953 5020 S.
993 4966 1145 5021 Paul
1175 4967 1332 5022 avait
1365 4963 1449 5021 616
1489 4965 1691 5038 euvoye'
1725 4969 1764 5021 ὰ
1803 4966 2045 5022 Poitien
2090 4984 2159 5023 eu
2197 4968 2364 5024 Han
2409 4968 2563 5024 15⁶9.

603 5035 700 5087 En
742 5033 876 5086 1560
908 5035 954 5088 61
983 5037 1070 5099 fui
1107 5037 1146 5089 ὰ
1185 5031 1583 5090 Mami-sare.
1676 5033 1733 5088 11
1777 5041 2042 5091 retourne
2078 5039 2116 5092 ὰ
2155 5037 2369 5093 Genabos
2401 5040 2567 5108 apres

1499 5103 1731 5157 Pun’sn‘l
1775 5104 2568 5174 alleaDieppe,m'oare-

603 5179 810 5226 tauma
845 5173 1009 5239 apres
1050 5173 1100 5226 le
1134 5173 1373 5243 colloque
1407 5172 1476 5226 de
1521 5172 1721 5243 Poiuy
1764 5174 1967 5242 auquel
2002 5176 2047 5228 a
2080 5174 2350 5230 meinai&-
2439 5176 2499 5231 11
2525 5195 2567 5247 y

599 5239 741 5296 ituit
775 5255 965 5293 encore
998 5243 1192 5310 quand
1225 5243 1282 5295 lo
1313 5254 1510 5311 qums
1543 5241 1612 5296 de
1640 5258 1674 5296 r
1739 5242 1805 5254 ‘'
1906 5239 2098 5298 delata.

809 5307 871 5374 2)
910 5307 1032 5365 Dee
1073 5309 1304 5366 Gallan
1335 5319 1600 5368 retourne
1643 5312 1682 5367 ὰ
1925 5327 1984 5368 ιε
2028 5312 2194 5382 epm
2226 5312 2277 5370 ze
2307 5312 2563 5386 colloqu-

601 5104 660 5156 la
696 5103 1049 5168 conjuratio„
1084 5103 1413 5159 d'Ambot'ee.

2123 383 2657 455 EPISOEOLAE
2700 389 2869 453 3674
2878 388 3126 453 -3676

4492 392 4603 453 216

2680 574 2848 641 faire
2904 596 3039 641 aux
3091 574 3536 658 predications
3577 579 3730 658 qu’s
3784 574 3851 640 ls
3903 573 4249 643 couduiote
4292 574 4440 641 d‘un
4490 576 4604 644 bon

2680 661 2962 727 numbre
3014 659 3410 728 d'Bseoliers
3467 662 3585 744 qui
3651 681 3860 746 sysus
3926 660 4123 727 luisse
4186 659 4455 727 l'estude
4504 661 4606 730 <les

2680 747 2855 813 Loix
2890 758 2959 812 et
2982 746 3485 832 jurisprudenoe
3519 769 3592 813 se
3626 757 3776 812 sont
3810 747 4266 813 frunehement
4298 746 4607 814 sddonues

2679 854 2721 898 s
2761 832 3039 900 l’estude
3097 831 3213 899 des
3271 833 3556 900 ssinotes
3611 830 3842 899 lettres
3897 842 3968 900 et
4008 853 4257 900 mesme
4302 853 4494 899 voues
4529 856 4608 900 su

2677 919 2930 986 servioe
2973 918 3055 985 de
3101 919 3277 985 Dieu
3321 930 3392 985 et
3434 918 3515 985 de
3569 939 3690 984 son
3732 918 3937 1003 eglise
3978 940 4101 1004 par
4151 918 4391 986 l’ordre
4428 920 4529 1002 qui
4566 941 4609 1005 y

2678 1017 2779 1071 est
2834 1003 3109 1089 estably.
3198 1003 3419 1071 Chone
3477 1013 3715 1071 autaut
3772 1007 4134 1071 neoessaire
4189 1027 4314 1089 que
4372 1004 4609 1072 lousble

2764 1112 2846 1155 ur
2888 1088 3207 1157 subvenir
3246 1110 3287 1155 a
3330 1097 3476 1156 tant
3510 1089 3814 1175 d'eglises
3848 1091 4140 1157 voisines
4173 1091 4287 1175 qui
4322 1091 4613 1158 uffumees

2676 1111 2761 1242 gg
2826 1185 3094 1260 pssture
3150 1176 3393 1244 eeleste
3456 1198 3622 1243 nous
3684 1180 4142 1262 importunent
4211 1175 4476 1242 d'heure
4534 1198 4610 1243 eu

2674 1261 2881 1328 heure
2924 1283 3091 1346 pour
3130 1262 3276 1328 leur
3318 1263 3612 1348 departir
3656 1260 3736 1328 de
3779 1284 3854 1330 oe
3896 1284 4025 1348 peu
4068 1263 4227 1346 qu’il
4271 1283 4312 1328 s
4353 1262 4537 1346 plesu
4574 1268 4616 1328 ὁ

2675 1347 2852 1415 Dieu
2895 1357 3131 1415 mettre
3174 1356 3364 1415 entre
3407 1369 3595 1429 nous,
3649 1369 3906 1416 eomme
3948 1369 4145 1435 sussy
4190 1347 4438 1414 l’svons
4476 1348 4615 1413 fuist

2674 1455 2910 1501 envers
2973 1433 3302 1517 plusieurs
3367 1431 3560 1511 dont,
3935 1455 3976 1500 s
4040 1434 4247 1513 Dieu,
4311 1453 4478 1500 nous
4538 1453 4616 1499 en

2673 1539 2931 1605 voyons
2982 1541 3075 1585 un
3134 1519 3487 1605 tresgrsnd
3539 1519 3757 1587 fruiet
3847 1520 3909 1585 Il
3952 1527 4056 1587 est
4097 1520 4251 1587 bien
4294 1541 4462 1605 vray
4500 1540 4616 1601 que

2673 1604 2928 1671 mondit
2962 1603 3070 1672 Sr.
3108 1606 3186 1672 de
3222 1605 3422 1672 Saule
3463 1627 3629 1672 nous
3672 1627 3713 1672 s
3756 1605 3966 1673 rendu
4012 1605 4140 1673 bon
4185 1607 4618 1691 tesmoigusge

2673 1691 2755 1757 de
2796 1691 2865 1757 ls
2908 1690 3125 1758 bonne
3162 1691 3433 1759 volunte
3477 1692 3617 1775 quil
3658 1713 3701 1759 s
3739 1692 3822 1758 de
3857 1693 4050 1759 venir
4084 1714 4205 1759 ver
4238 1713 4425 1771 nous,
4464 1692 4619 1758 mais

2674 1798 2841 1842 nous
2895 1797 3148 1864 voyons
3203 1777 3299 1844 les
3352 1778 3614 1845 affaires
3670 1778 3729 1844 si
3783 1777 4059 1864 leugues
4114 1798 4241 1862 que
4283 1798 4451 1845 nous
4500 1798 4621 1844 nen

2673 1884 2971 1947 pouvons
3029 1864 3171 1929 rien
3216 1873 3669 1931 ssseurement
3711 1885 3991 1948 esperer.
4080 1864 4474 1949 Toutesfoys
4512 1884 4621 1929 eu·

2673 1948 3040 2101 ffissff
3078 1951 3193 2101 ἷῖἲί
3195 1947 4208 2102 ⁸23⁰⁸¹²11355⁶5⁰220⁸2⁰sz³fi22⁸
4247 1968 4622 2102 ἓοῗὲὶῗὲἓ

2674 2118 2969 2206 charges,
3026 2056 3095 2187 gt
3147 2127 3341 2205 qu’en
3391 2056 3608 2205 {grue
3633 2057 3833 2187 ynmpe
3877 2120 4278 2189 dezirerions
4318 2121 4458 2206 quil
4498 2120 4625 2186 fust

2674 2206 2957 2291 soulsge,
2994 2206 3054 2292 jl
3099 2228 3267 2275 nous
3310 2215 3537 2293 seroyt
3579 2227 3818 2274 encore
3853 2208 4126 2292 besoing
4160 2215 4230 2274 et
4269 2206 4627 2275 neeessuire

2674 2292 2813 2374 quil
2871 2313 3034 2358 vous
3091 2292 3311 2376 pleust
3365 2314 3530 2358 nous
3584 2293 3838 2359 donner
3895 2293 4160 2360 homme
4213 2295 4328 2377 qui
4372 2315 4456 2359 en
4514 2313 4625 2357 sou

2676 2377 2927 2443 default
2981 2388 3175 2462 peust
3231 2380 3558 2445 satisfaire
3614 2379 3905 2445 susdites
3960 2380 4255 2464 ohurges.
4346 2378 4497 2461 Quo
4549 2376 4628 2442 sil

2676 2484 2763 2527 ne
2806 2484 2879 2529 se
2921 2473 3234 2550 trouvoyt
3280 2465 3545 2530 homme
3601 2472 3783 2548 prest
3825 2472 4013 2531 entre
4053 2485 4217 2530 vous
4258 2484 4433 2549 pour
4472 2482 4628 2530 nous

2678 2555 2851 2614 estre
2894 2558 3171 2634 envoye,
3233 2571 3399 2615 nous
3444 2571 3652 2616 avons
3694 2551 3971 2617 obtenus
4014 2549 4241 2617 lettres
4285 2551 4371 2617 de
4414 2551 4629 2616 favent

2679 2633 2762 2701 de
2801 2634 2870 2700 ls
2911 2634 3149 2720 Royne
3189 2635 3270 2702 de
3317 2636 3612 2701 Navarra
3667 2657 3802 2702 aux
3848 2635 4082 2702 Sieurs
4124 2645 4193 2701 et
4234 2637 4514 2704 Prinees
4554 2633 4631 2700 de

2677 2720 2899 2786 Berne
2920 2741 3087 2804 pour
3118 2743 3202 2787 en
3237 2722 3539 2805 requerir
3560 2722 3892 2805 quelquun
3916 2720 3997 2787 de
4032 2723 4177 2789 leur
4199 2720 4629 2807 Seigneurye.

2676 2814 2747 2871 et
2788 2804 3069 2873 dsutant
3111 2829 3240 2891 que
3298 2816 3435 2874 oest
3478 2816 3618 2874 este
3662 2817 3852 2890 pesse
3894 2807 3943 2871 il
3986 2829 4057 2874 se
4102 2820 4342 2874 trouva
4387 2830 4482 2874 un
4524 2807 4632 2872 des

2675 2892 3015 2959 ministres
3079 2893 3161 2959 de
3214 2894 3495 2959 'l'onnon
3560 2903 3823 2959 nomme
3886 2894 4232 2960 Mousieur
4288 2894 4555 2979 Nynaut
4576 2896 4632 2973 ⁸)

2676 2998 2763 3043 en
2807 2986 2981 3044 eeste
3022 2978 3179 3045 ville
3221 2981 3333 3064 qui
3391 2999 3560 3045 nous
3618 2979 3837 3045 donna
3892 2988 4077 3065 troys
4122 3001 4207 3044 ou
4251 2988 4487 3064 quatre
4524 3001 4634 3046 ex-

2676 3063 3063 3145 hortations,
3121 3066 3377 3150 Lequel
3421 3088 3589 3133 nous
3631 3069 3916 3150 priames
3961 3066 4042 3132 de
4086 3066 4439 3134 demeurer
4482 3086 4634 3134 sves

2676 3170 2860 3216 nous.
2952 3149 3053 3218 Or
3111 3150 3412 3217 d’sutsnt
3470 3151 3609 3236 quil
3663 3173 3832 3218 nous
3890 3152 4181 3218 advertit
4222 3153 4361 3236 quil
4424 3157 4635 3237 estoyt

2674 3236 2892 3321 oblige
2936 3256 2976 3300 a
3019 3258 3139 3302 son
3185 3237 3387 3322 eglise
3430 3247 3497 3303 et
3540 3259 3670 3303 aux
3715 3237 3883 3305 diets
3929 3237 4160 3304 Sieurs
4205 3258 4376 3305 nous
4422 3238 4637 3303 donus

2674 3331 3031 3387 ouverture
3094 3343 3262 3406 pour
3326 3322 3654 3408 l’obtenyr
3710 3322 3923 3390 d’eux.
4012 3325 4104 3389 Et
4162 3343 4411 3408 pouree
4467 3343 4637 3408 quen

2673 3416 2813 3474 oest
2868 3407 3162 3474 endroiet
3221 3430 3390 3475 nous
3449 3430 3614 3476 nous
3669 3408 3952 3476 voulons
4010 3409 4251 3494 garder
4306 3410 4429 3477 des
4470 3431 4637 3474 mes-

2669 3491 2954 3576 prendre
2998 3513 3165 3560 nous
3198 3516 3366 3560 vous
3410 3495 3750 3579 supplions
3794 3494 4251 3561 humblement
4285 3495 4431 3579 quil
4478 3515 4637 3560 vous

2671 3579 2876 3663 plaise
2921 3600 3087 3645 nous
3130 3581 3293 3646 faire
3335 3581 3651 3646 entendre
3698 3590 3919 3646 vostre
3963 3583 4168 3659 advis,
4214 3601 4253 3645 a
4295 3602 4544 3666 savoyr
4584 3580 4639 3645 si

2672 3686 2841 3731 nous
2886 3665 2946 3730 le
2990 3664 3240 3732 devons
3282 3665 3660 3732 demander.
3751 3666 3902 3748 Que
3946 3667 4003 3732 si
4059 3667 4107 3731 il
4152 3689 4199 3752 y
4244 3677 4456 3753 svoyt
4497 3687 4638 3732 oes-

2671 3751 2817 3817 siou
2860 3750 2942 3817 de
2987 3772 3154 3818 nous
3197 3772 3282 3816 en
3327 3752 3651 3836 deporter,
3695 3753 3829 3835 quil
3869 3774 4032 3819 vous
4076 3752 4281 3836 plsise
4324 3751 4640 3840 regsrder

2669 3857 2803 3902 aux
2828 3858 3099 3922 moyens
3126 3838 3276 3920 plus
3320 3838 3492 3903 sisez
3523 3858 3690 3921 pour
3735 3860 3901 3904 nous
3946 3861 4030 3904 en
4074 3838 4239 3903 faire
4282 3858 4639 3906 reeouvrer

2672 3923 2951 4007 quelque
2995 3923 3210 3988 aultre
3253 3925 3559 3989 suffisant
3602 3944 3643 3987 a
3684 3925 3847 3990 faire
3891 3924 3987 3990 les
4030 3925 4314 3990 susdites
4358 3925 4641 4010 charges

2672 4030 2713 4075 s
2770 4011 2864 4074 fin
2918 4030 3091 4092 quen
3158 4017 3339 4074 toute
3404 4008 3748 4093 diligenee,
3812 4020 4030 4076 vostre
4089 4032 4406 4095 response
4450 4031 4637 4096 ouye,

2670 4114 2840 4161 nous
2906 4095 3270 4179 envoyions
3350 4095 3612 4160 homme
3692 4118 3771 4162 ex
3823 4118 3931 4162 res
3997 4095 4076 4162 de
4156 4107 4384 4163 nostre
4464 4117 4639 4163 eom·

2671 4202 2935 4266 psgnye
2980 4201 3148 4264 pour
3190 4204 3237 4265 y
3282 4180 3445 4246 faire
3501 4188 3645 4246 tout
3700 4180 3780 4247 de
3830 4203 3999 4266 voyr
4053 4192 4120 4248 et
4176 4182 4481 4249 lsmener
4524 4202 4641 4247 ver

2673 4288 2856 4346 nous,
2917 4286 3083 4331 vous
3142 4274 3490 4332 ssseursnt
3587 4288 3671 4332 ue
3729 4290 3893 4333 nous
3948 4268 4012 4333 le
4069 4289 4425 4336 reoevrons
4483 4288 4639 4334 aveo

2662 4356 2818 4438 joye
2862 4362 2931 4418 et
2973 4352 3091 4436 luy
3127 4350 3349 4418 ferens
3385 4361 3527 4417 tout
3595 4373 3632 4417 e
3668 4352 3798 4418 bon
3844 4354 4263 4420 traintement
4296 4355 4438 4439 quil
4476 4373 4640 4420 nous

2669 4461 2821 4505 sera
2864 4437 3165 4522 possible,
3212 4439 3393 4504 voire
3436 4449 3503 4502 et
3544 4440 3769 4504 mieux
3805 4440 3917 4522 qui
3961 4444 4069 4505 n’a
4110 4462 4229 4524 pur
4272 4460 4356 4526 oy
4394 4440 4641 4506 devant

2670 4534 2808 4591 este
2860 4525 3020 4590 fuict
3075 4543 3210 4589 aux
3254 4523 3506 4590 aultres
3564 4524 3865 4590 d’autant
3908 4526 4046 4610 quil
4091 4547 4131 4590 s
4176 4525 4326 4610 plen
4374 4549 4419 4592 a
4461 4525 4639 4591 Dieu

2668 4630 2840 4677 nous
2884 4631 2970 4675 en
3014 4609 3265 4675 donner
3320 4610 3472 4692 plus
3529 4611 3776 4695 grands
3836 4620 3904 4675 et
3959 4612 4308 4712 meilleurs·
4354 4629 4639 4712 moyens

2667 4717 3242 4848 ponesancaenvsogn
3272 4715 3441 4848 ἕέιξε
3462 4696 4639 4867 οὲθέιῗιᾬωὶουὲἓιῗηωάἳῃξῖυζοξξ

2711 4868 2816 4934 lus
2860 4867 3241 4934 redevsbles
3285 4890 3403 4934 ver
3447 4890 3627 4946 vous,
3673 4879 3740 4934 et
3782 4870 4007 4953 prions
4051 4870 4245 4949 Dieu,
4300 4870 4639 4936 tresohers

2720 4954 2897 5021 ieurs
2953 4962 3023 5019 et
3064 4975 3271 5038 peres,
3326 4975 3494 5020 vous
3535 4955 3914 5040 maintenyr
3957 4965 4025 5020 et
4076 4974 4437 5022 conserver
4480 4977 4525 5020 u
4564 4972 4639 5020 sn

2666 5039 2872 5125 gloire
2916 5048 2983 5104 et
3026 5041 3529 5124 augmentetion
3573 5041 3654 5106 de
3698 5061 3817 5107 son
3860 5040 4111 5124 Eglise,
4169 5061 4335 5108 nous
4380 5059 4637 5109 reeom-

2871 5313 2929 5381 3)
2964 5313 3237 5381 aoeoeet'oe‘s
3271 5314 3525 5372 m'm‘stre
3559 5315 3695 5372 ἕνα
3730 5315 3931 5388 viveyo
3970 5314 4257 5373 Genera-'⁸-
