4900 6125
244 331 364 394 337

241 541 454 587 rerum
519 520 816 586 omnium
879 521 1111 587 faciem
1128 572 1145 599 ,
1210 541 1293 585 ex
1359 519 1611 585 mutuis
1663 519 2194 604 evangelicorum

241 606 410 672 inter
450 628 522 757 εξ
567 605 880 755 ᾶὲεείᾶίίο,
949 616 1020 673 et
1061 603 1468 690 papistarum
1514 606 1583 671 in
1628 615 1942 690 utrosque
1985 605 2195 672 insul-

242 691 468 758 tationi
516 714 592 758 us

409 778 638 861 Neque
682 779 807 845 hoc
849 778 1112 844 silentio
1163 775 1338 862 apud
1385 785 1625 862 praest.
1665 787 1852 844 tuam
1901 785 2195 862 praeter·

239 862 522 930 eundum
571 872 733 944 erat,
798 866 1201 948 propositam
1243 883 1389 929 esse
1433 886 1475 931 a
1517 864 1912 947 quibusdam
1956 863 2084 947 piis
2129 870 2198 928 et

239 949 511 1016 eruditis
553 951 737 1027 viris,
784 952 1041 1015 tertiam
1089 949 1420 1034 quandam
1465 950 1860 1015 sententiam
1903 970 2020 1015 seu
2054 969 2093 1013 o
2142 947 2196 1013 i-

239 1037 496 1102 nionem
555 1035 637 1102 de
696 1037 818 1103 hoc
874 1037 1016 1118 ipso
1074 1037 1384 1119 primario
1439 1034 1592 1102 fidei
1648 1046 1915 1101 nostrae
1957 1033 2077 1099 fun
2126 1055 2195 1099 a·

238 1130 489 1199 ment0,
553 1122 633 1187 de
678 1123 822 1187 Deo
868 1142 983 1188 seu
1030 1123 1362 1199 trinitate,
1408 1131 1484 1186 ut
1524 1121 1768 1188 usitate
1812 1122 1882 1188 in
1924 1119 2197 1187 ecclesia

235 1207 576 1292 loquimur,
622 1208 1034 1291 superiorum
1082 1208 1361 1273 duarum
1400 1208 1781 1290 opinionum
1816 1206 2005 1290 quasi
2037 1226 2193 1272 con-

236 1294 655 1373 ciliatoriam,
723 1314 1098 1377 quanquam
1166 1314 1246 1358 ea
1309 1295 1454 1378 ipsa
1520 1294 1603 1359 ab
1668 1293 1944 1359 alterius
1986 1291 2196 1375 partis

235 1380 558 1465 opinione,
606 1400 845 1463 nempe
887 1381 969 1446 ab
1011 1379 1112 1453 iis,
1155 1381 1268 1462 qui
1313 1379 1698 1463 papisticam
1744 1388 2020 1444 tuentur
2062 1377 2198 1460 opi-

239 1467 533 1544 nionem,
599 1465 709 1531 lon
764 1466 983 1531 'ssime
1049 1488 1088 1531 a
1143 1465 1601 1532 conciliatione
1645 1465 1856 1531 abest:
1904 1460 2078 1547 quod
2127 1463 2195 1527 hi

235 1551 595 1620 secundum
639 1488 1180 1618 scffilastioomm
1224 1552 1618 1616 sententiam
1664 1572 1932 1633 prorsus
1986 1549 2196 1615 sabel·

235 1638 568 1712 lianizent,
615 1637 679 1702 id
719 1645 836 1716 est,
883 1637 1309 1716 confundant,
1353 1657 1692 1720 unumque
1728 1637 2073 1701 confusum
2113 1655 2196 1699 ex

238 1724 448 1790 tribus
497 1725 714 1789 Deum
759 1723 1021 1790 faciant.
1094 1724 1549 1806 Imaginantes
1591 1722 1778 1805 quasi
1821 1743 2025 1805 supra
2069 1721 2199 1786 Pa·

235 1818 402 1876 trem
449 1830 654 1874 unum
698 1809 1026 1892 quendam
1052 1810 1291 1887 Deum,
1336 1830 1531 1892 quem
1561 1808 1917 1874 essentiam
1939 1815 2198 1885 vocant,

237 1909 301 1963 et
354 1895 438 1960 ab
499 1895 623 1961 hac
665 1896 809 1977 ipsa
866 1896 1188 1973 essentia,
1249 1916 1452 1978 quum
1513 1893 1595 1960 de
1639 1895 1781 1959 Deo
1838 1894 2201 1975 loquuntur

234 1982 597 2065 incipiunt,
665 1981 730 2045 id
775 1981 948 2063 quod
993 1980 1356 2046 secundum
1400 1980 1798 2045 sententiam
1839 1979 2086 2044 Hilarii
2131 1980 2199 2043 in

234 2067 399 2133 libro
462 2066 544 2131 de
610 2066 883 2151 synodis
939 2075 1163 2132 contra
1211 2068 1530 2132 Attianos
1595 2086 1943 2131 erroneum
2004 2079 2202 2149 atque

235 2154 638 2219 haereticum
676 2160 793 2218 est.
865 2153 1238 2232 Praeterea,
1284 2152 1455 2237 quod
1495 2153 1708 2217 filium
1733 2152 1957 2217 dicant
1979 2151 2201 2216 Deum

237 2260 374 2305 esse
420 2259 462 2303 a
503 2260 575 2303 se
619 2239 795 2322 ipso,
857 2238 1027 2322 quod
1072 2239 1322 2305 scilicet
1366 2238 1530 2304 haec
1575 2239 1934 2321 propositio
1978 2237 2203 2302 trahat

237 2334 381 2408 post
441 2345 516 2390 se
580 2323 834 2407 aliquot
897 2326 1298 2407 perniciosos
1366 2345 1652 2403 errores,
1725 2343 1963 2406 nempe
2026 2321 2202 2406 quod

235 2412 407 2478 filius
452 2409 583 2474 Dei
647 2409 956 2476 dominus
1022 2419 1249 2477 noster
1291 2411 1479 2476 Iesus
1524 2409 1833 2476 Christus
1902 2409 2202 2491 privetur

235 2519 350 2564 sua
407 2517 572 2564 vera
624 2496 923 2579 legitima
988 2503 1057 2562 et
1098 2506 1367 2562 aeterna
1408 2518 1494 2561 ex
1539 2507 1811 2561 aeterno
1855 2504 2042 2578 patre
2086 2515 2200 2578 ge·-

237 2587 393 2650 nem.
477 2580 553 2648 Si
600 2584 798 2660 enim,
857 2584 1184 2665 inquiunt,
1229 2582 1407 2647 filius
1450 2580 1582 2646 Dei
1626 2602 1666 2645 a
1708 2601 1780 2646 se
1823 2581 1968 2662 ipso
2014 2578 2202 2645 Deus

236 2678 350 2750 est,
393 2689 555 2753 ergo
599 2669 863 2752 genitus
907 2687 948 2732 a
984 2677 1170 2751 patre
1207 2687 1339 2732 non
1373 2675 1496 2741 est,
1539 2674 1607 2731 et
1643 2687 1760 2750 per
1795 2685 2202 2748 consequens

234 2755 572 2840 ingenitus
617 2765 734 2833 est,
779 2755 953 2819 idem
997 2752 1266 2829 scilicet,
1323 2754 1436 2836 qui
1481 2761 1679 2836 pater.
1771 2750 1923 2833 Quo
1967 2750 2201 2816 funda-

237 2849 460 2907 mento
506 2841 780 2918 amisso,
840 2859 1081 2922 nempe
1123 2840 1252 2905 ista
1297 2840 1524 2922 genesi
1564 2860 1682 2903 seu
1728 2836 2081 2916 filiatione,
2128 2843 2202 2900 ut

234 2927 326 2992 ita
366 2925 603 3004 dicam,
650 2925 803 3003 filii,
849 2926 1060 2989 amitti
1098 2946 1352 3009 quoque
1390 2923 1752 3002 Christum,
1800 2922 2017 2989 amitti
2062 2942 2198 2987 me-

238 3011 554 3079 diatorem
622 3025 688 3077 et
753 3011 897 3078 eius
961 3011 1279 3078 beneficia
1301 3058 1317 3091 ,
1378 3017 1448 3075 et
1490 3017 1682 3076 extra
1726 3009 2000 3076 verbum
2045 3028 2202 3075 eva·

368 3098 454 3165 do
519 3097 642 3163 coli
709 3098 939 3162 fictitia
1004 3097 1306 3176 nomina,
1371 3106 1442 3161 et
1505 3095 1697 3180 plura
1761 3096 2087 3179 principia
2129 3095 2202 3159 in

280 3185 581 3251 ivinitate
637 3182 878 3250 induci.
969 3183 1077 3248 Ab
1135 3182 1260 3248 hac
1314 3184 1537 3265 itaque
1593 3182 1900 3264 opinione
1954 3180 2202 3266 longis-

237 3273 428 3349 sime,
487 3270 587 3335 uti
629 3269 807 3347 dico,
851 3269 1039 3335 abest
1081 3266 1195 3333 illa
1252 3290 1421 3351 quae
1468 3269 1801 3350 proposita
1844 3276 1946 3332 est
1988 3267 2202 3333 conci·

237 3358 432 3423 liatio.
506 3355 822 3421 Ceterum
853 3353 1128 3420 alterius
1165 3355 1371 3435 partis
1415 3354 1655 3437 opinio,
1701 3373 1939 3436 nempe
1975 3373 2202 3417 eorum

238 3441 787 3527 evangelicorum,
831 3440 943 3523 qui
990 3440 1305 3505 trinitatis
1349 3440 1781 3516 vocabulum,
1838 3451 1913 3503 ut
1955 3438 2202 3503 dictum

237 3538 353 3610 est,
412 3530 734 3605 reiiciunt,
768 3525 851 3592 ad
890 3526 1288 3608 propositam
1327 3526 1849 3592 conciliationem
1887 3544 2205 3608 perquam

242 3615 540 3698 proxime
597 3611 862 3679 accedit.
952 3611 1281 3695 Congruit
1325 3612 1500 3676 enim
1549 3633 1698 3677 cum
1742 3610 2012 3693 reliquis
2066 3631 2205 3675 om-

244 3702 439 3767 nibns
497 3701 775 3764 istorum
833 3698 1263 3776 thematibus,
1324 3697 1881 3781 propositionibus
1942 3695 2207 3763 conclu-

244 3786 690 3869 sionibusque,
767 3782 850 3848 de
915 3784 1109 3848 unica
1175 3794 1430 3848 tantum
1499 3783 1973 3867 propositione,
2042 3801 2208 3864 quae

244 3874 382 3956 ipsa
423 3870 897 3939 conciliationis
943 3869 1206 3934 nomine
1250 3871 1657 3953 proponitur,
1703 3868 1837 3934 illis
1883 3888 2013 3932 non
2051 3888 2208 3933 con-

248 3960 440 4024 venit.
505 3956 692 4022 Haec
735 3964 957 4021 autem
1004 3955 1155 4020 talis
1199 3964 1317 4021 est.
1407 3955 1642 4033 Pater,
1687 3954 1865 4019 filius
1908 3964 1976 4017 et
2016 3954 2209 4036 spiri-

247 4054 350 4111 tus
385 4053 663 4129 ,sanctus
707 4049 884 4106 recte
920 4040 1233 4105 dicuntur
1275 4051 1343 4105 et
1385 4051 1547 4105 sunt
1589 4062 1763 4106 unus
1808 4040 2013 4119 Deus,
2076 4060 2209 4104 non

245 4149 542 4213 persona,
586 4127 702 4193 sed
745 4124 1154 4192 indifferenti
1191 4136 1450 4203 natura,
1494 4126 1562 4191 id
1601 4136 1720 4201 est,
1767 4148 1898 4190 non
1935 4145 2211 4190 numero

247 4237 448 4296 unus,
515 4236 638 4281 nec
677 4211 1048 4287 individuo,
1114 4211 1229 4276 sed
1295 4212 1726 4277 similitudine
1791 4210 2215 4294 aequalitate-

248 4323 371 4387 que
436 4310 712 4367 naturae
731 4352 746 4378 ,
813 4298 986 4383 quod
1052 4298 1304 4364 scilicet
1360 4297 1537 4363 filius
1581 4308 1649 4363 et
1704 4298 1976 4381 spiritus
2018 4318 2209 4362 sanc-

251 4398 358 4455 tus
422 4385 713 4453 habeant
778 4394 1083 4450 naturam
1153 4385 1390 4467 patris,
1463 4393 1532 4449 et
1596 4406 1682 4450 ex
1736 4394 1922 4466 patre
1967 4383 2211 4448 subsis-

248 4486 389 4539 tant
474 4470 783 4557 quicquid
893 4480 1066 4537 sunt.
1200 4469 1487 4535 Proinde
1595 4471 2003 4536 constituunt
2101 4470 2210 4534 isti

251 4568 462 4625 certas
501 4557 818 4643 quasdam
863 4557 1373 4641 propositiones,
1431 4576 1550 4621 seu
1597 4554 1820 4621 brevia
1886 4552 2210 4638 quaedam

252 4647 576 4711 axiomata
662 4643 1004 4709 doctrinae
1094 4640 1496 4724 docendique
1581 4661 1828 4707 caussa.
1962 4641 2213 4705 Dicunt

253 4733 424 4797 enim
484 4732 677 4797 istam
725 4728 1232 4813 propositionem
1253 4778 1269 4805 ,
1327 4734 1545 4810 pater,
1612 4726 1787 4791 filius
1831 4734 1898 4790 et
1939 4726 2212 4809 spiritus

256 4826 518 4884 sanctus
562 4823 722 4883 sunt
763 4835 974 4892 unus,
1018 4812 1251 4879 falsam
1308 4833 1453 4878 esse
1508 4820 1578 4877 et
1620 4812 1892 4876 minime
1936 4810 2210 4877 catholi-

255 4922 428 4967 cam:
473 4902 645 4986 quod
689 4900 937 4968 scilicet
979 4921 1060 4965 ex
1109 4899 1330 4964 verbis
1371 4897 1741 4963 inordinate
1782 4896 2090 4980 prolatis,
2135 4904 2214 4962 ut

255 4987 703 5074 Hieronymus
767 4986 960 5064 dicit,
1027 4984 1318 5050 haeresis
1381 4984 1776 5050 incurratur.
1866 4983 1968 5048 Eo
2034 4983 2213 5049 enim

258 5074 377 5140 loci
420 5073 746 5158 particula
798 5093 974 5139 unns
1013 5070 1462 5136 confusionem
1504 5068 1952 5136 sabellianam
1999 5070 2069 5134 in
2114 5068 2213 5133 di-

257 5160 531 5227 vinitate
565 5158 840 5239 inducit,
863 5167 934 5225 et
965 5157 1296 5243 significat
1329 5177 1538 5223 unum
1573 5155 1990 5223 individuum
2029 5152 2214 5221 iden·

261 5248 440 5313 titate
503 5246 787 5313 numeri.
873 5243 1096 5326 Quam
1152 5243 1663 5328 propositionem
1706 5251 2056 5327 propterea
2097 5262 2213 5307 ex·

456 5348 685 5406 carons·
718 5361 906 5416 opera.
990 5345 1104 5400 vot
1139 5344 1272 5400 xx.

2055 335 2218 396 1564
2265 329 2450 397 IUL.

4136 334 4265 398 338

2299 518 2577 603 plodunt
2617 527 2813 604 atque
2854 519 3161 588 reiiciunt
3198 520 3464 603 utrique
3479 570 3497 599 ,
3542 527 3852 604 tanquam
3898 539 4271 602 erroneam,

2298 604 2369 671 id
2413 615 2531 686 est,
2578 606 3034 673 scholasticam
3080 615 3277 690 atque
3320 605 3732 689 papisticam.
3824 604 4050 687 Quum
4106 627 4265 673 vero

2300 692 2573 772 dicitur,
2639 702 2859 775 pater,
2928 692 3105 759 filius
3169 699 3236 757 et
3291 692 3565 776 spiritus
3604 689 3877 758 'sanctus
3919 700 4080 756 sunt
4120 691 4267 759 sive

2297 785 2401 843 est
2446 800 2619 844 unus
2664 779 2867 858 Deus,
2910 788 2988 844 ut
3029 777 3357 862 particula
3402 798 3579 843 unus
3623 778 3807 844 Deus
3850 776 4266 860 praedicetur

2299 862 2381 929 de
2425 864 2636 931 tribus
2680 864 2976 947 personis
3035 863 3432 942 divinitatis,
3494 884 3723 930 veram
3767 873 3836 928 et
3875 861 4269 930 catholicam

2298 970 2442 1015 esse
2482 951 2990 1034 propositionem
3030 949 3480 1016 conciliatores
3530 949 3637 1014 isti
3682 949 4035 1014 affirmant.
4126 947 4270 1015 Ad-

2298 1035 2466 1101 iecta
2533 1043 2756 1102 tamen
2822 1055 3113 1120 semper,
3180 1035 3517 1101 intellecta
3573 1042 3643 1101 et
3685 1035 4036 1100 subaudita
4077 1055 4267 1118 prae-

2299 1120 2473 1187 dicta
2516 1121 3091 1204 interpretatione,
3139 1142 3313 1186 unus
3356 1121 3577 1198 Deus,
3625 1140 3761 1185 non
3804 1141 4106 1204 persona,
4152 1119 4270 1187 sed

2297 1206 2709 1272 indifferenti
2776 1218 3034 1272 natura.
3124 1205 3276 1288 Qua
3340 1205 3783 1290 propositione
3850 1204 4138 1272 admissa
4201 1213 4272 1272 et

2297 1292 2605 1375 amplexa
2648 1292 3007 1359 secundum
3053 1293 3333 1358 istorum
3379 1292 3775 1358 sententiam
3820 1299 4026 1357 totam
4070 1292 4271 1358 istam

2298 1381 2818 1445 controversiam
2864 1379 3129 1462 planam
3173 1387 3243 1443 et
3285 1378 3538 1444 facilem
3584 1398 3745 1454 esse,
3791 1388 3859 1443 et
3904 1376 4268 1445 discussam

2298 1465 2567 1529 omnino
2612 1461 2842 1542 videri,
2891 1474 2966 1529 ut
3008 1485 3173 1547 quae
3218 1466 3348 1529 iam
3396 1473 3589 1528 antea
3632 1463 3721 1528 sit
3760 1471 4026 1545 patrum
4060 1464 4269 1546 scrip-

2301 1551 2385 1615 tis
2429 1551 2590 1615 satis
2632 1550 3003 1616 luculenter
3047 1548 3519 1634 evidenterque
3562 1547 3921 1632 explicata,
3976 1569 4270 1631 expensa

2300 1646 2368 1701 et
2400 1636 2764 1702 conciliata.
2822 1637 2957 1702 Pro
2987 1657 3118 1720 qua
3153 1634 3419 1720 quidem
3457 1634 3766 1719 opinione
3802 1636 4107 1718 egregius
4142 1635 4271 1714 vir,

2302 1721 2672 1788 eruditione
2728 1734 2795 1787 et
2846 1723 3097 1806 pietate
3157 1731 3501 1805 praestans
3546 1721 3629 1785 D.
3675 1721 4072 1786 Franciscus
4117 1719 4271 1786 Lis-

2302 1809 2606 1873 maninus
2648 1808 3037 1893 Corcyreus,
3083 1808 3459 1892 theologiae
3503 1804 3751 1884 doctor,
3796 1827 3996 1889 quum
4034 1808 4104 1870 in
4142 1807 4275 1871 sin·

2303 1893 2538 1960 ceriori
2603 1893 2953 1977 religione,
3020 1905 3159 1959 tum
3221 1893 3292 1958 in
3360 1891 3750 1959 scholastica
3812 1892 4143 1976 theologia
4206 1897 4275 1957 et

2303 1977 2580 2045 lectione
2660 1989 2924 2063 patrum
3009 1977 3615 2056 exercitatissimus,
3684 1980 4119 2063 comportavit
4185 1999 4275 2043 ex

2303 2065 2568 2148 scriptis
2613 2066 2993 2131 eorumdem
3039 2075 3300 2149 patrum
3344 2075 3560 2131 certas
3603 2064 3987 2140 sententias,
4032 2085 4145 2130 eas
4189 2083 4275 2128 ue

2303 2151 2374 2215 in
2419 2150 2771 2234 specialem
2817 2151 3116 2216 libellum
3183 2150 3486 2216 collectas
3532 2149 3687 2214 hinc
3725 2149 3876 2215 inde
3918 2170 4036 2232 per
4076 2150 4176 2215 Po
4201 2169 4276 2215 o·

2305 2237 2520 2315 niam,
2589 2238 2828 2320 partim
2876 2235 2957 2301 ad
3005 2237 3180 2302 viros
3224 2237 3479 2314 doctos,
3540 2235 3785 2318 partim
3842 2234 3928 2300 ad
3973 2255 4275 2318 proceres

2303 2322 2506 2401 misit,
2553 2344 2629 2389 ac
2674 2324 2949 2388 missum
2994 2322 3194 2388 etiam
3241 2321 3524 2387 eundem
3571 2320 3866 2387 libellum
3901 2319 4277 2386 audivimus

2306 2408 2387 2474 ad
2458 2418 2698 2492 praest.
2768 2417 2983 2486 tuam,
3054 2417 3125 2473 et
3188 2406 3271 2473 ad
3315 2405 3689 2557 Tigurinos.
3780 2405 3969 2488 Quae
4013 2405 4273 2489 quidem

2305 2495 2530 2577 opinio
2576 2496 2835 2560 tametsi
2881 2493 3183 2576 proxime
3206 2545 3222 2571 ,
3268 2505 3345 2559 ut
3433 2494 3544 2571 ixi,
3590 2491 3856 2559 accedat
3899 2491 3982 2558 ad
4026 2492 4279 2576 opinio-

2307 2600 2459 2645 nem
2499 2580 3165 2660 Antitrinitariorum,
3213 2582 3471 2644 tametsi
3516 2579 3717 2644 etiam
3774 2598 3853 2642 ea
3896 2599 4027 2643 non
4073 2574 4279 2643 semel

2305 2667 2375 2730 in
2437 2665 2709 2751 synodis
2768 2664 3086 2748 polonicis
3130 2665 3466 2749 proposita
3508 2673 3575 2729 et
3616 2663 3866 2748 agitata
3922 2663 4147 2742 fuerit,
4205 2663 4280 2727 in

2307 2752 2481 2817 hanc
2516 2771 2723 2834 usque
2760 2761 2981 2820 tamen
3005 2750 3180 2816 diem
3216 2761 3481 2835 recepta
3516 2770 3648 2814 non
3685 2757 3803 2828 est,
3840 2757 3909 2814 et
3944 2747 4279 2814 adduntur

2306 2837 2448 2902 eius
2515 2837 2612 2902 rei
2677 2845 2893 2903 certae
2959 2857 3230 2902 caussae
3286 2845 3354 2901 et
3396 2835 3686 2901 rationes
3742 2832 4079 2901 evidentia
4142 2855 4278 2901 non

2306 2935 2625 2989 carentes.

2480 3007 2783 3074 Primum
2828 3028 3031 3092 quum
3066 3006 3312 3075 dicitur
3330 3058 3348 3087 ,
3406 3013 3624 3092 pater,
3671 3005 3849 3074 filius
3894 3013 3961 3073 et
4005 3005 4281 3091 spiritus

2307 3101 2578 3160 sanctus
2623 3104 2784 3159 sunt
2827 3115 3003 3159 unus
3046 3094 3259 3173 Deus,
3322 3114 3452 3159 non
3497 3112 3808 3176 persona,
3854 3091 3971 3159 sed
4014 3091 4281 3158 indiffe-

2309 3180 2482 3246 renti
2520 3187 2788 3259 natura,
2859 3177 3260 3264 respondent
3304 3177 3894 3264 amphibologicam
3939 3199 4084 3245 esse
4128 3199 4280 3261 pro·

2309 3266 2717 3349 positionem.
2779 3264 2857 3331 Si
2903 3266 3080 3331 enim
3126 3264 3529 3331 indifferenti
3575 3273 3812 3330 natura
3856 3273 4065 3349 pater,
4101 3264 4281 3329 filius

2310 3359 2378 3416 et
2433 3352 2709 3434 spiritus
2763 3360 3032 3418 sanctus
3077 3350 3263 3417 Deus
3321 3372 3498 3416 unus
3557 3362 3687 3416 est:
3762 3371 3921 3434 ergo
3964 3347 4281 3435 quemad-

2307 3436 2579 3502 modum
2625 3445 2814 3520 pater
2856 3458 2896 3501 a
2937 3459 3009 3503 se
3051 3438 3194 3519 ipso
3238 3437 3561 3513 subsistit,
3604 3444 3675 3501 et
3718 3457 3758 3500 a
3798 3456 3871 3500 se
3904 3436 4049 3518 ipso
4084 3455 4280 3500 suum

2309 3545 2452 3590 esse
2499 3524 2717 3601 habet,
2763 3523 2989 3588 eadem
3037 3543 3293 3605 quoque
3338 3523 3593 3595 ratione
3645 3531 3714 3586 et
3754 3520 3932 3587 filius
3975 3531 4044 3586 et
4085 3520 4282 3604 spiri-

2311 3619 2423 3675 tus
2488 3617 2757 3674 sanctus
2822 3629 2909 3674 ex
2974 3629 3045 3674 se
3111 3609 3519 3687 subsistunt,
3587 3616 3657 3671 ct
3701 3628 3741 3671 a
3782 3628 3853 3672 se
3897 3626 4090 3672 suum
4136 3625 4286 3671 esse

2308 3695 2574 3761 habent.
2664 3693 2815 3760 Hoc
2873 3695 3054 3759 enim
3117 3694 3504 3759 indifferens
3550 3702 3793 3758 natura
3836 3691 4013 3769 vult,
4080 3701 4160 3755 ut
4204 3709 4290 3754 ea

2309 3781 2680 3848 communis
2719 3781 2809 3844 sit
2852 3779 3062 3845 tribus
3101 3778 3386 3844 aliunde.
3461 3781 3679 3863 Atque
3724 3797 3800 3841 eo
3835 3777 4031 3842 modo
4064 3774 4289 3840 amitti

2312 3888 2537 3932 veram
2605 3866 2880 3950 genesin
2946 3865 3102 3942 filii,
3169 3874 3237 3931 et
3302 3865 3664 3948 genuinam
3729 3863 4002 3946 spiritus
4066 3865 4294 3927 sancti

2311 3952 2793 4036 processionem
2852 3971 2939 4015 ex
2987 3960 3207 4034 patre,
3268 3947 3666 4027 divinitatis,
3726 3949 3824 4013 uti
3869 3947 4115 4014 dictum
4161 3951 4295 4017 est,

2310 4040 2510 4104 fonte.
2582 4038 2675 4103 Et
2715 4037 2888 4120 quod
2948 4035 3323 4102 huiusmodi
3383 4033 3743 4118 propositio
3800 4032 4052 4099 incidat
4094 4046 4301 4123 pror·

2312 4146 2427 4191 sus
2463 4126 2531 4188 in
2568 4123 2963 4189 sententiam
3002 4122 3395 4204 papisticam
3425 4118 3506 4185 de
3542 4139 3680 4185 uno
3705 4119 3850 4184 Deo
3888 4118 3961 4181 in
3997 4120 4309 4182 essentia

2314 4220 2382 4276 et
2426 4210 2601 4275 trino
2645 4210 2712 4273 in
2759 4209 3091 4292 personis,
3138 4216 3205 4271 et
3247 4208 3341 4272 sic
3386 4206 3454 4270 in
3499 4204 4045 4288 quaternitatem,
4090 4206 4167 4295 et
4212 4214 4317 4259 ex

2313 4293 2787 4378 consequentia
2853 4294 2922 4357 in
2968 4292 3416 4377 pluralitatem
3463 4288 3763 4356 Deorum
3830 4309 3916 4353 ex
3990 4280 4321 4369 pluribus

2311 4380 2673 4467 principiis,
2720 4379 2815 4443 uti
2860 4400 2937 4444 su
2985 4400 3059 4443 ra
3102 4376 3355 4443 dictum
3400 4384 3518 4440 est.

2488 4465 2766 4540 Deinde,
2811 4465 2921 4548 qui
3012 4483 3181 4547 opus
3225 4470 3347 4537 est,
3392 4459 3741 4542 inquiunt,
3787 4465 4014 4540 petere
4053 4452 4334 4553 huma·

2313 4573 2471 4618 nam
2534 4550 3145 4635 interpretationem
3214 4555 3334 4611 aut
3399 4566 3479 4609 ea
3546 4543 3703 4619 niti,
3788 4542 3903 4607 ubi
3967 4542 4346 4620 scripturn·

2313 4637 2677 4706 clarissime
2743 4645 2810 4701 et
2877 4632 3375 4699 distinctissime
3440 4626 3737 4711 loquitur
3801 4623 3886 4690 de
3953 4644 4084 4689 uno
4156 4617 4351 4683 Deo

2313 4738 2503 4809 patre
2548 4722 2659 4788 illo
2701 4742 2785 4787 ex
2829 4740 2959 4803 quo
3000 4718 3258 4783 omnia:
3331 4724 3401 4778 et
3445 4712 3529 4777 de
3584 4729 3724 4776 uno
3768 4709 3908 4774 filio
3951 4707 4114 4782 Dei,
4194 4711 4364 4781 1²01·

2313 4831 2509 4895 quem
2577 4806 2830 4873 omnia:
2898 4814 2965 4869 et
3022 4802 3105 4866 de
3152 4820 3290 4867 uno
3335 4797 3579 4880 spiritu
3625 4793 3993 4877 paracleto,
4060 4792 4131 4855 in
4186 4794 4375 4882 9²²0

2314 4896 2555 4963 omnia.
2628 4891 2778 4974 Quo
2832 4889 2958 4955 loci
3017 4905 3284 4968 semper
3340 4882 3459 4948 isti
3518 4880 3600 4944 ad
3646 4899 3850 4976 suum
3892 4875 4057 4942 illud
4099 4872 4386 4937 nexta·

2317 4991 2458 5047 tum
2517 4978 2811 5054 axioma,
2882 4984 3204 5055 tanquam
3261 4966 3354 5032 ad
3416 4985 3627 5030 unum
3669 4980 4042 5027 maximnm
4066 4964 4398 5057 reon-¹⁸·

2317 5076 2478 5133 runt
2499 5116 2515 5142 ,
2607 5061 2899 5144 illudque
2975 5051 3443 5121 conciliationi
3524 5045 3904 5133 praedictae
3979 5032 4409 5110 obumnnt-

2317 5170 2585 5235 nempe:
2676 5144 2956 5228 Quoties
3013 5160 3196 5205 unus
3241 5136 3450 5202 Deus
3506 5134 3580 5199 in
3634 5127 3985 5213 scripturis
4027 5116 4425 5192 absolu¹50

2320 5238 2622 5322 ponitur,
2688 5225 3206 5312 intelligendum
3280 5240 3560 5302 semper
3612 5235 3755 5282 esse
3821 5212 3913 5365 dg
3970 5217 4213 5294 μῑῐθ.»
4318 5196 4445 5259 ⁶¹⁵⁹
