4900 6125
285 415 406 476 405

283 605 348 663 et
388 596 637 681 precari
686 617 816 662 non
863 595 1090 661 desino
1136 616 1217 660 ne
1261 594 1510 660 frustra
1565 593 1742 660 hunc
1802 592 1902 657 illi
1946 593 2237 659 laborem

282 681 694 767 impenderis.
784 680 920 748 Sed
965 681 1047 747 de
1091 681 1195 747 bis
1230 681 1570 745 hactenus.

445 768 801 835 Caeterum
846 767 1310 851 exspectabam
1353 765 1657 841 omnino,
1702 786 1906 848 quum
1953 764 2034 829 D.
2087 761 2237 830 Gal-

276 856 460 920 vimcs
500 875 650 920 eum
695 855 1077 920 fasciculum
1123 854 1467 918 literarum
1512 853 1816 935 aperiret,
1861 857 1935 915 ut
1967 849 2050 914 ad
2089 869 2237 932 pos-

277 949 518 1006 tremas
571 940 798 1006 literas
840 961 1022 1006 meas
1045 944 1095 1017 ¹)
1141 935 1387 1021 aliquid
1432 936 1897 1020 responderes,
1965 935 2045 1000 de
2090 935 2236 1017 qui·

275 1027 393 1093 bus
434 1047 639 1110 quum
683 1034 755 1091 tu
800 1047 885 1091 ne
929 1024 1036 1110 γρὺ
1079 1024 1378 1108 quidem,
1445 1023 1742 1107 suspicor
1787 1021 1890 1088 vel
1935 1041 2045 1086 eas
2091 1040 2236 1086 esse

273 1114 665 1195 interceptas
731 1110 933 1195 (quod
998 1131 1157 1176 sane
1225 1110 1469 1174 nollem
1535 1108 1763 1174 multis
1819 1108 1900 1173 de
1965 1107 2232 1183 causis),

272 1199 375 1264 vel
419 1219 550 1281 quo
594 1206 889 1281 tempore
934 1197 1016 1261 ad
1066 1196 1396 1262 calvinum
1439 1194 1770 1260 scribebas
1788 1198 1846 1268 2)
1895 1193 2012 1258 tibi
2068 1213 2233 1257 non·

273 1284 426 1349 dum
471 1282 759 1350 redditas
803 1284 1021 1348 fuisse.
1111 1282 1367 1345 Verum
1412 1290 1483 1345 tu
1530 1301 1650 1346 nos
1695 1281 1817 1346 hoc
1861 1283 2042 1343 metu
2088 1298 2234 1361 pro·

273 1369 548 1454 pediem,
583 1379 660 1433 ut
694 1390 903 1453 spero,
941 1367 1269 1433 liberabis.
1331 1365 1610 1432 Caetera
1633 1366 1740 1432 hic
1776 1386 1846 1431 se
1875 1364 2125 1430 habent
2158 1373 2234 1428 ut

270 1456 500 1521 solent.
593 1455 768 1521 Mira
826 1455 1173 1520 hominum
1231 1452 1638 1537 negligentia
1695 1462 1760 1517 et
1818 1451 1969 1535 plus
2035 1469 2232 1533 quam

269 1543 501 1625 supina
566 1543 636 1606 in
705 1543 907 1606 tantis
972 1539 1163 1605 malis
1228 1540 1566 1604 securitas.
1631 1571 2230 1588 —————

267 1664 352 1675 —
393 1668 474 1677 —
523 1666 607 1676 —
655 1628 1011 1693 Lausanae
1055 1628 1148 1690 4⁰.
1197 1625 1319 1690 No.
1369 1623 1857 1689 Decembribus.
1877 1625 1935 1698 ⁸)

1371 1760 1615 1826 Theod.
1664 1761 1841 1825 Beza
1885 1771 2056 1825 tuus.

1075 2055 1466 2066 *—

1162 2310 1352 2381 4161.

301 2467 484 2535 Las
529 2465 1041 2534 mms'rans
1100 2466 1226 2531 DE
1273 2448 1660 2632 Gfflssm
1705 2461 1835 2528 Au
1878 2445 2185 2527 SENAT

990 2568 1119 2635 DE
1164 2569 1356 2635 BER
1486 2617 1500 2631 .

438 2744 544 2808 Its
585 2743 954 2808 intercedent
987 2762 1156 2824 pour
1198 2741 1252 2804 le
1293 2740 1581 2804 ministre
1631 2735 1721 2802 St.
1767 2735 1990 2802 Andre}
2031 2735 2227 2801 banni

257 2831 416 2998 &es
432 2835 629 2994 tgres
690 2829 767 2895 de
805 2828 1019 2894 Reme
1088 2827 1130 2890 ὰ
1195 2845 1379 2891 cause
1442 2824 1595 2889 d’un
1661 2843 1905 2887 semota
1967 2843 2084 2888 sur
2139 2823 2228 2888 les

262 3088 643 3158 (Autographe
678 3086 745 3141 de
772 3085 978 3140 Calvia,
1035 3082 1417 3217 Biblffuiffine
1454 3082 1522 3135 de
1542 3079 1776 3135 Geneve.
1831 3080 2031 3135 Carton
2057 3078 2228 3134 19702.

256 3332 319 3394 A
365 3328 810 3410 Hagnifiques
857 3324 1195 3408 puissantz
1255 3334 1322 3387 et
1379 3322 1821 3387 tresredoutez
1867 3319 2229 3404 Seigneurs

477 3413 838 3480 Messieurs
883 3408 1217 3476 Ladvoier
1260 3418 1327 3473 et
1371 3408 1616 3474 conseil
1660 3406 1743 3472 de
1778 3408 2018 3472 Berne.

434 3582 794 3667 Supplient
836 3581 1294 3646 humblement
1349 3578 1443 3644 les
1491 3579 1827 3644 ministres
1873 3577 1956 3643 de
2000 3578 2066 3643 la
2110 3598 2228 3660 pa·

256 3670 395 3736 role
460 3668 543 3733 de
592 3670 765 3733 Dieu
830 3689 912 3733 eu
981 3666 1210 3750 leglise
1277 3665 1357 3729 de
1402 3665 1736 3741 Genefve,
1800 3672 1944 3729 tant
2017 3660 2097 3728 de
2162 3663 2231 3728 la

256 3756 414 3821 ville
487 3776 611 3837 que
678 3754 793 3819 des
849 3752 1131 3836 villages
1190 3753 1299 3834 qui
1344 3772 1427 3816 en
1473 3749 1862 3834 dependent.
1952 3749 2229 3815 Oomme

256 4030 453 4085 4100.
473 4029 531 4095 1)
569 4029 644 4083 N.
684 4026 836 4081 1540.

466 4100 529 4233 ἓξ
561 4094 831 4222 ἔιιὲιεῗ
891 4162 1053 4287 guod
1096 4161 1298 4227 ernau
1341 4177 1409 4215 ea:
1454 4162 1528 4215 ie
1574 4176 1714 4230 quae
1758 4159 1827 4239 aq
1874 4160 2052 4215 uacuo
2086 4160 2225 4213 Buz-

254 4239 464 4306 Νεσσᾶ
507 4236 696 4290 scribit
742 4234 858 4289 coll.
961 4231 1161 4286 .1534.
1201 4230 1353 4291 1545,
1401 4228 1866 4299 aBesaqalltce
1914 4243 2228 4283 moenere

254 4304 491 4429 ²⁸1.ng
484 4303 632 4441 1)(Ῐῖ1
675 4302 891 4426 lffihr
924 4377 1055 4426 cem
1090 4370 1291 4437 affaire
1309 4366 1386 4422 N.
1420 4365 1573 4425 1696.
1605 4364 1759 4421 1602.
1790 4364 1944 4419 1606.
1983 4396 2046 4405 -
2086 4364 2223 4433 Rea.

253 4444 334 4498 du
373 4442 608 4498 Ooaxt‘l.
686 4442 727 4492 l.
773 4437 932 4494 Νέον.
971 4436 1162 4519 156ἳι.
1189 4437 1283 4492 Ra
1362 4443 1447 4491 ort
1482 4436 1562 4517 de·
1589 4432 1785 4491 Calvia
1820 4450 1918 4516 eur
1954 4436 2010 4489 la
2043 4434 2224 4489 daen-

253 4516 377 4567 u'ou
413 4512 483 4565 de
505 4510 582 4565 St.
603 4507 812 4573 Andri,
846 4516 897 4564 et
931 4507 1230 4562 resolutum
1305 4523 1345 4559 a
1378 4506 1580 4562 conceal
1614 4505 1736 4560 d'en
1771 4500 2222 4559 dor-ream.

253 4582 333 4635 Bt
383 4580 694 4649 cependant
740 4579 788 4631 si
827 4577 898 4630 M.
935 4576 1126 4630 Oalvin
1162 4594 1196 4644 y
1233 4576 1385 4628 veult
1435 4576 1571 4628 aller
1615 4592 1720 4628 aux
1775 4576 2011 4643 despens
2064 4573 2226 4628 dudit

253 4652 511 4704 ministre
546 4648 661 4716 quil
698 4648 750 4700 le
855 4646 940 4699 ult
968 4646 1119 4698 faire.
1157 4672 1224 4682 —
1266 4642 1343 4698 Se.
1382 4640 1575 4698 Andre'
1606 4641 1742 4697 iecit
1779 4644 1977 4698 accus&
2007 4640 2225 4697 ἄάυοὺ·

255 4718 344 4774 dit
392 4735 469 4773 aa
522 4731 738 4771 amon
851 4713 1356 4835 Fonoenexdterre
1399 4713 1466 4765 de
1502 4712 1710 4780 Bene)
1760 4729 1868 4794 qne
1920 4712 2078 4767 ceulx
2127 4712 2223 4781 qui

253 4786 804 4911 zm'ffl‘t'ttae.
823 4784 876 4905 ¹?
932 4783 1148 4905 ⁰25&
1211 4782 1295 4863 ‘³⁶¹
1371 4780 1964 4904 ’θῖἒῖῧὲιῖθοὲὲὶωἳή
1981 4781 2224 4904 ῗίἷῖἔὲἷ

255 4856 513 4979 „3:71⁸
547 4939 680 4977 cene
714 4922 767 4975 le
794 4869 922 4991 ἔξω·
956 4921 1026 4975 de
1061 4920 1214 4984 Noel,
1322 4920 1332 4931 ‘
1438 4925 1464 4971 t
1509 4920 1632 4988 plus
1671 4918 1738 4972 de
1774 4867 1970 4972 casqde
2006 4934 2067 4971 ce
2092 4919 2223 4987 jour

297 5012 370 5048 ue
417 4991 508 5046 d’n
617 4990 818 5056 ultre,
869 4990 1092 5045 avoient
1136 5004 1297 5043 recen
1342 4988 1397 5041 la
1430 5003 1563 5042 cene
1606 4988 1675 5041 de
1711 4986 1849 5041 Noe!
1885 4991 1945 5039 et
1976 5001 2086 5041 non
2121 5004 2222 5056 pu

256 5012 554 5128 domu(
769 5055 2222 5125 11L223).—0alvinrovintleae.Few-cerm

257 5135 423 5186 avoir
467 5132 592 5185 rien
626 5131 837 5211 obtenu.
915 5125 1080 5210 L‘.⁷·
1121 5126 1286 5181 Man
1323 5126 1504 5181 Betae
1548 5126 1766 5217 siqui&
1796 5127 1834 5180 ὁ
1874 5123 2086 5206 Graece
2118 5139 2222 5194 que

258 5194 1504 5255 &Auedonnacum-demuma
1579 5192 2220 5249 calmarecoeutdla

257 5269 474 5393 {Min-⁹⁶
477 5266 890 5405 flamm&
921 5264 1220 5400 {333¹}ss
1245 5270 1588 5402 ‘Lm
1605 5260 1835 5399 Ἠ
1865 5262 2221 5403 30³2*ss

1905 402 2680 475 SUPPLEMENTUM
2687 458 2707 475 .

4191 411 4324 476 406

2342 595 2511 660 ainsi
2569 595 2697 660 soit
2756 617 2881 679 que
2941 595 3088 659 leur
3145 596 3318 660 frere
3365 594 3643 661 Maistre
3690 595 3897 661 Iehan
3967 607 4043 660 «te
4101 595 4323 663 Saind

2342 681 2600 759 Andre,
2664 701 2988 764 nagueres
3052 681 3355 746 ministre
3420 703 3460 745 a
3500 682 3710 758 Iussi,
3791 702 3961 765 pour
4024 683 4318 749 certains

2339 786 2579 849 propos
2644 774 2838 831 tenus
2908 777 2976 830 et
3038 765 3353 831 demenez
3420 789 3460 831 a
3506 789 3600 832 un
3646 787 3909 833 sermon
3955 789 4037 833 en
4084 767 4317 852 leglise

2339 849 2420 917 de
2468 852 2827 936 Foncenay
2895 851 3215 918 touchant
3278 852 3375 918 les
3441 853 3671 929 festos,
3741 853 3837 918 ait
3888 861 4027 919 este
4071 855 4319 938 empri-

2338 958 2574 1003 sonne:
2666 945 2735 1003 et
2815 957 3057 1020 pource
3123 958 3299 1021 quon
3368 940 3657 1004 estimoit
3720 939 3859 1021 quil
3930 949 4045 1004 eut
4110 940 4318 1005 voulu

2337 1021 2625 1088 blasmer
2677 1045 2847 1090 ceux
2906 1024 3019 1107 qui
3084 1023 3367 1108 gardent
3420 1025 3517 1090 les
3589 1024 3788 1090 festos
3846 1025 3983 1107 quil
4037 1046 4206 1092 vous
4273 1046 4317 1091 a

2336 1109 2586 1176 semble
2627 1109 2756 1174 bon
2801 1110 3080 1187 retenir,
3156 1110 3203 1174 il
3247 1130 3287 1173 a
3321 1117 3460 1175 este
3511 1109 3735 1194 banny
3780 1108 3860 1175 de
3906 1131 4022 1176 vos
4067 1119 4310 1176 terres:

2336 1196 2570 1279 iusque
2615 1215 2655 1259 a
2697 1216 2771 1261 ce
2815 1215 2944 1278 que
2988 1203 3209 1262 vostre
3252 1195 3379 1261 bon
3424 1196 3656 1279 plaisir
3720 1196 3856 1261 fust
3898 1196 4014 1280 luy
4059 1196 4315 1262 donner

2336 1300 2544 1365 conge
2589 1279 2679 1365 dy
2724 1283 2928 1346 venir.
3000 1279 3091 1345 Et
3135 1301 3378 1364 pource
3422 1303 3550 1364 que
3595 1279 3795 1348 ledict
3836 1282 4042 1348 sainct
4085 1283 4313 1349 Andre

2335 1374 2559 1432 estant
2602 1387 2778 1431 veuu
2824 1366 2905 1431 de
2948 1368 3094 1450 pais
3137 1367 3460 1451 loingtain
3508 1388 3674 1450 pour
3712 1369 3926 1434 servir
3961 1377 4313 1451 purement

2335 1474 2376 1516 a
2421 1452 2595 1517 Dieu
2637 1460 2776 1518 sest
2819 1454 3144 1518 tousiours
3189 1461 3376 1537 porte
3418 1453 3701 1536 pardeca
3755 1452 3888 1518 fort
3947 1454 4312 1519 chrestien-

2335 1547 2607 1602 nement
2661 1545 2729 1603 et
2788 1556 2827 1602 a
2887 1547 3177 1604 monstre
3236 1539 3291 1603 si
3338 1538 3463 1603 bon
3502 1539 3804 1621 exemplo
3848 1560 3975 1623 que
4019 1539 4309 1606 chascun

2336 1645 2417 1688 en
2487 1645 2527 1688 a
2590 1632 2731 1689 este
2796 1622 2987 1690 edifie
3055 1645 3306 1690 comme
3374 1625 3438 1689 la
3483 1624 3681 1690 chose
3726 1633 3829 1690 est
3884 1625 4171 1690 notoire:
4243 1635 4313 1690 et

2336 1709 2568 1792 depuis
2629 1710 2768 1792 quil
2830 1730 2869 1773 a
2925 1719 3064 1776 este
3107 1709 3405 1776 ordonne
3448 1711 3810 1794 prescheur
3854 1713 4011 1777 s‘est
4053 1712 4108 1776 si
4153 1711 4306 1777 bien

2334 1803 2400 1859 et
2465 1795 2847 1861 fidelement
2910 1798 3169 1878 acquite
3236 1796 3317 1860 de
3383 1816 3500 1862 son
3547 1798 3733 1862 office
3759 1847 3775 1876 ,
3841 1797 3978 1879 quil
4024 1799 4227 1862 seroit
4268 1817 4310 1861 a

2334 1879 2585 1946 desirer
2664 1883 2801 1963 quil
2879 1903 2926 1965 y
3005 1903 3089 1946 en
3155 1894 3266 1946 eut
3333 1883 3670 1965 beaucoup
3742 1881 3824 1946 de
3881 1881 4309 1948 semblables:

2332 1967 2541 2031 ioinct
2607 1967 2787 2032 aussi
2852 1988 2977 2050 que
3042 1967 3308 2036 lesdictz
3375 1967 3749 2051 suppliantz
3804 1976 3960 2032 sont
4003 1989 4309 2033 asseurez

2332 2072 2461 2135 que
2505 2053 2807 2117 iammais
2849 2073 2971 2118 son
3012 2055 3342 2118 intention
3401 2074 3486 2119 ne
3543 2053 3645 2118 fut
3697 2052 3853 2117 telle
3896 2073 4148 2119 comme
4193 2075 4312 2119 au-

2332 2158 2497 2203 cuns
2563 2139 2707 2203 lont
2772 2140 3025 2222 prinse,
3095 2138 3175 2204 de
3242 2149 3431 2204 taxer
3475 2138 3694 2205 lordre
3740 2160 3866 2223 que
3909 2160 4073 2204 vous
4119 2149 4307 2205 t'enez

2333 2225 2504 2289 mais
2584 2246 2667 2290 au
2735 2225 3063 2291 contraire
3132 2246 3170 2289 a
3251 2225 3577 2290 tousiours
3655 2233 4009 2290 entretenu
4089 2225 4308 2291 bonne

2331 2312 2488 2393 paix
2536 2318 2604 2376 et
2646 2311 2990 2376 fraternite
3035 2332 3196 2377 avec
3241 2311 3334 2376 les
3381 2312 3713 2375 ministres
3750 2310 3830 2375 de
3866 2319 4091 2375 vostre
4125 2312 4300 2394 pais:

2330 2396 2416 2459 ilz
2454 2404 2571 2461 ont
2606 2405 2807 2480 pense
2849 2417 2974 2479 que
3020 2397 3165 2461 leur
3208 2396 3435 2461 devoir
3471 2397 3667 2461 estoit
3702 2396 3784 2461 de
3823 2397 4129 2480 supplici·
4154 2405 4304 2462 tous

2333 2480 2669 2547 ensemble
2735 2498 2959 2547 vostre
3023 2482 3391 2548 excellence
3436 2483 3573 2567 quil
3632 2503 3801 2548 vous
3865 2482 4072 2566 plaise
4144 2483 4304 2548 affin

2334 2567 2416 2632 de
2463 2566 2719 2632 donner
2761 2589 2928 2650 pour
2971 2568 3034 2633 le
3079 2578 3291 2651 temps
3339 2567 3615 2634 advenit
3659 2588 3743 2633 au
3790 2568 3924 2632 dict
3972 2567 4036 2633 S.
4083 2567 4307 2634 Andre

2333 2653 2637 2718 meilleur
2680 2654 2988 2738 couraige
3032 2653 3112 2718 de
3156 2674 3539 2736 perseverer
3597 2654 3679 2719 de
3732 2654 3884 2719 bien
3951 2675 4032 2720 en
4079 2655 4305 2719 mieux

2333 2738 2450 2823 luy
2494 2739 2826 2805 relascher
2870 2739 2951 2804 de
2993 2749 3219 2805 vostre
3270 2760 3466 2825 grace
3532 2740 3596 2805 le
3639 2740 4142 2805 bannissement
4186 2762 4304 2805 au-

2332 2825 2487 2974 guel
2531 2824 2578 2888 il
2623 2845 2663 2889 a
2707 2833 2845 2890 este
2888 2825 3250 2892 condamne
3294 2827 3452 2890 affin
3499 2825 3657 2908 qu’il
3708 2827 3822 2910 luy
3868 2827 3995 2891 soit
4028 2824 4306 2911 loysible

2380 2909 2547 2975 aller
2590 2919 2656 2974 et
2702 2911 2892 2975 venir
2934 2933 3050 2976 sur
3092 2932 3214 2976 voz
3258 2921 3468 2978 terres
3503 2932 3676 2995 pour
3720 2932 3991 2977 exercer
4044 2933 4161 2976 son
4207 2912 4304 2976 of·

2332 2998 2456 3061 fiee
2499 3005 2566 3061 et
2609 2994 2872 3061 habitor
2914 3004 3120 3080 quant
3162 2997 3435 3082 besoing
3478 2998 3696 3063 seroit.
3789 2998 3897 3063 En
3941 3019 4015 3065 ce
4058 2998 4305 3064 faisant

2333 3103 2499 3148 vous
2542 3082 2867 3162 obligerez
2911 3092 3057 3147 tant
3098 3082 3251 3167 plus
3310 3083 3578 3149 lesdictz
3636 3083 4011 3167 suppliantz
4055 3106 4094 3149 a
4139 3105 4303 3151 vous

2332 3169 2498 3233 faire
2534 3169 2788 3233 service
2832 3188 3089 3235 comme
3146 3168 3232 3233 ilz
3279 3179 3397 3234 ont
3441 3169 3655 3235 desire
3700 3191 3822 3253 par
3864 3170 4195 3254 cydevant
4239 3180 4307 3234 et

2335 3255 2463 3319 mis
2507 3254 2701 3336 poine
2745 3253 2827 3318 de
2871 3274 2950 3338 sy
2996 3255 3327 3338 emploier.
3410 3256 3499 3320 Et
3545 3255 3942 3322 remedierez
3987 3276 4071 3320 au
4117 3276 4306 3321 scan-

2334 3339 2480 3405 dale
2523 3340 2635 3422 qui
2680 3348 2785 3404 est
2823 3359 3122 3423 provenu
3168 3338 3249 3407 de
3294 3341 3435 3406 cela
3479 3348 3669 3407 entre
3712 3342 3809 3407 les
3864 3343 4175 3428 ignorans
4220 3363 4309 3408 ou

2333 3446 2497 3510 gens
2545 3424 2677 3490 mal
2721 3425 3148 3491 affectionnez
3193 3448 3235 3491 a
3278 3427 3623 3512 levangile.
3705 3427 4011 3493 Lesdictz
4053 3427 4309 3511 suppli-

2331 3520 2489 3576 antz
2534 3519 2840 3594 esperent
2882 3511 3035 3577 bien
3081 3533 3208 3595 que
3252 3533 3420 3578 vous
3485 3534 3666 3579 serez
3726 3514 3781 3578 si
3826 3513 4135 3578 humains
4178 3533 4308 3597 que

2331 3594 2413 3662 de
2479 3597 2626 3662 leur
2690 3597 2965 3662 ottrcier
3029 3598 3176 3664 leur
3233 3607 3536 3682 requeste
3591 3618 3846 3664 comme
3888 3598 4306 3665 raisonnable

2330 3691 2400 3749 et
2457 3704 2574 3748 sur
2633 3690 2782 3748 tout
2839 3703 3082 3766 pource
3137 3705 3266 3768 que
3326 3705 3494 3750 vous
3538 3694 3711 3751 estes
3754 3687 4014 3769 princes
4058 3684 4306 3751 Chres-

2331 3769 2507 3835 tiens
2572 3768 2877 3852 desquels
2942 3770 3155 3835 loffice
3223 3780 3324 3837 est
3378 3770 3650 3855 d’ayder
3711 3783 3779 3837 et
3822 3771 4077 3837 donner
4121 3780 4308 3838 toute

2330 3856 2563 3921 faveur
2619 3876 2660 3920 a
2723 3875 2889 3920 ceux
2955 3858 3067 3938 qui
3126 3855 3422 3922 desirent
3474 3858 3555 3922 de
3612 3858 3825 3923 servir
3880 3879 3922 3923 a
3980 3857 4153 3922 Dieu
4219 3878 4307 3923 en

2330 3938 2549 4006 bonne
2610 3941 2995 4007 conscience
3050 3940 3139 4007 du
3195 3943 3470 4008 nombre
3528 3941 3830 4026 desquels
3883 3943 3967 4009 ils
4022 3950 4306 4026 pensent

2329 4034 2504 4092 estre
2548 4034 2738 4092 tenus
2785 4024 2866 4091 de
2908 4048 3089 4093 vous.
3170 4026 3480 4113 Surquoy
3525 4029 3608 4093 ilz
3654 4030 3873 4112 prient
3917 4028 4092 4097 Dieu
4136 4048 4304 4094 vous

2329 4112 2491 4177 faire
2534 4132 2882 4196 prosperet
2924 4133 3009 4178 en
3054 4120 3204 4179 tout
3247 4113 3417 4180 bien.

2326 4408 2477 4458 mie
2509 4402 2664 4483 lettre
2684 4402 2803 4484 'soie
2837 4401 2914 4457 du
2949 4400 3223 4485 213Blan
3256 4420 3329 4459 ou
3363 4408 3400 4460 ὰ
3430 4422 3539 4499 ρον
3571 4407 3716 4474 pres,
3752 4420 3852 4461 car
3886 4405 3983 4459 elle
4016 4409 4099 4460 est
4130 4402 4299 4461 &criu

2322 4486 2435 4597 ἔσαν
2450 4472 2528 4527 les
2551 4476 2846 4593 simma:
2912 4470 3186 4542 Touywae
3201 4473 3348 4528 eat-tl
3372 4491 3445 4544 qu
3462 4473 3561 4529 elle
3594 4481 3672 4529 est
3700 4473 4040 4543 poster-eure
4055 4476 4093 4529 ὰ
4110 4471 4303 4530 Pan&
