4900 6125
633 405 764 470 26⁸

633 590 815 658 mala
854 597 1079 659 essent
1128 596 1563 676 consequuta:
1619 612 1693 659 ss
1748 610 1910 658 vero
1963 610 2303 674 nunquam
2361 611 2592 675 passu-

635 699 787 744 rum
829 684 906 743 ut
948 675 1273 744 similibus
1306 676 1787 745 calamitatibus
1821 697 2103 763 regnum
2121 676 2592 745 involveretur.

629 762 853 849 Regia
902 764 1214 830 maiestas
1271 763 1534 847 utrique
1577 762 1916 830 silentium
1956 760 2325 847 imperavit.
2413 763 2593 829 Tan-

633 849 790 915 dem
832 848 1080 916 frustra
1120 855 1415 916 certante
1457 847 1712 916 Satana
1753 849 2131 915 conclusum
2174 856 2295 929 est,
2336 848 2596 934 Regem

632 942 780 1000 tum
837 932 1099 1001 demum
1158 932 1241 1000 de
1297 934 1778 1019 subscriptione
1838 932 2349 1001 deliberaturum
2391 954 2596 1017 quum

634 1019 941 1087 Caesaris
992 1026 1063 1086 et
1122 1020 1402 1087 aliorum
1462 1041 1695 1107 regum
1754 1020 2162 1088 voluntatem
2206 1020 2598 1106 cognoverit

635 1114 708 1172 et
749 1106 831 1173 ab
872 1107 1017 1190 ipso
1059 1106 1380 1173 Pontifice
1422 1125 1708 1173 canones
1749 1107 1909 1172 istos
1951 1126 2102 1173 acce
2184 1108 2290 1171 rit.
2361 1104 2595 1173 Gurdi-

631 1191 810 1258 nalis
849 1192 1030 1258 enim
1074 1212 1210 1258 non
1253 1192 1598 1259 Pontificis
1639 1191 1755 1258 sed
1798 1192 2059 1260 concilii
2127 1201 2393 1277 egatum

631 1276 766 1344 bat.
855 1276 966 1343 Ita
1009 1299 1190 1345 nunc
1231 1277 1498 1363 quidem
1540 1279 1750 1344 fracta
1812 1287 1972 1344 sunt
2011 1277 2277 1344 illorum
2319 1276 2596 1345 consilia

634 1373 704 1429 et
744 1361 942 1429 datur
981 1363 1238 1431 interea
1279 1362 1598 1430 fratribus
1648 1365 2008 1448 respiratio.

808 1446 979 1533 Spes
1042 1458 1143 1515 est
1208 1449 1430 1533 aliqua
1492 1448 1574 1515 de
1637 1469 1798 1533 pace
1854 1470 2003 1516 cum
2048 1446 2413 1534 Anglo,²⁴)
2479 1445 2596 1514 sed

633 1541 861 1601 tamen
921 1535 1091 1600 nihil
1158 1534 1377 1603 adhuc
1440 1543 1542 1602 est
1603 1536 1988 1601 confectum.
2099 1535 2274 1601 Puto
2337 1534 2596 1619 Regem

677 1621 923 1686 rimum
966 1621 1231 1699 Remos,
1274 1619 1430 1687 iude
1453 1620 1765 1702 Burrum,
1806 1639 1885 1686 ac
1926 1620 2194 1686 tandem
2240 1619 2440 1686 etiam
2477 1639 2597 1705 per

629 1640 1100 1805 Burgundiam
1142 1706 1553 1791 Lugdunum
1594 1715 1985 1786 venturum,
2027 1707 2158 1773 nisi
2204 1704 2405 1790 (quod
2449 1725 2595 1771 sae·

628 1792 907 1876 pissime
949 1791 1163 1858 solent
1232 1791 1580 1859 consilium
1622 1792 1696 1858 in
1739 1792 1893 1858 aula
1932 1801 2210 1858 mutant.
2247 1793 2335 1870 ¹·'’)

960 1877 975 1892 ‘
1177 1898 1465 1958 avanae,
1510 1876 1712 1944 nullis
1759 1877 2057 1962 Philippi
2100 1878 2297 1944 minis
2313 1927 2329 1955 ,
2389 1875 2596 1943 nullis

632 1962 861 2046 Papae
895 1963 1313 2031 citationibus
1335 1965 1466 2030 iam
1489 1965 1952 2049 peremptoriis
1972 1971 2302 2031 commota
2321 1960 2594 2028 idolola-

632 2047 834 2115 triam
869 2049 942 2115 in
976 2069 1097 2114 sua
1118 2047 1363 2116 ditione
1395 2049 1697 2116 funditus
1730 2050 2083 2134 profligare
2106 2050 2341 2133 pergit.
2407 2048 2599 2115 Misit

629 2133 718 2199 ad
761 2155 883 2202 uos
932 2134 1376 2218 superioribus
1420 2133 1651 2201 diebus
1692 2136 2036 2220 proprium
2080 2135 2397 2202 nuncium
2443 2153 2592 2200 cum

629 2219 844 2287 literis
905 2220 999 2286 ita
1063 2221 1173 2303 pie
1231 2229 1298 2287 et
1364 2220 1628 2288 cordate
1689 2221 1955 2304 scriptis
1973 2271 1989 2299 ,
2054 2228 2134 2286 ut
2185 2219 2387 2305 plane
2449 2219 2594 2304 dig-

632 2326 794 2374 num
852 2307 940 2373 sit
991 2306 1135 2372 eius
1191 2306 1486 2373 mulieris
1545 2306 1924 2390 exemplum
1968 2306 2261 2373 omnium
2305 2304 2597 2373 saeculo-

631 2412 783 2458 rum
826 2392 1163 2458 memoria.
1253 2392 1436 2458 Petit
1476 2393 1652 2458 iuter
1717 2401 1975 2460 caetera
2017 2412 2161 2458 sese
2203 2393 2275 2457 in
2317 2391 2599 2477 publicis

631 2478 936 2561 precibus
980 2479 1370 2544 nominatim
1412 2476 1704 2544 Domino
1746 2476 2223 2558 commendari,
2290 2486 2359 2542 et
2415 2476 2600 2543 addit

630 2582 777 2630 sese
841 2573 1138 2649 paratam
1202 2582 1348 2629 esse
1411 2584 1548 2629 non
1593 2562 1786 2630 modo
1844 2584 2153 2649 regnum,
2220 2561 2336 2630 sed
2392 2562 2594 2628 etiam

632 2667 860 2716 omnes
901 2669 1075 2733 opes,
1119 2647 1237 2716 sed
1272 2658 1340 2713 et
1374 2651 1580 2715 vitam
1615 2651 1941 2728 amittere,
1986 2647 2338 2715 dummodo
2358 2647 2594 2716 Obris-

630 2741 774 2800 tum
819 2755 1010 2801 suum
1054 2735 1260 2819 possit
1302 2735 1370 2800 in
1415 2734 1559 2801 eius
1601 2732 1873 2801 ditionis
1922 2735 2396 2819 possessionem
2437 2735 2595 2799 mit-

632 2829 773 2886 tere
828 2841 1028 2905 quam
1085 2821 1168 2887 ab
1223 2840 1302 2887 eo
1358 2822 1610 2904 accepit
1659 2819 2271 2888 administrandam.
2370 2819 2597 2906 Digna

630 2914 735 2972 est
775 2905 921 2986 illa,
976 2905 1036 2972 si
1076 2925 1210 2989 qua
1250 2905 1447 2972 hodie
1487 2907 1558 2972 in
1601 2913 1744 2973 toto
1786 2914 2118 2973 terrarum
2157 2905 2342 2984 orbe,
2409 2907 2595 2973 cuius

630 2990 918 3059 salutem
961 3000 1031 3057 et
1071 3011 1196 3058 vos
1237 2992 1525 3059 Domino
1568 2991 2056 3059 commendetis.

807 3077 994 3144 Haec
1058 3078 1259 3145 habui
1324 3077 1407 3144 de
1471 3077 1671 3146 rebus
1727 3077 2020 3145 Gallicis.
2106 3078 2254 3184 Ego
2296 3076 2469 3162 quod
2510 3077 2595 3144 ad

631 3183 743 3231 me
785 3164 1053 3243 attinet,
1119 3185 1206 3229 ne
1262 3163 1422 3248 quid
1476 3163 1630 3231 inde
1672 3164 1746 3230 in
1790 3185 1910 3231 nos
1949 3163 2113 3230 mali
2155 3165 2439 3249 αλοὶστωρ
2483 3162 2596 3229 ille

636 3247 1014 3319 cardinalis
1048 3249 1353 3329 fabricet,
1416 3270 1616 3334 quam
1638 3256 1674 3290 ⁵
1730 3271 1814 3316 ex
1867 3250 2254 3317 Tridentino
2296 3248 2595 3328 concilio,

631 3344 873 3401 metuo.
953 3333 1090 3401 Sed
1131 3334 1296 3401 haec
1337 3336 1563 3401 omnia
1604 3345 1761 3402 suut
1797 3338 1867 3401 in
1911 3355 2112 3401 manu
2148 3335 2438 3413 Domini,
2481 3336 2597 3419 qui

632 3441 759 3488 nos
817 3419 1048 3504 procul
1090 3418 1290 3487 dubio
1333 3441 1374 3487 a
1415 3421 1597 3487 coelo
1638 3422 2009 3488 Brentiano
2034 3425 2122 3498 ¹⁶)
2180 3441 2314 3486 non
2370 3421 2596 3487 minus

636 3525 837 3591 quam
906 3504 991 3570 ab
1052 3504 1286 3572 inferis
1349 3507 1688 3591 papisticis
1751 3507 2067 3574 tuebitur.
2174 3507 2362 3573 Bene
2428 3506 2595 3585 vale,

638 3592 1055 3762 ffloem‘..
1038 3590 1797 3764 ·.¹³2¹:,“¹¹.:.¹³:..{⁰⁶;¹:.;¹.:⁸
1827 3613 1961 3744 3³5:
1991 3593 2599 3762 ffifflffi

642 3774 839 3847 teque
898 3782 1045 3828 oum
1110 3762 1411 3831 omnibus
1476 3763 1789 3830 fratribus
1853 3774 1922 3830 et
1984 3766 2372 3849 symmystis
2433 3762 2599 3829 mihi

641 3848 1004 3934 plurimum
1059 3847 1485 3916 observandis
1544 3849 1820 3917 feliciter
1862 3859 2082 3916 servet
2123 3850 2195 3914 in
2241 3848 2413 3915 diem
2460 3847 2599 3915 Do·

643 3936 810 4001 mini
849 3936 1038 4001 cuius
1072 3935 1326 4019 gratiae
1361 3956 1483 4001 vos
1512 3956 1742 4002 omnes
1775 3933 2178 4002 commendo.
2247 3934 2599 4013 Calvinum,

645 4030 722 4086 ut
763 4028 940 4103 puto,
985 4021 1116 4085 iam
1161 4040 1294 4087 uon
1336 4022 1601 4087 miraris
1645 4020 1813 4086 nihil
1857 4019 2232 4088 rescribere.
2313 4021 2491 4086 Eum
2536 4031 2605 4085 et

642 4126 768 4173 nos
812 4125 1041 4171 omnes
1083 4107 1155 4172 in
1198 4127 1296 4183 eo,
1339 4106 1434 4172 mi
1477 4107 1697 4185 frater,
1742 4105 2001 4173 assidue
2042 4127 2290 4191 quaeso
2311 4105 2603 4172 Domino

647 4189 1117 4259 commendate.
1205 4190 1462 4257 Iterum
1505 4191 1670 4257 vale.
1757 4192 2074 4259 Genevae
2117 4195 2177 4259 6.
2223 4192 2471 4258 Martii.

2011 4330 2195 4396 Tuus
2236 4329 2430 4396 Besa.

828 4548 915 4616 14)
952 4549 1212 4618 Leno-et
1251 4548 1306 4604 d.
1354 4548 1411 4604 d.
1462 4548 1511 4604 6.
1559 4548 1735 4605 Mart.
1771 4565 1835 4619 p.
1880 4548 2016 4605 286.-
2082 4552 2279 4622 Agitur
2329 4551 2400 4606 de
2444 4567 2606 4622 pace:

651 4620 701 4674 ai
736 4636 846 4675 nou
879 4619 1132 4674 succedat
1165 4636 1232 4674 ea
1265 4620 1409 4673 actio
1443 4619 1563 4673 sine
1597 4618 1767 4674 dubio
1802 4618 1904 4674 bac
1936 4624 2148 4676 aestate
2164 4626 2387 4691 geretur
2403 4617 2608 4675 bellum

651 4687 947 4744 maioribus
981 4689 1189 4743 viribus
1263 4704 1388 4743 uam
1424 4694 1604 4742 autea.

825 4755 917 4823 15)
956 4756 1114 4812 Iden
1166 4754 1237 4811 28
1281 4776 1301 4810 .-
1493 4757 1505 4770 ”
1648 4755 1889 4811 noudum
1951 4755 2204 4827 deposuit
2266 4757 2608 4814 voluntatem

643 4825 1030 4951 proficiscendi
1062 4827 1122 4880 in
1156 4824 1565 4896 Lotharingiam
1579 4861 1596 4887 ,
1643 4831 1703 4880 et
1744 4830 1969 4897 putatur
2003 4825 2349 4882 celebratura
2382 4826 2609 4884 Bbemis

675 4902 851 4949 estam
887 4894 1302 4949 resurrectionis
1337 4894 1653 4950 dominicae.

830 4962 922 5031 16)
952 4964 1372 5034 ubiquistarum.

2145 400 2677 470 EPIS'POLAE
2716 404 3143 471 4082-4085

3584 587 3786 659 4⁰88.

3170 742 3677 812 FABRICIUS
3722 741 4164 815 GALVINO.

2857 915 3246 983 Promissis
3270 915 3594 983 mamonis
3613 912 4446 1000 deneyotioPellimriom
4460 913 4614 994 rdet

2696 1021 2765 1068 se
2820 1004 3053 1086 scripto
3110 1002 3191 1068 ab
3233 1001 3557 1084 Hispanis
3611 1001 3988 1085 quibusdam
4043 1001 4394 1083 impastam
4421 1019 4541 1065 esse
4570 1005 4617 1064 d

2696 1090 2945 1171 quaerit
2983 1108 3072 1154 an
3112 1087 3208 1154 vel
3248 1084 4619 1171 cumpropriopmoulompondoeeam

3004 1259 3117 1328 (Ex
3151 1259 3492 1329 autographo
3526 1258 3664 1315 Ood.
3702 1258 3907 1315 Genev.
3941 1258 4062 1327 109,
4095 1258 4188 1314 sol.
4227 1256 4374 1327 129.)

2869 1429 3299 1514 Amplissimo
3347 1430 3494 1497 viro
3539 1428 3624 1497 D.
3664 1428 3749 1495 D.
3794 1430 4033 1496 Ioanni
4067 1429 4352 1496 Calvino
4397 1428 4628 1496 domino

2698 1537 2821 1583 suo
2863 1525 2932 1584 et
2971 1515 3043 1581 in
3089 1515 3359 1584 Ohristo
3405 1517 3579 1600 patri
3626 1515 3909 1582 multum
3951 1514 4466 1669 revergugnoavae

2871 1771 2943 1839 S.
2990 1772 3379 1840 Reverendo
3419 1774 3492 1839 in
3526 1772 3800 1842 Christo
3840 1782 4049 1858 pater.
4121 1774 4271 1841 Etsi
4315 1774 4449 1840 buc
4489 1795 4635 1839 nun·

2697 1859 2943 1925 ciatum
2989 1870 3093 1926 est
3135 1857 3218 1925 de
3275 1858 3557 1927 adversa
3609 1870 3725 1926 tua
3767 1860 4154 1926 valetudine
4168 1911 4187 1939 ,
4242 1859 4447 1944 idque
4497 1881 4637 1925 nun-

2698 1946 2871 2010 cium
2927 1965 3048 2012 nos
3101 1966 3238 2011 non
3295 1965 3533 2028 parum
3585 1945 3994 2031 peturbavit,
4061 1954 4285 2012 tamen
4340 1943 4517 2030 quod
4572 1945 4639 2010 dc

2698 2029 2929 2096 divina
2971 2049 3132 2116 erga
3173 2040 3240 2096 te
3283 2030 3635 2097 clementia
3678 2029 3888 2116 deque
3942 2043 4057 2097 tua
4121 2031 4509 2097 valetudine
4545 2050 4641 2114 op-

2698 2118 2858 2182 time
2892 2105 3311 2199 speraremu's
3342 2116 3774 2184 nihilominus
3807 2116 4230 2184 scribendum
4263 2115 4348 2182 ad
4386 2127 4461 2184 te
4488 2115 4641 2194 duxi,

2699 2223 2904 2287 quum
2942 2212 3019 2268 ut
3062 2201 3185 2267 tibi
3223 2203 3667 2287 significarem
3710 2215 3861 2269 tuas
3895 2224 4059 2287 quas
4097 2204 4231 2268 iam
4279 2202 4539 2286 pridem
4576 2201 4645 2266 ad

2699 2307 2808 2353 me
2833 2285 3071 2353 dedisti
3106 2287 3333 2354 literas
3367 2287 3534 2354 mihi
3570 2307 3802 2355 omnes
3826 2310 3971 2355 esse
3996 2287 4307 2365 redditas,
4323 2293 4372 2368 ¹)
4417 2305 4555 2354 tum
4586 2297 4647 2352 ut

2700 2383 2766 2440 te
2860 2372 3199 2439 edocerem
3267 2373 3350 2439 D.
3418 2374 3738 2441 Ioannem
3811 2375 4235 2441 Tscamerm
4259 2425 4276 2452 ,
4370 2374 4649 2442 civitatis

2699 2470 2964 2525 nostrae
2985 2458 3333 2526 Ouriensis
3355 2460 3836 2543 amplissimum
3858 2459 4215 2537 consulem,
4252 2459 4648 2545 Lugdunum

2699 2546 2989 2629 primum
3032 2555 3101 2611 et
3156 2542 3463 2628 deinceps
3533 2544 3616 2610 ad
3660 2565 3886 2631 regem
3928 2566 4183 2630 quoque
4227 2546 4559 2629 proficisci
4592 2545 4651 2610 iu

2700 2630 2967 2715 negotio
3044 2629 3464 2696 dominorum
3520 2630 4043 2708 Pellam-iorum,
4134 2631 4489 2697 hominum
4550 2631 4649 2696 tibi

2700 2716 3208 2783 notissimorum.
3228 2717 3285 2798 ²)
3392 2716 3523 2782 Est
3595 2718 3654 2783 is
3719 2718 3824 2784 vir
3887 2718 4135 2800 optime
4199 2715 4282 2782 de
4350 2717 4651 2802 religione

2698 2810 2931 2867 nostra
2971 2801 3270 2879 meritus,
3314 2802 3590 2886 ideoque
3627 2801 3866 2886 dignus
3901 2824 4100 2887 quem
4137 2811 4210 2868 tu
4246 2801 4651 2869 dominorum

2705 2886 3197 2954 Pellisan‘orum
3238 2887 3505 2954 nomine
3547 2888 3762 2956 literis
3805 2889 3937 2955 tuis
3971 2887 4056 2954 ad
4088 2889 4340 2956 amicos
4374 2888 4495 2973 qui
4528 2909 4651 2954 verb

2700 2980 2935 3040 santur
2988 2972 3059 3038 in
3115 2972 3270 3039 aula
3321 2973 3504 3058 regis
3558 2984 3887 3058 quantum
3927 2984 4117 3059 potes
4159 2973 4653 3060 diligentissime

2699 3058 2907 3125 iuves.
2998 3056 3197 3140 Quod
3240 3070 3308 3126 te
3365 3060 3694 3128 facturum
3736 3061 4008 3127 omnino
4050 3082 4273 3146 spero,
4322 3072 4653 3214 ‘'w''

2698 3143 2873 3230 quod
2909 3142 2991 3211 de
3025 3144 3429 3212 Christianis
3471 3146 3780 3214 omnibus
3822 3147 4069 3232 optime
4112 3168 4357 3214 mereri
4438 3149 4454 3163 '
4508 3148 4523 3161 “
4568 3148 4653 3211 in·

2701 3231 2930 3314 primis
2971 3230 3061 3297 sit
3100 3230 3484 3298 iucundum.

2873 3314 3052 3398 Quid
3100 3315 3398 3400 Philippi
3438 3316 3921 3400 Hispaniarum
3992 3318 4253 3402 legatus
4321 3317 4436 3386 hic
4502 3316 4657 3401 apud

2700 3423 2821 3470 nos
2898 3401 3111 3487 egerit
3189 3412 3636 3486 quantumque
3698 3402 3993 3470 effecerit
4067 3426 4151 3471 ex
4216 3403 4305 3469 D.
4380 3403 4655 3471 Consule

2700 3495 2956 3567 nostro,
3022 3487 3081 3553 si
3125 3489 3367 3567 nescis,
3436 3488 3630 3573 plene
3672 3487 4021 3573 intelliges.
4110 3488 4218 3556 De
4258 3487 4467 3557 rebus
4510 3490 4657 3556 meis

2698 3573 2865 3641 haec
2928 3592 3136 3656 pauca
3200 3593 3498 3659 aspergo.
3588 3572 4015 3658 scripserunt
4077 3574 4209 3642 duo
4274 3588 4517 3644 contm
4566 3596 4657 3641 mc

2700 3659 2991 3760 Hispani
3064 3658 3356 3758 impulsu
3419 3669 3688 3743 patrum
3747 3659 4293 3761 Tridentinorum
4310 3713 4329 3740 ‚
4390 3682 4657 3761 quorum

2700 3745 3525 3930 fflffimelipsslopmtrgctggt
3557 3765 4415 3900 ζὲἰῑιξιῖιηὲοοίοείαωῃῗῃω
4426 3747 4657 3930 dunni-

2702 3918 2912 3982 natim
2954 3925 3024 3982 et
3064 3936 3418 4000 praecipue
3456 3927 3810 3984 incessunt.
3886 3917 4311 4002 Responsum
4354 3920 4537 4004 quod
4578 3938 4661 3983 s·

2704 4001 2982 4069 debetur
3024 4021 3269 4086 magna
3310 4022 3393 4068 ex
3438 4011 3628 4086 parte
3670 4002 3951 4070 absolvi:
4025 4003 4198 4088 quod
4242 4025 4659 4089 pei-cuperus

2704 4086 2879 4171 apud
2937 4108 3055 4154 vos
3113 4087 3466 4171 aliquando
3518 4087 3775 4156 excudi.
3864 4089 4171 4174 Tigurini
4215 4091 4432 4167 enim,
4502 4088 4661 4175 quod

2707 4172 3286 4257 Quinquepagicos
3329 4173 3618 4257 alioquin
3660 4175 3936 4241 infestos
3979 4175 4455 4259 experiuntur,
4502 4178 4658 4242 hane

2704 4259 3003 4326 fortassis
3045 4258 3260 4325 aleam
3301 4258 3525 4326 subire
3559 4259 3803 4338 nolent,
3846 4260 4004 4327 licet
4038 4262 4209 4328 nihil
4244 4264 4318 4328 in
4359 4282 4661 4346 responso

2707 4365 2855 4411 meo
2930 4345 3097 4411 insit
3172 4343 3348 4428 quod
3412 4345 3808 4412 christianos
3870 4356 3942 4412 et
4003 4347 4306 4415 cordatos
4372 4347 4661 4413 homines

2708 4428 3043 4496 offendere
3084 4431 3306 4515 possit.
3375 4430 3481 4497 De
3514 4451 3591 4497 eo
3624 4429 3782 4517 quid
3815 4434 3960 4498 fieri
3996 4434 4200 4516 possit
4234 4454 4317 4499 ex
4356 4448 4421 4500 te
4454 4436 4661 4519 prim

2709 4516 3046 4583 occasione
3110 4514 3339 4582 audire
3403 4536 3583 4584 aveo.
3692 4517 3863 4584 Fere
3927 4520 4041 4601 qui
4104 4539 4423 4602 personae
4488 4538 4661 4585 mne

2710 4603 2947 4668 timent
2989 4601 3157 4668 mihi
3196 4613 3459 4668 autores
3514 4612 3673 4669 sunt
3715 4625 3800 4670 ne
3854 4603 4285 4688 respondeam
4304 4657 4321 4683 ,
4388 4606 4507 4689 qui
4548 4626 4657 4688 pu·

2711 4687 2956 4754 blicum
3007 4688 3267 4771 privato
3323 4698 3740 4772 anteponunt
3791 4689 4319 4774 respondendum
4374 4704 4658 4757 omont.

2709 4773 2803 4839 Et
2858 4783 3067 4854 certe,
3133 4773 3262 4839 nisi
3315 4772 3553 4839 bonam
3609 4795 3874 4841 causam
3933 4778 4217 4859 turpiter
4270 4778 4549 4861 prodes-e
4600 4788 4659 4839 st

2711 4857 3011 4926 deserere
3064 4858 3342 4926 velimus
3357 4909 3374 4939 ‚
3458 4859 3893 4928 nebulonibus
3948 4861 4082 4928 illis
4139 4860 4659 4946 respondendum

2709 4946 2854 5012 erit.
2957 4943 3093 5011 Sed
3148 4953 3459 5030 exspecto
3511 4954 3739 5012 tamen
3795 4956 3988 5013 tuum
4054 4968 4311 5032 quoque
4353 4947 4657 5014 iudiciu-

2710 5029 2882 5114 quod
2925 5028 3098 5115 apud
3142 5052 3249 5096 me
3294 5044 3782 5099 sacrosanctum
3824 5046 3942 5100 est.
4030 5033 4217 5100 Haec
4258 5054 4499 5118 pauca,
4562 5052 4659 5097 re-

2710 5254 2908 5311 4088.
2931 5255 2984 5319 1)
3028 5251 3261 5308 Unicum
3293 5255 3585 5311 &Minu
3618 5254 3684 5310 N.
3723 5253 3875 5309 323⁷.

2917 5321 2976 5388 2)
3007 5320 3087 5378 N.
3127 5321 3282 5377 4030.
