4900 6125
648 388 729 451 ω
2158 372 2690 442 EPISTOLAE
2734 374 3163 445 seva-39⁷4
4545 386 4608 451 ω

649 569 878 653 Quum
919 567 1130 654 igitur
1169 571 1446 632 ventum
1489 569 1664 631 esset
1705 562 1789 629 ad
1832 561 2050 629 locum
2105 560 2218 627 ubi
2262 569 2454 627 erant
2497 560 2612 627 do·

649 657 815 722 mini
881 651 1091 721 nostri
1134 657 1205 717 et
1265 650 1753 736 compositores,
1818 667 2171 732 omnesque
2214 648 2617 731 professores

650 751 720 809 et
753 740 1001 824 aliquot
1041 736 1184 804 alii:
1248 745 1398 822 post
1453 744 1636 804 actas
1692 734 1940 821 gratias
1996 734 2081 801 iis
2134 734 2372 817 quibus
2416 732 2614 800 debe·

648 828 911 906 bantur,
955 823 1096 891 dixi
1138 844 1247 890 me
1290 823 1835 907 subscripturum,
1881 819 1997 887 sed
2078 819 2395 886 raemissa
2426 820 2615 903 prius

648 914 774 980 hac
828 908 1328 997 protestatione:
1432 909 1696 986 rimum,
1757 929 1863 973 me
1924 904 2129 983 nole,
2175 917 2253 971 ut
2295 905 2420 972 hac
2464 925 2616 972 mea

650 998 1126 1082 subscriptione
1160 995 1378 1079 aliquo
1456 997 1575 1061 fiat
1617 992 2096 1077 praeiudicium
2133 991 2279 1057 aliis
2301 990 2611 1069 ecclesiis,

647 1083 1022 1162 academiis,
1066 1091 1135 1149 et
1175 1082 1467 1161 veritati,
1511 1078 1748 1146 deinde
1793 1078 1966 1144 nolle
2007 1087 2086 1144 ut
2127 1077 2378 1162 aliquid
2421 1077 2613 1143 dero-

647 1179 845 1257 getur
886 1169 987 1235 illi
1030 1167 1388 1249 doctrinae,
1429 1187 1627 1252 quam
1669 1166 1779 1232 hic
1814 1164 2223 1250 Argentinae
2259 1163 2448 1229 docui
2492 1184 2613 1247 per

648 1257 1049 1335 octennium,
1092 1262 1160 1322 et
1201 1274 1370 1338 quae
1411 1253 1788 1320 continetur
1829 1251 1903 1316 in
1947 1250 2111 1317 meis
2154 1249 2613 1333 praelectioni-

648 1342 789 1422 bus,
858 1340 1433 1426 disputationibus,
1500 1336 2048 1406 confessionibus:
2138 1342 2472 1420 postremo
2535 1343 2614 1400 ut

647 1428 814 1494 mihi
868 1427 1066 1495 liceat
1122 1433 1259 1492 tam
1301 1429 1761 1509 Augustanam
1818 1422 2311 1500 confessionem,
2367 1421 2612 1504 Apolo-

646 1515 827 1599 giam
871 1522 941 1579 et
982 1512 1293 1579 articulos
1356 1510 1757 1590 concordiae,
1822 1529 2018 1594 quam
2062 1508 2185 1574 hos
2228 1515 2612 1592 praesentes

647 1599 980 1679 articulos,
1023 1597 1445 1681 interpretari
1484 1596 1673 1662 iuxta
1714 1594 2013 1680 regulam
2055 1592 2241 1660 verbi
2263 1594 2410 1672 Dei,
2459 1592 2610 1659 doc-

647 1688 894 1752 trinam
937 1684 1315 1770 Augustini,
1361 1682 1646 1749 Lutheri
1692 1692 1757 1746 et
1800 1680 2061 1747 Buceri.
2149 1679 2411 1746 Deinde
2453 1699 2609 1745 con-

646 1770 1051 1838 ditionaliter
1092 1769 1447 1853 subscripsi
1489 1770 1560 1833 in
1596 1768 1761 1834 haec
1802 1767 2034 1833 verba:
2126 1767 2322 1832 Hanc
2366 1764 2609 1831 doctri-

646 1879 775 1925 nae
832 1855 1203 1933 formulam,
1257 1863 1335 1920 ut
1392 1856 1569 1938 piam
1614 1873 1916 1938 agnosco,
1960 1853 2055 1917 ita
2097 1853 2295 1918 etiam
2339 1851 2608 1934 recipio:

640 1944 787 2029 Ego
832 1943 1104 2009 Hieron.
1148 1941 1501 2007 Zanchius.
1581 1938 1911 2006 Postridie
1964 1937 2351 2005 condonatis
2393 1937 2608 2002 omni-

635 2028 762 2096 bus
826 2029 1106 2106 iniuriis,
1177 2025 1365 2094 datae
1432 2027 1701 2093 fuerunt
1767 2025 2079 2091 dexterae
2145 2023 2477 2090 societatis
2542 2031 2608 2089 et

638 2113 1059 2200 φιλαδελφίας.

808 2201 917 2266 Ita
958 2200 1394 2283 compositum
1437 2199 1563 2264 fuit
1606 2196 1973 2279 dissidium,
2019 2203 2095 2262 ut
2136 2195 2309 2261 nihil
2350 2193 2605 2260 detrac-

638 2293 778 2353 tum
823 2287 911 2352 sit
951 2284 1034 2351 de
1088 2285 1371 2351 veritate
1416 2283 1771 2351 doctrinae.
1859 2282 2137 2348 Interim
2196 2291 2414 2346 tamen
2469 2299 2606 2347 non

636 2373 882 2438 desunt
923 2372 1037 2456 qui
1081 2370 1455 2455 improbent
1497 2371 1784 2436 factum:
1831 2368 1947 2434 sed
1989 2369 2100 2433 isti
2143 2388 2279 2433 non
2324 2388 2603 2452 perpen-

637 2459 821 2536 dunt,
893 2457 1052 2558 quid
1119 2458 1209 2522 sit
1280 2455 1472 2522 illud:
1571 2454 1881 2521 Christus
1952 2474 2089 2519 non
2143 2454 2268 2519 sibi
2334 2453 2599 2554 placuit,

633 2538 2603 2713 ‘cffiussrffigt‘e‘ffnssao‘ssfflffiessafflt“gssuffl‘ssssssinssffffl'ssssi

636 2736 819 2783 sores
840 2716 1036 2782 unius
1071 2714 1377 2792 civitatis,
1415 2735 1546 2780 non
1584 2711 1952 2779 debuissem
1977 2714 2407 2797 Augustanae
2442 2731 2600 2776 con·

635 2802 901 2868 sessioni
959 2809 1028 2868 et
1062 2802 1204 2868 eius
1227 2799 1589 2885 Apologiae
1632 2796 2062 2877 subscribere,
2100 2818 2177 2863 eo
2212 2797 2601 2880 praesertim

633 2887 827 2954 modo
869 2907 999 2972 quo
1043 2887 1441 2970 subscripsi:
1497 2894 1568 2952 et
1610 2884 1898 2952 admissa
1939 2904 2089 2950 mea
2131 2904 2172 2949 a
2212 2883 2601 2966 composito-

633 2974 815 3040 ribus
874 2973 1332 3057 explicatione,
1399 2979 1468 3039 et
1525 2970 1762 3038 deinde
1819 2971 2019 3036 etiam
2074 2968 2599 3053 protestatione?

633 3059 1088 3127 Offenduntur
1109 3058 1243 3126 illis
1266 3058 1487 3125 verbis
1504 3056 1891 3143 Apologiae:
1917 3055 2175 3141 Corpus
2201 3055 2460 3123 Christi
2484 3053 2601 3121 ad-

633 3166 777 3212 esse
829 3147 901 3212 in
959 3166 1164 3213 coena
1215 3165 1374 3213 vere
1434 3151 1500 3211 et
1553 3142 2092 3211 substantialiter.
2181 3143 2277 3208 At
2321 3161 2443 3227 ego
2488 3160 2603 3206 ex-

628 3232 875 3316 plicavi
920 3253 1049 3317 quo
1091 3239 1283 3316 pacto
1322 3228 1581 3297 admitti
1610 3229 1888 3314 possint:
1938 3238 2005 3295 et
2037 3227 2206 3294 illud
2243 3227 2374 3294 dici
2407 3247 2600 3311 prae-

630 3337 786 3383 sens
857 3337 1001 3385 esse
1080 3338 1238 3385 vere
1314 3324 1382 3382 et
1458 3316 1981 3383 substantialiter
2057 3315 2506 3397 participatur.
2545 3316 2601 3391 ⁴)

634 3403 863 3486 Quum
930 3403 1029 3470 sol
1082 3411 1185 3472 est
1257 3423 1462 3487 supra
1517 3410 1818 3469 nostrum
1873 3400 2085 3467 hemis
2132 3401 2431 3466 haerium
2450 3451 2466 3477 ,
2536 3406 2605 3463 et

635 3510 835 3556 suum
879 3510 1110 3556 verum
1154 3496 1222 3557 et
1262 3487 1697 3556 substantiale
1736 3507 1973 3571 corpus
2009 3507 2094 3552 no
2138 3487 2196 3551 is
2232 3484 2602 3564 visendum,

639 3584 705 3641 et
743 3595 864 3659 per
920 3590 1157 3661 corpus
1210 3575 1494 3643 calorem
1554 3583 1750 3658 atque
1804 3574 2020 3640 lucem
2079 3568 2602 3656 participandam

637 3662 1098 3743 communicat,
1156 3683 1245 3728 an
1303 3683 1435 3728 non
1494 3660 1772 3727 dicimus
1816 3668 1885 3725 et
1928 3657 2195 3743 quidem
2240 3663 2447 3723 recte:
2496 3675 2601 3720 so·

633 3747 766 3813 lem
834 3748 1020 3815 nobis
1062 3770 1206 3815 esse
1248 3756 1662 3831 praesentem
1706 3766 1862 3814 vere
1908 3754 1976 3810 et
2032 3740 2599 3811 substantialiter?

635 3833 1186 3918 quemadmodum
1229 3842 1297 3900 et
1337 3841 1583 3914 contra,
1627 3853 1835 3916 quum
1879 3850 2267 3915 progressus
2302 3827 2388 3892 ad
2422 3826 2601 3893 aliud

636 3918 1216 4003 hemisphaerium,
1261 3921 1413 4003 quia
1458 3940 1589 3985 non
1634 3917 1918 4002 amplius
1962 3938 2106 3983 sese
2142 3914 2502 3982 videndum
2538 3921 2603 3978 et

636 4005 1161 4089 participandum
1220 4006 1407 4073 nobis
1465 4004 1919 4083 communicat,
2000 4001 2280 4068 dicimus
2337 4001 2602 4066 abesse:

637 4112 842 4174 quum
909 4100 1130 4158 tamen
1197 4092 1411 4176 quoad
1478 4091 1751 4157 localem
1832 4089 2396 4173 propinquitatem
2486 4092 2604 4150 aut

637 4177 1205 4262 longinquitatem,
1252 4189 1389 4244 tam
1434 4176 1658 4261 procul
1695 4176 1892 4242 distet
1928 4196 1968 4240 a
2003 4175 2212 4251 nobis,
2257 4193 2464 4257 quum
2501 4179 2605 4236 est

641 4283 842 4346 supra
900 4273 1221 4343 nostrum,
1282 4284 1481 4349 quam
1523 4280 1730 4347 quum
1773 4270 1875 4328 est
1918 4280 2121 4344 supra
2175 4258 2353 4325 aliud
2397 4257 2605 4323 hemi-

640 4349 1066 4434 sphaerium?
1133 4349 1312 4431 Quid
1355 4350 1562 4434 igitur
1603 4347 1924 4433 prohibet,
1969 4347 2133 4431 quin
2177 4346 2374 4410 etiam
2429 4342 2605 4410 dica·

640 4456 789 4501 mus
844 4455 1081 4519 corpus
1124 4435 1381 4502 Christi
1438 4433 1666 4501 adesse
1730 4454 1889 4499 vere
1960 4442 2027 4498 et
2083 4429 2608 4497 substantialiter

642 4519 771 4587 illis
814 4520 1049 4604 quibus
1093 4542 1250 4588 vere
1315 4530 1382 4588 et
1436 4518 1958 4588 substantialiter
2000 4539 2072 4584 se
2115 4512 2604 4583 communicat?

644 4607 747 4684 At,
794 4607 1120 4691 inquiunt,
1168 4608 1280 4673 alii
1325 4628 1460 4674 non
1503 4608 1600 4672 ita
1641 4605 2023 4690 intelligunt
2066 4611 2134 4669 et
2168 4603 2606 4685 interpretan-

640 4702 750 4758 tur
794 4702 869 4759 ut
911 4702 1003 4760 tu.
1096 4693 1321 4777 Neque
1364 4714 1488 4778 ego
1539 4691 1914 4775 subscripsi,
1960 4689 2239 4755 aliorum
2282 4688 2607 4771 interpre-

640 4777 1017 4857 tationibus,
1080 4778 1195 4846 sed
1260 4788 1523 4846 tantum
1591 4777 1809 4844 verbis
1868 4778 2290 4860 Augustanae
2355 4773 2606 4840 confes-

640 4865 865 4943 sionis,
922 4864 1119 4949 idque
1175 4867 1364 4931 iuxta
1421 4864 1613 4930 illum
1669 4884 1939 4930 sensum
1999 4881 2197 4945 quem
2254 4878 2376 4944 ego
2421 4859 2606 4942 pium

637 4971 779 5017 esse
810 4970 1159 5037 «ignosco,
1239 4961 1307 5017 et
1370 4948 1826 5034 interpretatio
1893 4967 2042 5013 mea
2106 4946 2233 5011 fuit
2300 4945 2603 5012 admissa.

642 5036 862 5103 Aliter
924 5048 1101 5104 certe
1149 5036 1453 5104 Calvinus
1495 5035 1760 5113 iudicat,
1822 5034 2008 5100 cuius
2052 5032 2364 5098 iudicium
2409 5030 2609 5115 longe

848 5241 908 5309 4)
942 5241 1055 5298 Hie
1098 5240 1371 5296 evidenter
1405 5253 1561 5296 error
1606 5242 1665 5294 in
1714 5244 1881 5294 textu.
1956 5236 2187 5291 Sensum
2236 5237 2461 5306 assequi
2507 5251 2608 5305 po·

644 5312 777 5363 teris
812 5326 878 5365 ex
912 5310 1029 5366 loco
1063 5309 1234 5365 cimas·
1266 5310 1329 5365 in
1362 5324 1442 5380 ep.
1471 5308 1550 5365 od
1589 5308 1923 5364 Gar-nerium
1959 5304 2037 5361 N.
2072 5302 2226 5360 3978.

2716 559 2924 664 ρίᾳζίε
2985 563 3154 631 facio
3192 585 3418 667 ‘quam
3481 566 3846 667 multorum
3910 566 4207 648 aliorum,
4297 568 4448 652 quia
4497 591 4613 640 vere

2715 651 3496 834 Zssffifflossssffiffi
3530 661 3884 824 {fam
3917 653 4619 824 iiffloessffiffi

2717 818 3109 889 dictionibus
3150 831 3221 889 et
3261 823 3537 910 syllabis
3577 825 4021 909 pertinaciam.
4101 826 4174 892 Is
4215 825 4300 892 ad
4345 837 4623 909 pastorem

2717 914 3018 973 nostrum
3061 908 3306 989 scribit,
3352 909 3478 976 sibi
3520 932 3659 977 non
3701 910 3987 996 probari,
4032 919 4109 978 ut
4149 911 4519 996 simpliciter
4545 935 4622 981 re·

2715 1001 2904 1058 cuset
2944 994 3374 1074 subscribere,
3431 1005 3500 1063 et
3556 997 3842 1063 consulit
3898 1007 3975 1062 ut
4029 997 4417 1078 subscribat,
4474 999 4627 1066 modo

2715 1076 3044 1178 addantur
3107 1089 3176 1147 et
3241 1080 3681 1149 admittantur
3757 1083 4207 1167 exceptiones:
4289 1092 4358 1151 et
4418 1085 4492 1150 ad
4545 1107 4626 1151 ms

2715 1166 2960 1245 scribit,
3007 1175 3082 1232 ut
3115 1175 3321 1233 tester
3360 1168 3794 1253 magistratui,
3855 1190 3964 1235 me
4020 1170 4193 1237 serio
4237 1170 4414 1254 pacis
4451 1171 4628 1237 studio

2715 1249 3071 1318 adductum
3106 1253 3596 1338 subscripsisse:
3642 1253 3760 1322 sed
3794 1276 3949 1322 cum
3980 1255 4114 1322 illis
4157 1257 4630 1340 exceptionibus,

2714 1345 2788 1436 et
2846 1356 2955 1403 me
3019 1338 3194 1404 idem
3261 1340 3460 1405 etiam
3527 1360 3705 1407 nunc
3769 1341 4064 1424 profiteri
4131 1351 4200 1407 et
4265 1343 4628 1408 confirmare.

2715 1419 2792 1488 81
2827 1443 2977 1507 spes
3012 1423 3152 1490 ulla
3184 1425 3415 1526 fuisset
3454 1425 3564 1492 vel
3598 1425 4050 1511 impetrandae
4087 1426 4549 1511 disputationis,
4577 1429 4632 1492 in

2713 1509 3150 1693 gamm?
3157 1512 4073 1675 ιιέἳῖἓῖιῗῗέἓὲωζὲῒῖῗι.
4117 1514 4256 1666 ὦῗέ
4298 1513 4636 1666 ἓέἒὲῖζὶ-ῗέ

2714 1699 2842 1745 sia:
2907 1681 3018 1747 vel
3061 1682 3338 1748 tollendi
3382 1682 3602 1768 aliqua
3643 1683 3777 1750 alia
3832 1683 4145 1751 mediocri
4187 1686 4444 1751 ratione
4483 1684 4638 1750 dissi·

2715 1764 2841 1845 dii,
2901 1788 3025 1852 ego
3070 1788 3409 1853 nunquam
3449 1770 4003 1853 subscripsissem.
4090 1770 4226 1837 Sed
4271 1793 4472 1854 quum
4503 1769 4638 1836 nihil

2714 1852 2952 1919 horum
3036 1873 3378 1937 possemus
3435 1875 3719 1939 sperare,
3788 1855 3947 1940 quid
4011 1857 4278 1923 obsecro
4345 1855 4640 1940 agendum

2711 1936 2898 2005 nobis
2962 1938 3150 2005 erat?
3238 1939 3456 2007 Credo
3519 1948 3602 2020 te,
3668 1962 3837 2024 quae
3902 1950 4016 2008 tua
4080 1951 4183 2009 est
4225 1944 4439 2027 pietas
4479 1951 4640 2026 atque

2710 2022 3080 2107 prudentia,
3137 2046 3271 2091 non
3329 2025 3524 2092 aliter
3579 2048 3777 2111 quam
3834 2047 3956 2094 nos
4015 2028 4290 2096 fecimus
4349 2030 4640 2094 factm-m

2709 2110 2927 2177 fuisse.
3010 2110 3204 2192 Quod
3258 2112 3319 2177 si
3371 2111 3593 2191 fallor,
3660 2114 3929 2198 ignosce
3994 2114 4146 2181 huic
4206 2135 4354 2180 meo
4413 2113 4492 2180 de
4548 2123 4640 2178 tus

2706 2196 2952 2346 pietate
2992 2196 3264 2264 iudicio:
3311 2198 3575 2283 ignosce
3614 2199 3814 2264 etiam
3861 2218 4023 2284 rogo
4068 2221 4199 2265 non
4235 2203 4374 2266 iam
4397 2201 4644 2284 amplius

2752 2284 3036 2362 tentati,
3080 2283 3197 2349 sed
3242 2283 3486 2351 nimiae
3529 2305 3714 2351 meae
3757 2285 4142 2369 prolixitati,
4209 2295 4278 2353 et
4319 2286 4493 2364 vale,
4531 2305 4643 2348 ms-

2706 2370 3988 2540 32:0³⁰..32ffi2‘033'3ss005322u33022ss
4039 2371 4645 2525 wrm&

2706 2540 2791 2605 D.
2857 2539 3157 2620 Wrotum,
3203 2540 3504 2620 Koocum,
3539 2542 3751 2609 Henr.
3777 2478 4084 2609 Knolltffi
4127 2553 4192 2610 et
4217 2479 4646 2610 ’degfflouam

2707 2635 2775 2691 et
2829 2627 3020 2711 cupio
3078 2636 3159 2692 ut
3215 2648 3367 2694 cum
3431 2628 3562 2694 illis
3616 2628 4061 2697 communices
4122 2638 4190 2696 et
4251 2629 4406 2696 aliis
4471 2628 4648 2694 doctis

2708 2711 2880 2779 hanc
2924 2719 3219 2778 nostram
3253 2732 3395 2778 com
3442 2714 3820 2780 ositionem:
3879 2722 3947 2780 et
4002 2714 4161 2800 quid
4219 2714 4302 2781 de
4373 2737 4456 2782 ea
4493 2723 4556 2779 et
4591 2721 4650 2776 tn

2707 2805 2776 2863 et
2833 2797 2930 2863 illi
2982 2798 3290 2876 sentiant,
3347 2819 3386 2864 a
3486 2819 3595 2866 me
3655 2798 3931 2865 candide
3985 2802 4250 2869 scribas.
4345 2800 4650 2866 Dominus

2707 2883 2898 2951 Iesus
2937 2904 3059 2950 suo
3126 2904 3244 2952 vos
3301 2884 3542 2969 spiritu
3598 2905 3861 2969 semper
3919 2896 4110 2972 regat
4151 2908 4228 2954 ac
4273 2895 4588 2972 protegat-
4611 2887 4648 2960 ⁵)

3587 3394 3789 3464 3973.

3112 3532 3784 3602 SAMPAULINUS
3832 3532 4271 3601 CALVINO.

2893 3687 3019 3755 Vix
3071 3710 3148 3753 ex
3191 3688 3474 3753 miseriis
3526 3687 3671 3753 belli
3708 3686 3837 3753 Dei
3886 3687 4100 3771 qratia
4143 3694 4392 3771 ereptae
4437 3692 4570 3755 ias·
4605 3690 4656 3751 iu

2705 3773 2887 3840 aliud
2927 3775 3240 3841 malorum
3281 3793 3456 3840 marc
3499 3773 3852 3839 inciderunt
3893 3773 4196 3840 ecclesiae.

3006 3946 3119 4012 (Ex
3157 3945 3499 4015 autographo
3534 3943 3665 3999 Cod.
3703 3944 3907 4000 Gener.
3951 3942 4069 4013 109,
4103 3945 4192 3999 fol.
4230 3944 4390 4013 217.)

2859 4116 3304 4184 Ornatissimo
3347 4124 3416 4182 et
3459 4114 3835 4183 doctissimo
3885 4117 4025 4182 viro
4069 4114 4155 4182 D.
4203 4117 4558 4185 Passellio.

2882 4253 2954 4321 S.
3014 4253 3166 4335 Quo
3209 4255 3282 4319 in
3328 4260 3506 4320 statu
3550 4253 3688 4319 sint
3730 4275 3836 4320 res
3880 4262 4142 4320 nostrae
4184 4264 4252 4319 et
4299 4255 4464 4339 quid
4509 4252 4664 4319 firmi

2708 4341 2999 4425 certique
3064 4340 3186 4405 hoc
3244 4346 3539 4422 tempore
3593 4359 3859 4423 sperare
3917 4340 4264 4423 possimus,
4331 4361 4422 4407 ex
4479 4342 4662 4406 fratre

2708 4429 2823 4513 qui
2866 4426 2950 4493 ad
2994 4434 3060 4492 te
3102 4424 3223 4492 has
3265 4424 3686 4508 perferendas
3740 4426 4032 4510 suscepit
4073 4423 4274 4509 plane
4319 4426 4660 4511 intelliges-

2707 4516 2854 4598 Ego
2898 4533 3059 4579 vero
3101 4511 3389 4595 quotidie
3448 4518 3646 4595 atque
3690 4510 3852 4578 adeo
3897 4512 3967 4576 in
4011 4509 4208 4578 horas
4254 4514 4660 4579 verissimum

2708 4621 2851 4667 esse
2894 4600 3221 4681 comperio
3264 4596 3437 4681 quod
3482 4606 3628 4662 tum
3671 4617 3757 4663 ex
3799 4596 3998 4664 verbo
4035 4596 4166 4662 Dei
4211 4605 4358 4663 tum
4406 4620 4494 4664 ex
4525 4597 4662 4661 doc-

2708 4685 2981 4752 tissimis
3026 4683 3159 4749 tuis
3202 4683 3774 4768 explanationibus
3817 4681 4032 4761 didici,
4099 4703 4468 4766 praecones
4508 4684 4664 4750 scili·

2709 4781 2816 4839 cet
2858 4780 2925 4836 et
2967 4768 3293 4835 studiosos
3334 4768 3662 4853 evangelii
3702 4789 3964 4853 semper
3996 4770 4327 4835 accinctos
4362 4780 4440 4834 et
4473 4768 4660 4836 voluti

2710 4856 2965 4924 sublato
3009 4857 3080 4921 in
3124 4855 3332 4921 altum
3376 4854 3583 4920 altero
3626 4854 3793 4939 pede
3835 4862 4103 4939 paratos
4146 4875 4294 4921 esse
4329 4854 4572 4922 debere
4591 4850 4662 4919 sd

2710 4939 3114 5028 sequendum
3159 4961 3290 5026 quo
3335 4937 3522 5007 Deus
3567 4942 3916 5007 vocaverit.
3984 4940 4340 5007 Caeterum
4379 4943 4500 5007 vix
4534 4961 4660 5006 coe·

2711 5030 2927 5114 pimus
2970 5048 3054 5093 ex
3097 5028 3380 5094 miseriis
3415 5028 3732 5111 postremi
3767 5026 3920 5094 belli
3954 5025 4236 5092 eluctari
4267 5036 4334 5093 et
4355 5026 4662 5094 adm-ms

2711 5232 3707 5372 mnelffzssaedtgtzbeatoemenseffnffl
3749 5233 4192 5299 unitate-m,
4247 5232 4316 5289 de
4361 5244 4662 5289 annom
