4900 6125
264 468 391 530 5⁵7
1899 463 2690 535 SUPPLEMENTUM.
4183 472 4317 533 558

266 653 577 720 Eximiae
638 652 974 722 doetrinae
1035 655 1437 807 agl-pietatliis
1481 655 1625 724 viro
1669 655 1952 723 Calvino
1998 654 2242 722 dentur

1143 761 1367 826 ierapo
1420 793 1435 808 .

275 909 782 979 Humanissimo
826 918 1022 997 atque
1058 912 1513 980 amantissimo
1549 913 1725 999 patri
1746 912 2028 982 Calvino
2063 912 2247 979 salus

993 1019 1114 1083 per
1149 997 1515 1066 Christum.

448 1134 680 1200 Hasne
720 1135 883 1201 adeo
927 1137 1159 1220 gravia
1200 1137 1569 1204 certamina
1601 1137 1880 1204 tenellas
1916 1136 2244 1202 sustinere

275 1219 617 1286 ecclesias!
695 1219 1106 1288 Contribulis
1141 1224 1359 1290 effecit
1393 1223 1772 1289 testimonio
1807 1244 1927 1289 suo
1961 1231 2032 1289 et
2065 1242 2243 1288 com-

269 1306 658 1390 probatione
701 1315 779 1372 ut
822 1308 1121 1392 ignotum
1168 1309 1568 1390 admiserim,
1613 1329 1829 1394 neque
1873 1317 2095 1374 tamen
2139 1307 2241 1373 id-

269 1393 444 1458 circo
487 1413 593 1458 me
637 1402 830 1459 extra
871 1393 1131 1478 culpam
1177 1416 1322 1462 esse
1363 1397 1703 1462 contendo.
1793 1395 2048 1461 Verum
2091 1415 2167 1460 re
2203 1416 2244 1460 a

276 1477 562 1544 Fontano
618 1479 991 1564 significata
1046 1488 1115 1546 et
1172 1482 1501 1565 patefacta
1541 1482 1725 1558 meis,
1766 1481 2033 1567 ignotus
2074 1480 2243 1546 meis

270 1562 359 1629 ad
415 1572 680 1647 tempus
736 1566 851 1631 fui.
943 1566 1272 1632 Venimus
1325 1567 1396 1633 in
1440 1567 1838 1652 colloquium
1884 1572 1951 1634 et
1997 1565 2242 1651 Gephy-

269 1670 493 1717 meum
515 1652 572 1731 ¹)
616 1652 813 1717 tertio
856 1651 1351 1719 accersivimus:
1397 1653 1540 1737 ipse
1584 1676 1655 1720 se
1698 1653 1971 1738 negavit
2000 1662 2242 1719 ventu-

268 1756 439 1802 rum.
529 1737 616 1802 Ei
675 1736 1105 1805 concionandi
1163 1739 1438 1805 facultas
1496 1760 1538 1806 a
1579 1739 1885 1823 colloquii
1929 1759 2242 1806 consessu
2264 1754 2278 1769 ·

269 1833 376 1888 est
418 1821 745 1906 adempta,
811 1823 927 1889 sed
972 1823 1256 1909 delegati
1300 1824 1430 1890 duo
1473 1833 1941 1893 concesserunt
1983 1833 2059 1891 ut
2101 1825 2243 1907 ipse

271 1910 383 1974 hic
435 1911 785 1975 conciones
851 1909 1103 1994 aliquot
1146 1911 1231 1977 ad
1273 1912 1755 1995 componendos
1799 1912 2056 1976 animos
2099 1910 2241 1994 ple-

271 1994 543 2061 beculae
608 1994 900 2061 haberet.
1002 1995 1188 2062 Grex
1245 2018 1434 2063 meus
1489 2018 1640 2063 eum
1702 1999 2027 2081 sequitur:
2118 2016 2240 2081 ego

269 2080 358 2146 ad
423 2080 563 2147 dies
628 2081 999 2165 quindecim
1045 2082 1310 2149 interim
1354 2084 1745 2164 conticesco,
1810 2093 1886 2148 ut
1927 2082 2240 2149 fratribus

269 2175 376 2233 est
417 2168 655 2232 visum.
742 2167 1129 2233 Curandum
1172 2177 1272 2235 est
1315 2170 1386 2234 in
1430 2177 1767 2252 posterum
1811 2178 1886 2234 ut
1920 2167 2241 2234 eiusmodi

269 2254 573 2319 homines
617 2262 737 2319 aut
777 2254 1132 2319 mittantur
1174 2277 1215 2321 a
1257 2255 1476 2337 vobis,
1535 2266 1650 2321 aut
1690 2255 2130 2321 admittantur
2169 2258 2238 2320 in

271 2348 611 2406 conventu
655 2360 696 2404 a
739 2340 945 2417 nobis,
992 2361 1145 2407 cum
1182 2341 1652 2424 approbatione
1687 2339 2239 2425 quemadmodum

271 2448 345 2491 se
434 2426 732 2491 esserint.
823 2425 962 2492 Nec
1004 2427 1182 2491 enim
1228 2426 1772 2493 committendum
1829 2434 1930 2493 est
1973 2434 2049 2491 ut
2090 2447 2239 2509 per-

273 2447 577 2577 surgatur
632 2509 822 2590 ordo,
883 2531 1075 2595 quem
1125 2511 1409 2579 Satanas
1453 2534 1762 2578 eversum
1806 2513 2077 2578 omnino
2122 2533 2239 2578 cu-

273 2603 476 2681 peret.
565 2596 937 2663 Scriberem
984 2595 1065 2662 de
1108 2596 1212 2663 his
1254 2598 1446 2681 plura
1487 2599 1620 2663 nisi
1662 2619 1997 2681 sperarem
2041 2607 2108 2663 te
2151 2619 2238 2662 ex

273 2683 526 2749 tenenti
562 2682 769 2748 fratre
812 2683 1113 2765 pluribus
1157 2695 1577 2767 accepturum
1623 2705 1791 2768 quae
1848 2683 1958 2749 hic
2047 2705 2237 2749 eran-

207 2815 220 2824 -
273 2777 407 2834 tur.
479 2768 667 2834 Vale.
736 2768 925 2835 Deus
969 2782 1035 2833 te
1078 2790 1227 2836 cum
1273 2769 1539 2854 collegis
1585 2771 1717 2836 tuis
1762 2790 1958 2853 quam
2048 2771 2237 2835 iutis·

271 2855 441 2921 sime
494 2873 654 2920 suae
702 2854 1096 2922 incolumem
1156 2856 1467 2921 ecclesiae
1532 2867 1896 2923 conservet.
2000 2855 2240 2922 Saluta

269 2961 514 3024 quaeso
556 2960 703 3006 meo
759 2941 1027 3006 nomine
1073 2938 1480 3008 Celadonium
1534 2950 1602 3007 et
1646 2941 1967 3024 Equitem,
1984 2943 2044 3020 2)
2110 2941 2238 3006 hu-

274 3045 505 3094 manos
547 3026 841 3113 hospites
883 3047 1081 3094 meos.
1151 3027 1232 3094 ad
1277 3026 1362 3093 V.
1406 3026 1569 3094 Idus
1612 3027 1839 3095 Iunias
1881 3028 2157 3093 Tonino.
2180 3031 2236 3105 ⁸)

1391 3164 1577 3231 'l'uus
1620 3186 1706 3231 ex
1757 3165 1979 3231 animo

1222 3250 1605 3336 christoph.
1652 3251 2147 3336 Marraquirius.

1061 3547 1466 3555 --—————.-—

1166 3798 1356 3869 4251.

757 3953 1266 4024 MEROERUS
1315 3953 1752 4021 GALVINO.

423 4127 737 4281 'fimat
814 4147 883 4192 se
960 4128 1126 4210 quod
1187 4128 1556 4195 vocationem
1618 4126 1746 4193 sibi
1809 4126 2074 4194 oblatam
2137 4148 2237 4195 re-

271 4236 424 4283 cusa
514 4265 529 4280 .

581 4385 692 4454 (Ex
730 4385 1071 4456 autographo
1106 4384 1241 4440 Ood.
1277 4384 1481 4440 Genev.
1518 4384 1640 4453 109,
1673 4384 1766 4441 sol.
1803 4383 1951 4453 138.)

448 4556 756 4626 Eximiae
798 4557 1134 4624 doctrinae
1183 4557 1326 4623 viro
1369 4557 1607 4623 Oarolo
1650 4556 1901 4708 Pass.L
1998 4640 2039 4706 d

1261 4654 1282 4667 ‘
1904 4663 1997 4727 ug
2045 4694 2059 4708 .

357 4815 527 4884 Viro
580 4825 648 4883 et
705 4817 1006 4884 doctrina
1057 4823 1132 4966 etI
1167 4814 1419 4967 gi‘etage
1475 4815 1721 4900 insigni
1765 4813 1916 4881 Gar.
1959 4813 2145 4881 Pass.

267 5196 466 5251 42⁶0.
487 5194 547 5263 1)
577 5195 656 5248 du
692 5194 884 5249 Ponit?

475 5262 539 5329 2)
574 5262 871 5319 chevalier.

479 5333 543 5400 3)
585 5332 863 5388 Tonneins
893 5331 1050 5401 (Lot.
1088 5335 1139 5386 et
1180 5329 1477 5399 Garunna).
1519 5330 1808 5384 Praeterea
1841 5345 1953 5384 uon
1975 5329 2235 5385 habemus

267 5405 420 5477 quod
456 5404 530 5459 ad
566 5405 957 5458 &lustrandam
991 5402 1135 5456 hanc
1169 5416 1251 5469 ep.
1287 5401 1471 5467 lacere
1503 5401 1692 5470 possit.

2518 652 2673 719 Dici
2737 675 2874 719 non
2938 661 3183 737 potest,
3249 652 3358 720 vir
3399 653 3668 734 eximie,
3736 661 4138 739 quantopere
4204 678 4315 723 me

2344 748 2496 806 tuae
2562 738 2904 805 affecerint
2968 739 3233 818 literae,
3317 760 3643 824 quamque
3707 742 3949 807 acriter
4013 741 4312 808 animum

2343 846 2567 892 meum
2624 825 3045 911 pupugerint.
3136 823 3306 907 Quis
3362 826 3540 891 enim
3597 834 3712 891 aut
3763 835 3986 894 mente
4042 827 4130 893 sit
4173 836 4311 894 tam

2343 911 2611 995 stupida
2666 919 2784 977 aut
2840 910 3261 977 adamantino
3318 920 3611 995 pectore,
3698 914 3810 996 qui
3868 923 4005 978 tam
4065 914 4313 981 sanctis

2344 997 2872 1081 salutaribusque
2929 997 3198 1063 monitis
3246 1017 3380 1063 non
3426 1007 3935 1065 commoveatur.
4016 999 4109 1065 Et
4149 1021 4312 1066 sane

2345 1083 2523 1148 haud
2582 1083 2715 1150 scio
2760 1102 2880 1162 an,
2944 1083 3004 1149 si
3061 1103 3168 1149 res
3206 1091 3348 1149 tum
3404 1084 3631 1149 fuisset
3663 1084 3955 1170 integra,
4022 1084 4312 1151 oblatam

2344 1169 2785 1236 conditionem
2822 1190 3244 1235 recusassem.
3305 1169 3557 1234 Verum
3595 1191 3796 1253 quum
3831 1192 3967 1236 una
4001 1191 4085 1236 ex
4122 1178 4311 1255 parte

2344 1254 2549 1320 animi
2594 1255 2666 1319 in
2712 1275 2818 1320 me
2863 1255 2957 1320 tui
3001 1255 3195 1338 plane
3231 1254 3676 1340 evangelicam
3712 1256 4180 1336 sinceritatem,
4224 1276 4310 1322 ex

2345 1340 2553 1406 altera
2610 1339 2775 1405 bene
2831 1341 2998 1405 mihi
3052 1340 3378 1407 consciam
3437 1351 3726 1406 mentem
3779 1353 3847 1407 et
3909 1343 4309 1422 institutum,

2344 1425 2518 1509 quod
2576 1446 2653 1491 ea
2706 1426 2779 1492 in
2838 1447 2913 1491 re
2967 1448 3114 1493 sum
3160 1439 3504 1510 sequutus,
3572 1448 3928 1511 precesque
3970 1426 4311 1494 considero

2345 1511 2585 1594 quibus
2650 1534 2755 1578 me
2812 1521 2967 1577 ante
3022 1532 3188 1596 opus
3250 1521 3510 1578 tantum
3566 1513 3742 1598 apud
3801 1514 4019 1578 Deum
4084 1534 4310 1579 meum

2346 1599 2623 1675 armavi,
2670 1619 2801 1663 non
2846 1619 3145 1681 possum,
3212 1618 3332 1664 nee
3386 1599 3629 1681 poteris
3687 1603 3896 1678 (certo
3939 1599 4101 1676 scio)
4144 1600 4306 1682 ipse,

2345 1704 2480 1749 non
2532 1684 2810 1766 probare
2866 1683 3038 1767 quod
3095 1704 3134 1749 a
3190 1704 3297 1749 me
3360 1683 3607 1749 sactum
3674 1685 3778 1751 sit.
3868 1682 4085 1767 Saepe
4127 1692 4309 1751 certe

2343 1770 2759 1853 multumque
2822 1791 3081 1837 mecum
3148 1770 3290 1853 ipse
3346 1769 3568 1835 omnia
3620 1772 3924 1855 reputavi
3988 1792 4158 1854 quae
4222 1770 4307 1835 ad

2343 1875 2451 1919 me
2494 1856 2746 1934 scribis,
2792 1856 2851 1921 si
2895 1876 3023 1939 quo
3066 1855 3260 1920 modo
3303 1855 3475 1939 apud
3522 1857 3790 1923 fratrem
3850 1877 4107 1940 possem
4153 1875 4307 1922 con-

2344 1939 2666 2007 ditionem
2713 1963 2929 2007 meam
2973 1942 3312 2007 meliorem
3356 1941 3588 2008 faeere.
3678 1945 3773 2008 At
3815 1941 3914 2007 ita
3957 1942 4196 2009 durum
4241 1953 4307 2007 et

2340 2026 2820 2094 intractabilem
2864 2027 3168 2105 sciebam,
3213 2035 3283 2094 et
3324 2027 3628 2110 precibus
3673 2029 3855 2106 meis,
3901 2028 4069 2093 sicut
4111 2027 4303 2104 solet,

2340 2112 2821 2179 intractabilior
2861 2113 3266 2179 redderetur.
3358 2111 3536 2195 Quid
3582 2113 3784 2199 ergo?
3876 2113 4133 2179 Malum
4177 2112 4309 2178 fnit

2341 2197 2852 2281 duplicandum?
2924 2197 3250 2283 Equidem
3308 2220 3442 2264 non
3483 2200 3768 2279 malum,
3823 2199 3936 2265 sed
3981 2199 4305 2264 malorum

2336 2286 2633 2350 omnium
2695 2284 3052 2368 pessimum
3090 2296 3157 2350 et
3208 2284 3650 2351 miserrimum
3695 2295 4061 2370 putassem,
4122 2286 4178 2351 si
4232 2284 4305 2349 in

2340 2390 2484 2435 eam
2529 2369 2907 2437 incidissem
2952 2392 3119 2453 quae
3163 2371 3357 2437 unius
3392 2392 3647 2437 mecum
3685 2372 3889 2436 animi
3925 2392 4001 2437 ac
4044 2369 4304 2455 spiritui

2341 2456 2467 2522 Dei
2512 2457 2862 2522 conformis
2907 2477 3036 2522 non
3083 2457 3270 2521 soret.
3342 2459 3561 2541 Atque
3606 2457 3714 2522 hic
3753 2457 3918 2522 illud
3954 2456 4305 2540 praecipue

2339 2543 2666 2626 spectavi:
2736 2553 2805 2607 at
2862 2563 2969 2609 me
3023 2542 3133 2608 hic
3185 2543 3441 2608 interea
3496 2542 3908 2609 retardatum
3965 2542 4080 2622 iri,
4144 2542 4304 2608 dum

2338 2627 2567 2694 liberis
2630 2627 3051 2711 procreandis
3107 2648 3375 2711 operam
3440 2627 3552 2707 do,
3617 2629 3727 2696 vel
3768 2628 4019 2712 laqueis
4064 2628 4305 2711 potius,

2339 2713 2510 2797 quod
2555 2721 2810 2779 avertat
2853 2735 2973 2797 pro
3016 2735 3139 2780 sua
3173 2714 3463 2780 bonitate
3492 2714 3838 2794 Dominus,
3884 2712 4305 2798 strangulan-

2341 2799 2498 2864 dum
2545 2801 2889 2866 coniectas.
2979 2798 3170 2866 Scias
3238 2800 3474 2880 velim,
3539 2799 3747 2867 frater
3803 2799 4171 2878 carissime,
4239 2806 4307 2864 et

2340 2882 2560 2950 Deum
2628 2885 3069 2951 immortalem
3125 2886 3252 2951 nisi
3307 2885 3504 2950 fidem
3562 2885 3764 2952 habes
3807 2885 4129 2964 obtestor,
4194 2904 4304 2950 me

2340 2970 2467 3037 hoc
2521 2992 2728 3036 unum
2786 2972 2854 3036 in
2902 2973 3074 3037 votis
3116 2970 3362 3037 habere
3405 2982 3485 3036 ut
3526 2992 3635 3037 me
3674 2993 3757 3037 ex
3802 2971 3910 3037 his
3952 2969 4304 3037 difficulta-

2341 3056 2519 3124 tibus
2561 3058 2895 3125 extricem.
2984 3057 3357 3138 Consentit,
3416 3058 3552 3123 imo
3594 3080 3753 3126 vero
3796 3066 4022 3143 urget,
4080 3057 4301 3136 instat,

2340 3153 2410 3209 et
2450 3143 2559 3209 vel
2601 3165 2710 3210 me
2774 3143 3113 3210 ardentior
3167 3153 3270 3211 est
3328 3165 3513 3210 uxor.
3603 3145 3968 3210 Enimvero
4012 3152 4303 3210 contem-

2337 3230 2523 3315 plare
2587 3230 2749 3295 mihi
2809 3239 3060 3313 quanta
3117 3230 3251 3296 sint
3292 3230 3719 3315 transigenda
3758 3229 3915 3296 hinc
3958 3228 4143 3296 illinc
4184 3250 4303 3294 ne-

2341 3315 2538 3401 gotia.
2631 3316 2801 3383 Cum
2844 3317 3047 3381 fratre
3136 3315 3354 3382 uidem
3400 3317 3705 3382 existimo
3747 3315 3938 3382 facile
3982 3336 4159 3381 nune
4194 3335 4303 3381 me

2337 3410 2849 3480 transacturum,
2890 3403 2948 3468 si
2984 3423 3050 3466 m
3135 3423 3174 3468 o
3209 3422 3352 3467 rem
3385 3404 3596 3486 ipsam
3631 3403 4056 3485 animumque
4079 3421 4301 3466 meum

2339 3509 2474 3553 non
2553 3487 2897 3572 intelligat.
3006 3486 3224 3570 Quem
3288 3509 3375 3554 ne
3440 3510 3511 3554 se
3575 3496 3990 3573 perspectum
4057 3487 4302 3553 habere

2338 3573 2581 3652 credat,
2650 3595 2732 3639 ex
2777 3574 2860 3641 iis
2903 3595 3070 3658 quae
3113 3583 3267 3639 ante
3308 3581 3526 3641 ortum
3570 3575 3749 3640 inter
3791 3594 3912 3640 nos
3957 3571 4303 3639 dissidium

2340 3680 2494 3725 cum
2561 3681 2637 3725 eo
2702 3661 3287 3738 communicaram,
3353 3681 3604 3726 vereor.
3693 3661 3900 3743 Atqui
3965 3660 4060 3726 sic
4131 3657 4300 3723 mihi

2339 3746 2476 3811 illic
2540 3766 2648 3811 res
2704 3767 2890 3811 meae
2944 3747 3459 3829 componendae,
3526 3748 3715 3830 quasi
3770 3745 3899 3811 huc
3940 3743 4129 3811 sedes
4172 3743 4299 3810 sim

2340 3830 2805 3911 translaturus,
2853 3832 2961 3898 hic
3003 3852 3287 3912 rursum,
3331 3832 3516 3916 quasi
3559 3832 3734 3899 illuc.
3806 3829 4141 3899 Olamabis
4175 3831 4300 3895 ite·

2338 3939 2489 3983 rum
2554 3938 2662 3983 me
2723 3918 3131 3983 vocationem
3194 3940 3235 3984 a
3277 3918 3566 3984 Domino
3604 3928 3843 4001 petere.
3934 3917 4081 4001 Ego
4123 3922 4301 3982 certe

2338 4025 2557 4070 meam
2608 4003 3051 4070 conditionem
3114 4005 3551 4069 miserrimam
3613 4004 3919 4070 existimo
3963 4012 4032 4067 et
4073 4010 4303 4068 noctes

2339 4090 2609 4173 diesque
2654 4089 2734 4154 de
2782 4089 2941 4155 loro.
3015 4088 3150 4156 Sed
3195 4090 3449 4155 interea
3492 4110 3600 4154 me
3640 4092 3661 4155 i
3710 4111 3782 4155 se
3826 4089 4303 4171 scripturarum

2340 4175 2619 4242 lectione
2658 4111 2875 4250 solari,
2921 4184 3119 4258 atque
3163 4177 3461 4241 animum
3506 4175 3638 4241 assi
3686 4177 3791 4241 uis
3833 4173 3916 4239 ad
3940 4173 4300 4239 Dominum

2338 4262 2640 4344 precibus
2703 4264 2974 4327 reficere
3039 4281 3116 4327 ac
3180 4263 3442 4327 munire
3508 4283 3639 4328 non
3707 4260 3932 4327 desino
3998 4267 4067 4324 et
4108 4279 4303 4343 saepe

2337 4346 2502 4413 illud
2564 4346 2782 4412 Isaiae
2808 4351 2857 4427 ¹)
2902 4347 3248 4413 vociferor:

2580 4480 2832 4559 'snswvn
2887 4453 3021 4537 ³³25
3058 4480 3278 4562 mwpn
3314 4480 3558 4558 ‘pm-m
3594 4468 3659 4535 ‘a
3694 4480 3887 4545 unm
3923 4448 4057 4532 nob

2338 4610 2414 4655 ac
2458 4588 2790 4674 subiungo
2834 4587 2998 4654 illud
3043 4587 3385 4653 Ieremias:
3417 4592 3474 4666 ²)

2612 4721 2789 4801 ιτα-φ)
2822 4722 2963 4776 u’nv
3000 4721 3151 4776 ττι-ιη
3187 4721 3410 4777 mium
3446 4691 3598 4797 '1²5⁸
3636 4721 3773 4776 mm
3808 4719 4033 4775 pawn

2333 4829 2601 4895 Interea
2676 4827 2849 4913 quod
2914 4848 3181 4912 possum
3247 4850 3353 4894 me
3425 4828 4015 4894 incontaminatum
4082 4845 4293 4889 servo.

2337 4914 2525 4998 Quae
2572 4936 2702 4980 non
2750 4913 2895 4980 ideo
2938 4913 3083 4981 dico
3128 4924 3204 4979 ut
3244 4935 3352 4979 me
3394 4916 3772 4995 iustificem,
3813 4924 3927 4979 aut
3969 4910 4143 4995 quod
4187 4909 4297 4976 hic

2335 5002 2499 5067 mihi
2546 5001 2868 5085 placeam,
2934 4999 3051 5066 sed
3109 5010 3184 5065 ut
3247 4999 3579 5085 intelligas
3623 5008 3868 5084 quanto
3911 5004 4297 5064 sanctorum

2334 5096 2641 5155 coetuum
2707 5084 3027 5153 desiderio
3069 5094 3329 5163 tenear,
3398 5088 3481 5151 ad
3541 5107 3824 5170 quorum
3891 5081 4297 5167 praescripta

2331 5326 2516 5381 4251.
2541 5327 2594 5390 1)
2630 5324 2716 5394 63,
2755 5324 2833 5379 17.

2540 5396 2600 5459 2)
2640 5394 2841 5451 Thren.
2878 5394 2927 5461 5,
2962 5394 3047 5448 21.
