4900 6125
303 365 398 426 157

435 547 498 612 S.
566 545 758 625 Ecce,
880 564 1040 611 uum
1116 543 1251 610 iam
1314 544 1443 609 iter
1509 543 1847 629 ingressus
1910 564 2124 611 essem
2151 548 2201 625 ¹)

294 639 586 701 revocatus
640 650 790 696 sum
907 630 1182 696 asidonii
1198 629 1255 712 ²)
1313 628 1544 709 literis,
1604 631 1713 697 cui
1767 651 1844 697 eo
1887 628 2203 697 libentius

291 739 414 788 snm
443 715 546 784 obs
625 725 824 782 uutus
858 713 1036 799 quod
1067 722 1323 799 patrem
1357 716 1596 781 rescivi
1619 723 1814 782 extra
1832 715 2203 800 periculum

291 824 423 873 csse.
446 803 493 884 ¹)
640 800 823 868 istuli
886 801 1094 885 igitur
1156 802 1627 885 profectionem
1693 802 1776 868 ad
1820 802 2048 869 Nonas
2091 800 2202 867 Ia-

288 890 486 968 nuarii,
561 908 690 970 quo
763 895 1059 971 tempore
1136 908 1329 971 spero
1395 888 1664 953 omnino
1736 887 2201 955 dimittendum

288 983 639 1042 conventum
698 972 810 1056 qui
877 971 961 1039 ad
1025 995 1124 1038 xx
1187 973 1389 1039 huius
1445 972 1695 1040 mensis
1750 971 2118 1040 habebitur.
2142 977 2199 1047 ⁴)

285 1062 512 1127 Interea
550 1067 867 1144 quantum
912 1080 995 1125 ex
1042 1058 1378 1126 Posidonii
1421 1058 1636 1124 literis
1691 1060 1971 1145 cognovi
2011 1080 2201 1143 prae-

284 1146 463 1213 sentia
500 1164 643 1211 mea
687 1166 820 1210 non
864 1144 994 1210 erit
1035 1144 1310 1225 inutilis,
1356 1151 1433 1211 ut
1464 1144 1697 1211 saltem
1735 1167 1845 1212 eos
1878 1146 1950 1210 in
1985 1143 2201 1211 officio

282 1232 627 1309 contineam,
688 1251 850 1314 quos
893 1227 1140 1311 scribit,
1206 1230 1408 1297 simul
1452 1239 1646 1314 atque
1690 1229 1978 1312 discessi,
2034 1252 2201 1297 non-

280 1317 419 1388 nihil
490 1314 801 1382 dissidere
868 1316 1175 1400 coepisse.
1285 1316 1455 1382 Heri
1521 1326 1787 1384 coactus
1856 1316 2201 1392 hominum

278 1402 734 1486 importunitate
768 1402 1150 1469 concionem
1186 1400 1388 1469 habui
1423 1401 1495 1469 in
1529 1402 1615 1470 D.
1652 1402 1932 1469 Antonii
1966 1403 2200 1470 subur-

279 1488 437 1567 bio‚⁸)
458 1507 573 1553 nec
614 1487 933 1572 impedire
970 1490 1184 1572 potuit
1219 1487 1616 1554 densissima
1649 1488 1902 1572 pluvia,
1946 1488 2201 1572 quomi-

278 1595 384 1640 nus
418 1574 708 1640 omnium
749 1573 1054 1639 ordinum
1100 1575 1228 1639 viri
1271 1582 1340 1639 et
1380 1573 1667 1640 feminae
1710 1574 1794 1641 ad
1829 1595 1949 1640 sex
1990 1573 2202 1639 millia

277 1657 379 1724 sub
397 1658 494 1725 dio
512 1662 960 1725 convenirent.
1014 1659 1304 1725 Tantum
1325 1660 1694 1726 animorum
1717 1659 2018 1726 ardorem
2037 1682 2203 1725 nun-

278 1765 445 1827 quam
498 1744 954 1810 animadverti.
1046 1743 1181 1811 Sed
1235 1745 1435 1829 plane
1482 1745 1874 1812 miserabilis
1919 1755 2060 1812 erat
2102 1746 2200 1810 fa-

276 1831 396 1896 cies.
475 1830 706 1913 Itaque
768 1851 996 1897 omnes
1058 1830 1142 1896 ad
1203 1833 1639 1897 constantiam
1699 1831 2000 1898 hortatus
2044 1851 2198 1897 con-

275 1915 491 1981 cionem
532 1915 782 2000 abrupi.
855 1916 1022 1982 Cras
1065 1917 1134 1981 in
1181 1916 1401 1984 aulam
1444 1936 1753 1983 reversus
1797 1917 2019 1982 omnia
2052 1927 2199 1982 ten-

275 1999 511 2152 tame
545 2001 754 2068 multo
792 2002 1013 2086 plures
1046 2023 1226 2069 nunc
1259 2003 1448 2087 aquis
1483 2024 1680 2086 quam
1717 2001 1876 2068 olim
1912 2002 2199 2070 flammis

415 2172 676 2239 Audisti
719 2172 944 2257 procul
991 2171 1187 2239 dubio
1233 2173 1313 2239 de
1369 2173 1655 2256 quadam
1700 2174 2064 2242 Serbonica
2121 2180 2202 2239 ut

272 2267 476 2323 vocant
527 2258 873 2337 tentativa,
938 2258 1008 2324 in
1067 2280 1199 2342 qua
1252 2259 1576 2343 agitatum
1628 2261 1755 2325 fuit
1819 2258 1899 2326 de
1941 2280 2203 2326 summa

268 2351 556 2492 gotestate
596 2364 809 2428 papae
857 2345 926 2408 in
987 2344 1441 2429 spiritualibus
1497 2355 1565 2411 et
1622 2344 2111 2429 temporalibus.
2146 2351 2199 2423 θ)

320 2428 737 2496 udiustertius
778 2430 1024 2496 factum
1067 2438 1169 2495 est
1211 2430 1878 2512 senatusconsultum,
1924 2453 2051 2515 quo
2094 2432 2197 2500 iu-

270 2511 478 2580 bentur
540 2514 672 2581 duo
735 2516 1035 2600 magistri
1100 2518 1314 2582 nostri
1370 2525 1514 2582 tum
1569 2518 1639 2582 in
1704 2518 2010 2601 proxima
2075 2539 2199 2584 sua

267 2598 698 2684 disputatione,
745 2608 885 2666 tum
920 2601 1120 2667 etiam
1155 2601 1225 2666 in
1262 2600 1413 2668 aula
1447 2622 1667 2669 coram
1705 2603 1981 2670 oonsilio
2015 2603 2199 2688 regio

266 2687 752 2768 propositionem
788 2687 1093 2752 abiurare
1128 2697 1195 2752 et
1228 2688 1493 2753 veniam
1533 2709 1573 2754 a
1618 2689 1798 2773 regia
1826 2690 2196 2770 Maiestate,

266 2770 440 2838 totius
482 2771 815 2839 facultatis
859 2773 1127 2839 nomine
1159 2774 1432 2856 precari.

411 2857 597 2923 Missi
644 2867 805 2924 sunt
845 2856 976 2924 duo
1019 2858 1255 2943 Legati
1270 2863 1329 2937 ⁷)
1372 2860 1442 2924 in
1488 2858 1928 2940 Provinciam,
1976 2860 2089 2944 qui
2125 2860 2197 2925 in

262 3214 507 3339 παῤ)
552 3218 823 3300 γαμέω
857 3218 937 3273 ad
965 3225 1191 3288 patrem.

264 3419 306 3472 Π
353 3286 501 3490 4623}
539 3354 713 3424 Quem
756 3325 938 3411 tamen
980 3363 1173 3424 postea
1219 3358 1560 3426 superstitem
1604 3371 1713 3412 non
1760 3355 1915 3412 vidit.
1985 3355 2198 3424 (Baium

263 3461 363 3613 ᾧ.
397 3465 604 3613 Ιέὲὼ
636 3509 745 3563 quo
781 3494 1008 3561 saepias
1040 3508 1232 3562 supra.
1293 3493 1578 3549 Θησέα-ηπ
1610 3500 1945 3563 proroyatus
1976 3494 2090 3558 fuit
2123 3492 2203 3548 ad

441 3628 499 3695 5)
534 3630 653 3686 παῖ.
701 3630 764 3683 iu
798 3629 1157 3697 Popincour&
1202 3630 1484 3698 faubourq
1528 3628 1588 3685 S.
1638 3629 1893 3695 diviciae,
1942 3630 2042 3685 ubi
2066 3644 2199 3698 pro-

262 3698 555 3753 testantium
599 3704 903 3754 coneum
946 3698 1214 3754 celebrari
1267 3698 1487 3753 solebat.
1574 3698 1871 3753 Habebaat
1909 3700 2201 3769 praeterea

260 3763 412 3819 alasa
454 3766 647 3832 boum,
695 3768 744 3821 le
793 3765 1118 3823 Patrios-che
1173 3766 1396 3835 dictum,
1442 3768 1507 3820 in
1549 3768 1810 3823 suburbio
1860 3766 1917 3820 8.
1968 3768 2199 3823 Marcel.

266 3830 326 3886 1·
358 3848 416 3888 eo
447 3842 718 3891 conventu
768 3835 836 3889 de
878 3852 988 3905 quo
1035 3836 1125 3891 laic
1169 3836 1409 3905 loquitur
1452 3835 1669 3891 decreta
1698 3837 1813 3901 fuit
1845 3837 2200 3908 elemosyna-

260 3916 364 3955 m
396 3904 1449 4040 Ἦαῖῗοῗηαιέιωὶἕῗτὲαξὲἶιὲἒωῐειαέΐθ
1464 3905 1505 4005 ,²⁶
1542 3903 1653 4028 1151}
1672 3904 1969 4043 limbriaco
2024 3973 2093 4028 de
2146 3975 2201 4027 la

392 4043 699 4097 e-enr-Yon
736 4047 795 4096 et
828 4042 900 4097 Μ.
938 4043 991 4095 le
1017 4041 1336 4096 chancolier
1370 4041 1537 4095 firent
1570 4042 1809 4111 plaincte
1845 4045 1879 4098 a
1906 4042 2201 4096 Messienrs

259 4107 319 4161 de
349 4109 399 4163 la
431 4110 603 4166 Conrt
638 4112 709 4165 de
743 4111 1057 4165 Parlcment
1101 4112 1171 4165 de
1214 4126 1278 4164 ce
1313 4110 1447 4179 qu’il
1482 4109 1692 4165 s’estoit
1736 4116 1899 4165 tenue
1935 4128 2040 4165 une
2075 4127 2201 4180 pro-

260 4179 475 4243 position
511 4196 617 4250 par
670 4198 745 4235 un
780 4179 1114 4249 Theologien
1152 4177 1330 4245 (Jcan
1376 4178 1705 4249 Tanquerel)
1749 4182 1845 4249 qni
1896 4179 2202 4234 demenroit

260 4260 317 4296 au
348 4248 547 4315 college
583 4248 655 4302 de
682 4249 990 4303 Hareconrt
1026 4265 1135 4317 que
1172 4247 1337 4315 Papa
1410 4252 1545 4303 otest
1578 4264 1731 4317 reyes
1764 4256 1815 4303 et
1847 4250 2203 4318 imperatores

260 4311 533 4372 unnim
759 4333 863 4373 ere.
944 4315 1031 4382 Gr.
1079 4315 1283 4371 Bulaei
1390 4320 1475 4370 ist.
1524 4318 1681 4371 univ.
1725 4316 1898 4372 Paris
1942 4318 2032 4372 VI.
2077 4314 2200 4372 545.

260 4409 315 4462 ἡ
348 4383 604 4455 Lmquet
734 4402 792 4457 p.
829 4386 898 4441 11.
938 4385 1055 4439 160.
1092 4385 1147 4439 ἀ.
1185 4386 1239 4440 d.
1272 4383 1359 4441 26.
1396 4385 1567 4440 Nov..·
1636 4385 1991 4440 Serbonistae
2024 4402 2203 4456 nuper

402 4462 592 4508 tarunt
635 4473 707 4508 an
759 4456 920 4509 liceat
966 4454 1219 4508 Pontifici
1272 4454 1426 4507 Rom.
1480 4471 1665 4524 regem
1718 4455 2051 4509 haereticum
2107 4461 2205 4509 aut

256 4519 644 4578 schismaticum
678 4531 775 4579 aut
809 4523 1180 4578 discedentem
1217 4524 1289 4576 ab
1323 4523 1638 4578 obedientia
1672 4524 1951 4594 pontificia
1984 4524 2203 4593 privare

257 4604 410 4658 regno
446 4598 503 4646 et
537 4610 767 4674 regnum
812 4594 982 4674 ipsius
1030 4593 1087 4645 in
1132 4592 1299 4673 alium
1345 4592 1666 4674 transferre.
1733 4593 1963 4673 Quidam
2015 4593 2208 4647 dicunt

258 4670 341 4711 coc
378 4661 725 4724 conclusisse,
760 4662 853 4715 alu
897 4661 1087 4715 dicunt
1138 4660 1275 4715 mh11
1321 4666 1458 4714 certi
1491 4666 1857 4716 constituisse.
1929 4661 2205 4732 Quidquid

257 4726 323 4779 sit
350 4731 714 4796 periculosum
764 4738 848 4784 est
894 4729 1028 4785 talia
1071 4729 1177 4784 hoc
1222 4735 1467 4795 tempore
1513 4747 1750 4785 movere.
1822 4731 1933 4784 Res
1978 4736 2065 4784 est
2109 4731 2206 4784 de·

256 4797 928 4938 ...ιῑέἑᾶᾚῖζαῗὲἕ
951 4798 1461 4937 ἳζὲἓῇξῗὲηὲᾞ
1482 4815 1606 4922 m⁰⁰⁸
1610 4801 2203 4923 .·{}¹‘¹0¹2³.333¹‹1‘12‘0⁸.¹¹‘¹¹¹⁸¹¹¹

294 5002 323 5013 ..
444 4934 501 5002 7)
530 4910 868 5003 ’Praefectus
889 4936 1225 4993 Provinciae
1242 4936 1310 4991 de
1329 4936 1611 4992 Flassans
1636 4943 2003 5006 protestantes
2036 4953 2103 4992 ex
2138 4953 2206 4993 ca

258 5015 430 5057 eiecere
461 5010 699 5059 conatus
727 5006 931 5072 fuerat.
1000 5003 1181 5075 Quum
1216 5005 1409 5061 turbas
1441 5006 1572 5062 inde
1605 5014 1772 5062 natas
1808 5006 2208 5063 Locumtenens

256 5072 424 5138 renim
480 5072 677 5127 Comes
736 5074 803 5129 de
864 5074 1075 5130 Tendes
1141 5089 1472 5142 compescere
1538 5089 1650 5131 aon
1695 5076 1968 5144 potuisset
1984 5115 1998 5139 ,
2049 5076 2209 5131 missi

257 5145 373 5195 nat
405 5140 695 5196 Cursolias
730 5159 852 5198 cum
886 5144 1062 5200 altero
1094 5145 1288 5213 leuato,
1325 5144 1394 5197 de
1410 5144 1633 5213 Fumea,
1668 5144 1840 5213 grand
1876 5149 2207 5215 rapportenr

254 5209 679 5341 &inp-arante?
693 5212 797 5335 832
831 5212 1011 5351 alguala.
1091 5209 1203 5280 Qun·
1252 5212 1305 5266 d.
1360 5211 1444 5267 10.
1479 5212 1616 5270 Dec.
1669 5229 1729 5269 eo
1771 5214 2009 5282 profecti
2055 5220 2202 5271 wat.

1940 358 2095 419 1561
2152 353 2563 421 DEOEMB.

4147 363 4267 422 158

2305 543 2576 610 sicarios
2655 550 2726 609 et
2798 542 3144 608 seditiosos
3207 539 3358 608 illos
3421 541 3782 625 inquirant.
3886 539 4186 606 Totidem
4215 547 4268 627 ⁸)

2306 628 2617 696 destinati
2682 639 2842 695 sunt
2904 630 3035 695 iam
3099 626 3361 710 pridem
3426 626 3785 704 occitania,
3863 626 3977 693 sed
4041 646 4270 694 eorum

2304 716 2503 800 culpa
2562 715 2779 781 adhuc
2822 714 3100 781 haerent
3141 714 3213 777 in
3257 713 3440 780 urbe.
3539 713 3576 777 I
3690 734 3776 779 ue
3818 733 3957 779 non
4000 734 4108 780 me
4151 715 4268 781 sed

2304 821 2377 866 se
2433 802 2612 886 ipsos
2668 810 2977 868 accusent
3031 807 3310 882 oportet.
3399 799 3600 882 Apud
3717 797 3994 865 adurcos
4017 802 4070 876 ⁹)
4115 821 4267 866 nar-

2303 897 2540 953 rantur
2582 891 2666 952 43
2711 909 2795 951 ex
2840 886 3086 952 nostris
3130 906 3263 951 uno
3306 885 3600 951 hostium
3637 886 3894 967 impetu
3937 885 4266 953 trucidati.

2305 970 2499 1054 Quae
2539 972 2893 1039 crudelitas
2952 992 3199 1050 omnes,
3258 980 3332 1035 ut
3376 990 3587 1053 spero,
3627 970 4080 1039 commovebit.
4147 972 4268 1037 Al-

2305 1055 2547 1124 biniaci
2610 1057 2841 1142 regulo
2867 1060 2955 1136 ¹⁰)
3023 1056 3166 1123 dies
3220 1056 3435 1122 dictus
3490 1068 3610 1136 est,
3689 1067 3768 1121 ut
3832 1077 4053 1123 coram
4110 1079 4268 1142 rege

2304 1145 2626 1211 rationem
2672 1142 2907 1210 reddat
2947 1143 3309 1208 multorum
3352 1164 3522 1226 quae
3557 1144 3626 1207 in
3671 1151 3932 1208 nostros
3966 1144 4269 1228 arguitur

2302 1229 2726 1297 commisisse.
2799 1228 3413 1296 Sacrocaesariensis
3454 1249 3690 1304 comes,
3718 1232 3803 1304 ¹¹)
3859 1230 3968 1311 qui
4016 1239 4085 1295 et
4124 1229 4266 1313 ipse

2302 1338 2436 1381 non
2480 1315 2709 1400 procul
2755 1315 3127 1381 Turonibus
3169 1312 3411 1380 dicitur
3459 1312 3618 1380 duos
3670 1315 4051 1393 trucidasse,
4100 1315 4268 1380 mul-

2303 1411 2410 1468 tos
2453 1402 2866 1482 vulnerasse,
2925 1400 3152 1466 domos
3195 1399 3582 1479 incendisse,
3641 1401 4023 1483 impetravit
4064 1408 4141 1465 ut
4185 1399 4268 1466 de

2305 1488 2430 1554 hoc
2484 1489 2658 1554 facto
2714 1490 2786 1552 in
2845 1488 3022 1570 regis
3078 1484 3350 1550 consilio
3410 1485 3820 1564 decernatur,
3873 1487 3983 1553 ubi
4037 1486 4269 1568 procul

2304 1571 2503 1725 dubgtli
2547 1573 3004 1652 obtinebimus,
3049 1573 3180 1637 nisi
3226 1572 3440 1636 omnis
3501 1572 3759 1638 iustitia
3799 1592 4070 1655 prorsus
4111 1572 4270 1638 hinc

2303 1680 2423 1726 exs
2495 1668 2579 1725 et.

2477 1745 2871 1828 Boryoinum
2905 1757 3200 1810 nostrum
3237 1742 3516 1810 miratus
3557 1764 3708 1809 sum
3750 1742 3834 1809 ad
3870 1743 4268 1809 Caldomon-

2303 1840 2500 1897 tanos
2527 1831 2610 1908 ι9)
2645 1831 2938 1908 missum,
2976 1830 3089 1913 qui
3123 1828 3314 1913 pauci
3349 1837 3508 1894 sunt
3542 1839 3608 1894 et
3641 1826 3940 1895 hostibus
3963 1830 4270 1912 proximi.

2302 1917 2580 1983 Mallem
2614 1935 3000 1982 concessum
3022 1915 3368 1980 Ambianis
3392 1914 3499 1979 vel
3523 1914 3962 1982 Rhenonibus
3997 1916 4109 1999 qui
4145 1936 4268 1984 nos

2304 2004 2447 2069 suis
2492 2001 2773 2067 assiduis
2815 2001 3334 2085 flagitationibus
3375 2000 3677 2085 fatigant.
3748 2001 3858 2066 Ex
3899 2002 4044 2067 istis
4079 2001 4268 2067 facile

2302 2088 2667 2171 intelliges,
2733 2088 2826 2152 mi
2889 2095 3098 2171 pater,
3167 2084 3536 2151 timendum
3590 2106 3724 2151 non
3780 2108 3943 2163 esse,
4008 2109 4091 2152 ne
4158 2088 4268 2153 vel

2305 2174 2547 2239 delitiis
2602 2172 2710 2239 vel
2754 2174 2887 2238 otio
2929 2192 3345 2240 marcescam.
3433 2172 3710 2238 Utinam
3754 2173 3868 2256 qui
3920 2172 4086 2238 mihi
4130 2173 4267 2239 ani-

2302 2281 2489 2325 mum
2533 2259 2768 2325 tribuit
2810 2280 2929 2343 pro
2972 2279 3092 2325 sua
3132 2257 3586 2324 misericordia
3642 2258 3820 2324 vires
3863 2261 4064 2324 etiam
4107 2280 4266 2343 sup-

2303 2346 2572 2429 peditet.
2643 2344 2937 2411 Coenam
2982 2342 3456 2411 celebravimus
3491 2343 3801 2410 Calendis
3835 2343 4035 2410 huius
4079 2366 4267 2410 men-

2304 2432 2399 2498 sis
2479 2433 2552 2497 in
2630 2439 2846 2497 castro
2922 2430 3097 2514 quod
3168 2438 3273 2496 est
3337 2428 3795 2514 Sangermano
3863 2431 4263 2515 contiguum.

2302 2517 2760 2584 Inter-fuerunt
2824 2515 3088 2583 circiter
3150 2516 3570 2600 septingenta
3639 2515 3857 2598 capita
3912 2526 3982 2582 et
4034 2518 4104 2581 in
4160 2515 4267 2582 his

2305 2603 2712 2681 Navarrena,
2776 2603 3206 2668 Admiraldus
3246 2622 3398 2668 cum
3442 2622 3647 2667 uxore
3690 2610 3759 2667 et
3800 2602 4115 2685 principis
4160 2623 4265 2668 so·

2302 2711 2473 2755 crus.
2502 2692 2589 2767 ¹³)
2676 2688 2848 2754 Nam
2895 2689 3204 2772 princeps
3245 2689 3386 2772 ipse
3423 2709 3573 2753 cum
3610 2707 3819 2754 uxore
3853 2709 3971 2771 per
4010 2687 4267 2755 valetu-

2304 2774 2526 2840 dinem
2593 2773 2821 2840 adesse
2887 2795 3019 2839 non
3078 2773 3309 2856 potuit.
3408 2773 3795 2857 Ringuntur
3855 2774 4068 2851 multi,
4149 2774 4266 2839 sed

2304 2860 2572 2927 frustra.
2654 2860 3051 2925 Trecensem
3094 2860 3472 2942 episcopum
3496 2863 3583 2940 ¹⁴)
3629 2860 3822 2924 audio
3880 2880 3999 2926 suo
4063 2860 4266 2925 etiam

2303 2946 2706 3029 episcopatui
2773 2945 3212 3011 renunciasse.
3318 2942 3455 3010 Sed
3521 2944 3647 3010 hoc
3712 2943 4004 3012 nondum
4070 2944 4267 3029 plane

2301 3031 2563 3100 rescivi.
2635 3027 2825 3112 Quae
2870 3030 2950 3097 de
2993 3038 3131 3097 tota
3171 3030 3288 3096 illa
3321 3050 3521 3096 causa
3558 3029 3880 3115 scripsisti
3914 3032 4152 3115 accepi,
4198 3037 4268 3097 et

2302 3138 2422 3202 pro
2465 3117 2549 3182 iis
2588 3137 2899 3201 magnam
2934 3118 3052 3184 tibi
3089 3116 3372 3201 gratiam
3408 3115 3620 3184 habeo
3653 3119 3951 3183 omnium
3986 3118 4268 3185 fratrum

2302 3203 2590 3282 nomine,
2636 3201 2876 3285 quibus
2918 3203 3031 3270 hic
3074 3209 3230 3269 tuus
3271 3202 3456 3268 labor
3491 3203 3617 3268 fuit
3651 3204 4085 3288 gratissimus.
4159 3201 4265 3268 De

2301 3288 2634 3354 Balduino
2657 3292 2743 3366 ¹⁵)
2797 3288 2911 3353 illo
2965 3287 3411 3355 infelicissimo
3464 3287 3621 3372 quid
3677 3289 3845 3354 mihi
3892 3287 4266 3356 faciendum

2300 3382 2513 3457 putes,
2560 3374 2726 3441 scire
2769 3375 3100 3460 percupio,
3146 3395 3270 3439 nec
3303 3374 3477 3440 ullae
3509 3394 3619 3441 me
3653 3394 3850 3441 curae
3883 3375 4263 3459 impedient,

2300 3461 2655 3543 quominus
2721 3460 3045 3528 desiderio
3113 3481 3276 3539 meo,
3356 3461 3412 3526 si
3458 3461 3579 3527 tibi
3642 3459 3990 3539 videbitur,
4072 3461 4264 3526 satis-

2299 3546 2554 3613 faciam.

2508 3768 2544 3823 8
2603 3769 2781 3823 Burie
2815 3774 2867 3823 ct
2902 3768 3149 3831 Mantus,
3184 3770 3274 3823 e‘
3403 3770 3647 3835 ifrater.

2510 3837 2546 3891 9
2604 3838 2865 3907 Lanyuet
2899 3837 2966 3890 11.
3007 3835 3121 3890 185.
3160 3782 3478 3893 Imm.
3524 3840 3644 3893 eccl.
3681 3840 3724 3890 Ι.
3759 3836 3891 3891 864.-
3966 3836 4037 3892 ln
4074 3853 4135 3893 eo
4169 3853 4266 3908 op-

2299 3907 2434 3976 pido
2473 3907 2624 3975 plebs
2670 3923 2707 3962 a
2751 3906 3126 3962 sacerdotibus
3178 3907 3416 3962 &citata
3461 3907 3519 3966 d.
3567 3904 3651 3961 15.
3705 3906 3848 3962 Noe.
3906 3905 4126 3962 domum
4169 3909 4269 3963 ubi

2298 3977 2722 4045 protestantium
2784 3981 3082 4031 conventus
3128 3976 3500 4031 celebrabatur
3550 3975 3804 4031 &cendio
3852 3975 4049 4030 delevit
4094 3981 4144 4033 et
4194 3975 4265 4028 Ω

2300 4045 2546 4101 homines
2590 4044 2883 4100 crudeliter
2935 4043 3252 4100 trucidavit.
3326 4043 3528 4099 Postea
3557 4050 3926 4112 protestantes
3957 4048 4267 4100 vicinorum

2302 4115 2545 4170 locorum
2570 4112 2647 4196 ‘de
2671 4112 3114 4236 Ctadurcensibus
3143 4128 3246 4181 per
3282 4115 3618 4168 occasionem
3651 4129 3884 4182 poenam
3918 4120 4268 4182 sumpserant

2303 4198 2432 4239 suos
2467 4183 2702 4239 ulciscen
2727 4198 2801 4236 es.

2481 4250 2575 4317 10)
2680 4251 2885 4317 aefecto
2920 4253 3071 4319 reqio
3105 4251 3168 4304 in
3202 4250 3465 4319 Aubiyny
3500 4249 3744 4334 (Berry).

2477 4318 2568 4382 11)
2603 4267 2704 4375 g„
2738 4319 2886 4373 Buis
2919 4323 3088 4375 comte
3122 4319 3188 4373 de
3225 4317 3511 4385 Sancus-e,
3544 4321 3858 4375 ministrum
3894 4335 4072 4375 senem
4115 4319 4262 4374 Lon·

2454 4389 2465 4400 “
2564 4389 2850 4455 interfecit.
2920 4388 3096 4456 (Hist.
3131 4387 3251 4443 eccl.
3288 4386 3356 4440 Π.
3393 4386 3541 4453 600.)

2479 4456 2574 4525 12)
2627 4456 2777 4512 Teste
2826 4456 2974 4511 Hist.
3022 4457 3146 4513 eccl.
3189 4456 3232 4509 1.
3283 4454 3385 4509 76⁷
3434 4457 3511 4511 ad
3557 4457 3844 4513 Treccuses
3886 4461 4088 4512 missas
4133 4458 4262 4523 fuit.

2308 4525 2600 4581 Fortassis
2632 4528 2696 4580 in
2728 4527 2923 4580 itinere
2958 4525 3136 4581 haesit
3167 4527 3230 4580 in
3268 4523 3587 4581 Chamon&

2480 4592 2571 4661 13)
2611 4594 2778 4649 Made
2819 4592 2888 4648 de
2926 4592 3016 4648 Ro
3055 4608 3098 4648 e.

2482 4662 2571 4725 14)
2611 4664 2688 4718 N.
2737 4660 2892 4716 3602.
3071 4702 3084 4715 .
3129 4660 3271 4717 3616
3305 4678 3383 4732 sq.
3421 4692 3488 4703 --
3527 4662 3797 4733 Lama,
3831 4679 3887 4731 p.
3928 4661 4058 4716 184:
4129 4663 4260 4715 Tre·

2306 4731 2538 4786 cassium
2587 4733 2874 4801 episcopus
2932 4733 3154 4786 omnino
3198 4733 3486 4787 constituit
3530 4749 3639 4786 non
3685 4733 3880 4785 cedere
3925 4734 4258 4813 episcopatu,

2306 4808 2365 4856 et
2409 4800 2579 4854 habet
2622 4807 2885 4869 patronos
2933 4817 3042 4854 non
3089 4800 3293 4870 parvae
3339 4802 3670 4866 autoritatis,
3717 4806 3775 4853 et
3821 4802 4072 4870 inprimis
4119 4801 4259 4856 Con·

2305 4870 2518 4935 dacum,
2564 4870 2760 4951 quibus
2807 4876 2895 4922 est
2938 4874 3156 4937 gratum
3201 4871 3314 4924 tale
3362 4870 3672 4939 exemplum
3707 4869 3890 4933 statui,
3929 4876 3987 4923 et
4020 4869 4117 4939 qui
4150 4886 4261 4924 non

2306 4938 2464 4992 facile
2499 4939 2671 5007 ipsius
2705 4938 3068 5007 patrocinium
3118 4937 3388 4993 deserent.
3460 4939 3775 4993 Accersitus
3811 4944 3896 4990 est
3931 4939 4038 4992 iam
4075 4939 4130 4991 in
4168 4957 4261 4992 an·

2305 5009 2431 5072 lam,
2479 5008 2574 5062 nbi
2622 5008 2741 5060 heri
2784 5007 2967 5063 audivi
3022 5024 3146 5061 eum
3190 5007 3598 5062 concionantem
3652 5007 3708 5059 in
3754 5006 3980 5060 aedibus
4023 5006 4265 5062 Condsei

2308 5091 2431 5131 cum
2467 5076 2704 5130 maximo
2723 5077 2988 5144 applausu
3024 5094 3213 5131 eorum
3249 5078 3352 5146 qui·
3379 5082 3509 5129 sunt
3532 5081 3754 5129 nostrae
3787 5075 3886 5129 reli
3924 5076 4080 5131 ionis.
4135 5076 4260 5133 Non

2306 5145 2451 5199 enim
2497 5145 2603 5213 ipsi
2650 5144 2806 5199 deest
2850 5145 3088 5200 eruditio
3135 5163 3235 5200 nec
3289 5145 3537 5200 facundia
3586 5149 3642 5198 et
3695 5160 3858 5213 quam
3985 5147 4058 5200 eit
4090 5144 4262 5200 Italus

2307 5214 2588 5349 91633111ῐέῡῖ
2609 5214 3087 5336 ἶναωέἕιῖὲοςυίιιιι·
3119 5215 3328 5283 gallice.
