<?xml version="1.0" encoding="UTF-8"?>
<!DOCTYPE html PUBLIC "-//W3C//DTD XHTML 1.0 Transitional//EN"
    "http://www.w3.org/TR/xhtml1/DTD/xhtml1-transitional.dtd">
<html xmlns="http://www.w3.org/1999/xhtml" xml:lang="en" lang="en">
 <head>
  <title>
</title>
<meta http-equiv="Content-Type" content="text/html;charset=utf-8" />
  <meta name='ocr-system' content='tesseract 3.04.00' />
  <meta name='ocr-capabilities' content='ocr_page ocr_carea ocr_par ocr_line ocrx_word'/>
</head>
<body>
  <div class='ocr_page' id='page_1' title='image "./ioanniscalvinio12unkngoog/ioanniscalvinio12unkngoog_0513.png"; bbox 0 0 4900 6125; ppageno 0'>
   <div class='ocr_carea' id='block_1_1' title="bbox 66 0 4775 415">
    <p class='ocr_par' dir='ltr' id='par_1_1' title="bbox 66 0 4775 415">
     <span class='ocr_line' id='line_1_1' title="bbox 66 0 4775 415; baseline 0 5710"><span class='ocrx_word' id='word_1_1' title='bbox 66 0 4775 415; x_wconf 95' lang='lat' dir='ltr'><strong><em> </em></strong></span> 
     </span>
    </p>
   </div>
   <div class='ocr_carea' id='block_1_2' title="bbox 187 449 386 512">
    <p class='ocr_par' dir='ltr' id='par_1_2' title="bbox 187 449 386 512">
     <span class='ocr_line' id='line_1_2' title="bbox 187 449 386 512; baseline -0.01 -1"><span class='ocrx_word' id='word_1_2' title='bbox 187 449 386 512; x_wconf 72' lang='lat'><strong><em>213</em></strong></span> 
     </span>
    </p>
   </div>
   <div class='ocr_carea' id='block_1_3' title="bbox 191 633 2269 1475">
    <p class='ocr_par' dir='ltr' id='par_1_3' title="bbox 191 633 2269 1475">
     <span class='ocr_line' id='line_1_3' title="bbox 191 633 2266 719; baseline -0 -19"><span class='ocrx_word' id='word_1_3' title='bbox 191 641 524 700; x_wconf 80' lang='lat' dir='ltr'><strong><em>mento</em></strong></span> <span class='ocrx_word' id='word_1_4' title='bbox 588 634 761 717; x_wconf 86' lang='lat' dir='ltr'><strong><em>quod</em></strong></span> <span class='ocrx_word' id='word_1_5' title='bbox 823 636 1135 719; x_wconf 84' lang='lat' dir='ltr'><strong><em>Aquense</em></strong></span> <span class='ocrx_word' id='word_1_6' title='bbox 1201 645 1477 703; x_wconf 88' lang='lat' dir='ltr'><strong><em>vocatur</em></strong></span> <span class='ocrx_word' id='word_1_7' title='bbox 1557 636 1740 702; x_wconf 89' lang='lat' dir='ltr'><strong><em>omni</em></strong></span> <span class='ocrx_word' id='word_1_8' title='bbox 1814 633 2266 701; x_wconf 88' lang='lat' dir='ltr'><strong><em>iurisdictione</em></strong></span> 
     </span>
     <span class='ocr_line' id='line_1_4' title="bbox 195 717 2267 806; baseline -0.001 -20"><span class='ocrx_word' id='word_1_9' title='bbox 195 717 726 786; x_wconf 82' lang='lat' dir='ltr'><strong><em>interdictum</em></strong></span> <span class='ocrx_word' id='word_1_10' title='bbox 771 730 873 787; x_wconf 92' lang='lat' dir='ltr'><strong><em>est</em></strong></span> <span class='ocrx_word' id='word_1_11' title='bbox 895 725 947 799; x_wconf 61' lang='grc' dir='ltr'><strong><em>ὅ)</em></strong></span> <span class='ocrx_word' id='word_1_12' title='bbox 1007 723 1329 806; x_wconf 79' lang='lat' dir='ltr'><strong>tantisper</strong></span> <span class='ocrx_word' id='word_1_13' title='bbox 1373 720 1531 789; x_wconf 90' lang='lat' dir='ltr'><strong><em>dum</em></strong></span> <span class='ocrx_word' id='word_1_14' title='bbox 1576 721 1902 787; x_wconf 86' lang='lat' dir='ltr'><strong><em>rationem</em></strong></span> <span class='ocrx_word' id='word_1_15' title='bbox 1968 719 2267 786; x_wconf 86' lang='lat' dir='ltr'><strong><em>reddide-</em></strong></span> 
     </span>
     <span class='ocr_line' id='line_1_5' title="bbox 197 805 2268 891; baseline -0 -19"><span class='ocrx_word' id='word_1_16' title='bbox 197 808 404 872; x_wconf 83' lang='lat' dir='ltr'>rint</span> <span class='ocrx_word' id='word_1_17' title='bbox 513 806 936 889; x_wconf 85' lang='lat' dir='ltr'><strong><em>pacificatorii</em></strong></span> <span class='ocrx_word' id='word_1_18' title='bbox 1016 808 1209 874; x_wconf 87' lang='lat' dir='ltr'><strong><em>edicti</em></strong></span> <span class='ocrx_word' id='word_1_19' title='bbox 1292 829 1429 873; x_wconf 90' lang='lat' dir='ltr'><strong><em>non</em></strong></span> <span class='ocrx_word' id='word_1_20' title='bbox 1507 807 1840 891; x_wconf 87' lang='lat' dir='ltr'><strong><em>publicati.</em></strong></span> <span class='ocrx_word' id='word_1_21' title='bbox 1950 805 2268 872; x_wconf 87' lang='lat' dir='ltr'><strong><em>Delectae</em></strong></span> 
     </span>
     <span class='ocr_line' id='line_1_6' title="bbox 198 890 2269 979; baseline -0.001 -21"><span class='ocrx_word' id='word_1_22' title='bbox 198 892 504 958; x_wconf 73' lang='lat' dir='ltr'><strong><em>etiam</em></strong></span> <span class='ocrx_word' id='word_1_23' title='bbox 547 890 773 958; x_wconf 88' lang='lat' dir='ltr'><strong><em>decem</em></strong></span> <span class='ocrx_word' id='word_1_24' title='bbox 819 900 1079 960; x_wconf 89' lang='lat' dir='ltr'><strong><em>turmae</em></strong></span> <span class='ocrx_word' id='word_1_25' title='bbox 1134 892 1427 979; x_wconf 86' lang='lat' dir='ltr'><strong><em>peditum</em></strong></span> <span class='ocrx_word' id='word_1_26' title='bbox 1473 894 1709 977; x_wconf 90' lang='lat' dir='ltr'><strong><em>quibus</em></strong></span> <span class='ocrx_word' id='word_1_27' title='bbox 1751 893 2120 977; x_wconf 76' lang='lat' dir='ltr'><strong>praefectus</strong></span> <span class='ocrx_word' id='word_1_28' title='bbox 2164 900 2269 958; x_wconf 90' lang='lat' dir='ltr'><strong><em>est</em></strong></span> 
     </span>
     <span class='ocr_line' id='line_1_7' title="bbox 198 976 2268 1066; baseline -0.002 -20"><span class='ocrx_word' id='word_1_29' title='bbox 198 976 541 1046; x_wconf 82' lang='lat' dir='ltr'><strong><em>nobilis</em></strong></span> <span class='ocrx_word' id='word_1_30' title='bbox 607 977 872 1060; x_wconf 91' lang='lat' dir='ltr'><strong><em>quidam</em></strong></span> <span class='ocrx_word' id='word_1_31' title='bbox 940 981 1062 1060; x_wconf 86' lang='lat' dir='ltr'><strong><em>vir,</em></strong></span> <span class='ocrx_word' id='word_1_32' title='bbox 1124 981 1275 1066; x_wconf 87' lang='lat' dir='ltr'><strong><em>pius</em></strong></span> <span class='ocrx_word' id='word_1_33' title='bbox 1341 991 1409 1044; x_wconf 91' lang='lat' dir='ltr'><strong><em>et</em></strong></span> <span class='ocrx_word' id='word_1_34' title='bbox 1464 987 1788 1058; x_wconf 88' lang='lat' dir='ltr'><strong><em>strenuus,</em></strong></span> <span class='ocrx_word' id='word_1_35' title='bbox 1852 977 1937 1044; x_wconf 87' lang='lat' dir='ltr'><strong><em>ad</em></strong></span> <span class='ocrx_word' id='word_1_36' title='bbox 1994 978 2143 1043; x_wconf 91' lang='lat' dir='ltr'><strong><em>illos</em></strong></span> <span class='ocrx_word' id='word_1_37' title='bbox 2199 978 2268 1043; x_wconf 92' lang='lat' dir='ltr'><strong><em>vi</em></strong></span> 
     </span>
     <span class='ocr_line' id='line_1_8' title="bbox 203 1061 2266 1150; baseline 0 -20"><span class='ocrx_word' id='word_1_38' title='bbox 203 1084 572 1149; x_wconf 82' lang='lat' dir='ltr'><strong><em>quoque,</em></strong></span> <span class='ocrx_word' id='word_1_39' title='bbox 617 1063 674 1130; x_wconf 90' lang='lat' dir='ltr'><strong><em>si</em></strong></span> <span class='ocrx_word' id='word_1_40' title='bbox 718 1086 885 1147; x_wconf 86' lang='lat' dir='ltr'><strong><em>opus</em></strong></span> <span class='ocrx_word' id='word_1_41' title='bbox 918 1065 1025 1144; x_wconf 90' lang='lat' dir='ltr'><strong><em>sit,</em></strong></span> <span class='ocrx_word' id='word_1_42' title='bbox 1073 1066 1594 1150; x_wconf 86' lang='lat' dir='ltr'><strong><em>compescendos.</em></strong></span> <span class='ocrx_word' id='word_1_43' title='bbox 1672 1065 1818 1130; x_wconf 92' lang='lat' dir='ltr'><strong><em>Iam</em></strong></span> <span class='ocrx_word' id='word_1_44' title='bbox 1862 1079 2020 1148; x_wconf 83' lang='lat' dir='ltr'><strong><em>ergo</em></strong></span> <span class='ocrx_word' id='word_1_45' title='bbox 2063 1061 2266 1144; x_wconf 84' lang='lat' dir='ltr'><strong><em>vides,</em></strong></span> 
     </span>
     <span class='ocr_line' id='line_1_9' title="bbox 203 1148 2266 1234; baseline -0 -19"><span class='ocrx_word' id='word_1_46' title='bbox 203 1151 340 1216; x_wconf 87' lang='lat' dir='ltr'><strong><em>mi</em></strong></span> <span class='ocrx_word' id='word_1_47' title='bbox 405 1157 640 1233; x_wconf 86' lang='lat' dir='ltr'><strong><em>pater,</em></strong></span> <span class='ocrx_word' id='word_1_48' title='bbox 685 1171 882 1234; x_wconf 89' lang='lat' dir='ltr'><strong><em>quam</em></strong></span> <span class='ocrx_word' id='word_1_49' title='bbox 928 1151 1159 1217; x_wconf 92' lang='lat' dir='ltr'><strong><em>multis</em></strong></span> <span class='ocrx_word' id='word_1_50' title='bbox 1196 1151 1529 1218; x_wconf 84' lang='lat' dir='ltr'><strong><em>beneflciis</em></strong></span> <span class='ocrx_word' id='word_1_51' title='bbox 1567 1173 1699 1216; x_wconf 91' lang='lat' dir='ltr'><strong><em>uno</em></strong></span> <span class='ocrx_word' id='word_1_52' title='bbox 1734 1161 1802 1217; x_wconf 94' lang='lat' dir='ltr'><strong><em>et</em></strong></span> <span class='ocrx_word' id='word_1_53' title='bbox 1835 1148 2061 1216; x_wconf 87' lang='lat' dir='ltr'><strong><em>eodem</em></strong></span> <span class='ocrx_word' id='word_1_54' title='bbox 2100 1160 2266 1214; x_wconf 92' lang='lat' dir='ltr'><strong><em>tem-</em></strong></span> 
     </span>
     <span class='ocr_line' id='line_1_10' title="bbox 279 1234 2263 1303; baseline -0.001 -1"><span class='ocrx_word' id='word_1_55' title='bbox 279 1256 444 1302; x_wconf 79' lang='lat' dir='ltr'><strong><em>ore</em></strong></span> <span class='ocrx_word' id='word_1_56' title='bbox 518 1234 703 1301; x_wconf 89' lang='lat' dir='ltr'><strong><em>Deus</em></strong></span> <span class='ocrx_word' id='word_1_57' title='bbox 763 1243 988 1301; x_wconf 88' lang='lat' dir='ltr'><strong><em>noster</em></strong></span> <span class='ocrx_word' id='word_1_58' title='bbox 1044 1257 1166 1302; x_wconf 91' lang='lat' dir='ltr'><strong><em>nos</em></strong></span> <span class='ocrx_word' id='word_1_59' title='bbox 1225 1238 1488 1303; x_wconf 88' lang='lat' dir='ltr'><strong><em>afficiat.</em></strong></span> <span class='ocrx_word' id='word_1_60' title='bbox 1536 1270 2263 1286; x_wconf 76' lang='lat'>——————</span> 
     </span>
     <span class='ocr_line' id='line_1_11' title="bbox 316 1318 2266 1407; baseline 0.002 -25"><span class='ocrx_word' id='word_1_61' title='bbox 316 1369 334 1382; x_wconf 92' lang='lat'><strong><em>.</em></strong></span> <span class='ocrx_word' id='word_1_62' title='bbox 407 1318 742 1387; x_wconf 76' lang='lat' dir='ltr'><strong><em>Calvinus</em></strong></span> <span class='ocrx_word' id='word_1_63' title='bbox 784 1329 853 1386; x_wconf 93' lang='lat' dir='ltr'><strong><em>et</em></strong></span> <span class='ocrx_word' id='word_1_64' title='bbox 896 1322 1182 1407; x_wconf 79' lang='lat' dir='ltr'>collegae</span> <span class='ocrx_word' id='word_1_65' title='bbox 1238 1343 1467 1388; x_wconf 90' lang='lat' dir='ltr'><strong><em>omnes</em></strong></span> <span class='ocrx_word' id='word_1_66' title='bbox 1510 1322 1738 1389; x_wconf 88' lang='lat' dir='ltr'><strong><em>valent</em></strong></span> <span class='ocrx_word' id='word_1_67' title='bbox 1755 1323 1815 1406; x_wconf 77' lang='lat'><strong><em>⁶)</em></strong></span> <span class='ocrx_word' id='word_1_68' title='bbox 1875 1331 1943 1388; x_wconf 89' lang='lat' dir='ltr'><strong><em>et</em></strong></span> <span class='ocrx_word' id='word_1_69' title='bbox 2007 1329 2074 1386; x_wconf 88' lang='lat' dir='ltr'><strong><em>te</em></strong></span> <span class='ocrx_word' id='word_1_70' title='bbox 2117 1320 2266 1404; x_wconf 90' lang='lat' dir='ltr'><strong><em>plu-</em></strong></span> 
     </span>
     <span class='ocr_line' id='line_1_12' title="bbox 209 1406 2007 1475; baseline -0.001 -2"><span class='ocrx_word' id='word_1_71' title='bbox 209 1408 539 1474; x_wconf 82' lang='lat' dir='ltr'><strong><em>rimum</em></strong></span> <span class='ocrx_word' id='word_1_72' title='bbox 583 1407 898 1473; x_wconf 87' lang='lat' dir='ltr'><strong><em>salutant.</em></strong></span> <span class='ocrx_word' id='word_1_73' title='bbox 973 1408 1292 1474; x_wconf 85' lang='lat' dir='ltr'><strong><em>Genevae</em></strong></span> <span class='ocrx_word' id='word_1_74' title='bbox 1336 1417 1572 1475; x_wconf 91' lang='lat' dir='ltr'><strong><em>octava</em></strong></span> <span class='ocrx_word' id='word_1_75' title='bbox 1602 1406 2007 1475; x_wconf 74' lang='lat' dir='ltr'><strong>Decembris.</strong></span> 
     </span>
    </p>
   </div>
   <div class='ocr_carea' id='block_1_4' title="bbox 1669 1545 2094 1611">
    <p class='ocr_par' dir='ltr' id='par_1_4' title="bbox 1669 1545 2094 1611">
     <span class='ocr_line' id='line_1_13' title="bbox 1669 1545 2094 1611; baseline -0.005 -2"><span class='ocrx_word' id='word_1_76' title='bbox 1669 1545 1852 1611; x_wconf 77' lang='lat' dir='ltr'><strong><em>Tuus</em></strong></span> <span class='ocrx_word' id='word_1_77' title='bbox 1894 1546 2094 1610; x_wconf 85' lang='lat' dir='ltr'><strong><em>Beza.</em></strong></span> 
     </span>
    </p>
   </div>
   <div class='ocr_carea' id='block_1_5' title="bbox 1219 1840 1478 1847">
    <p class='ocr_par' dir='ltr' id='par_1_5' title="bbox 1219 1840 1478 1847">
     <span class='ocr_line' id='line_1_14' title="bbox 1219 1840 1478 1847; baseline 0.008 -1"><span class='ocrx_word' id='word_1_78' title='bbox 1219 1841 1340 1846; x_wconf 53' lang='lat'><strong><em>—·⁴.-</em></strong></span> <span class='ocrx_word' id='word_1_79' title='bbox 1371 1840 1478 1847; x_wconf 81' lang='lat'><strong><em>-—</em></strong></span> 
     </span>
    </p>
   </div>
   <div class='ocr_carea' id='block_1_6' title="bbox 770 2090 1789 2328">
    <p class='ocr_par' dir='ltr' id='par_1_6' title="bbox 770 2090 1789 2328">
     <span class='ocr_line' id='line_1_15' title="bbox 1177 2090 1381 2160; baseline 0.005 -1"><span class='ocrx_word' id='word_1_80' title='bbox 1177 2090 1381 2160; x_wconf 78' lang='lat'><strong><em>4058.</em></strong></span> 
     </span>
     <span class='ocr_line' id='line_1_16' title="bbox 770 2260 1789 2328; baseline 0.001 -2"><span class='ocrx_word' id='word_1_81' title='bbox 770 2260 1309 2328; x_wconf 78' lang='lat' dir='ltr'><strong>GALLASIUS</strong></span> <span class='ocrx_word' id='word_1_82' title='bbox 1348 2261 1789 2328; x_wconf 83' lang='lat' dir='ltr'><strong><em>GALVINO.</em></strong></span> 
     </span>
    </p>
   </div>
   <div class='ocr_carea' id='block_1_7' title="bbox 251 2431 2266 2602">
    <p class='ocr_par' dir='ltr' id='par_1_7' title="bbox 251 2431 2266 2602">
     <span class='ocr_line' id='line_1_17' title="bbox 475 2431 2266 2516; baseline 0 -18"><span class='ocrx_word' id='word_1_83' title='bbox 475 2432 685 2498; x_wconf 78' lang='lat' dir='ltr'><strong><em>Varia</em></strong></span> <span class='ocrx_word' id='word_1_84' title='bbox 731 2431 922 2513; x_wconf 75' lang='lat' dir='ltr'><strong><em>refert</em></strong></span> <span class='ocrx_word' id='word_1_85' title='bbox 955 2432 1042 2497; x_wconf 81' lang='lat' dir='ltr'><strong><em>ad</em></strong></span> <span class='ocrx_word' id='word_1_86' title='bbox 1069 2431 1327 2499; x_wconf 80' lang='lat' dir='ltr'><strong><em>Galliae</em></strong></span> <span class='ocrx_word' id='word_1_87' title='bbox 1358 2454 1463 2498; x_wconf 78' lang='lat' dir='ltr'><strong><em>res</em></strong></span> <span class='ocrx_word' id='word_1_88' title='bbox 1491 2433 1896 2516; x_wconf 75' lang='lat' dir='ltr'><strong><em>pertinentia,</em></strong></span> <span class='ocrx_word' id='word_1_89' title='bbox 1934 2434 2096 2498; x_wconf 76' lang='lat' dir='ltr'><strong><em>inter</em></strong></span> <span class='ocrx_word' id='word_1_90' title='bbox 2127 2433 2266 2498; x_wconf 80' lang='lat' dir='ltr'><strong><em>alia</em></strong></span> 
     </span>
     <span class='ocr_line' id='line_1_18' title="bbox 251 2517 2255 2602; baseline -0.001 -16"><span class='ocrx_word' id='word_1_91' title='bbox 251 2517 736 2586; x_wconf 74' lang='lat' dir='ltr'><strong><em>Perrucellum</em></strong></span> <span class='ocrx_word' id='word_1_92' title='bbox 771 2517 1060 2583; x_wconf 76' lang='lat' dir='ltr'><strong><em>Lutetiae</em></strong></span> <span class='ocrx_word' id='word_1_93' title='bbox 1108 2520 1313 2584; x_wconf 73' lang='lat' dir='ltr'><strong><em>amis</em></strong></span> <span class='ocrx_word' id='word_1_94' title='bbox 1355 2519 1707 2602; x_wconf 72' lang='lat' dir='ltr'><strong><em>impetitum</em></strong></span> <span class='ocrx_word' id='word_1_95' title='bbox 1747 2523 1804 2584; x_wconf 80' lang='lat' dir='ltr'><strong><em>et</em></strong></span> <span class='ocrx_word' id='word_1_96' title='bbox 1844 2518 2255 2585; x_wconf 75' lang='lat' dir='ltr'><strong><em>vulneratum.</em></strong></span> 
     </span>
    </p>
   </div>
   <div class='ocr_carea' id='block_1_8' title="bbox 600 2704 1953 2776">
    <p class='ocr_par' dir='ltr' id='par_1_8' title="bbox 600 2704 1953 2776">
     <span class='ocr_line' id='line_1_19' title="bbox 600 2704 1953 2776; baseline -0.001 -16"><span class='ocrx_word' id='word_1_97' title='bbox 600 2705 712 2771; x_wconf 72' lang='lat'>(1⁴31</span> <span class='ocrx_word' id='word_1_98' title='bbox 750 2706 1091 2776; x_wconf 78' lang='lat' dir='ltr'><strong><em>autographo</em></strong></span> <span class='ocrx_word' id='word_1_99' title='bbox 1126 2706 1260 2761; x_wconf 86' lang='lat' dir='ltr'><strong><em>Ood.</em></strong></span> <span class='ocrx_word' id='word_1_100' title='bbox 1296 2707 1500 2761; x_wconf 85' lang='lat' dir='ltr'><strong><em>Genev.</em></strong></span> <span class='ocrx_word' id='word_1_101' title='bbox 1523 2705 1642 2775; x_wconf 83' lang='lat'>112,</span> <span class='ocrx_word' id='word_1_102' title='bbox 1679 2706 1772 2761; x_wconf 74' lang='lat' dir='ltr'><strong><em>fol.</em></strong></span> <span class='ocrx_word' id='word_1_103' title='bbox 1806 2704 1953 2772; x_wconf 75' lang='lat'><strong><em>208.)</em></strong></span> 
     </span>
    </p>
   </div>
   <div class='ocr_carea' id='block_1_9' title="bbox 263 2875 2263 3115">
    <p class='ocr_par' dir='ltr' id='par_1_9' title="bbox 263 2875 2263 3115">
     <span class='ocr_line' id='line_1_20' title="bbox 263 2875 2263 2943; baseline -0.002 0"><span class='ocrx_word' id='word_1_104' title='bbox 263 2876 680 2943; x_wconf 82' lang='lat' dir='ltr'><strong><em>Clarissimo</em></strong></span> <span class='ocrx_word' id='word_1_105' title='bbox 725 2877 871 2943; x_wconf 89' lang='lat' dir='ltr'><strong><em>viro</em></strong></span> <span class='ocrx_word' id='word_1_106' title='bbox 915 2877 999 2942; x_wconf 88' lang='lat' dir='ltr'><strong><em>D.</em></strong></span> <span class='ocrx_word' id='word_1_107' title='bbox 1046 2876 1284 2943; x_wconf 83' lang='lat' dir='ltr'><strong><em>Oarolo</em></strong></span> <span class='ocrx_word' id='word_1_108' title='bbox 1328 2876 1622 2943; x_wconf 86' lang='lat' dir='ltr'><strong><em>Passelio</em></strong></span> <span class='ocrx_word' id='word_1_109' title='bbox 1665 2876 1977 2942; x_wconf 88' lang='lat' dir='ltr'><strong><em>ecclesiae</em></strong></span> <span class='ocrx_word' id='word_1_110' title='bbox 2012 2875 2263 2942; x_wconf 80' lang='lat' dir='ltr'>Christi</span> 
     </span>
     <span class='ocr_line' id='line_1_21' title="bbox 265 2961 2262 3115; baseline -0.001 -87"><span class='ocrx_word' id='word_1_111' title='bbox 265 2962 679 3029; x_wconf 79' lang='lat' dir='ltr'><strong><em>fidelissimo</em></strong></span> <span class='ocrx_word' id='word_1_112' title='bbox 721 2964 969 3045; x_wconf 91' lang='lat' dir='ltr'><strong><em>pastori</em></strong></span> <span class='ocrx_word' id='word_1_113' title='bbox 1013 2964 1208 3114; x_wconf 51' lang='lat' dir='ltr'><strong><em>pagi1</em></strong></span> <span class='ocrx_word' id='word_1_114' title='bbox 1213 2971 1365 3115; x_wconf 54' lang='lat' dir='ltr'><strong><em>deigsi</em></strong></span> <span class='ocrx_word' id='word_1_115' title='bbox 1359 2970 1769 3115; x_wconf 53' lang='grc' dir='ltr'><strong><em>ἶῗωγειαο</em></strong></span> <span class='ocrx_word' id='word_1_116' title='bbox 1823 2961 1988 3026; x_wconf 88' lang='lat' dir='ltr'><strong><em>mihi</em></strong></span> <span class='ocrx_word' id='word_1_117' title='bbox 2043 2962 2262 3028; x_wconf 89' lang='lat' dir='ltr'><strong><em>obser-</em></strong></span> 
     </span>
    </p>
   </div>
   <div class='ocr_carea' id='block_1_10' title="bbox 281 3218 2272 4332">
    <p class='ocr_par' dir='ltr' id='par_1_10' title="bbox 281 3218 2272 4332">
     <span class='ocr_line' id='line_1_22' title="bbox 466 3218 2268 3300; baseline 0 -14"><span class='ocrx_word' id='word_1_118' title='bbox 466 3218 544 3286; x_wconf 79' lang='lat' dir='ltr'><strong><em>S.</em></strong></span> <span class='ocrx_word' id='word_1_119' title='bbox 603 3218 934 3300; x_wconf 79' lang='lat' dir='ltr'><strong>Quoniam</strong></span> <span class='ocrx_word' id='word_1_120' title='bbox 993 3228 1150 3284; x_wconf 88' lang='lat' dir='ltr'><strong><em>ante</em></strong></span> <span class='ocrx_word' id='word_1_121' title='bbox 1205 3228 1351 3286; x_wconf 91' lang='lat' dir='ltr'><strong><em>octo</em></strong></span> <span class='ocrx_word' id='word_1_122' title='bbox 1408 3219 1549 3286; x_wconf 90' lang='lat' dir='ltr'><strong><em>dies</em></strong></span> <span class='ocrx_word' id='word_1_123' title='bbox 1614 3219 1695 3285; x_wconf 91' lang='lat' dir='ltr'><strong><em>de</em></strong></span> <span class='ocrx_word' id='word_1_124' title='bbox 1762 3219 1957 3286; x_wconf 90' lang='lat' dir='ltr'><strong><em>rebus</em></strong></span> <span class='ocrx_word' id='word_1_125' title='bbox 2022 3222 2268 3287; x_wconf 85' lang='lat' dir='ltr'><strong><em>nostris</em></strong></span> 
     </span>
     <span class='ocr_line' id='line_1_23' title="bbox 281 3304 2265 3388; baseline 0.001 -18"><span class='ocrx_word' id='word_1_126' title='bbox 281 3304 562 3371; x_wconf 88' lang='lat' dir='ltr'><strong><em>abunde</em></strong></span> <span class='ocrx_word' id='word_1_127' title='bbox 603 3306 730 3370; x_wconf 87' lang='lat' dir='ltr'><strong><em>scri</em></strong></span> <span class='ocrx_word' id='word_1_128' title='bbox 780 3305 855 3382; x_wconf 89' lang='lat' dir='ltr'><strong><em>si,</em></strong></span> <span class='ocrx_word' id='word_1_129' title='bbox 882 3309 931 3382; x_wconf 81' lang='lat'><strong><em>¹)</em></strong></span> <span class='ocrx_word' id='word_1_130' title='bbox 977 3305 1094 3369; x_wconf 87' lang='lat' dir='ltr'><strong><em>vix</em></strong></span> <span class='ocrx_word' id='word_1_131' title='bbox 1139 3316 1478 3387; x_wconf 78' lang='lat' dir='ltr'><strong><em>supererat</em></strong></span> <span class='ocrx_word' id='word_1_132' title='bbox 1513 3306 1683 3388; x_wconf 90' lang='lat' dir='ltr'><strong><em>quod</em></strong></span> <span class='ocrx_word' id='word_1_133' title='bbox 1722 3326 1900 3370; x_wconf 90' lang='lat' dir='ltr'><strong><em>nunc</em></strong></span> <span class='ocrx_word' id='word_1_134' title='bbox 1936 3305 2265 3385; x_wconf 79' lang='lat' dir='ltr'><strong><em>adderem,</em></strong></span> 
     </span>
     <span class='ocr_line' id='line_1_24' title="bbox 287 3388 2268 3474; baseline 0.001 -19"><span class='ocrx_word' id='word_1_135' title='bbox 287 3400 408 3455; x_wconf 88' lang='lat' dir='ltr'><strong><em>aut</em></strong></span> <span class='ocrx_word' id='word_1_136' title='bbox 478 3390 639 3474; x_wconf 91' lang='lat' dir='ltr'><strong><em>quid</em></strong></span> <span class='ocrx_word' id='word_1_137' title='bbox 753 3388 1066 3457; x_wconf 86' lang='lat' dir='ltr'><strong><em>iscedenti</em></strong></span> <span class='ocrx_word' id='word_1_138' title='bbox 1131 3390 1402 3455; x_wconf 80' lang='lat' dir='ltr'><strong><em>Rabirio</em></strong></span> <span class='ocrx_word' id='word_1_139' title='bbox 1469 3402 1537 3456; x_wconf 86' lang='lat' dir='ltr'><strong><em>et</em></strong></span> <span class='ocrx_word' id='word_1_140' title='bbox 1596 3392 1858 3474; x_wconf 84' lang='lat' dir='ltr'><strong><em>roganti</em></strong></span> <span class='ocrx_word' id='word_1_141' title='bbox 1923 3389 2268 3457; x_wconf 88' lang='lat' dir='ltr'><strong><em>literarum</em></strong></span> 
     </span>
     <span class='ocr_line' id='line_1_25' title="bbox 288 3475 2266 3559; baseline 0.001 -19"><span class='ocrx_word' id='word_1_142' title='bbox 288 3476 550 3553; x_wconf 87' lang='lat' dir='ltr'><strong><em>darem,</em></strong></span> <span class='ocrx_word' id='word_1_143' title='bbox 594 3477 720 3540; x_wconf 90' lang='lat' dir='ltr'><strong><em>nisi</em></strong></span> <span class='ocrx_word' id='word_1_144' title='bbox 767 3497 872 3541; x_wconf 92' lang='lat' dir='ltr'><strong><em>me</em></strong></span> <span class='ocrx_word' id='word_1_145' title='bbox 915 3496 1191 3559; x_wconf 88' lang='lat' dir='ltr'><strong><em>propere</em></strong></span> <span class='ocrx_word' id='word_1_146' title='bbox 1215 3478 1492 3541; x_wconf 86' lang='lat' dir='ltr'><strong><em>nimium</em></strong></span> <span class='ocrx_word' id='word_1_147' title='bbox 1516 3477 1795 3542; x_wconf 87' lang='lat' dir='ltr'><strong><em>iactasse</em></strong></span> <span class='ocrx_word' id='word_1_148' title='bbox 1818 3475 2266 3541; x_wconf 87' lang='lat' dir='ltr'><strong><em>valetudinem</em></strong></span> 
     </span>
     <span class='ocr_line' id='line_1_26' title="bbox 291 3560 2270 3645; baseline 0 -19"><span class='ocrx_word' id='word_1_149' title='bbox 291 3582 540 3642; x_wconf 85' lang='lat' dir='ltr'><strong><em>meam,</em></strong></span> <span class='ocrx_word' id='word_1_150' title='bbox 604 3582 771 3644; x_wconf 90' lang='lat' dir='ltr'><strong><em>quae</em></strong></span> <span class='ocrx_word' id='word_1_151' title='bbox 834 3560 1149 3645; x_wconf 79' lang='lat' dir='ltr'><strong><em>postridie</em></strong></span> <span class='ocrx_word' id='word_1_152' title='bbox 1215 3563 1356 3626; x_wconf 90' lang='lat' dir='ltr'><strong><em>eius</em></strong></span> <span class='ocrx_word' id='word_1_153' title='bbox 1415 3561 1546 3627; x_wconf 90' lang='lat' dir='ltr'><strong><em>diei</em></strong></span> <span class='ocrx_word' id='word_1_154' title='bbox 1603 3581 1732 3644; x_wconf 91' lang='lat' dir='ltr'><strong><em>quo</em></strong></span> <span class='ocrx_word' id='word_1_155' title='bbox 1789 3561 2024 3645; x_wconf 88' lang='lat' dir='ltr'><strong><em>scripsi</em></strong></span> <span class='ocrx_word' id='word_1_156' title='bbox 2077 3561 2270 3628; x_wconf 89' lang='lat' dir='ltr'><strong><em>valde</em></strong></span> 
     </span>
     <span class='ocr_line' id='line_1_27' title="bbox 293 3644 2272 3721; baseline -0.001 -8"><span class='ocrx_word' id='word_1_157' title='bbox 293 3656 560 3713; x_wconf 87' lang='lat' dir='ltr'><strong><em>mutata</em></strong></span> <span class='ocrx_word' id='word_1_158' title='bbox 601 3656 668 3712; x_wconf 89' lang='lat' dir='ltr'><strong><em>et</em></strong></span> <span class='ocrx_word' id='word_1_159' title='bbox 693 3645 956 3721; x_wconf 68' lang='lat' dir='ltr'><strong><em>,afflicta</em></strong></span> <span class='ocrx_word' id='word_1_160' title='bbox 1000 3656 1118 3711; x_wconf 90' lang='lat' dir='ltr'><strong><em>est.</em></strong></span> <span class='ocrx_word' id='word_1_161' title='bbox 1197 3644 1432 3712; x_wconf 84' lang='lat' dir='ltr'><strong><em>Noster</em></strong></span> <span class='ocrx_word' id='word_1_162' title='bbox 1474 3648 1650 3712; x_wconf 87' lang='lat' dir='ltr'><strong><em>euim</em></strong></span> <span class='ocrx_word' id='word_1_163' title='bbox 1697 3654 1913 3712; x_wconf 86' lang='lat' dir='ltr'><strong><em>status</em></strong></span> <span class='ocrx_word' id='word_1_164' title='bbox 1949 3647 2127 3712; x_wconf 90' lang='lat' dir='ltr'><strong><em>idem</em></strong></span> <span class='ocrx_word' id='word_1_165' title='bbox 2171 3658 2272 3714; x_wconf 90' lang='lat' dir='ltr'><strong><em>est</em></strong></span> 
     </span>
     <span class='ocr_line' id='line_1_28' title="bbox 297 3733 2272 3815; baseline 0.001 -17"><span class='ocrx_word' id='word_1_166' title='bbox 297 3735 408 3815; x_wconf 82' lang='lat' dir='ltr'><strong><em>qui</em></strong></span> <span class='ocrx_word' id='word_1_167' title='bbox 451 3740 654 3799; x_wconf 88' lang='lat' dir='ltr'><strong><em>antea</em></strong></span> <span class='ocrx_word' id='word_1_168' title='bbox 696 3733 840 3811; x_wconf 82' lang='lat' dir='ltr'><strong><em>fuit,</em></strong></span> <span class='ocrx_word' id='word_1_169' title='bbox 883 3742 952 3798; x_wconf 88' lang='lat' dir='ltr'><strong><em>et</em></strong></span> <span class='ocrx_word' id='word_1_170' title='bbox 994 3733 1425 3815; x_wconf 90' lang='lat' dir='ltr'><strong><em>quantumvis</em></strong></span> <span class='ocrx_word' id='word_1_171' title='bbox 1466 3734 1770 3811; x_wconf 82' lang='lat' dir='ltr'><strong><em>fremant,</em></strong></span> <span class='ocrx_word' id='word_1_172' title='bbox 1813 3733 2160 3798; x_wconf 82' lang='lat' dir='ltr'><strong><em>frendeant</em></strong></span> <span class='ocrx_word' id='word_1_173' title='bbox 2195 3754 2272 3799; x_wconf 84' lang='lat' dir='ltr'><strong><em>ac</em></strong></span> 
     </span>
     <span class='ocr_line' id='line_1_29' title="bbox 304 3818 2270 3897; baseline 0 -14"><span class='ocrx_word' id='word_1_174' title='bbox 304 3820 578 3885; x_wconf 84' lang='lat' dir='ltr'><strong><em>turbent</em></strong></span> <span class='ocrx_word' id='word_1_175' title='bbox 642 3818 1037 3897; x_wconf 86' lang='lat' dir='ltr'><strong><em>adversarii,</em></strong></span> <span class='ocrx_word' id='word_1_176' title='bbox 1121 3838 1242 3883; x_wconf 90' lang='lat' dir='ltr'><strong><em>nos</em></strong></span> <span class='ocrx_word' id='word_1_177' title='bbox 1307 3818 1435 3883; x_wconf 91' lang='lat' dir='ltr'><strong><em>Dei</em></strong></span> <span class='ocrx_word' id='word_1_178' title='bbox 1501 3818 1817 3885; x_wconf 84' lang='lat' dir='ltr'><strong><em>beneflcio</em></strong></span> <span class='ocrx_word' id='word_1_179' title='bbox 1883 3828 2137 3885; x_wconf 88' lang='lat' dir='ltr'><strong><em>stamus</em></strong></span> <span class='ocrx_word' id='word_1_180' title='bbox 2203 3828 2270 3884; x_wconf 91' lang='lat' dir='ltr'><strong><em>et</em></strong></span> 
     </span>
     <span class='ocr_line' id='line_1_30' title="bbox 303 3902 2270 3989; baseline 0.001 -22"><span class='ocrx_word' id='word_1_181' title='bbox 303 3923 644 3989; x_wconf 79' lang='lat' dir='ltr'><strong><em>augemur.</em></strong></span> <span class='ocrx_word' id='word_1_182' title='bbox 713 3902 849 3970; x_wconf 83' lang='lat' dir='ltr'><strong><em>Sed</em></strong></span> <span class='ocrx_word' id='word_1_183' title='bbox 893 3904 1123 3969; x_wconf 88' lang='lat' dir='ltr'><strong><em>literae</em></strong></span> <span class='ocrx_word' id='word_1_184' title='bbox 1168 3904 1332 3968; x_wconf 86' lang='lat' dir='ltr'><strong><em>mihi</em></strong></span> <span class='ocrx_word' id='word_1_185' title='bbox 1377 3925 1557 3970; x_wconf 90' lang='lat' dir='ltr'><strong><em>nunc</em></strong></span> <span class='ocrx_word' id='word_1_186' title='bbox 1579 3925 1662 3969; x_wconf 83' lang='lat' dir='ltr'><strong><em>ex</em></strong></span> <span class='ocrx_word' id='word_1_187' title='bbox 1684 3904 1954 3969; x_wconf 87' lang='lat' dir='ltr'><strong><em>Lutetia</em></strong></span> <span class='ocrx_word' id='word_1_188' title='bbox 1978 3903 2270 3969; x_wconf 81' lang='lat' dir='ltr'><strong><em>redditae</em></strong></span> 
     </span>
     <span class='ocr_line' id='line_1_31' title="bbox 312 3987 2267 4074; baseline 0.001 -21"><span class='ocrx_word' id='word_1_189' title='bbox 312 4000 465 4055; x_wconf 90' lang='lat' dir='ltr'><strong><em>suut</em></strong></span> <span class='ocrx_word' id='word_1_190' title='bbox 530 4011 698 4074; x_wconf 90' lang='lat' dir='ltr'><strong><em>quae</em></strong></span> <span class='ocrx_word' id='word_1_191' title='bbox 759 3989 935 4057; x_wconf 87' lang='lat' dir='ltr'><strong><em>hanc</em></strong></span> <span class='ocrx_word' id='word_1_192' title='bbox 992 3990 1334 4073; x_wconf 81' lang='lat' dir='ltr'><strong><em>epistolam</em></strong></span> <span class='ocrx_word' id='word_1_193' title='bbox 1392 4009 1665 4074; x_wconf 87' lang='lat' dir='ltr'><strong><em>prorsus</em></strong></span> <span class='ocrx_word' id='word_1_194' title='bbox 1718 3987 1905 4051; x_wconf 75' lang='grc' dir='ltr'><strong><em>ἕωλον</em></strong></span> <span class='ocrx_word' id='word_1_195' title='bbox 1947 4009 2091 4055; x_wconf 90' lang='lat' dir='ltr'><strong><em>esse</em></strong></span> <span class='ocrx_word' id='word_1_196' title='bbox 2137 4010 2267 4055; x_wconf 87' lang='lat' dir='ltr'><strong><em>uon</em></strong></span> 
     </span>
     <span class='ocr_line' id='line_1_32' title="bbox 313 4075 2269 4160; baseline 0.001 -21"><span class='ocrx_word' id='word_1_197' title='bbox 313 4076 542 4141; x_wconf 85' lang='lat' dir='ltr'><strong><em>sinent.</em></strong></span> <span class='ocrx_word' id='word_1_198' title='bbox 607 4076 701 4142; x_wconf 90' lang='lat' dir='ltr'><strong><em>Iis</em></strong></span> <span class='ocrx_word' id='word_1_199' title='bbox 746 4075 906 4141; x_wconf 92' lang='lat' dir='ltr'><strong><em>mihi</em></strong></span> <span class='ocrx_word' id='word_1_200' title='bbox 951 4076 1365 4159; x_wconf 81' lang='lat' dir='ltr'><strong><em>significatur</em></strong></span> <span class='ocrx_word' id='word_1_201' title='bbox 1407 4075 1794 4141; x_wconf 87' lang='lat' dir='ltr'><strong><em>seditionem</em></strong></span> <span class='ocrx_word' id='word_1_202' title='bbox 1828 4096 2031 4160; x_wconf 85' lang='lat' dir='ltr'><strong><em>prope</em></strong></span> <span class='ocrx_word' id='word_1_203' title='bbox 2053 4095 2269 4142; x_wconf 89' lang='lat' dir='ltr'><strong><em>arcem</em></strong></span> 
     </span>
     <span class='ocr_line' id='line_1_33' title="bbox 316 4158 2269 4244; baseline 0.001 -20"><span class='ocrx_word' id='word_1_204' title='bbox 316 4158 759 4244; x_wconf 82' lang='lat' dir='ltr'><strong><em>Luparensem</em></strong></span> <span class='ocrx_word' id='word_1_205' title='bbox 825 4160 1041 4228; x_wconf 87' lang='lat' dir='ltr'><strong><em>subito</em></strong></span> <span class='ocrx_word' id='word_1_206' title='bbox 1106 4168 1423 4239; x_wconf 86' lang='lat' dir='ltr'><strong><em>exortam,</em></strong></span> <span class='ocrx_word' id='word_1_207' title='bbox 1488 4181 1645 4226; x_wconf 83' lang='lat' dir='ltr'><strong><em>mox</em></strong></span> <span class='ocrx_word' id='word_1_208' title='bbox 1709 4162 1906 4227; x_wconf 88' lang='lat' dir='ltr'><strong><em>etiam</em></strong></span> <span class='ocrx_word' id='word_1_209' title='bbox 1974 4161 2269 4227; x_wconf 87' lang='lat' dir='ltr'><strong><em>sedatam</em></strong></span> 
     </span>
     <span class='ocr_line' id='line_1_34' title="bbox 321 4244 2268 4332; baseline 0.002 -22"><span class='ocrx_word' id='word_1_210' title='bbox 321 4264 455 4312; x_wconf 86' lang='lat' dir='ltr'><strong><em>esse</em></strong></span> <span class='ocrx_word' id='word_1_211' title='bbox 499 4253 555 4312; x_wconf 80' lang='lat'><strong><em>5.</em></strong></span> <span class='ocrx_word' id='word_1_212' title='bbox 599 4246 704 4312; x_wconf 90' lang='lat' dir='ltr'><strong><em>die</em></strong></span> <span class='ocrx_word' id='word_1_213' title='bbox 760 4245 961 4312; x_wconf 90' lang='lat' dir='ltr'><strong><em>huius</em></strong></span> <span class='ocrx_word' id='word_1_214' title='bbox 1021 4248 1284 4312; x_wconf 84' lang='lat' dir='ltr'><strong><em>mensis.</em></strong></span> <span class='ocrx_word' id='word_1_215' title='bbox 1376 4246 1744 4332; x_wconf 82' lang='lat' dir='ltr'><strong><em>Egrediens</em></strong></span> <span class='ocrx_word' id='word_1_216' title='bbox 1795 4244 2193 4314; x_wconf 57' lang='lat' dir='ltr'><strong><em>Peri-neella&amp;</em></strong></span> <span class='ocrx_word' id='word_1_217' title='bbox 2211 4251 2268 4326; x_wconf 83' lang='lat'><strong><em>²)</em></strong></span> 
     </span>
    </p>
   </div>
   <div class='ocr_carea' id='block_1_11' title="bbox 342 4415 718 4432">
    <p class='ocr_par' dir='ltr' id='par_1_11' title="bbox 342 4415 718 4432">
     <span class='ocr_line' id='line_1_35' title="bbox 342 4415 718 4432; baseline 0 1693"><span class='ocrx_word' id='word_1_218' title='bbox 342 4415 718 4432; x_wconf 95' lang='lat' dir='ltr'><strong><em> </em></strong></span> 
     </span>
    </p>
   </div>
   <div class='ocr_carea' id='block_1_12' title="bbox 341 4535 2272 5365">
    <p class='ocr_par' dir='ltr' id='par_1_12' title="bbox 341 4535 2272 5365">
     <span class='ocr_line' id='line_1_36' title="bbox 517 4535 2270 4675; baseline 0 -14"><span class='ocrx_word' id='word_1_219' title='bbox 517 4538 575 4675; x_wconf 43' lang='grc' dir='ltr'><strong><em>(ἐς</em></strong></span> <span class='ocrx_word' id='word_1_220' title='bbox 607 4535 1050 4663; x_wconf 45' lang='lat' dir='ltr'><strong><em>gnessv’bgnmus</em></strong></span> <span class='ocrx_word' id='word_1_221' title='bbox 1062 4535 1397 4662; x_wconf 53' lang='lat' dir='ltr'><strong><em>gaon-meam‘</em></strong></span> <span class='ocrx_word' id='word_1_222' title='bbox 1242 4607 1255 4620; x_wconf 78' lang='lat'><em>⁶</em></span> <span class='ocrx_word' id='word_1_223' title='bbox 1428 4606 1647 4661; x_wconf 68' lang='lat' dir='ltr'><strong><em>cudetur·</em></strong></span> <span class='ocrx_word' id='word_1_224' title='bbox 1648 4646 1664 4674; x_wconf 81' lang='lat'>‚</span> <span class='ocrx_word' id='word_1_225' title='bbox 1696 4621 1828 4660; x_wconf 67' lang='lat' dir='ltr'><strong><em>nam</em></strong></span> <span class='ocrx_word' id='word_1_226' title='bbox 1856 4605 1924 4660; x_wconf 75' lang='lat' dir='ltr'><strong><em>de</em></strong></span> <span class='ocrx_word' id='word_1_227' title='bbox 1956 4621 2109 4661; x_wconf 76' lang='lat' dir='ltr'><strong><em>anno</em></strong></span> <span class='ocrx_word' id='word_1_228' title='bbox 2131 4604 2270 4661; x_wconf 81' lang='lat'><strong>1568</strong></span> 
     </span>
     <span class='ocr_line' id='line_1_37' title="bbox 341 4670 2270 4746; baseline 0.003 -19"><span class='ocrx_word' id='word_1_229' title='bbox 341 4670 560 4731; x_wconf 59' lang='lat' dir='ltr'><strong><em>antean·</em></strong></span> <span class='ocrx_word' id='word_1_230' title='bbox 587 4678 774 4746; x_wconf 70' lang='lat' dir='ltr'><strong><em>nequit</em></strong></span> <span class='ocrx_word' id='word_1_231' title='bbox 805 4680 858 4731; x_wconf 76' lang='lat' dir='ltr'><strong><em>ct</em></strong></span> <span class='ocrx_word' id='word_1_232' title='bbox 890 4681 1004 4730; x_wconf 70' lang='lat' dir='ltr'><strong><em>tun·</em></strong></span> <span class='ocrx_word' id='word_1_233' title='bbox 1038 4676 1298 4744; x_wconf 57' lang='lat' dir='ltr'><strong><em>temporis</em></strong></span> <span class='ocrx_word' id='word_1_234' title='bbox 1336 4674 1602 4730; x_wconf 68' lang='lat' dir='ltr'><strong><em>Calvinus</em></strong></span> <span class='ocrx_word' id='word_1_235' title='bbox 1635 4675 1857 4729; x_wconf 64' lang='lat' dir='ltr'><strong><em>minine</em></strong></span> <span class='ocrx_word' id='word_1_236' title='bbox 1887 4675 2114 4730; x_wconf 65' lang='lat' dir='ltr'><strong><em>valebat.</em></strong></span> <span class='ocrx_word' id='word_1_237' title='bbox 2170 4675 2270 4732; x_wconf 71' lang='lat' dir='ltr'><strong><em>Ee:</em></strong></span> 
     </span>
     <span class='ocr_line' id='line_1_38' title="bbox 348 4742 2091 4812; baseline -0.002 -16"><span class='ocrx_word' id='word_1_238' title='bbox 348 4745 697 4801; x_wconf 59' lang='lat' dir='ltr'><strong><em>maanaim</em></strong></span> <span class='ocrx_word' id='word_1_239' title='bbox 725 4745 1023 4811; x_wconf 63' lang='lat' dir='ltr'><strong><em>formula-s</em></strong></span> <span class='ocrx_word' id='word_1_240' title='bbox 1053 4744 1466 4801; x_wconf 74' lang='lat' dir='ltr'><strong><em>valedictoriam</em></strong></span> <span class='ocrx_word' id='word_1_241' title='bbox 1499 4742 1803 4812; x_wconf 70' lang='lat' dir='ltr'><strong><em>adscripsit</em></strong></span> <span class='ocrx_word' id='word_1_242' title='bbox 1832 4745 2091 4800; x_wconf 72' lang='lat' dir='ltr'><strong><em>oscitans.</em></strong></span> 
     </span>
     <span class='ocr_line' id='line_1_39' title="bbox 350 4807 2267 4965; baseline -0.003 -27"><span class='ocrx_word' id='word_1_243' title='bbox 350 4807 581 4949; x_wconf 54' lang='lat' dir='ltr'>⁴⁰⁸⁸ss</span> <span class='ocrx_word' id='word_1_244' title='bbox 619 4811 1410 4965; x_wconf 49' lang='lat' dir='ltr'><strong><em>Namfflssieyfflmma</em></strong></span> <span class='ocrx_word' id='word_1_245' title='bbox 1599 4952 1612 4964; x_wconf 37' lang='lat'><strong>·</strong></span> <span class='ocrx_word' id='word_1_246' title='bbox 1695 4878 1957 4949; x_wconf 62' lang='lat' dir='ltr'><strong><em>Imm</em></strong></span> <span class='ocrx_word' id='word_1_247' title='bbox 2001 4880 2056 4935; x_wconf 75' lang='lat' dir='ltr'><strong><em>a.</em></strong></span> <span class='ocrx_word' id='word_1_248' title='bbox 2091 4880 2146 4936; x_wconf 62' lang='lat' dir='ltr'><strong><em>a</em></strong></span> <span class='ocrx_word' id='word_1_249' title='bbox 2184 4880 2267 4934; x_wconf 88' lang='lat'><strong><em>11.</em></strong></span> 
     </span>
     <span class='ocr_line' id='line_1_40' title="bbox 359 4941 2272 5019; baseline 0.001 -16"><span class='ocrx_word' id='word_1_250' title='bbox 359 4941 536 5019; x_wconf 69' lang='lat' dir='ltr'><strong><em>Dee-p.</em></strong></span> <span class='ocrx_word' id='word_1_251' title='bbox 657 4950 1447 5006; x_wconf 71' lang='lat' dir='ltr'><strong><em>:Amushmismbictotos</em></strong></span> <span class='ocrx_word' id='word_1_252' title='bbox 1501 4948 1538 5005; x_wconf 79' lang='lat'><strong>5</strong></span> <span class='ocrx_word' id='word_1_253' title='bbox 1613 4950 2050 5004; x_wconf 80' lang='lat' dir='ltr'><strong><em>esbssretcum</em></strong></span> <span class='ocrx_word' id='word_1_254' title='bbox 2236 4968 2272 5005; x_wconf 83' lang='lat' dir='ltr'><strong><em>a</em></strong></span> 
     </span>
     <span class='ocr_line' id='line_1_41' title="bbox 359 5019 2270 5102; baseline -0.003 -23"><span class='ocrx_word' id='word_1_255' title='bbox 359 5024 490 5079; x_wconf 68' lang='lat' dir='ltr'><strong><em>pute</em></strong></span> <span class='ocrx_word' id='word_1_256' title='bbox 519 5020 650 5075; x_wconf 87' lang='lat' dir='ltr'><strong><em>illins</em></strong></span> <span class='ocrx_word' id='word_1_257' title='bbox 673 5019 979 5074; x_wconf 82' lang='lat' dir='ltr'><strong><em>nobilitatis</em></strong></span> <span class='ocrx_word' id='word_1_258' title='bbox 1000 5037 1140 5089; x_wconf 82' lang='lat' dir='ltr'><strong><em>quse</em></strong></span> <span class='ocrx_word' id='word_1_259' title='bbox 1175 5026 1425 5101; x_wconf 72' lang='lat' dir='ltr'><strong><em>nostram</em></strong></span> <span class='ocrx_word' id='word_1_260' title='bbox 1457 5019 1775 5102; x_wconf 68' lang='lat' dir='ltr'><strong><em>religionem</em></strong></span> <span class='ocrx_word' id='word_1_261' title='bbox 1798 5019 2105 5088; x_wconf 78' lang='lat' dir='ltr'><strong><em>profitetur.</em></strong></span> <span class='ocrx_word' id='word_1_262' title='bbox 2195 5035 2270 5101; x_wconf 39' lang='lat' dir='ltr'><strong><em>‚ec</em></strong></span> 
     </span>
     <span class='ocr_line' id='line_1_42' title="bbox 361 5088 2270 5227; baseline 0.004 -24"><span class='ocrx_word' id='word_1_263' title='bbox 361 5090 512 5209; x_wconf 56' lang='lat'><strong><em>{¹2⁰3</em></strong></span> <span class='ocrx_word' id='word_1_264' title='bbox 541 5091 780 5213; x_wconf 45' lang='lat' dir='ltr'><strong><em>&amp;iffi</em></strong></span> <span class='ocrx_word' id='word_1_265' title='bbox 814 5088 1255 5224; x_wconf 55' lang='grc' dir='ltr'><strong><em>Ἓῗὲῗζξῖἓῗ</em></strong></span> <span class='ocrx_word' id='word_1_266' title='bbox 1264 5095 1376 5210; x_wconf 60' lang='lat' dir='ltr'><strong><em>ai?</em></strong></span> <span class='ocrx_word' id='word_1_267' title='bbox 1401 5093 2270 5227; x_wconf 53' lang='grc' dir='ltr'><strong><em>,133ἻὲῗᾶἻὲῗοῖἻέἕρ</em></strong></span> 
     </span>
     <span class='ocr_line' id='line_1_43' title="bbox 448 5222 2268 5297; baseline 0 -19"><span class='ocrx_word' id='word_1_268' title='bbox 448 5222 493 5277; x_wconf 79' lang='lat' dir='ltr'><strong><em>&#39;s</em></strong></span> <span class='ocrx_word' id='word_1_269' title='bbox 519 5227 567 5280; x_wconf 88' lang='lat' dir='ltr'><strong><em>in</em></strong></span> <span class='ocrx_word' id='word_1_270' title='bbox 604 5244 752 5280; x_wconf 87' lang='lat' dir='ltr'><strong><em>suum</em></strong></span> <span class='ocrx_word' id='word_1_271' title='bbox 789 5225 1103 5297; x_wconf 82' lang='lat' dir='ltr'><strong><em>hospitium,</em></strong></span> <span class='ocrx_word' id='word_1_272' title='bbox 1151 5227 1552 5281; x_wconf 62' lang='lat' dir='ltr'><strong><em>circumventus</em></strong></span> <span class='ocrx_word' id='word_1_273' title='bbox 1599 5231 1687 5280; x_wconf 75' lang='lat' dir='ltr'><strong><em>est</em></strong></span> <span class='ocrx_word' id='word_1_274' title='bbox 1718 5226 1791 5280; x_wconf 82' lang='lat' dir='ltr'><strong><em>ab</em></strong></span> <span class='ocrx_word' id='word_1_275' title='bbox 1837 5226 2052 5280; x_wconf 71' lang='lat' dir='ltr'><strong><em>infinita</em></strong></span> <span class='ocrx_word' id='word_1_276' title='bbox 2086 5225 2268 5278; x_wconf 87' lang='lat' dir='ltr'><strong><em>multi·</em></strong></span> 
     </span>
     <span class='ocr_line' id='line_1_44' title="bbox 468 5294 2265 5365; baseline -0.001 -17"><span class='ocrx_word' id='word_1_277' title='bbox 468 5308 524 5348; x_wconf 79' lang='lat' dir='ltr'><strong><em>us</em></strong></span> <span class='ocrx_word' id='word_1_278' title='bbox 559 5296 892 5364; x_wconf 75' lang='lat' dir='ltr'><strong><em>uebulomn,</em></strong></span> <span class='ocrx_word' id='word_1_279' title='bbox 943 5310 1178 5364; x_wconf 81' lang='lat' dir='ltr'><strong><em>quorum</em></strong></span> <span class='ocrx_word' id='word_1_280' title='bbox 1231 5312 1370 5349; x_wconf 84' lang='lat' dir='ltr'><strong><em>unus</em></strong></span> <span class='ocrx_word' id='word_1_281' title='bbox 1414 5294 1615 5349; x_wconf 79' lang='lat' dir='ltr'><strong><em>inflixit</em></strong></span> <span class='ocrx_word' id='word_1_282' title='bbox 1659 5294 1714 5350; x_wconf 83' lang='lat' dir='ltr'><strong><em>si</em></strong></span> <span class='ocrx_word' id='word_1_283' title='bbox 1757 5311 1926 5365; x_wconf 75' lang='lat' dir='ltr'><strong><em>grave</em></strong></span> <span class='ocrx_word' id='word_1_284' title='bbox 1967 5294 2162 5349; x_wconf 79' lang='lat' dir='ltr'><strong><em>vulnus</em></strong></span> <span class='ocrx_word' id='word_1_285' title='bbox 2209 5295 2265 5347; x_wconf 86' lang='lat' dir='ltr'><strong><em>in</em></strong></span> 
     </span>
    </p>
   </div>
   <div class='ocr_carea' id='block_1_13' title="bbox 2025 445 2641 514">
    <p class='ocr_par' dir='ltr' id='par_1_13' title="bbox 2025 445 2641 514">
     <span class='ocr_line' id='line_1_45' title="bbox 2025 445 2641 514; baseline 0.005 -3"><span class='ocrx_word' id='word_1_286' title='bbox 2025 450 2184 511; x_wconf 81' lang='lat'>1563</span> <span class='ocrx_word' id='word_1_287' title='bbox 2233 445 2641 514; x_wconf 73' lang='lat' dir='ltr'><strong><em>DEOEMB.</em></strong></span> 
     </span>
    </p>
   </div>
   <div class='ocr_carea' id='block_1_14' title="bbox 4212 452 4341 513">
    <p class='ocr_par' dir='ltr' id='par_1_14' title="bbox 4212 452 4341 513">
     <span class='ocr_line' id='line_1_46' title="bbox 4212 452 4341 513; baseline -0.008 0"><span class='ocrx_word' id='word_1_288' title='bbox 4212 452 4341 513; x_wconf 75' lang='lat'><strong><em>214</em></strong></span> 
     </span>
    </p>
   </div>
   <div class='ocr_carea' id='block_1_15' title="bbox 2367 632 4345 2605">
    <p class='ocr_par' dir='ltr' id='par_1_15' title="bbox 2367 632 4345 2605">
     <span class='ocr_line' id='line_1_47' title="bbox 2369 632 4343 718; baseline 0.001 -18"><span class='ocrx_word' id='word_1_289' title='bbox 2369 655 2410 700; x_wconf 90' lang='lat' dir='ltr'><strong><em>a</em></strong></span> <span class='ocrx_word' id='word_1_290' title='bbox 2456 633 2867 701; x_wconf 75' lang='lat' dir='ltr'><strong><em>Ferrariensi</em></strong></span> <span class='ocrx_word' id='word_1_291' title='bbox 2930 634 3231 714; x_wconf 85' lang='lat' dir='ltr'><strong><em>Ducissa,</em></strong></span> <span class='ocrx_word' id='word_1_292' title='bbox 3299 632 3458 700; x_wconf 91' lang='lat' dir='ltr'><strong><em>dum</em></strong></span> <span class='ocrx_word' id='word_1_293' title='bbox 3526 633 3610 700; x_wconf 91' lang='lat' dir='ltr'><strong><em>ad</em></strong></span> <span class='ocrx_word' id='word_1_294' title='bbox 3679 633 4010 718; x_wconf 74' lang='lat' dir='ltr'><strong><em>Principis</em></strong></span> <span class='ocrx_word' id='word_1_295' title='bbox 4071 633 4343 702; x_wconf 88' lang='lat' dir='ltr'><strong><em>domum</em></strong></span> 
     </span>
     <span class='ocr_line' id='line_1_48' title="bbox 2370 719 4343 804; baseline 0.001 -17"><span class='ocrx_word' id='word_1_296' title='bbox 2370 720 2730 798; x_wconf 74' lang='lat' dir='ltr'><strong><em>contendit,</em></strong></span> <span class='ocrx_word' id='word_1_297' title='bbox 2766 720 3022 804; x_wconf 79' lang='lat' dir='ltr'><strong><em>ingenti</em></strong></span> <span class='ocrx_word' id='word_1_298' title='bbox 3058 719 3399 786; x_wconf 89' lang='lat' dir='ltr'><strong><em>hominum</em></strong></span> <span class='ocrx_word' id='word_1_299' title='bbox 3435 719 3862 786; x_wconf 86' lang='lat' dir='ltr'><strong><em>multitudine</em></strong></span> <span class='ocrx_word' id='word_1_300' title='bbox 3896 719 4343 789; x_wconf 88' lang='lat' dir='ltr'><strong><em>circumdatus</em></strong></span> 
     </span>
     <span class='ocr_line' id='line_1_49' title="bbox 2369 804 4341 890; baseline 0.001 -18"><span class='ocrx_word' id='word_1_301' title='bbox 2369 814 2488 884; x_wconf 89' lang='lat' dir='ltr'><strong><em>est,</em></strong></span> <span class='ocrx_word' id='word_1_302' title='bbox 2533 826 2811 890; x_wconf 87' lang='lat' dir='ltr'><strong><em>quorum</em></strong></span> <span class='ocrx_word' id='word_1_303' title='bbox 2855 826 3012 889; x_wconf 89' lang='lat' dir='ltr'><strong><em>pars</em></strong></span> <span class='ocrx_word' id='word_1_304' title='bbox 3053 806 3297 873; x_wconf 89' lang='lat' dir='ltr'><strong><em>strictis</em></strong></span> <span class='ocrx_word' id='word_1_305' title='bbox 3378 804 3569 872; x_wconf 86' lang='lat' dir='ltr'><strong><em>ladiis</em></strong></span> <span class='ocrx_word' id='word_1_306' title='bbox 3589 807 3811 890; x_wconf 88' lang='lat' dir='ltr'><strong><em>ipsum</em></strong></span> <span class='ocrx_word' id='word_1_307' title='bbox 3832 806 4110 889; x_wconf 87' lang='lat' dir='ltr'><strong><em>petebat.</em></strong></span> <span class='ocrx_word' id='word_1_308' title='bbox 4168 806 4341 873; x_wconf 80' lang='lat' dir='ltr'><strong><em>Vul-</em></strong></span> 
     </span>
     <span class='ocr_line' id='line_1_50' title="bbox 2371 891 4339 976; baseline 0.001 -20"><span class='ocrx_word' id='word_1_309' title='bbox 2371 913 2501 958; x_wconf 91' lang='lat' dir='ltr'><strong><em>nus</em></strong></span> <span class='ocrx_word' id='word_1_310' title='bbox 2543 893 2613 957; x_wconf 92' lang='lat' dir='ltr'><strong><em>in</em></strong></span> <span class='ocrx_word' id='word_1_311' title='bbox 2657 891 2906 958; x_wconf 88' lang='lat' dir='ltr'><strong><em>femore</em></strong></span> <span class='ocrx_word' id='word_1_312' title='bbox 2951 900 3069 956; x_wconf 90' lang='lat' dir='ltr'><strong><em>aut</em></strong></span> <span class='ocrx_word' id='word_1_313' title='bbox 3111 910 3318 958; x_wconf 89' lang='lat' dir='ltr'><strong><em>coxen</em></strong></span> <span class='ocrx_word' id='word_1_314' title='bbox 3365 893 3462 958; x_wconf 90' lang='lat' dir='ltr'><strong><em>ice</em></strong></span> <span class='ocrx_word' id='word_1_315' title='bbox 3521 892 3845 976; x_wconf 87' lang='lat' dir='ltr'><strong><em>accepisse</em></strong></span> <span class='ocrx_word' id='word_1_316' title='bbox 3906 892 4112 972; x_wconf 89' lang='lat' dir='ltr'><strong><em>aiunt,</em></strong></span> <span class='ocrx_word' id='word_1_317' title='bbox 4164 892 4339 976; x_wconf 88' lang='lat' dir='ltr'><strong><em>quod</em></strong></span> 
     </span>
     <span class='ocr_line' id='line_1_51' title="bbox 2371 976 4339 1061; baseline 0.001 -19"><span class='ocrx_word' id='word_1_318' title='bbox 2371 985 2596 1042; x_wconf 90' lang='lat' dir='ltr'><strong><em>tamen</em></strong></span> <span class='ocrx_word' id='word_1_319' title='bbox 2661 976 2856 1042; x_wconf 89' lang='lat' dir='ltr'><strong><em>letale</em></strong></span> <span class='ocrx_word' id='word_1_320' title='bbox 2923 997 3056 1042; x_wconf 89' lang='lat' dir='ltr'><strong><em>non</em></strong></span> <span class='ocrx_word' id='word_1_321' title='bbox 3135 985 3254 1044; x_wconf 85' lang='lat' dir='ltr'><strong><em>est.</em></strong></span> <span class='ocrx_word' id='word_1_322' title='bbox 3367 976 3501 1060; x_wconf 81' lang='lat' dir='ltr'><strong><em>Qui</em></strong></span> <span class='ocrx_word' id='word_1_323' title='bbox 3566 978 3694 1061; x_wconf 92' lang='lat' dir='ltr'><strong><em>ipsi</em></strong></span> <span class='ocrx_word' id='word_1_324' title='bbox 3771 976 4050 1043; x_wconf 87' lang='lat' dir='ltr'><strong><em>aderaut</em></strong></span> <span class='ocrx_word' id='word_1_325' title='bbox 4112 978 4339 1044; x_wconf 90' lang='lat' dir='ltr'><strong><em>multi-</em></strong></span> 
     </span>
     <span class='ocr_line' id='line_1_52' title="bbox 2372 1061 4339 1146; baseline 0.002 -19"><span class='ocrx_word' id='word_1_326' title='bbox 2372 1062 2669 1129; x_wconf 88' lang='lat' dir='ltr'><strong><em>tudinem</em></strong></span> <span class='ocrx_word' id='word_1_327' title='bbox 2713 1061 3109 1146; x_wconf 89' lang='lat' dir='ltr'><strong><em>repellentes</em></strong></span> <span class='ocrx_word' id='word_1_328' title='bbox 3173 1063 3336 1129; x_wconf 91' lang='lat' dir='ltr'><strong><em>duos</em></strong></span> <span class='ocrx_word' id='word_1_329' title='bbox 3393 1084 3477 1128; x_wconf 87' lang='lat' dir='ltr'><strong><em>ex</em></strong></span> <span class='ocrx_word' id='word_1_330' title='bbox 3522 1064 3920 1130; x_wconf 87' lang='lat' dir='ltr'><strong><em>adversariis</em></strong></span> <span class='ocrx_word' id='word_1_331' title='bbox 3965 1070 4119 1140; x_wconf 88' lang='lat' dir='ltr'><strong><em>(nec</em></strong></span> <span class='ocrx_word' id='word_1_332' title='bbox 4161 1065 4339 1130; x_wconf 89' lang='lat' dir='ltr'><strong><em>enim</em></strong></span> 
     </span>
     <span class='ocr_line' id='line_1_53' title="bbox 2371 1148 4339 1233; baseline 0 -19"><span class='ocrx_word' id='word_1_333' title='bbox 2371 1148 2696 1214; x_wconf 89' lang='lat' dir='ltr'><strong><em>hactenus</em></strong></span> <span class='ocrx_word' id='word_1_334' title='bbox 2750 1148 2975 1233; x_wconf 89' lang='lat' dir='ltr'><strong><em>plures</em></strong></span> <span class='ocrx_word' id='word_1_335' title='bbox 3034 1148 3291 1226; x_wconf 87' lang='lat' dir='ltr'><strong><em>audivi)</em></strong></span> <span class='ocrx_word' id='word_1_336' title='bbox 3348 1148 3805 1214; x_wconf 79' lang='lat' dir='ltr'><strong><em>vulnerarunt.</em></strong></span> <span class='ocrx_word' id='word_1_337' title='bbox 3906 1149 4078 1215; x_wconf 85' lang='lat' dir='ltr'><strong><em>Rem</em></strong></span> <span class='ocrx_word' id='word_1_338' title='bbox 4134 1148 4339 1215; x_wconf 88' lang='lat' dir='ltr'><strong><em>medi-</em></strong></span> 
     </span>
     <span class='ocr_line' id='line_1_54' title="bbox 2373 1233 4339 1317; baseline 0.002 -19"><span class='ocrx_word' id='word_1_339' title='bbox 2373 1241 2581 1300; x_wconf 84' lang='lat' dir='ltr'><strong><em>tatam</em></strong></span> <span class='ocrx_word' id='word_1_340' title='bbox 2623 1233 2828 1299; x_wconf 89' lang='lat' dir='ltr'><strong><em>fuisse</em></strong></span> <span class='ocrx_word' id='word_1_341' title='bbox 2863 1241 3105 1317; x_wconf 86' lang='lat' dir='ltr'><strong><em>putant</em></strong></span> <span class='ocrx_word' id='word_1_342' title='bbox 3138 1233 3221 1299; x_wconf 92' lang='lat' dir='ltr'><strong><em>ab</em></strong></span> <span class='ocrx_word' id='word_1_343' title='bbox 3255 1235 3337 1300; x_wconf 89' lang='lat' dir='ltr'><strong><em>iis</em></strong></span> <span class='ocrx_word' id='word_1_344' title='bbox 3372 1235 3483 1317; x_wconf 88' lang='lat' dir='ltr'><strong><em>qui</em></strong></span> <span class='ocrx_word' id='word_1_345' title='bbox 3523 1235 3771 1300; x_wconf 88' lang='lat' dir='ltr'><strong><em>nullam</em></strong></span> <span class='ocrx_word' id='word_1_346' title='bbox 3808 1233 4116 1300; x_wconf 86' lang='lat' dir='ltr'><strong><em>turbandi</em></strong></span> <span class='ocrx_word' id='word_1_347' title='bbox 4152 1256 4339 1302; x_wconf 90' lang='lat' dir='ltr'><strong><em>occa-</em></strong></span> 
     </span>
     <span class='ocr_line' id='line_1_55' title="bbox 2371 1320 4339 1405; baseline 0 -20"><span class='ocrx_word' id='word_1_348' title='bbox 2371 1321 2627 1386; x_wconf 89' lang='lat' dir='ltr'><strong><em>sionem</em></strong></span> <span class='ocrx_word' id='word_1_349' title='bbox 2671 1320 3230 1402; x_wconf 87' lang='lat' dir='ltr'><strong><em>praetermittunt.</em></strong></span> <span class='ocrx_word' id='word_1_350' title='bbox 3301 1321 3700 1386; x_wconf 88' lang='lat' dir='ltr'><strong><em>Nostrorum</em></strong></span> <span class='ocrx_word' id='word_1_351' title='bbox 3746 1321 3923 1385; x_wconf 91' lang='lat' dir='ltr'><strong><em>enim</em></strong></span> <span class='ocrx_word' id='word_1_352' title='bbox 3968 1321 4339 1405; x_wconf 87' lang='lat' dir='ltr'><strong><em>praesentia</em></strong></span> 
     </span>
     <span class='ocr_line' id='line_1_56' title="bbox 2371 1403 4338 1490; baseline 0.001 -19"><span class='ocrx_word' id='word_1_353' title='bbox 2371 1413 2440 1472; x_wconf 90' lang='lat' dir='ltr'><strong><em>et</em></strong></span> <span class='ocrx_word' id='word_1_354' title='bbox 2483 1403 2800 1470; x_wconf 84' lang='lat' dir='ltr'><strong><em>fortitudo</em></strong></span> <span class='ocrx_word' id='word_1_355' title='bbox 2843 1407 3021 1490; x_wconf 91' lang='lat' dir='ltr'><strong><em>ipsos</em></strong></span> <span class='ocrx_word' id='word_1_356' title='bbox 3064 1406 3316 1472; x_wconf 88' lang='lat' dir='ltr'><strong><em>cruciat</em></strong></span> <span class='ocrx_word' id='word_1_357' title='bbox 3359 1407 3600 1472; x_wconf 90' lang='lat' dir='ltr'><strong><em>mirum</em></strong></span> <span class='ocrx_word' id='word_1_358' title='bbox 3660 1407 3731 1470; x_wconf 90' lang='lat' dir='ltr'><strong><em>in</em></strong></span> <span class='ocrx_word' id='word_1_359' title='bbox 3784 1406 4071 1472; x_wconf 92' lang='lat' dir='ltr'><strong><em>modum.</em></strong></span> <span class='ocrx_word' id='word_1_360' title='bbox 4156 1406 4338 1474; x_wconf 91' lang='lat' dir='ltr'><strong><em>Huic</em></strong></span> 
     </span>
     <span class='ocr_line' id='line_1_57' title="bbox 2373 1490 4338 1576; baseline 0.001 -19"><span class='ocrx_word' id='word_1_361' title='bbox 2373 1512 2528 1557; x_wconf 87' lang='lat' dir='ltr'><strong><em>vero</em></strong></span> <span class='ocrx_word' id='word_1_362' title='bbox 2572 1490 2881 1575; x_wconf 90' lang='lat' dir='ltr'><strong><em>periculo,</em></strong></span> <span class='ocrx_word' id='word_1_363' title='bbox 2943 1490 3117 1575; x_wconf 92' lang='lat' dir='ltr'><strong><em>quod</em></strong></span> <span class='ocrx_word' id='word_1_364' title='bbox 3169 1491 3433 1576; x_wconf 85' lang='lat' dir='ltr'><strong><em>longius</em></strong></span> <span class='ocrx_word' id='word_1_365' title='bbox 3490 1510 3923 1575; x_wconf 87' lang='lat' dir='ltr'><strong><em>pervasurum</em></strong></span> <span class='ocrx_word' id='word_1_366' title='bbox 3984 1490 4338 1559; x_wconf 89' lang='lat' dir='ltr'><strong><em>credebant</em></strong></span> 
     </span>
     <span class='ocr_line' id='line_1_58' title="bbox 2371 1576 4341 1661; baseline 0.002 -20"><span class='ocrx_word' id='word_1_367' title='bbox 2371 1576 2603 1652; x_wconf 86' lang='lat' dir='ltr'><strong><em>nostri,</em></strong></span> <span class='ocrx_word' id='word_1_368' title='bbox 2648 1577 2974 1643; x_wconf 92' lang='lat' dir='ltr'><strong><em>Dominus</em></strong></span> <span class='ocrx_word' id='word_1_369' title='bbox 3032 1587 3301 1661; x_wconf 90' lang='lat' dir='ltr'><strong><em>repente</em></strong></span> <span class='ocrx_word' id='word_1_370' title='bbox 3356 1579 3658 1645; x_wconf 90' lang='lat' dir='ltr'><strong><em>occurrit.</em></strong></span> <span class='ocrx_word' id='word_1_371' title='bbox 3745 1578 3885 1644; x_wconf 90' lang='lat' dir='ltr'><strong><em>Nec</em></strong></span> <span class='ocrx_word' id='word_1_372' title='bbox 3949 1576 4117 1644; x_wconf 89' lang='lat' dir='ltr'><strong><em>levis</em></strong></span> <span class='ocrx_word' id='word_1_373' title='bbox 4181 1598 4341 1645; x_wconf 85' lang='lat' dir='ltr'><strong><em>sane</em></strong></span> 
     </span>
     <span class='ocr_line' id='line_1_59' title="bbox 2370 1662 4341 1748; baseline 0 -20"><span class='ocrx_word' id='word_1_374' title='bbox 2370 1663 2499 1728; x_wconf 86' lang='lat' dir='ltr'><strong><em>fuit</em></strong></span> <span class='ocrx_word' id='word_1_375' title='bbox 2541 1682 2620 1728; x_wconf 90' lang='lat' dir='ltr'><strong><em>ea</em></strong></span> <span class='ocrx_word' id='word_1_376' title='bbox 2652 1663 2939 1746; x_wconf 90' lang='lat' dir='ltr'><strong><em>suspicio</em></strong></span> <span class='ocrx_word' id='word_1_377' title='bbox 2997 1673 3118 1728; x_wconf 90' lang='lat' dir='ltr'><strong><em>aut</em></strong></span> <span class='ocrx_word' id='word_1_378' title='bbox 3176 1664 3393 1728; x_wconf 88' lang='lat' dir='ltr'><strong><em>inanis</em></strong></span> <span class='ocrx_word' id='word_1_379' title='bbox 3450 1671 3669 1729; x_wconf 88' lang='lat' dir='ltr'><strong><em>metus</em></strong></span> <span class='ocrx_word' id='word_1_380' title='bbox 3725 1662 3806 1728; x_wconf 93' lang='lat' dir='ltr'><strong><em>de</em></strong></span> <span class='ocrx_word' id='word_1_381' title='bbox 3848 1662 4083 1745; x_wconf 89' lang='lat' dir='ltr'><strong><em>quibus</em></strong></span> <span class='ocrx_word' id='word_1_382' title='bbox 4126 1684 4341 1748; x_wconf 89' lang='lat' dir='ltr'><strong><em>nuper</em></strong></span> 
     </span>
     <span class='ocr_line' id='line_1_60' title="bbox 2371 1747 4343 1829; baseline 0.001 -17"><span class='ocrx_word' id='word_1_383' title='bbox 2371 1747 2453 1812; x_wconf 87' lang='lat' dir='ltr'><strong><em>ad</em></strong></span> <span class='ocrx_word' id='word_1_384' title='bbox 2500 1754 2567 1812; x_wconf 88' lang='lat' dir='ltr'><strong><em>te</em></strong></span> <span class='ocrx_word' id='word_1_385' title='bbox 2608 1747 2992 1814; x_wconf 77' lang='lat' dir='ltr'><strong><em>scribebam.</em></strong></span> <span class='ocrx_word' id='word_1_386' title='bbox 3042 1748 3462 1815; x_wconf 72' lang='lat' dir='ltr'><strong><em>Poseidonias</em></strong></span> <span class='ocrx_word' id='word_1_387' title='bbox 3485 1752 3539 1829; x_wconf 81' lang='lat'><strong><em>³)</em></strong></span> <span class='ocrx_word' id='word_1_388' title='bbox 3583 1757 3808 1814; x_wconf 90' lang='lat' dir='ltr'><strong><em>noster</em></strong></span> <span class='ocrx_word' id='word_1_389' title='bbox 3851 1748 4087 1814; x_wconf 79' lang='lat' dir='ltr'><strong><em>fortem</em></strong></span> <span class='ocrx_word' id='word_1_390' title='bbox 4131 1757 4200 1814; x_wconf 93' lang='lat' dir='ltr'><strong><em>et</em></strong></span> <span class='ocrx_word' id='word_1_391' title='bbox 4237 1749 4343 1814; x_wconf 87' lang='lat' dir='ltr'><strong><em>in-</em></strong></span> 
     </span>
     <span class='ocr_line' id='line_1_61' title="bbox 2369 1833 4341 1917; baseline 0.002 -20"><span class='ocrx_word' id='word_1_392' title='bbox 2369 1833 2623 1898; x_wconf 86' lang='lat' dir='ltr'><strong><em>victum</em></strong></span> <span class='ocrx_word' id='word_1_393' title='bbox 2689 1854 2760 1899; x_wconf 92' lang='lat' dir='ltr'><strong><em>se</em></strong></span> <span class='ocrx_word' id='word_1_394' title='bbox 2814 1833 3099 1917; x_wconf 88' lang='lat' dir='ltr'><strong><em>praebet.</em></strong></span> <span class='ocrx_word' id='word_1_395' title='bbox 3205 1833 3355 1917; x_wconf 79' lang='lat' dir='ltr'><strong><em>Quo</em></strong></span> <span class='ocrx_word' id='word_1_396' title='bbox 3414 1833 3645 1900; x_wconf 89' lang='lat' dir='ltr'><strong><em>durius</em></strong></span> <span class='ocrx_word' id='word_1_397' title='bbox 3702 1833 4066 1917; x_wconf 89' lang='lat' dir='ltr'><strong><em>impetitur,</em></strong></span> <span class='ocrx_word' id='word_1_398' title='bbox 4136 1855 4213 1900; x_wconf 92' lang='lat' dir='ltr'><strong><em>eo</em></strong></span> <span class='ocrx_word' id='word_1_399' title='bbox 4269 1855 4341 1900; x_wconf 91' lang='lat' dir='ltr'><strong><em>se</em></strong></span> 
     </span>
     <span class='ocr_line' id='line_1_62' title="bbox 2369 1920 4341 2012; baseline 0.001 -29"><span class='ocrx_word' id='word_1_400' title='bbox 2369 1920 2878 1985; x_wconf 79' lang='lat' dir='ltr'><strong><em>constantiorem</em></strong></span> <span class='ocrx_word' id='word_1_401' title='bbox 2922 1927 3249 2012; x_wconf 66' lang='lat' dir='ltr'><strong><em>praestat,⁸</em></strong></span> <span class='ocrx_word' id='word_1_402' title='bbox 3279 1942 3355 1987; x_wconf 88' lang='lat' dir='ltr'><strong><em>ac</em></strong></span> <span class='ocrx_word' id='word_1_403' title='bbox 3399 1921 3610 1986; x_wconf 88' lang='lat' dir='ltr'><strong><em>bonus</em></strong></span> <span class='ocrx_word' id='word_1_404' title='bbox 3652 1920 3862 2003; x_wconf 90' lang='lat' dir='ltr'><strong><em>ipsius</em></strong></span> <span class='ocrx_word' id='word_1_405' title='bbox 3901 1920 4151 2004; x_wconf 84' lang='lat' dir='ltr'><strong><em>negotii</em></strong></span> <span class='ocrx_word' id='word_1_406' title='bbox 4201 1921 4341 1985; x_wconf 84' lang='lat' dir='ltr'><strong><em>exi-</em></strong></span> 
     </span>
     <span class='ocr_line' id='line_1_63' title="bbox 2369 2004 4343 2090; baseline 0.002 -21"><span class='ocrx_word' id='word_1_407' title='bbox 2369 2011 2477 2070; x_wconf 89' lang='lat' dir='ltr'><strong><em>tus</em></strong></span> <span class='ocrx_word' id='word_1_408' title='bbox 2523 2013 2843 2088; x_wconf 88' lang='lat' dir='ltr'><strong><em>speratur.</em></strong></span> <span class='ocrx_word' id='word_1_409' title='bbox 2938 2004 3382 2071; x_wconf 74' lang='lat' dir='ltr'><strong><em>Salernitanus</em></strong></span> <span class='ocrx_word' id='word_1_410' title='bbox 3427 2008 3732 2090; x_wconf 88' lang='lat' dir='ltr'><strong><em>princeps</em></strong></span> <span class='ocrx_word' id='word_1_411' title='bbox 3778 2025 3911 2071; x_wconf 88' lang='lat' dir='ltr'><strong><em>una</em></strong></span> <span class='ocrx_word' id='word_1_412' title='bbox 3953 2027 4105 2072; x_wconf 92' lang='lat' dir='ltr'><strong><em>cum</em></strong></span> <span class='ocrx_word' id='word_1_413' title='bbox 4152 2005 4343 2090; x_wconf 81' lang='lat' dir='ltr'><strong><em>Hayo</em></strong></span> 
     </span>
     <span class='ocr_line' id='line_1_64' title="bbox 2367 2089 4342 2174; baseline 0.002 -20"><span class='ocrx_word' id='word_1_414' title='bbox 2367 2096 2743 2156; x_wconf 85' lang='lat' dir='ltr'><strong><em>nostrorum</em></strong></span> <span class='ocrx_word' id='word_1_415' title='bbox 2794 2089 2960 2157; x_wconf 77' lang='lat' dir='ltr'><strong><em>Cast.</em></strong></span> <span class='ocrx_word' id='word_1_416' title='bbox 3004 2090 3295 2174; x_wconf 88' lang='lat' dir='ltr'><strong><em>impulsu</em></strong></span> <span class='ocrx_word' id='word_1_417' title='bbox 3355 2099 3423 2157; x_wconf 92' lang='lat' dir='ltr'><strong><em>et</em></strong></span> <span class='ocrx_word' id='word_1_418' title='bbox 3478 2101 3714 2174; x_wconf 83' lang='lat' dir='ltr'><strong><em>rogatu</em></strong></span> <span class='ocrx_word' id='word_1_419' title='bbox 3768 2091 3849 2157; x_wconf 89' lang='lat' dir='ltr'><strong><em>ad</em></strong></span> <span class='ocrx_word' id='word_1_420' title='bbox 3906 2091 4342 2171; x_wconf 76' lang='lat' dir='ltr'><strong><em>Anvillanum,</em></strong></span> 
     </span>
     <span class='ocr_line' id='line_1_65' title="bbox 2367 2175 4340 2262; baseline 0.001 -22"><span class='ocrx_word' id='word_1_421' title='bbox 2367 2175 2483 2257; x_wconf 90' lang='lat' dir='ltr'><strong><em>qui</em></strong></span> <span class='ocrx_word' id='word_1_422' title='bbox 2528 2175 2882 2242; x_wconf 87' lang='lat' dir='ltr'><strong><em>Occitanas</em></strong></span> <span class='ocrx_word' id='word_1_423' title='bbox 2927 2176 3234 2244; x_wconf 89' lang='lat' dir='ltr'><strong><em>ecclesias</em></strong></span> <span class='ocrx_word' id='word_1_424' title='bbox 3278 2178 3445 2244; x_wconf 90' lang='lat' dir='ltr'><strong><em>mire</em></strong></span> <span class='ocrx_word' id='word_1_425' title='bbox 3482 2177 3735 2262; x_wconf 87' lang='lat' dir='ltr'><strong><em>affligit,</em></strong></span> <span class='ocrx_word' id='word_1_426' title='bbox 3780 2177 4109 2262; x_wconf 82' lang='lat' dir='ltr'><strong><em>profectus</em></strong></span> <span class='ocrx_word' id='word_1_427' title='bbox 4143 2181 4340 2257; x_wconf 79' lang='lat' dir='ltr'><strong><em>est.⁴)</em></strong></span> 
     </span>
     <span class='ocr_line' id='line_1_66' title="bbox 2367 2261 4338 2348; baseline 0.002 -24"><span class='ocrx_word' id='word_1_428' title='bbox 2367 2261 2554 2325; x_wconf 89' lang='lat' dir='ltr'><strong><em>Nihil</em></strong></span> <span class='ocrx_word' id='word_1_429' title='bbox 2600 2283 2778 2327; x_wconf 89' lang='lat' dir='ltr'><strong><em>nunc</em></strong></span> <span class='ocrx_word' id='word_1_430' title='bbox 2823 2270 3164 2344; x_wconf 89' lang='lat' dir='ltr'><strong><em>praeterea</em></strong></span> <span class='ocrx_word' id='word_1_431' title='bbox 3207 2264 3443 2348; x_wconf 89' lang='lat' dir='ltr'><strong><em>accepi.</em></strong></span> <span class='ocrx_word' id='word_1_432' title='bbox 3534 2263 3721 2328; x_wconf 87' lang='lat' dir='ltr'><strong><em>Bene</em></strong></span> <span class='ocrx_word' id='word_1_433' title='bbox 3765 2263 3932 2343; x_wconf 89' lang='lat' dir='ltr'><strong><em>vale,</em></strong></span> <span class='ocrx_word' id='word_1_434' title='bbox 3990 2262 4085 2328; x_wconf 92' lang='lat' dir='ltr'><strong><em>mi</em></strong></span> <span class='ocrx_word' id='word_1_435' title='bbox 4178 2272 4338 2329; x_wconf 89' lang='lat' dir='ltr'><strong><em>ater.</em></strong></span> 
     </span>
     <span class='ocr_line' id='line_1_67' title="bbox 2369 2345 4341 2432; baseline 0.002 -22"><span class='ocrx_word' id='word_1_436' title='bbox 2369 2345 2702 2413; x_wconf 89' lang='lat' dir='ltr'><strong><em>Dominus</em></strong></span> <span class='ocrx_word' id='word_1_437' title='bbox 2745 2347 3085 2413; x_wconf 86' lang='lat' dir='ltr'><strong><em>confirmet</em></strong></span> <span class='ocrx_word' id='word_1_438' title='bbox 3120 2348 3572 2415; x_wconf 87' lang='lat' dir='ltr'><strong><em>valetudinem</em></strong></span> <span class='ocrx_word' id='word_1_439' title='bbox 3608 2356 3812 2428; x_wconf 89' lang='lat' dir='ltr'><strong><em>tuam,</em></strong></span> <span class='ocrx_word' id='word_1_440' title='bbox 3856 2357 4050 2432; x_wconf 88' lang='lat' dir='ltr'><strong><em>teque</em></strong></span> <span class='ocrx_word' id='word_1_441' title='bbox 4094 2369 4133 2413; x_wconf 88' lang='lat' dir='ltr'><strong><em>a</em></strong></span> <span class='ocrx_word' id='word_1_442' title='bbox 4222 2371 4341 2414; x_wconf 89' lang='lat' dir='ltr'><strong><em>an·</em></strong></span> 
     </span>
     <span class='ocr_line' id='line_1_68' title="bbox 2368 2432 4345 2518; baseline 0.001 -21"><span class='ocrx_word' id='word_1_443' title='bbox 2368 2432 2636 2517; x_wconf 84' lang='lat' dir='ltr'><strong><em>goribus</em></strong></span> <span class='ocrx_word' id='word_1_444' title='bbox 2679 2432 2884 2498; x_wconf 90' lang='lat' dir='ltr'><strong><em>animi</em></strong></span> <span class='ocrx_word' id='word_1_445' title='bbox 2931 2441 3000 2499; x_wconf 86' lang='lat' dir='ltr'><strong><em>et</em></strong></span> <span class='ocrx_word' id='word_1_446' title='bbox 3042 2435 3335 2518; x_wconf 88' lang='lat' dir='ltr'><strong><em>corporis</em></strong></span> <span class='ocrx_word' id='word_1_447' title='bbox 3377 2434 3725 2501; x_wconf 88' lang='lat' dir='ltr'><strong><em>sublevare</em></strong></span> <span class='ocrx_word' id='word_1_448' title='bbox 3760 2435 3940 2500; x_wconf 87' lang='lat' dir='ltr'><strong><em>velit.</em></strong></span> <span class='ocrx_word' id='word_1_449' title='bbox 3984 2433 4070 2499; x_wconf 93' lang='lat' dir='ltr'><strong><em>D.</em></strong></span> <span class='ocrx_word' id='word_1_450' title='bbox 4097 2432 4345 2500; x_wconf 71' lang='lat' dir='ltr'><strong><em>Bezam</em></strong></span> 
     </span>
     <span class='ocr_line' id='line_1_69' title="bbox 2368 2519 4342 2605; baseline 0.001 -21"><span class='ocrx_word' id='word_1_451' title='bbox 2368 2525 2790 2602; x_wconf 86' lang='lat' dir='ltr'><strong><em>caeterosque</em></strong></span> <span class='ocrx_word' id='word_1_452' title='bbox 2833 2519 3070 2586; x_wconf 84' lang='lat' dir='ltr'><strong><em>fratres</em></strong></span> <span class='ocrx_word' id='word_1_453' title='bbox 3130 2520 3385 2587; x_wconf 89' lang='lat' dir='ltr'><strong><em>salvere</em></strong></span> <span class='ocrx_word' id='word_1_454' title='bbox 3441 2521 3612 2586; x_wconf 92' lang='lat' dir='ltr'><strong><em>iube.</em></strong></span> <span class='ocrx_word' id='word_1_455' title='bbox 3702 2519 3977 2586; x_wconf 85' lang='lat' dir='ltr'><strong><em>Fratres</em></strong></span> <span class='ocrx_word' id='word_1_456' title='bbox 4034 2528 4100 2585; x_wconf 91' lang='lat' dir='ltr'><strong><em>et</em></strong></span> <span class='ocrx_word' id='word_1_457' title='bbox 4159 2541 4342 2605; x_wconf 80' lang='lat' dir='ltr'><strong><em>sym·</em></strong></span> 
     </span>
    </p>
   </div>
   <div class='ocr_carea' id='block_1_16' title="bbox 2370 2605 4341 2754">
    <p class='ocr_par' dir='ltr' id='par_1_16' title="bbox 2370 2605 4341 2754">
     <span class='ocr_line' id='line_1_70' title="bbox 2370 2605 4341 2754; baseline 0.002 -86"><span class='ocrx_word' id='word_1_458' title='bbox 2370 2613 2631 2754; x_wconf 46' lang='lat' dir='ltr'><strong><em>{¹3³3oe</em></strong></span> <span class='ocrx_word' id='word_1_459' title='bbox 2674 2606 2803 2670; x_wconf 90' lang='lat' dir='ltr'><strong><em>mei</em></strong></span> <span class='ocrx_word' id='word_1_460' title='bbox 2849 2626 2967 2672; x_wconf 90' lang='lat' dir='ltr'><strong><em>vos</em></strong></span> <span class='ocrx_word' id='word_1_461' title='bbox 3009 2606 3321 2673; x_wconf 88' lang='lat' dir='ltr'><strong><em>salutant.</em></strong></span> <span class='ocrx_word' id='word_1_462' title='bbox 3389 2606 3705 2673; x_wconf 86' lang='lat' dir='ltr'><strong><em>Aureliae</em></strong></span> <span class='ocrx_word' id='word_1_463' title='bbox 3745 2612 3782 2671; x_wconf 76' lang='grc' dir='ltr'>ὁ</span> <span class='ocrx_word' id='word_1_464' title='bbox 3818 2605 3983 2672; x_wconf 91' lang='lat' dir='ltr'><strong><em>Idus</em></strong></span> <span class='ocrx_word' id='word_1_465' title='bbox 4024 2606 4341 2673; x_wconf 90' lang='lat' dir='ltr'><strong><em>Decemb.</em></strong></span> 
     </span>
    </p>
   </div>
   <div class='ocr_carea' id='block_1_17' title="bbox 3466 2828 4255 2982">
    <p class='ocr_par' dir='ltr' id='par_1_17' title="bbox 3466 2828 4255 2982">
     <span class='ocr_line' id='line_1_71' title="bbox 3466 2828 4255 2896; baseline 0.003 -3"><span class='ocrx_word' id='word_1_466' title='bbox 3466 2829 3592 2894; x_wconf 73' lang='lat' dir='ltr'><strong><em>&#39;rui</em></strong></span> <span class='ocrx_word' id='word_1_467' title='bbox 3637 2828 4255 2896; x_wconf 86' lang='lat' dir='ltr'><strong><em>observantissimus</em></strong></span> 
     </span>
     <span class='ocr_line' id='line_1_72' title="bbox 3610 2914 4097 2982; baseline 0.002 -3"><span class='ocrx_word' id='word_1_468' title='bbox 3610 2914 3692 2979; x_wconf 91' lang='lat' dir='ltr'><strong><em>N.</em></strong></span> <span class='ocrx_word' id='word_1_469' title='bbox 3740 2914 4097 2982; x_wconf 87' lang='lat' dir='ltr'><strong><em>Gallasius.</em></strong></span> 
     </span>
    </p>
   </div>
   <div class='ocr_carea' id='block_1_18' title="bbox 2370 3118 3725 3529">
    <p class='ocr_par' dir='ltr' id='par_1_18' title="bbox 2370 3118 3725 3529">
     <span class='ocr_line' id='line_1_73' title="bbox 2545 3118 3725 3188; baseline 0.003 -5"><span class='ocrx_word' id='word_1_470' title='bbox 2545 3118 2743 3185; x_wconf 90' lang='lat' dir='ltr'><strong><em>Nunc</em></strong></span> <span class='ocrx_word' id='word_1_471' title='bbox 2803 3118 2971 3184; x_wconf 90' lang='lat' dir='ltr'><strong><em>clam</em></strong></span> <span class='ocrx_word' id='word_1_472' title='bbox 3031 3119 3408 3185; x_wconf 87' lang='lat' dir='ltr'><strong><em>obtruditur</em></strong></span> <span class='ocrx_word' id='word_1_473' title='bbox 3461 3128 3531 3187; x_wconf 92' lang='lat' dir='ltr'><strong><em>et</em></strong></span> <span class='ocrx_word' id='word_1_474' title='bbox 3595 3122 3725 3188; x_wconf 90' lang='lat' dir='ltr'><strong><em>cir·</em></strong></span> 
     </span>
     <span class='ocr_line' id='line_1_74' title="bbox 2370 3204 3720 3274; baseline 0.004 -5"><span class='ocrx_word' id='word_1_475' title='bbox 2370 3205 2735 3269; x_wconf 83' lang='lat' dir='ltr'><strong><em>cumfertur</em></strong></span> <span class='ocrx_word' id='word_1_476' title='bbox 2767 3204 2882 3270; x_wconf 90' lang='lat' dir='ltr'><strong><em>illa</em></strong></span> <span class='ocrx_word' id='word_1_477' title='bbox 2916 3205 3252 3272; x_wconf 89' lang='lat' dir='ltr'><strong><em>invectiva</em></strong></span> <span class='ocrx_word' id='word_1_478' title='bbox 3285 3207 3474 3273; x_wconf 91' lang='lat' dir='ltr'><strong><em>cuius</em></strong></span> <span class='ocrx_word' id='word_1_479' title='bbox 3497 3227 3720 3274; x_wconf 85' lang='lat' dir='ltr'><strong><em>exem·</em></strong></span> 
     </span>
     <span class='ocr_line' id='line_1_75' title="bbox 2370 3289 3722 3372; baseline 0.004 -19"><span class='ocrx_word' id='word_1_480' title='bbox 2370 3289 2520 3372; x_wconf 90' lang='lat' dir='ltr'><strong><em>plar</em></strong></span> <span class='ocrx_word' id='word_1_481' title='bbox 2543 3289 2627 3355; x_wconf 89' lang='lat' dir='ltr'><strong><em>ad</em></strong></span> <span class='ocrx_word' id='word_1_482' title='bbox 2652 3311 2768 3356; x_wconf 88' lang='lat' dir='ltr'><strong><em>vos</em></strong></span> <span class='ocrx_word' id='word_1_483' title='bbox 2803 3289 3200 3356; x_wconf 88' lang='lat' dir='ltr'><strong><em>mittendum</em></strong></span> <span class='ocrx_word' id='word_1_484' title='bbox 3223 3313 3545 3358; x_wconf 87' lang='lat' dir='ltr'><strong><em>curaram.</em></strong></span> <span class='ocrx_word' id='word_1_485' title='bbox 3584 3293 3722 3359; x_wconf 89' lang='lat' dir='ltr'><strong><em>Nec</em></strong></span> 
     </span>
     <span class='ocr_line' id='line_1_76' title="bbox 2373 3375 3717 3462; baseline 0.004 -23"><span class='ocrx_word' id='word_1_486' title='bbox 2373 3384 2599 3440; x_wconf 88' lang='lat' dir='ltr'><strong><em>tamen</em></strong></span> <span class='ocrx_word' id='word_1_487' title='bbox 2667 3375 2884 3441; x_wconf 88' lang='lat' dir='ltr'><strong><em>adhuc</em></strong></span> <span class='ocrx_word' id='word_1_488' title='bbox 2948 3376 3321 3462; x_wconf 78' lang='lat' dir='ltr'><strong><em>intelligere</em></strong></span> <span class='ocrx_word' id='word_1_489' title='bbox 3385 3380 3570 3461; x_wconf 88' lang='lat' dir='ltr'><strong><em>potui</em></strong></span> <span class='ocrx_word' id='word_1_490' title='bbox 3635 3399 3717 3444; x_wconf 91' lang='lat' dir='ltr'><strong><em>an</em></strong></span> 
     </span>
     <span class='ocr_line' id='line_1_77' title="bbox 2372 3458 3026 3529; baseline 0.005 -5"><span class='ocrx_word' id='word_1_491' title='bbox 2372 3460 2493 3525; x_wconf 86' lang='lat' dir='ltr'><strong><em>tibi</em></strong></span> <span class='ocrx_word' id='word_1_492' title='bbox 2538 3458 2795 3526; x_wconf 87' lang='lat' dir='ltr'><strong><em>reddita</em></strong></span> <span class='ocrx_word' id='word_1_493' title='bbox 2837 3470 3026 3529; x_wconf 87' lang='lat' dir='ltr'><strong><em>esset.</em></strong></span> 
     </span>
    </p>
   </div>
   <div class='ocr_carea' id='block_1_19' title="bbox 2395 3634 2785 3645">
    <p class='ocr_par' dir='ltr' id='par_1_19' title="bbox 2395 3634 2785 3645">
     <span class='ocr_line' id='line_1_78' title="bbox 2395 3634 2785 3645; baseline 0 0"><span class='ocrx_word' id='word_1_494' title='bbox 2395 3634 2785 3645; x_wconf 95' lang='lat' dir='ltr'><strong><em> </em></strong></span> 
     </span>
    </p>
   </div>
   <div class='ocr_carea' id='block_1_20' title="bbox 2368 3747 4437 4575">
    <p class='ocr_par' dir='ltr' id='par_1_20' title="bbox 2368 3747 4437 4575">
     <span class='ocr_line' id='line_1_79' title="bbox 2371 3747 4359 3827; baseline -0.003 -24"><span class='ocrx_word' id='word_1_495' title='bbox 2371 3751 2428 3803; x_wconf 88' lang='lat' dir='ltr'><strong><em>in</em></strong></span> <span class='ocrx_word' id='word_1_496' title='bbox 2466 3756 2687 3805; x_wconf 85' lang='lat' dir='ltr'><strong><em>autores</em></strong></span> <span class='ocrx_word' id='word_1_497' title='bbox 2730 3751 2888 3805; x_wconf 87' lang='lat' dir='ltr'><strong><em>istius</em></strong></span> <span class='ocrx_word' id='word_1_498' title='bbox 2931 3751 3188 3806; x_wconf 78' lang='lat' dir='ltr'><strong><em>facinoris</em></strong></span> <span class='ocrx_word' id='word_1_499' title='bbox 3233 3757 3292 3805; x_wconf 88' lang='lat' dir='ltr'><strong><em>et</em></strong></span> <span class='ocrx_word' id='word_1_500' title='bbox 3336 3753 3443 3805; x_wconf 82' lang='lat' dir='ltr'><strong><em>iam</em></strong></span> <span class='ocrx_word' id='word_1_501' title='bbox 3479 3753 3736 3807; x_wconf 86' lang='lat' dir='ltr'><strong><em>dicuntur</em></strong></span> <span class='ocrx_word' id='word_1_502' title='bbox 3781 3758 3901 3806; x_wconf 87' lang='lat' dir='ltr'><strong><em>tres</em></strong></span> <span class='ocrx_word' id='word_1_503' title='bbox 3947 3747 4359 3827; x_wconf 71' lang='lat' dir='ltr'><strong><em>comprehensi.</em></strong></span> 
     </span>
     <span class='ocr_line' id='line_1_80' title="bbox 2373 3815 4361 3891; baseline -0.002 -19"><span class='ocrx_word' id='word_1_504' title='bbox 2373 3818 2477 3884; x_wconf 80' lang='lat' dir='ltr'><strong><em>Qui</em></strong></span> <span class='ocrx_word' id='word_1_505' title='bbox 2531 3819 2637 3872; x_wconf 79' lang='lat' dir='ltr'><strong><em>fuit</em></strong></span> <span class='ocrx_word' id='word_1_506' title='bbox 2687 3821 3006 3873; x_wconf 84' lang='lat' dir='ltr'><strong><em>vulneratus</em></strong></span> <span class='ocrx_word' id='word_1_507' title='bbox 3052 3826 3139 3874; x_wconf 85' lang='lat' dir='ltr'><strong><em>est</em></strong></span> <span class='ocrx_word' id='word_1_508' title='bbox 3190 3823 3236 3873; x_wconf 86' lang='lat' dir='ltr'><strong><em>is</em></strong></span> <span class='ocrx_word' id='word_1_509' title='bbox 3282 3821 3602 3875; x_wconf 85' lang='lat' dir='ltr'><strong><em>Franciscns</em></strong></span> <span class='ocrx_word' id='word_1_510' title='bbox 3648 3822 3744 3891; x_wconf 90' lang='lat' dir='ltr'><strong><em>qui</em></strong></span> <span class='ocrx_word' id='word_1_511' title='bbox 3780 3819 4209 3875; x_wconf 77' lang='lat' dir='ltr'><strong><em>Francol&#39;ordise</em></strong></span> <span class='ocrx_word' id='word_1_512' title='bbox 4259 3815 4361 3866; x_wconf 83' lang='lat' dir='ltr'><strong><em>dm</em></strong></span> 
     </span>
     <span class='ocr_line' id='line_1_81' title="bbox 2369 3882 4364 3969; baseline -0.003 -26"><span class='ocrx_word' id='word_1_513' title='bbox 2369 3887 2476 3943; x_wconf 74' lang='lat' dir='ltr'><strong><em>fuit</em></strong></span> <span class='ocrx_word' id='word_1_514' title='bbox 2498 3894 2690 3957; x_wconf 74' lang='lat' dir='ltr'><strong><em>pastor</em></strong></span> <span class='ocrx_word' id='word_1_515' title='bbox 2712 3888 2972 3969; x_wconf 77' lang='lat' dir='ltr'><strong><em>ecclesiae</em></strong></span> <span class='ocrx_word' id='word_1_516' title='bbox 2990 3888 3245 3956; x_wconf 80' lang='lat' dir='ltr'><strong><em>Gallicae,</em></strong></span> <span class='ocrx_word' id='word_1_517' title='bbox 3283 3895 3341 3942; x_wconf 89' lang='lat' dir='ltr'><strong><em>et</em></strong></span> <span class='ocrx_word' id='word_1_518' title='bbox 3364 3896 3453 3945; x_wconf 87' lang='lat' dir='ltr'><strong><em>cst</em></strong></span> <span class='ocrx_word' id='word_1_519' title='bbox 3471 3891 3634 3944; x_wconf 86' lang='lat' dir='ltr'><strong><em>bomo</em></strong></span> <span class='ocrx_word' id='word_1_520' title='bbox 3656 3890 3944 3944; x_wconf 84' lang='lat' dir='ltr'><strong><em>modestus</em></strong></span> <span class='ocrx_word' id='word_1_521' title='bbox 3975 3896 4035 3942; x_wconf 89' lang='lat' dir='ltr'><strong><em>et</em></strong></span> <span class='ocrx_word' id='word_1_522' title='bbox 4067 3882 4364 3941; x_wconf 69' lang='lat' dir='ltr'><strong><em>facundus·</em></strong></span> 
     </span>
     <span class='ocr_line' id='line_1_82' title="bbox 2576 3954 4390 4135; baseline -0.005 -56"><span class='ocrx_word' id='word_1_523' title='bbox 2576 3955 2641 4089; x_wconf 43' lang='grc' dir='ltr'><strong><em>ἒξ</em></strong></span> <span class='ocrx_word' id='word_1_524' title='bbox 2672 3954 2939 4094; x_wconf 41' lang='lat' dir='ltr'><strong><em>(lgm</em></strong></span> <span class='ocrx_word' id='word_1_525' title='bbox 2966 4041 3027 4095; x_wconf 76' lang='lat' dir='ltr'><strong><em>p.</em></strong></span> <span class='ocrx_word' id='word_1_526' title='bbox 3048 4024 3180 4079; x_wconf 73' lang='lat'><strong><em>278:</em></strong></span> <span class='ocrx_word' id='word_1_527' title='bbox 3214 4025 3515 4080; x_wconf 80' lang='lat' dir='ltr'><strong><em>Mittuntur</em></strong></span> <span class='ocrx_word' id='word_1_528' title='bbox 3535 4026 3684 4079; x_wconf 87' lang='lat' dir='ltr'><strong><em>mille</em></strong></span> <span class='ocrx_word' id='word_1_529' title='bbox 3720 4041 3753 4079; x_wconf 89' lang='lat' dir='ltr'><strong><em>e</em></strong></span> <span class='ocrx_word' id='word_1_530' title='bbox 3796 4026 3947 4078; x_wconf 86' lang='lat' dir='ltr'><strong><em>uites</em></strong></span> <span class='ocrx_word' id='word_1_531' title='bbox 3968 4030 4025 4079; x_wconf 86' lang='lat' dir='ltr'><strong><em>et</em></strong></span> <span class='ocrx_word' id='word_1_532' title='bbox 4059 4037 4159 4100; x_wconf 53' lang='lat' dir='ltr'><strong><em>seg</em></strong></span> <span class='ocrx_word' id='word_1_533' title='bbox 4185 4012 4390 4135; x_wconf 53' lang='lat' dir='ltr'><strong><em>“¹1inss</em></strong></span> 
     </span>
     <span class='ocr_line' id='line_1_83' title="bbox 2371 4095 4407 4286; baseline -0.003 -71"><span class='ocrx_word' id='word_1_534' title='bbox 2371 4162 2546 4245; x_wconf 66' lang='lat' dir='ltr'><strong><em>copiis</em></strong></span> <span class='ocrx_word' id='word_1_535' title='bbox 2565 4163 2881 4284; x_wconf 49' lang='lat' dir='ltr'><strong><em>{nescitur</em></strong></span> <span class='ocrx_word' id='word_1_536' title='bbox 2893 4164 3114 4231; x_wconf 78' lang='lat' dir='ltr'><strong><em>quidm</em></strong></span> <span class='ocrx_word' id='word_1_537' title='bbox 3107 4164 3211 4286; x_wconf 36' lang='lat' dir='ltr'><strong><em>ph</em></strong></span> <span class='ocrx_word' id='word_1_538' title='bbox 3209 4163 3277 4245; x_wconf 67' lang='lat' dir='ltr'><strong><em>qe</em></strong></span> <span class='ocrx_word' id='word_1_539' title='bbox 3295 4164 3473 4285; x_wconf 52' lang='lat' dir='ltr'><strong><em>simu.</em></strong></span> <span class='ocrx_word' id='word_1_540' title='bbox 3500 4163 3728 4284; x_wconf 43' lang='lat' dir='ltr'><strong><em>Quodflai·</em></strong></span> <span class='ocrx_word' id='word_1_541' title='bbox 3744 4095 4407 4283; x_wconf 46' lang='lat' dir='ltr'><strong><em>“iffffiffii’kssffil</em></strong></span> 
     </span>
     <span class='ocr_line' id='line_1_84' title="bbox 2371 4236 4417 4423; baseline -0.001 -70"><span class='ocrx_word' id='word_1_542' title='bbox 2371 4236 3132 4367; x_wconf 47' lang='lat'><strong><em>33502123530033‘..</em></strong></span> <span class='ocrx_word' id='word_1_543' title='bbox 3156 4248 3400 4356; x_wconf 59' lang='lat' dir='ltr'><strong><em>11¹3?ae</em></strong></span> <span class='ocrx_word' id='word_1_544' title='bbox 3428 4248 3575 4423; x_wconf 56' lang='lat'><strong><em>1523?</em></strong></span> <span class='ocrx_word' id='word_1_545' title='bbox 3578 4244 4179 4375; x_wconf 48' lang='lat' dir='ltr'><strong><em>223?th</em></strong></span> <span class='ocrx_word' id='word_1_546' title='bbox 4203 4298 4269 4350; x_wconf 72' lang='lat' dir='ltr'><strong><em>z»-</em></strong></span> <span class='ocrx_word' id='word_1_547' title='bbox 4292 4273 4417 4326; x_wconf 53' lang='grc' dir='ltr'><strong><em>πε</em></strong></span> 
     </span>
     <span class='ocr_line' id='line_1_85' title="bbox 2373 4346 4437 4475; baseline -0.005 -54"><span class='ocrx_word' id='word_1_548' title='bbox 2373 4368 2556 4449; x_wconf 52' lang='lat' dir='ltr'><strong><em>lfa-mi</em></strong></span> <span class='ocrx_word' id='word_1_549' title='bbox 2603 4369 2684 4422; x_wconf 83' lang='lat' dir='ltr'><strong><em>les</em></strong></span> <span class='ocrx_word' id='word_1_550' title='bbox 2732 4374 3069 4451; x_wconf 67' lang='lat' dir='ltr'><strong><em>protestante</em></strong></span> <span class='ocrx_word' id='word_1_551' title='bbox 3121 4369 3202 4423; x_wconf 84' lang='lat' dir='ltr'><strong><em>les</em></strong></span> <span class='ocrx_word' id='word_1_552' title='bbox 3254 4370 3377 4451; x_wconf 74' lang='lat' dir='ltr'><strong><em>plus</em></strong></span> <span class='ocrx_word' id='word_1_553' title='bbox 3430 4371 3492 4425; x_wconf 71' lang='lat' dir='ltr'><strong><em>ze</em></strong></span> <span class='ocrx_word' id='word_1_554' title='bbox 3514 4369 3574 4422; x_wconf 78' lang='lat' dir='ltr'><strong><em>es</em></strong></span> <span class='ocrx_word' id='word_1_555' title='bbox 3621 4384 3695 4421; x_wconf 89' lang='lat' dir='ltr'><strong><em>on</em></strong></span> <span class='ocrx_word' id='word_1_556' title='bbox 3743 4366 4105 4460; x_wconf 37' lang='lat' dir='ltr'><strong><em>remini-quant</em></strong></span> <span class='ocrx_word' id='word_1_557' title='bbox 4124 4358 4188 4475; x_wconf 52' lang='grc' dir='ltr'><strong><em>ἲ</em></strong></span> <span class='ocrx_word' id='word_1_558' title='bbox 4208 4346 4437 4469; x_wconf 54' lang='grc' dir='ltr'><strong>11(ξὲξίωό</strong></span> 
     </span>
     <span class='ocr_line' id='line_1_86' title="bbox 2368 4436 4351 4575; baseline -0.011 -17"><span class='ocrx_word' id='word_1_559' title='bbox 2368 4436 3096 4575; x_wconf 54' lang='grc' dir='ltr'><strong><em>ἔρὲἶῖῗρὲῗιῗὲέᾞὲὸἓὲζ</em></strong></span> <span class='ocrx_word' id='word_1_560' title='bbox 3116 4436 3937 4561; x_wconf 51' lang='lat' dir='ltr'><strong><em>tzgfftssfissssffkfflssff</em></strong></span> <span class='ocrx_word' id='word_1_561' title='bbox 3957 4438 4351 4554; x_wconf 57' lang='grc' dir='ltr'><strong><em>ἕέἓὲῃιεω.</em></strong></span> 
     </span>
    </p>
   </div>
   <div class='ocr_carea' id='block_1_21' title="bbox 2371 4092 3759 4163">
    <p class='ocr_par' dir='ltr' id='par_1_21' title="bbox 2371 4092 3759 4163">
     <span class='ocr_line' id='line_1_87' title="bbox 2371 4092 3759 4163; baseline 0.001 -18"><span class='ocrx_word' id='word_1_562' title='bbox 2371 4092 2619 4162; x_wconf 88' lang='lat' dir='ltr'><strong><em>peditum</em></strong></span> <span class='ocrx_word' id='word_1_563' title='bbox 2655 4094 2778 4147; x_wconf 85' lang='lat' dir='ltr'><strong><em>adv.</em></strong></span> <span class='ocrx_word' id='word_1_564' title='bbox 2804 4110 2898 4148; x_wconf 88' lang='lat' dir='ltr'><strong><em>eos</em></strong></span> <span class='ocrx_word' id='word_1_565' title='bbox 2934 4094 3028 4163; x_wconf 88' lang='lat' dir='ltr'><strong><em>qui</em></strong></span> <span class='ocrx_word' id='word_1_566' title='bbox 3064 4095 3468 4149; x_wconf 84' lang='lat' dir='ltr'><strong><em>tumultuantur</em></strong></span> <span class='ocrx_word' id='word_1_567' title='bbox 3501 4096 3557 4148; x_wconf 89' lang='lat' dir='ltr'><strong><em>iu</em></strong></span> <span class='ocrx_word' id='word_1_568' title='bbox 3578 4094 3759 4148; x_wconf 79' lang='lat' dir='ltr'><strong><em>Gallia</em></strong></span> 
     </span>
    </p>
   </div>
   <div class='ocr_carea' id='block_1_22' title="bbox 2259 637 2385 5402">
    <p class='ocr_par' dir='ltr' id='par_1_22' title="bbox 2259 637 2385 5402">
     <span class='ocr_line' id='line_1_88' title="bbox 2259 637 2385 5402; baseline 0 0"><span class='ocrx_word' id='word_1_569' title='bbox 2259 637 2385 5402; x_wconf 95' lang='lat' dir='ltr'><strong><em> </em></strong></span> 
     </span>
    </p>
   </div>
   <div class='ocr_carea' id='block_1_23' title="bbox 379 5362 2270 5435">
    <p class='ocr_par' dir='ltr' id='par_1_23' title="bbox 379 5362 2270 5435">
     <span class='ocr_line' id='line_1_89' title="bbox 379 5362 2270 5435; baseline 0.002 -22"><span class='ocrx_word' id='word_1_570' title='bbox 379 5362 623 5430; x_wconf 65' lang='lat' dir='ltr'><strong><em>coxendice,</em></strong></span> <span class='ocrx_word' id='word_1_571' title='bbox 653 5365 798 5435; x_wconf 88' lang='lat' dir='ltr'><strong><em>quod</em></strong></span> <span class='ocrx_word' id='word_1_572' title='bbox 841 5370 1024 5419; x_wconf 81' lang='lat' dir='ltr'><strong><em>tamen</em></strong></span> <span class='ocrx_word' id='word_1_573' title='bbox 1061 5381 1171 5419; x_wconf 86' lang='lat' dir='ltr'><strong><em>uon</em></strong></span> <span class='ocrx_word' id='word_1_574' title='bbox 1220 5371 1307 5419; x_wconf 86' lang='lat' dir='ltr'><strong><em>est</em></strong></span> <span class='ocrx_word' id='word_1_575' title='bbox 1349 5363 1566 5419; x_wconf 74' lang='lat' dir='ltr'><strong><em>lethale.</em></strong></span> <span class='ocrx_word' id='word_1_576' title='bbox 1635 5363 1945 5435; x_wconf 74' lang='lat' dir='ltr'><strong><em>Inquit-itur</em></strong></span> <span class='ocrx_word' id='word_1_577' title='bbox 1976 5363 2270 5434; x_wconf 74' lang='lat' dir='ltr'><strong><em>diligenter</em></strong></span> 
     </span>
    </p>
   </div>
   <div class='ocr_carea' id='block_1_24' title="bbox 259 5295 319 6003">
    <p class='ocr_par' dir='ltr' id='par_1_24' title="bbox 259 5295 319 6003">
     <span class='ocr_line' id='line_1_90' title="bbox 259 5295 319 6003; baseline 0 0"><span class='ocrx_word' id='word_1_578' title='bbox 259 5295 319 6003; x_wconf 95' lang='lat' dir='ltr'><strong><em> </em></strong></span> 
     </span>
    </p>
   </div>
   <div class='ocr_carea' id='block_1_25' title="bbox 3916 5420 4055 5478">
    <p class='ocr_par' dir='ltr' id='par_1_25' title="bbox 3916 5420 4055 5478">
     <span class='ocr_line' id='line_1_91' title="bbox 3916 5420 4055 5478; baseline -0.007 0"><span class='ocrx_word' id='word_1_579' title='bbox 3916 5420 4055 5478; x_wconf 74' lang='lat'><strong><em>14·</em></strong></span> 
     </span>
    </p>
   </div>
  </div>
 </body>
</html>
