4900 6125
624 379 712 441 43

624 585 811 632 mero
887 585 1113 631 eorum
1178 566 1293 649 qui
1357 564 1747 650 gubernant.
1858 567 2135 635 Addunt
2192 567 2381 634 illum
2445 587 2590 634 sese

538 667 553 682 “
626 651 949 718 subiicere
985 650 1267 717 decretis
1289 650 1661 719 Tridentini
1684 655 1964 721 concilii.
2033 655 2125 720 Et
2145 653 2309 720 haec
2342 673 2590 738 magna

624 738 1021 804 confirmant
1071 735 1485 804 confidentia.
1586 737 1879 806 Proinde
1942 741 2188 823 optime
2241 740 2475 806 feceris
2530 739 2589 803 si

624 822 964 889 curaveris
1043 833 1121 888 ut
1189 823 1301 889 vel
1363 823 1542 890 Bm
1607 825 1714 893 vel
1783 826 2170 893 lonvillaeus
2235 825 2590 909 diligenter

624 908 916 975 scribant
959 907 1041 974 de
1084 908 1281 975 rebus
1328 908 1589 977 Galliae
1645 910 1882 994 (nolim
1926 912 2011 977 ali
2096 912 2167 976 ui
2207 919 2278 976 te
2322 910 2428 976 his
2472 932 2588 976 ve-

626 995 823 1074 xari),
870 993 950 1060 de
984 993 1222 1079 quibus
1264 995 1434 1061 nihil
1479 997 1663 1076 certi,
1708 997 1841 1063 nisi
1874 1019 1957 1064 ex
1981 1019 2067 1065 vo
2112 996 2190 1076 is,
2234 997 2478 1062 habere
2521 1004 2590 1061 et

624 1080 1022 1147 adversariis
1062 1082 1344 1147 obiicere
1384 1102 1747 1165 possumus.

795 1165 989 1245 Vide,
1033 1168 1125 1231 mi
1173 1168 1393 1242 frater,
1458 1167 1810 1252 diligenter
1851 1169 2156 1253 invigiles
2198 1188 2284 1233 ne
2328 1166 2589 1232 Luthe-

621 1253 954 1318 ranismus
1041 1272 1192 1317 cum
1259 1252 1752 1321 Brentianismo
1833 1263 2137 1321 serantur
2202 1255 2273 1318 in
2345 1252 2586 1319 Gallia.

622 1338 867 1404 Paulus
932 1337 1185 1404 Eberus
1245 1338 1452 1404 edidit
1514 1339 1756 1405 librum
1825 1340 1907 1406 de
1971 1362 2176 1407 coena
2234 1339 2586 1421 Domini⁶)

622 1435 853 1491 contra
892 1435 1186 1490 nostram
1211 1423 1592 1491 doctrinam.
1654 1426 1839 1491 Nihil
1884 1426 2105 1492 differt
2146 1428 2216 1492 in
2261 1426 2592 1491 sententia

623 1531 665 1576 a
724 1509 1031 1594 dogmate
1090 1509 1392 1576 Lutheri:
1466 1512 1535 1575 in
1601 1511 2019 1595 proponendo
2074 1513 2311 1579 variat.
2414 1510 2588 1575 Nam

622 1594 973 1662 blandulus
1017 1605 1118 1661 est
1160 1605 1226 1660 et
1269 1595 1831 1680 blandiloquentia
1874 1619 1995 1663 sua
2051 1607 2326 1664 conatur
2389 1594 2474 1661 ad
2518 1617 2589 1661 se

624 1681 960 1747 attrahere
1013 1681 1310 1748 lectores.
1416 1682 1717 1748 Absurda
1783 1695 1851 1748 et
1921 1685 2332 1768 ineptissima
2388 1680 2590 1746 habet

622 1767 928 1850 plurima.
1019 1767 1147 1831 'rui
1189 1768 1593 1833 mentionem
1654 1769 1811 1835 facit
1855 1771 1928 1834 in
1973 1770 2350 1853 germanico
2394 1767 2586 1845 libro,

624 1853 694 1917 in
742 1853 948 1918 latino
996 1851 1364 1935 Zuinylium
1418 1855 1738 1932 nominat,
1799 1875 2040 1920 nomen
2086 1863 2277 1920 tuum
2326 1853 2588 1919 omittit.

621 1938 862 2003 Nescio
908 1959 1028 2004 cur
1070 1937 1319 2004 fecerit.
1409 1937 1552 2004 Sub
1598 1942 1795 2006 finem
1842 1951 2128 2006 testatur
2171 1961 2241 2006 se
2286 1938 2461 2004 nolle
2505 1940 2588 2005 ab

622 2024 749 2090 hac
793 2044 912 2090 sua
954 2024 1282 2089 sententia
1324 2021 1658 2091 discedere
1719 2026 1825 2093 vel
1871 2028 2081 2092 latum
2127 2026 2418 2094 culmum
2465 2033 2587 2091 etc.

622 2109 826 2175 Hunc
890 2108 1134 2174 librum
1194 2108 1491 2176 Sulcerus
1548 2111 1851 2194 pluribus
1925 2111 2342 2178 commendat
2395 2121 2590 2194 atque

622 2195 932 2262 obtrudit.
1022 2193 1156 2260 Sed
1204 2203 1270 2259 et
1313 2197 1610 2262 articulis
1654 2197 1788 2263 illis
1833 2198 2242 2279 Argentinae
2282 2197 2356 2261 in
2392 2218 2591 2263 causa

623 2280 894 2348 Zancleia·
916 2281 1293 2363 compositis
1314 2281 1718 2366 subscripsit,
1735 2283 1794 2368 ⁷)
1833 2287 2417 2367 Augustanamque
2439 2303 2588 2349 con-

620 2366 974 2433 fessionem
1017 2387 1155 2431 una
1197 2387 1349 2432 cum
1394 2368 1708 2452 Apologia
1751 2371 2015 2454 recepit,
2084 2390 2279 2453 quam
2326 2378 2590 2434 nostrae

622 2454 934 2520 ecclesiae
978 2453 1059 2518 ob
1104 2473 1337 2518 causas
1404 2475 1568 2537 quas
1618 2456 1792 2521 nosti
1848 2476 2186 2538 nunquam
2235 2454 2590 2520 voluerunt

621 2541 932 2624 recipere.
1018 2537 1297 2604 Utinam
1342 2561 1477 2605 non
1520 2542 1763 2625 cogitet
1816 2541 1927 2607 ille
1973 2540 2303 2607 Basileam
2349 2562 2389 2605 a
2432 2561 2585 2607 nos-

622 2626 745 2690 tris
767 2624 1165 2690 abstractam
1201 2624 1490 2692 ecclesiis
1535 2627 1937 2712 coniungere
1980 2648 2130 2693 cum
2155 2624 2584 2692 Lutheranis.

620 2710 847 2776 Habet
894 2708 1182 2776 Coccium
1194 2713 1255 2786 8)
1299 2723 1738 2797 symmystam
1781 2712 2165 2778 adiutorem.
2254 2710 2587 2777 Dominus

622 2803 996 2881 compescat
1039 2815 1168 2862 eos.
1247 2795 1383 2862 Sed
1428 2797 1655 2864 desino
1700 2808 1768 2863 te
1812 2798 2192 2865 obtundere.
2279 2797 2357 2863 Si
2401 2818 2585 2881 sape-

620 2904 765 2948 rem
830 2882 1094 2947 brevior
1146 2903 1376 2949 essem.
1465 2882 1602 2950 Sed
1647 2885 1944 2950 condona
1983 2884 2151 2949 mihi
2198 2884 2322 2948 hoc
2365 2905 2587 2949 meum

620 2978 985 3052 peccatum.
1074 2967 1261 3033 Vale.
1336 2970 1660 3035 Dominus
1704 2971 1895 3037 Iesus
1938 2970 2246 3035 restituat
2288 2977 2355 3035 te
2398 2968 2588 3034 nobis

621 3063 691 3121 et
734 3055 909 3121 vires
954 3051 1076 3119 tibi
1117 3054 1434 3135 conferat,
1492 3066 1571 3121 ut
1627 3055 1740 3122 diu
1785 3057 1995 3141 possis
2038 3055 2344 3139 prodesse
2381 3054 2589 3122 eccle-

621 3140 760 3208 siae
795 3140 943 3207 Dei.
1024 3139 1253 3224 'figuti
1306 3145 1399 3206 12.
1446 3142 1623 3208 Iunii
1679 3147 1859 3208 1563.
1942 3141 2255 3209 Salutant
2295 3149 2363 3206 te
2407 3163 2589 3226 sym-

623 3236 881 3312 mystae
937 3244 1088 3290 cum
1145 3227 1278 3292 tuis
1333 3229 1655 3307 omnibus,
1712 3229 2003 3294 maxime
2056 3248 2217 3295 vero
2275 3227 2397 3293 filii
2440 3229 2590 3308 mei,

624 3312 874 3398 generi,
920 3312 1149 3377 affines
1192 3314 1412 3378 omnia
1456 3315 1578 3379 tibi
1622 3315 2076 3397 imprecantur
2118 3313 2351 3380 felicia.

1769 3449 2205 3535 Bullingerus
2249 3456 2419 3517 tuus.

1394 3744 1799 3753 —————-

1504 4046 1703 4117 3969.

1063 4218 1678 4288 GRINDALLUS
1723 4218 2161 4287 CALVINO.

806 4391 1173 4457 Galla-eiam
1230 4389 1517 4457 Londino
1581 4392 1789 4458 reliaco
1852 4391 2165 4459 Gens-vam
2233 4392 2588 4460 redeuntem

627 4478 851 4543 laudat
905 4482 962 4542 et
1014 4496 1199 4561 aeqre
1253 4476 1488 4541 dimitti
1528 4477 1832 4559 affirmat.
1925 4477 2188 4545 Calvino
2241 4483 2451 4545 autem
2493 4483 2589 4543 ut-

618 4568 761 4647 pote
812 4563 944 4645 fere
996 4563 1117 4629 soli
1169 4564 1493 4643 superstiti
1549 4583 1629 4629 ex
1687 4564 1929 4646 primis
1988 4564 2456 4647 reformationis
2497 4583 2590 4630 co-

629 4650 867 4716 lumnis
909 4648 1288 4716 valetudinis
1329 4669 1548 4715 curam
1588 4651 1770 4717 enixe
1809 4651 2206 4718 commendat.

627 4822 737 4889 (Ex
794 4819 1134 4889 autographo
1186 4818 1322 4874 Ood.
1357 4819 1589 4944 {fnesvdr
1616 4820 1735 4942 139,
1739 4820 1877 4958 43⁰}
1929 4820 2041 4875 124.
2114 4822 2313 4878 zurich
2369 4823 2590 4877 Letters

842 5163 902 5227 6)
944 5163 1021 5219 N.
1056 5162 1212 5216 3956.

841 5231 899 5295 7)
932 5231 1011 5287 Ν.
1044 5230 1199 5285 3919.
1232 5230 1386 5286 3936.

839 5300 898 5365 8)
936 5300 1150 5361 Κόοῆἱί,
1184 5301 1315 5356 ntia.

2136 378 2668 448 EPISTOLAE
2716 377 3137 442 3968-3971
4551 385 4612 444 u

2865 566 2951 632 D.
2999 565 3236 632 Ioanni
3280 564 3560 632 Calvino
3604 564 3913 631 ecclesiae
3949 564 4364 633 Genevensis
4409 567 4615 650 pastori

2693 651 3075 719 fidelissimo
3118 672 3195 718 ac
3237 652 3428 718 fratri
3471 671 3589 717 suo
3634 653 3707 716 in
3750 650 4018 718 Christo
4061 651 4478 806 cagsesgrgig&

2865 907 2936 975 S.
2961 910 3044 975 D.
3086 910 3381 975 Multum
3417 919 3568 975 tuae
3599 908 3847 993 pietati,
3881 908 4242 976 clarissime
4264 910 4350 976 D.
4375 907 4619 986 calciae,

2689 1003 2884 1079 atque
2929 993 3090 1061 adeo
3125 997 3474 1062 universae
3509 1003 3771 1061 vestrae
3814 995 4126 1061 ecclesiae
4159 993 4488 1072 debemus,
4528 998 4616 1078 qui

2690 1082 2776 1147 D.
2827 1080 3127 1159 Gallasii,
3173 1081 3306 1147 viri
3358 1080 3731 1157 doctissimi,
3786 1080 4040 1163 copiam
4101 1089 4232 1145 tam
4292 1079 4406 1146 diu
4463 1082 4620 1146 nobis

2689 1166 2953 1243 fecistis,
2979 1169 3029 1249 ¹)
3086 1167 3199 1250 qui
3252 1175 3324 1232 et
3380 1167 3720 1234 ecclesiam
3777 1187 3985 1245 suam,
4041 1187 4235 1250 quam
4293 1165 4621 1234 adveniens

2691 1252 2886 1319 valde
2926 1254 3375 1335 perturbatam
3439 1252 3717 1331 invenit,
3764 1251 3851 1317 D.
3900 1251 4172 1337 comato
4191 1257 4247 1330 ²)
4293 1252 4624 1318 successori

2692 1359 2811 1403 suo
2877 1345 3176 1422 pacatam
3235 1358 3312 1403 ac
3368 1337 3533 1404 bene
3587 1338 3956 1404 iustitutam
4017 1338 4300 1421 reliquit,
4361 1349 4432 1403 et
4486 1338 4622 1402 mihi

2691 1425 3067 1507 nostrisque
3111 1424 3402 1490 ecclesiis
3445 1424 3716 1490 consilio
3758 1445 3835 1490 ac
3871 1423 4221 1507 prudentia
4253 1444 4626 1508 magnopere

2691 1510 2953 1593 profuit.
3041 1509 3367 1593 Equidem
3411 1530 3546 1578 non
3589 1510 3870 1575 libenter
3927 1509 4116 1574 illum
4158 1509 4623 1584 dimisissemus,

2692 1597 2823 1662 nisi
2868 1596 3173 1661 iustiores
3218 1595 3590 1661 discedendi
3633 1616 3867 1661 causas
3913 1596 4184 1661 haberet
4227 1616 4429 1678 quam
4472 1607 4626 1679 opta·

2690 1704 2856 1748 mus.
2946 1681 3222 1747 Coelum
3283 1691 3588 1762 nostrum
3646 1682 3855 1764 ipsius
3911 1681 4367 1746 constitutioni
4425 1701 4630 1764 parum

2692 1771 2800 1846 (ut
2843 1767 3133 1846 videtur)
3179 1769 3577 1834 conveniens
3622 1766 4073 1832 valetudinem
4119 1768 4260 1832 eius
4302 1766 4500 1831 valde
4549 1765 4629 1831 af·

2691 1854 2866 1918 flixit
2908 1861 2975 1919 et
3018 1853 3293 1936 coniuge
3338 1854 3677 1919 carissima
3712 1861 3816 1932 (ut
3860 1853 3940 1918 de
3983 1852 4207 1919 liberis
4249 1853 4520 1917 interim
4553 1865 4632 1916 ta·

2691 1943 2903 2012 ceam)
2948 1938 3238 2004 orbavit:
3288 1937 3450 2004 adeo
3494 1947 3571 2004 ut
3590 1959 3785 2021 quem
3830 1958 4007 2004 nunc
4041 1936 4381 2003 reddimus
4404 1938 4630 2003 valetu-

2693 2025 3041 2104 dinarium,
3126 2024 3184 2091 si
3248 2025 3527 2089 alteram
3593 2024 3899 2109 hyemem
3966 2024 4141 2107 apud
4208 2045 4329 2089 nos
4397 2025 4632 2168 esssset.

2691 2110 3054 2177 verendum
3099 2121 3273 2176 esset
3316 2131 3399 2175 ne
3443 2130 3575 2175 non
3618 2113 3885 2176 omnino
3929 2109 4376 2176 redderemus.
4509 2108 4632 2174 alde

2691 2197 2898 2281 igitur
2938 2205 3082 2262 erat
3122 2198 3563 2263 necessarium
3623 2206 3703 2260 ut
3767 2195 3850 2260 ad
3915 2197 4265 2280 pristinum
4310 2215 4528 2261 aerem
4565 2193 4636 2258 ad

2693 2281 3137 2348 valetudinem
3221 2281 3738 2366 recuperandam
3810 2282 4072 2348 rediret.
4181 2281 4372 2347 Nihil
4439 2295 4636 2346 autem

2692 2370 2905 2453 magis
2949 2368 3022 2432 in
3068 2367 3241 2434 votis
3288 2368 3610 2433 habemus
3675 2389 3876 2450 quam
3921 2377 3999 2432 ut
4043 2375 4315 2451 uterque
4363 2379 4638 2432 vestrum

2691 2456 2762 2519 in
2835 2454 3168 2521 communi
3233 2454 3452 2536 patria
3513 2453 3936 2537 evangelium
3994 2452 4197 2520 libere
4253 2454 4638 2518 annunciare

2695 2540 2976 2624 possitis.
3065 2539 3214 2604 Hoc
3256 2540 3381 2604 etsi
3425 2540 3549 2605 isto
3594 2559 3818 2604 rerum
3862 2548 4058 2616 statu,
4104 2540 4348 2622 partim
4394 2549 4638 2622 propter

2692 2624 3100 2709 quorundam
3187 2625 3674 2691 cunctationem
3766 2623 3875 2690 vel
3955 2624 4176 2708 potius
4255 2623 4638 2694 tarditatem.

2692 2714 2932 2795 partim
2978 2719 3246 2794 propter
3290 2710 3570 2776 aliorum
3611 2730 4122 2793 praeproperam
4163 2708 4277 2794 (ne
4357 2709 4477 2774 uid
4509 2729 4640 2792 gra·

2693 2799 2839 2863 vius
2883 2796 3126 2874 dicam)
3171 2797 3701 2876 transactionem,
3743 2797 4016 2864 minime
4068 2816 4308 2878 speran
4359 2817 4478 2859 um
4519 2815 4641 2860 esne

2694 2881 3013 2960 videatur,
3058 2891 3280 2948 tamen
3325 2903 3456 2947 non
3501 2880 3880 2947 dubitamus
3937 2881 4096 2965 quin
4139 2882 4327 2946 Deus
4371 2882 4515 2964 ipse
4553 2901 4640 2945 ra·

2695 2970 2985 3035 tionibus
3029 2968 3215 3033 nobis
3258 2967 3632 3052 incognitis,
3698 2976 3776 3032 ut
3823 2987 3961 3032 non
4017 2965 4382 3051 gloriemur
4439 2967 4508 3031 in
4549 2966 4644 3031 ho-

2694 3054 3002 3132 minibus,
3045 3054 3170 3120 hoc
3205 3064 3417 3120 totum
3453 3054 3790 3138 negotium
3813 3052 4090 3120 feliciter
4111 3052 4199 3118 sit
4217 3052 4642 3119 confecturus.

2765 3196 2772 3211 .
2868 3140 3080 3206 Doleo
3146 3161 3230 3204 ex
3301 3141 3522 3205 animo
3580 3151 3647 3204 te
3695 3142 3826 3204 ista
3882 3148 4095 3205 aetate
4148 3148 4217 3204 et
4269 3150 4408 3203 tam
4477 3140 4644 3203 tenui

2695 3246 2966 3312 corpore
3010 3226 3079 3290 in
3126 3220 3513 3308 podagricos
3556 3225 3813 3290 dolores
3855 3224 4039 3308 (nam
4083 3224 4179 3288 ita
4221 3224 4396 3289 mihi
4441 3223 4642 3289 retulit

2701 3312 3064 3386 Galla-rius)
3131 3310 3456 3377 incidisse.
3545 3311 3696 3375 Non
3755 3308 3981 3375 dubito
4035 3320 4256 3376 autem
4313 3310 4484 3392 quin
4525 3322 4644 3375 stu·

2696 3399 2955 3464 diorum
2998 3418 3075 3462 ac
3117 3396 3418 3462 laborum
3461 3397 3973 3478 intemperantia
4024 3393 4304 3477 quadam
4353 3396 4485 3461 hoc
4524 3416 4646 3460 ma·

2695 3485 2833 3549 lum
2899 3483 3022 3548 tibi
3079 3482 3505 3548 contraxeris.
3593 3481 3884 3547 Posthac
3936 3481 4140 3564 igitur
4182 3480 4644 3547 remittendum

2695 3580 2801 3635 est
2851 3568 2972 3634 tibi
3034 3566 3278 3650 aliquid
3337 3566 3418 3630 de
3471 3566 3769 3649 pristinis
3834 3565 4165 3632 laboribus
4223 3575 4292 3631 ot
4354 3564 4646 3634 lucubre-

2696 3656 2983 3720 tionibus
3049 3652 3548 3736 intempestivis,
3627 3673 3712 3717 ne
3792 3650 3950 3718 dum
4027 3652 4143 3717 tibi
4225 3672 4366 3717 non
4447 3652 4645 3736 parcis

2697 3740 2999 3805 morbum
3054 3740 3124 3803 in
3179 3740 3574 3803 immensum
3635 3758 3878 3822 augeas
3935 3746 4003 3802 et
4062 3736 4380 3804 ecclesiae
4443 3741 4648 3803 minus

2695 3827 2926 3910 prosis.
2992 3823 3263 3889 Intuere
3306 3825 3378 3888 in
3400 3823 3868 3888 Nazanzenum
3891 3823 3946 3901 *,
3991 3823 4106 3907 qui
4149 3822 4306 3889 dum
4355 3824 4446 3890 de
4489 3825 4646 3889 vitae

2694 3911 3098 3987 austeritate,
3142 3930 3341 3992 quam
3373 3908 3637 3974 iuvenis
3657 3917 3993 3992 utcunque
4015 3909 4409 3987 sustinebat,
4448 3918 4646 3975 aetate

2693 3995 3066 4080 provectior
3140 3995 3308 4060 nihil
3378 3994 3657 4059 remittit
3707 4002 4019 4077 perpetuo
4075 3993 4212 4060 fere
4249 3992 4648 4062 decumbere

2693 4092 2796 4149 est
2861 4090 3124 4147 coactus
3189 4090 3258 4146 et
3314 4081 3443 4145 ista
3499 4080 3753 4145 ratione
3810 4079 4121 4146 ecclesiae
4193 4080 4426 4146 minus
4483 4080 4646 4145 utilis

2692 4166 3009 4234 redditus.
3100 4166 3275 4248 Quia
3338 4176 3414 4229 tu
3472 4185 3624 4230 cum
3668 4164 4039 4248 Bullinqero
4094 4186 4180 4230 ex
4234 4167 4477 4249 primis
4531 4164 4646 4229 illi·

2691 4254 3012 4320 columnis
3054 4272 3264 4336 paene
3306 4251 3428 4317 soli
3485 4251 3861 4333 superestis,
3916 4250 4103 4316 vobis
4155 4271 4362 4333 quam
4427 4252 4646 4317 diutis-

2691 4341 2856 4406 sime
2915 4339 2999 4421 (si
3063 4340 3156 4402 ita
3198 4336 3486 4402 Domino
3558 4335 3779 4401 visum
3846 4335 4074 4413 fuerit)
4145 4336 4277 4401 frui
4330 4338 4644 4422 cupimus.

2690 4424 3031 4491 Bromium
3075 4422 3292 4489 studio
3335 4431 3694 4506 praetereo,
3739 4423 3854 4505 qui
3912 4443 4090 4487 nunc
4146 4434 4462 4506 suscepto
4515 4443 4645 4506 pes-

2692 4512 2898 4576 simae
2950 4529 3188 4576 causae
3245 4507 3612 4591 patrocinio
3670 4528 3807 4573 non
3862 4506 4128 4573 videtur
4185 4527 4312 4574 nos
4373 4508 4648 4593 amplius

2690 4617 2810 4682 pro
2853 4595 3166 4665 fratribus
3208 4613 3578 4679 agnoscere.

2693 4771 3038 4781 ————.-—-.
3057 4772 3102 4778 .—

2690 4887 2878 4942 8969.
2897 4885 2950 4952 1)
2982 4885 3230 4943 reducem
3269 4883 3518 4939 Genevae
3561 4899 3616 4938 a.
3668 4878 3723 4935 d.
3773 4880 4010 4961 V.·Noa.
4049 4881 4159 4937 Iul.
4203 4883 4352 4939 sistit
4387 4881 4530 4954 Rq.
4579 4882 4644 4938 d-

2699 4956 2931 5015 conca.
3003 4955 3205 5010 Postea
3237 4953 3524 5008 Aureliam
3556 4967 3615 5005 sc
3648 4950 3892 5006 cordula.

2901 5024 2964 5089 2)
3002 5023 3090 5078 lo.
3130 5023 3352 5087 Οουεύι,
3386 5021 3635 5075 minister
3662 5020 3854 5089 fuerat
3885 5018 4430 5089 mercado-am
4463 5022 4646 5092 quibs

2690 5094 2919 5149 misum
2964 5092 3097 5148 dieat
3136 5091 3271 5159 Req-
3308 5090 3377 5144 de
3417 5090 3476 5144 la
3509 5087 3694 5158 Gomp.
3729 5104 3800 5142 m.
3839 5088 4000 5143 Maio
4036 5086 4189 5141 1559.
4261 5088 4394 5143 Ie-
4431 5107 4488 5145 a.
4521 5088 4644 5143 15⁶⁰

2694 5162 2886 5217 &156¹
2912 5161 3230 5216 Londinum
3267 5174 3324 5213 se
3356 5158 3673 5223 contulerat,
3708 5162 3824 5211 tun·
3846 5174 3898 5211 a.
3935 5156 4071 5211 156²
4106 5158 4638 5214 mutuenda-¹·-

2696 5232 2901 5287 Postea
2933 5230 3035 5285 diu
3072 5228 3324 5284 Londim‘
3355 5226 3577 5283 mansit.
3650 5225 3812 5290 (Zur.
3855 5226 4068 5282 Latera
4105 5225 4195 5281 11.
4225 5225 4292 5279 N.
4324 5225 4417 5282 66.
4473 5227 4640 5282 M

2697 5302 2780 5356 tin
2819 5300 2914 5356 vl.
2949 5299 3067 5355 190.
3103 5296 3300 5355 nso.
3337 5296 3507 5365 Haaq
3543 5294 3641 5350 1v.
3679 5293 3823 5359 101.)

4341 6072 4626 6075 ψ
4761 5900 4797 6076 j
