4900 6125
317 387 444 451 209

316 572 899 642 Praestantissimo
942 576 1200 645 Christi
1258 597 1453 645 servo
1497 578 1582 644 D.
1634 578 1970 647 Gulielmo
2012 581 2280 649 Farello

683 662 874 728 fratri
918 670 986 729 et
1026 673 1428 750 symmystae
1469 663 1913 751 integerrimo.

492 833 689 916 Quod
754 835 1073 902 hactenus
1137 835 1309 901 nihil
1378 837 1498 903 tibi
1576 837 1953 921 scripserim
2016 837 2278 924 culpam

318 920 685 988 tabellariis
727 930 883 987 tuae
940 923 1156 1005 gentis
1199 923 1483 1007 assigna.
1573 922 1709 1004 Qui
1751 933 1930 991 certe
1972 945 2281 1009 praepos-

317 1007 444 1073 teri
490 1016 651 1072 sunt
707 1006 867 1075 dum
925 1006 1153 1073 literas
1196 1028 1540 1093 nunquam
1584 1009 1928 1093 postulant
1970 1011 2099 1077 nisi
2158 1010 2282 1078 sub

313 1092 696 1160 discessum.
770 1093 866 1160 Ut
907 1094 1071 1160 alios
1106 1095 1424 1172 omittam,
1469 1096 1582 1179 qui
1626 1095 1855 1161 literas
1898 1104 2052 1163 tuas
2084 1101 2136 1173 ¹)
2182 1105 2281 1162 at-

313 1178 476 1244 tulit
519 1178 605 1244 ad
647 1200 755 1245 me
796 1181 984 1245 venit
1023 1180 1285 1247 circiter
1328 1181 1560 1247 horam
1603 1181 1903 1264 quintam
1948 1203 2153 1266 quum
2197 1182 2283 1248 ad

312 1284 591 1331 coenam
635 1285 847 1332 essem
890 1266 1229 1333 invitatus.
1310 1266 1568 1352 Rogavi
1614 1267 1876 1351 quando
1920 1269 2101 1334 abire
2143 1269 2283 1335 vel-

312 1350 424 1416 let.
519 1350 918 1436 Respondit:
978 1352 1292 1434 postridie
1335 1374 1594 1419 summo
1638 1373 1849 1420 mane.
1923 1355 2110 1419 Haec
2153 1356 2283 1420 erit

313 1438 496 1503 iusta
532 1440 868 1504 excusatio
911 1459 1031 1506 cur
1063 1459 1348 1505 vacuum
1393 1438 1810 1505 dimitterem.
1884 1439 2283 1523 Quanquam

311 1524 370 1588 si
429 1525 804 1590 necessaria
867 1523 1102 1590 fuisset
1167 1526 1524 1609 responsio,
1592 1525 1864 1590 minime
1924 1528 1994 1591 in
2062 1525 2279 1592 officio

310 1630 693 1676 cessassem.
784 1609 920 1676 Sed
965 1610 1286 1694 principio
1340 1612 1506 1677 mihi
1550 1611 1798 1678 dictum
1841 1612 2078 1689 fuerat,
2121 1614 2281 1677 mis-

311 1715 463 1761 sum
500 1694 660 1760 data
697 1716 895 1780 opera
935 1697 1138 1762 fuisse
1183 1697 1518 1762 hominem
1555 1698 1667 1781 qui
1704 1696 1879 1763 malo
1915 1696 2278 1764 remedium

312 1789 682 1864 quaereret.
768 1781 956 1863 Quae
999 1782 1197 1848 unica
1240 1790 1384 1847 erat
1425 1784 1615 1848 ratio.
1707 1783 1855 1867 Ego
1897 1804 2153 1867 quoque
2194 1783 2280 1849 ad

311 1867 562 1933 Βωαηι
619 1866 961 1934 scribendo
987 1871 1045 1943 2)
1106 1869 1403 1952 partibus
1458 1870 1625 1934 meis
1670 1866 2020 1935 defunctus
2075 1889 2274 1935 eram.

311 1953 596 2036 Templa
638 1955 964 2037 occupari,
1010 1962 1087 2019 ut
1127 1953 1428 2020 odiosum
1465 1964 1568 2020 est
1602 1955 1807 2040 Regis
1844 1955 2138 2035 consilio,
2183 1955 2279 2022 ita

307 2040 474 2106 mihi
533 2060 877 2124 nunquam
935 2040 1204 2123 placuit,
1262 2041 1468 2106 donec
1526 2039 1784 2123 publice
1839 2040 2088 2124 aliquid
2142 2048 2276 2107 sta-

307 2134 645 2203 tueretur,
711 2125 882 2209 quod
950 2125 1136 2191 brevi
1197 2127 1338 2192 fore
1401 2125 1677 2192 confido.
1789 2128 1898 2192 An
1963 2128 2276 2210 privatim

306 2213 500 2278 vobis
545 2211 744 2278 fuerit
799 2218 1238 2296 prospectum,
1300 2213 1542 2289 nescio,
1602 2212 1731 2277 nisi
1777 2211 1946 2296 quod
1996 2212 2278 2279 Cur-solii

304 2298 640 2363 adventus
663 2300 722 2378 ⁸)
778 2297 1064 2364 hostium
1119 2298 1501 2363 violentiam
1558 2297 1813 2363 sedabit
1868 2306 1938 2363 et
1994 2299 2276 2381 impetus

303 2393 696 2468 compescet.
808 2384 911 2449 'ru
974 2385 1229 2450 interea
1305 2405 1435 2467 qua
1513 2385 1760 2468 poteris
1823 2384 2275 2450 moderatione

302 2469 653 2537 ecclesiam
697 2471 1042 2535 sustineas.
1133 2469 1432 2553 Cupiunt
1491 2474 1726 2536 fratres
1770 2469 2271 2549 Neocomensee,

301 2558 480 2623 sicut
525 2577 612 2621 ex
651 2553 1082 2639 christophori
1122 2556 1335 2621 literis
1381 2556 1590 2621 intelli
1713 2606 1728 2633 ,
1774 2566 1841 2621 te
1884 2554 2136 2640 synodo
2170 2557 2271 2621 in-

302 2650 571 2707 teresse.
665 2641 813 2725 Ego
879 2662 921 2706 a
984 2642 1296 2724 Principe
1365 2639 1614 2728 [iussus
1716 2662 1865 2707 sum
1930 2650 2000 2707 et
2063 2639 2268 2730 eiu[s]

299 2749 368 2794 m
405 2733 546 2794 atre
597 2749 611 2793 :
678 2728 792 2793 sed
848 2727 988 2793 dies
1042 2728 1154 2811 qui
1209 2725 1617 2815 00[nstitutus
1702 2736 1803 2793 est
1847 2726 2039 2792 valde
2098 2740 2273 2794 esset

299 2836 396 2879 mi
449 2816 470 2878 i
533 2812 1066 2900 intem[peetivus
1115 2864 1338 2880 ......
1342 2812 1372 2901 ]
1431 2815 1550 2877 tim
1587 2860 1898 2878 ........
1964 2811 2096 2901 [Εο
2135 2812 2268 2901 die]

297 2898 629 2985 legendus
686 2908 956 2965 senatus
1014 2912 1084 2966 et
1140 2898 1591 2967 distribuenda
1648 2920 1942 2965 munera.
2033 2899 2270 2984 Itaque

304 3007 538 3052 vereor
579 3007 665 3051 ne
709 2986 874 3051 mihi
918 2986 1200 3051 liberum
1245 2987 1331 3051 sit
1373 2986 1573 3051 exire.
1647 2984 1785 3051 Sed
1819 2986 1974 3069 quia
2007 2987 2272 3070 scripsit

299 3083 521 3140 mater
556 3073 907 3156 Principis,
955 3073 1247 3138 habitam
1292 3074 1493 3139 fuisse
1523 3072 1659 3146 mei
1704 3071 2028 3138 commodi
2073 3074 2271 3137 ratio-

297 3181 478 3238 nem,
546 3167 813 3242 tempus
877 3160 1049 3224 forte
1104 3159 1576 3243 prorogabunt.
1670 3156 1849 3224 Sunt
1906 3158 2086 3223 enim
2141 3158 2271 3223 huc

296 3244 485 3312 brevi
551 3246 831 3310 venturi.
923 3244 1331 3322 Conventus,
1393 3245 1506 3310 ubi
1561 3243 1641 3308 de
1698 3251 1875 3308 statu
1934 3241 2269 3326 religionis

299 3330 553 3416 aliquid
609 3329 1094 3397 decernendum
1157 3339 1286 3410 est,
1350 3330 1631 3395 reiectus
1689 3341 1791 3394 est
1849 3328 1932 3392 ad
1977 3328 2117 3394 Cal.
2162 3328 2270 3393 Ia·

297 3418 542 3484 nuarii.
569 3419 630 3500 ⁴)
722 3414 918 3497 Quod
983 3425 1059 3482 ut
1124 3416 1314 3481 malis
1381 3414 1630 3480 artibus
1695 3416 1942 3479 factum
2008 3424 2111 3479 est
2173 3415 2271 3479 ita

297 3504 541 3570 merito
598 3503 785 3568 nobis
840 3502 1036 3568 dolet.
1127 3501 1306 3567 Beza
1366 3507 1588 3565 tamen
1633 3500 1877 3582 optime
1936 3509 2160 3584 sperat
2202 3506 2271 3565 et

295 3592 478 3674 cogit
543 3608 653 3653 me
719 3587 968 3672 aliquid
1035 3589 1173 3670 spei
1240 3588 1598 3670 concipere.
1691 3585 1894 3651 Faxit
1951 3587 2136 3651 Deus
2194 3594 2271 3652 ut

297 3675 861 3759 exspectationem
894 3682 1187 3740 nostram
1222 3681 1503 3738 eventus
1539 3691 1615 3737 su
1665 3680 1820 3737 eret.
1887 3672 2075 3738 Bene
2100 3672 2269 3752 vale,

297 3763 541 3828 eximie
585 3761 691 3826 vir
735 3768 803 3824 et
843 3760 1274 3843 integerrime
1317 3760 1539 3824 frater.
1679 3758 1943 3823 ominus
1987 3767 2054 3822 te
2096 3778 2267 3824 sem-

383 3869 417 3912 r
460 3853 748 3926 tueatur,
807 3845 1046 3928 spiritu
1104 3866 1222 3910 suo
1277 3844 1618 3928 gubernet,
1677 3844 1801 3908 tibi
1845 3841 2019 3910 adsit
2061 3851 2129 3909 et
2170 3843 2268 3908 la-

297 3868 490 4000 ffires
536 3941 687 3998 tuos
732 3930 1093 3999 benedicat.
1184 3931 1494 4015 Collegae
1547 3928 1679 3995 mei
1736 3938 1804 3995 et
1859 3928 1970 3994 alii
2031 3929 2267 3996 fratres

298 4018 583 4085 multam
657 4015 938 4084 salutem
1005 4016 1125 4082 tibi
1191 4023 1566 4101 precantur.
1676 4013 1917 4081 Saluta
1980 4015 2267 4081 vicissim

297 4126 440 4172 meo
475 4105 751 4170 nomine
795 4104 940 4170 istic
975 4123 1206 4169 omnes
1249 4102 1508 4168 amicos.
1584 4103 1686 4167 28.
1722 4098 2034 4168 Decemb.
2078 4103 2262 4166 1561.

1223 4267 1232 4274 ⁸
1257 4239 1594 4305 Iohannes
1636 4236 1961 4305 Calvinus
2003 4246 2176 4305 tuus.

301 4333 510 4343 —--—.
565 4330 716 4339 ‘—

297 4464 485 4521 8670.
511 4465 568 4529 1)
713 4462 920 4518 orditas
953 4468 1016 4516 ut
1062 4461 1295 4518 videtur.
1369 4461 1520 4516 Nam
1571 4476 1735 4532 quam
1783 4460 2040 4516 habemus
2084 4475 2262 4516 reeen-

299 4537 470 4591 mm·
411 4537 566 4665 ὀἷς
603 4530 906 4655 (Hb-⁴337)
944 4530 1012 4586 de
1046 4547 1112 4585 ea
1144 4533 1241 4586 vix
1274 4532 1614 4599 cenitana-is.

504 4669 567 4737 3)
600 4671 679 4724 Le
730 4674 906 4724 comte
958 4668 1202 4723 Antoine
1255 4667 1324 4721 de
1378 4666 1598 4722 Crussol
1616 4708 1632 4737 ‚
1692 4667 1908 4722 nomme
1960 4667 2265 4721 lieutenant

349 4741 358 4752 '
401 4739 520 4794 eal
554 4738 629 4793 du
661 4740 746 4793 roi
779 4737 915 4792 dens
949 4737 1003 4792 le
1020 4736 1323 4807 Daupbine,
1361 4736 1416 4789 la
1441 4735 1721 4791 Provence
1756 4743 1815 4790 et
1847 4736 1901 4790 le
1918 4736 2034 4790 Lan
2111 4735 2264 4798 edoc,

301 4757 488 4864 culo.
531 4807 661 4862 Dec.
710 4805 867 4876 1561,
917 4822 1051 4860 avec
1100 4806 1156 4859 la
1205 4806 1430 4859 mission
1484 4804 1717 4885 spe'ciule
1769 4804 1858 4875 d’y
1950 4752 2133 4858 aoiffgr
2180 4805 2263 4859 les

1223 4874 1450 4944 uelques
1475 4890 1688 4997 eplui-2116
1701 4872 1863 4944 apres
1910 4821 1952 4928 R

1263 4942 1472 5013 aava„
1691 4944 1735 5010 .)

304 4877 542 4932 troubles
595 4875 892 4948 religieux,
947 4875 1132 4929 arrivs
2005 4873 2260 4928 valence.

301 4944 578 5014 (Arno-d,
615 4945 764 5002 Εἰσί-
800 4944 855 4999 d.
897 4943 1049 4999 Prot.
1086 4942 1165 4999 du

503 5012 566 5082 4)
600 5012 681 5071 N.
719 5011 873 5068 3652.
908 5010 1068 5069 3659.

504 5410 728 5466 eduini
751 5424 944 5480 ms.
1019 5408 1138 5467 Vol.
1167 5407 1268 5464 XI
1272 5408 1341 5462 X.

2034 394 2194 457 1561
2242 392 2657 463 mmmm.

4232 399 4375 461 210

3272 578 3461 650 88⁷1.

2949 733 3427 802 CALVINUS
3471 734 3798 801 BEZAE.

2556 905 2790 974 Libens·
2852 912 3070 974 contra
3133 906 3535 973 Batauinum
3599 906 3788 973 editio
3851 906 4009 972 lente
4044 905 4357 987 procedit.

2388 989 2519 1058 Pro
2561 998 2828 1077 tempore
2869 992 3088 1060 nullus
3129 994 3200 1059 in
3246 991 3454 1058 Besae
3494 994 3696 1059 locum
3735 991 4104 1074 sufficiatur.

2386 1162 2503 1230 (Ad
2547 1180 2738 1219 manus
2785 1170 2946 1219 erant
2978 1164 3315 1234 exemplaria
3349 1162 3480 1218 Cod.
3519 1162 3726 1219 Gonev.
3762 1161 3908 1230 10⁷⁸,
3942 1162 4036 1220 fol.
4070 1159 4195 1227 249,
4229 1178 4357 1217 cum

2383 1233 2593 1288 subscri
2636 1236 2784 1316 tione
2832 1251 2901 1316 au
3062 1233 3199 1304 pha3
3248 1231 3392 1343 1111,
3439 1232 3531 1315 ¹:⁰¹:
3575 1230 3696 1299 206,
3742 1232 4024 1287 Bernense
4068 1231 4211 1354 ῗιρ.
4259 1230 4365 1288 VI.

2521 1301 2590 1355 91
2631 1345 2646 1372 ‚
2681 1302 2899 1358 Simlen
2984 1304 3058 1358 ol.
3100 1300 3217 1356 102.
3358 1301 3550 1355 Edidit
3585 1300 3758 1355 Baum
3795 1301 3865 1356 11.
3900 1301 4047 1370 App.
4070 1298 4100 1353 1
4178 1300 4220 1368 .)

2558 1473 2894 1555 Quoniam
2958 1485 3185 1540 nostra
3235 1474 3514 1539 interest
3569 1480 3636 1538 te
3678 1473 3845 1539 scire
3888 1469 4045 1556 quid
4102 1470 4359 1539 scriba-

2382 1566 2496 1626 tur
2539 1559 2625 1625 ad
2666 1579 2781 1627 eos
2822 1559 2937 1643 qui
2978 1559 3399 1643 postularunt
3440 1567 3704 1641 tempus
3748 1557 3870 1623 tibi
3915 1557 4276 1643 prorogari,
4300 1559 4354 1638 ¹)

2383 1644 2788 1729 exemplaria
2829 1646 3062 1712 curavi
3098 1645 3218 1710 tibi
3262 1643 3472 1710 descri
3520 1653 3608 1709 ta.
3683 1643 4030 1725 Quantum
4073 1666 4159 1709 ex
4192 1663 4355 1727 sup-

2383 1732 2728 1814 putatione
2772 1731 3086 1814 temporis
3129 1729 3383 1814 colligo,
3446 1665 3830 1807 gemaene,
3890 1729 4123 1795 relicta
4169 1728 4349 1812 apud

2382 1824 2639 1901 patrem
2683 1837 2911 1894 uxore,
2955 1816 3075 1882 tibi
3117 1817 3188 1880 in
3234 1815 3471 1882 itinere
3511 1827 3825 1882 occurret.
3907 1815 4091 1900 Ergo
4127 1815 4242 1880 ubi
4278 1815 4351 1880 in

2381 1903 2604 1968 aulam
2646 1903 2939 1981 redieris,
2985 1902 3161 1969 dices
3206 1902 3325 1967 tibi
3370 1922 3515 1967 esse
3557 1900 3964 1981 mandatum,
4021 1900 4196 1984 quod
4240 1920 4353 1965 ro-

2380 1989 2519 2072 gati
2555 1997 2729 2067 sunt,
2771 1995 2847 2053 ut
2880 1988 3001 2054 tibi
3034 1986 3416 2055 concedant.
3490 1985 3778 2053 Senatus
3813 1985 3935 2051 tibi
3971 2007 4105 2051 non
4141 1986 4357 2071 scrip·

2381 2074 2475 2140 sit
2516 2074 2671 2158 quia
2714 2074 2835 2139 has
2880 2081 3097 2158 partes
3140 2074 3210 2138 in
3256 2095 3361 2139 me
3405 2073 3681 2154 suscepi.
3754 2070 3950 2139 Unde
4011 2071 4353 2157 intelligis,

2379 2160 2730 2244 segnitiem
2773 2181 2991 2226 meam
3033 2159 3238 2225 fuisse
3282 2158 3353 2224 in
3390 2178 3602 2223 causa.
3675 2157 3758 2224 In
3794 2156 4049 2223 edenda
4083 2178 4233 2223 mea
4268 2157 4357 2224 ad

2380 2244 2784 2312 Balduinum
2838 2247 3264 2330 responsione
3321 2242 3661 2326 Crispinus
3723 2264 3844 2310 suo
3887 2264 4070 2309 more
4114 2263 4354 2327 prope-

2378 2332 2574 2397 ravit.
2597 2334 2656 2411 ²)
2744 2332 2964 2416 Leges
3022 2353 3094 2396 er
3141 2352 3179 2396 o
3237 2330 3544 2396 manibus
3599 2330 3933 2412 scriptam,
3980 2328 4134 2412 quia
4171 2329 4352 2396 inter

2377 2416 2599 2501 plures
2645 2417 3034 2484 distributus
3111 2417 3208 2482 uit
3249 2415 3455 2482 labor.
3542 2414 3693 2480 Non
3738 2414 3933 2480 mitto
3977 2422 4220 2494 autem,
4273 2424 4352 2480 ut

2378 2511 2570 2569 tuum
2633 2503 2801 2568 mihi
2867 2503 2977 2570 vel
3037 2502 3385 2570 consilium
3440 2500 3551 2567 vel
3607 2499 3925 2567 iudicium
3979 2500 4354 2584 significes:

2376 2588 2639 2672 quando
2682 2587 2751 2653 id
2794 2589 2929 2654 iam
2973 2588 3119 2655 fieri
3159 2609 3293 2654 non
3339 2594 3557 2672 potest
3597 2586 3669 2650 in
3715 2594 4038 2669 tempore:
4109 2585 4226 2652 sed
4270 2593 4351 2652 ut

2375 2675 2658 2741 lectione
2727 2673 3104 2741 admonitus
3164 2682 3421 2740 statuas
3489 2671 3803 2756 quidnam
3851 2671 3970 2737 tibi
4015 2671 4351 2755 agendum

2376 2761 2483 2827 sit.
2554 2759 2743 2825 Nihil
2786 2759 3177 2843 praescribe,
3221 2781 3305 2826 ne
3350 2769 3417 2824 te
3459 2757 3734 2824 molesto
3770 2764 3837 2822 et
3870 2756 4118 2822 fastidii
4154 2756 4353 2841 pleno

2376 2866 2577 2912 onere
2656 2867 2974 2928 premam.
3084 2844 3315 2928 Nuper
3393 2845 3715 2929 agitatum
3796 2843 3922 2908 fuit
3998 2844 4070 2907 in
4157 2850 4353 2909 coetu

2376 2939 2623 3009 nostro,
2692 2953 2777 2997 an
2823 2954 2909 2996 ex
2952 2930 3223 3016 collegis
3266 2928 3723 3015 subrogandus
3785 2935 3957 2994 esset
4000 2928 4351 3013 quispiam,

2375 3017 2487 3101 qui
2544 3017 2722 3085 vices
2772 3025 2921 3084 tuas
2976 3016 3190 3084 obiret
3224 3016 3608 3101 quantisper
3653 3015 3884 3082 aberis.
3975 3014 4123 3100 Ego
4168 3015 4347 3099 quod

2374 3102 2458 3169 ab
2495 3102 2904 3169 auditoribus
2941 3104 3155 3188 optari
3190 3103 3550 3181 audieram,
3588 3101 3802 3167 retuli.
3863 3100 4347 3167 Reclamarunt

2373 3209 2603 3256 omnes
2650 3210 2783 3256 una
2826 3210 3002 3256 voce.
3093 3191 3309 3272 Atque
3355 3190 3516 3256 haec
3559 3191 3729 3254 ratio
3774 3188 4065 3254 maxime
4112 3186 4347 3266 valuit,

2374 3275 2719 3342 sinistrum
2760 3273 3236 3359 praeiudicium
3291 3295 3428 3340 non
3474 3272 3708 3340 debere
3754 3272 4033 3338 admitti.
4122 3274 4347 3339 Tuum

2373 3369 2474 3427 est
2549 3370 2805 3428 mature
2872 3362 3273 3445 prospicere,
3340 3381 3426 3425 ne
3468 3359 3722 3444 collegii
3783 3358 4347 3443 exspectationem

2370 3446 2579 3512 fallas.
2671 3446 2871 3529 Quod
2930 3447 3374 3530 superioribus
3430 3445 3637 3511 literis
3695 3445 3941 3511 oblitus
4000 3464 4202 3523 eram,
4270 3444 4341 3509 in

2369 3531 2690 3617 Boryoino
2747 3532 3002 3616 decepti
3058 3531 3324 3610 fuimus,
3397 3539 3474 3597 ut
3518 3532 3779 3613 saepius
3836 3530 4025 3595 nobis
4083 3529 4345 3610 accidit,

2369 3639 2574 3703 quum
2620 3639 2815 3685 suum
2870 3619 3147 3702 quisque
3190 3617 3409 3685 locum
3453 3616 3792 3684 fallacibus
3849 3615 4079 3699 elogiis
4137 3637 4342 3701 supra

2370 3703 2579 3771 nubes
2646 3703 2901 3770 attollit.
2924 3707 2974 3781 3)
3082 3703 3479 3788 Quanquam
3559 3701 3639 3769 de
3702 3702 4052 3769 Ambianis
4076 3699 4134 3788 ⁴)
4201 3723 4341 3768 non

2369 3790 2495 3855 fuit
2545 3789 3002 3874 cogitandum,
3066 3791 3181 3873 qui
3246 3809 3584 3873 nunquam
3641 3787 3914 3854 verbum
3976 3787 4155 3872 apud
4219 3810 4341 3856 nos

2368 3876 2683 3943 fecerunt.
2782 3875 3070 3942 Valeant
3132 3876 3341 3959 igitur
3405 3882 3474 3941 et
3538 3873 3804 3940 aliunde
3862 3873 4336 3956 adipiscantur.

2367 3961 2617 4028 Decem
2662 3962 2860 4028 urbes
2904 3960 3370 4038 Calidomonti‚
3391 3965 3446 4040 ⁸)
3492 3969 3566 4027 ut
3610 3980 3755 4027 sero
3794 3959 4159 4038 didicimus,
4197 3981 4341 4026 me·

2366 4047 2496 4113 rito
2539 4046 3008 4133 praeferendae
3052 4055 3259 4114 erant.
3337 4044 3474 4113 Sed
3517 4046 3680 4112 haec
3722 4046 3849 4111 fuit
3889 4045 4338 4112 festinationis

2366 4153 2640 4214 merces,
2697 4132 2856 4199 dum
2899 4133 3178 4199 fratrum
3224 4132 3529 4198 ardorem
3571 4129 3801 4198 sedare
3844 4151 4060 4216 cogor.
4150 4129 4335 4211 Vale,

2367 4216 4339 4391 ffiffiffgffiffssfi{ffeaft'iffssfflssssfflffe‘ifflossssffiffiffi

2373 4394 2470 4456 18.
2519 4389 2906 4458 Decembris
2959 4393 3138 4456 1561.

3298 4526 3577 4594 Carolus
3612 4525 3945 4593 Passelius
3981 4535 4153 4592 tuus.

2362 4698 2540 4754 am
2564 4700 2635 4837 12))
2656 4699 2875 4825 §omen
2900 4739 2965 4839 ‘ty
3102 4767 3256 4851 995⁶.
3272 4767 3336 4822 in
3368 4766 3547 4823 libello
3578 4783 3694 4822 non
3709 4765 4032 4849 indm:

2572 4836 2636 4902 3)
2671 4837 2809 4909 quud
2840 4837 2973 4893 haec
3147 4836 3316 4893 velant
3349 4852 3461 4891 non
3495 4849 3857 4906 aequumst.
3937 4834 4087 4890 Hm.
4123 4835 4246 4891 ωσι.
4283 4835 4329 4890 1.

2364 4905 2467 4960 ‘16⁷
2537 4911 2950 4963 memorum
3014 4905 3320 4977 Burqot'm‘i
3379 4905 3641 4960 missione
3689 4903 3881 4959 addit:
3945 4903 4190 4973 L'Eglise
4254 4904 4329 4958 de

2363 4975 2578 5046 Troyes
2623 4975 2779 5031 elicit
2818 4975 3094 5030 tousiours
3138 4991 3211 5031 en
3253 4975 3526 5031 croissant
3557 4973 3780 5043 iusque·
3824 4989 3894 5026 au
3942 4988 4211 5029 manaen
4255 4973 4333 5028 de

2362 5044 2632 5248 Μ”ει
2664 5109 2971 5238 am

3843 5401 3912 5456 14
