4900 6125
290 409 394 472 573

286 598 529 672 tentare,
570 590 682 659 vel
715 589 952 659 saltem
986 592 1203 677 capita
1236 589 1571 658 doetrinae
1609 589 1682 656 in
1714 589 1954 674 quibus
1987 595 2212 674 partes

286 678 651 747 dissiderent
693 676 1046 763 diligenter
1088 685 1337 743 notare.
1417 675 1769 760 Quumque
1813 696 1892 741 eo
1934 681 2211 740 ventum

284 774 370 834 eet
420 763 703 832 vidimus
764 784 876 830 eos
932 761 1159 846 procul
1204 785 1245 829 a
1287 760 1474 830 nobis
1517 781 1680 843 esse,
1725 761 1822 827 ita
1859 758 2034 844 quod
2055 765 2090 801 ⁵
2133 758 2215 827 de

279 870 420 937 pace
479 850 767 934 cogitare
830 850 1280 916 frustraneum
1353 854 1497 915 erat
1516 851 1569 914 *.
1590 845 1645 930 ⁷)
1731 847 1919 913 Haec
1975 845 2215 913 melius

282 959 355 1004 ex
414 943 557 1003 actu
601 934 936 1002 Balicensi
980 934 1404 1020 intelligeres,
1479 931 1594 1000 sed
1639 933 1792 1017 quia
1831 932 2072 1018 longus
2115 937 2217 999 est

279 1021 355 1089 ad
393 1020 895 1096 describendum,
952 1021 1168 1104 capita
1210 1028 1433 1087 tamen
1478 1018 1814 1086 doctrinae
1855 1038 2022 1102 quae
2065 1038 2216 1103 pro-

280 1115 618 1192 posuerunt
659 1106 1041 1174 describam.

688 1362 975 1430 Articuli
1026 1365 1101 1427 12
1149 1361 1777 1429 Blandratistarum.

428 1533 972 1600 Fundamentum
1012 1542 1117 1599 est
1150 1533 1446 1599 omnium
1481 1553 1782 1600 errorum
1804 1532 2020 1598 dicere
2043 1532 2216 1616 quod

276 1629 460 1704 pater,
502 1619 683 1685 filius
726 1631 794 1685 et
835 1621 1108 1704 spiritus
1155 1629 1424 1685 sanctus
1467 1619 1556 1686 sit
1599 1640 1773 1686 unus
1814 1617 2018 1684 Deus.
2105 1619 2214 1685 Ex

276 1725 389 1790 quo
428 1706 749 1789 sequitur,
811 1706 881 1770 in
923 1713 1169 1788 papatu
1215 1717 1284 1770 et
1322 1705 1487 1771 alias
1530 1704 1895 1770 doctrinam
1941 1703 2022 1771 de
2064 1704 2213 1770 Deo

274 1812 399 1857 esse
435 1811 793 1857 erroneam.
881 1790 1087 1855 Hunc
1129 1790 1485 1856 articulum
1527 1792 1726 1856 etiam
1768 1790 1843 1855 in
1884 1788 2094 1856 literis
2129 1788 2214 1854 ad

275 1877 605 1962 'l'igurinos
651 1896 769 1960 per
791 1874 943 1942 Seb.
973 1875 1277 1943 Pechium
1299 1880 1352 1956 ⁸)
1412 1876 1633 1943 missis
1666 1877 2011 1942 retroactis
2048 1883 2217 1940 tem-

274 1962 521 2046 poribus
601 1970 1049 2045 exposuerunt
1126 1960 1241 2027 nbi
1321 1959 1574 2028 dicunt:
1655 1960 1902 2045 Neque,
1982 1960 2214 2045 inquit,

274 2049 508 2131 uspiam
556 2047 823 2113 trinitas
866 2047 1140 2113 confusa
1180 2068 1354 2113 unns
1398 2047 1577 2113 Dens
1621 2046 1878 2126 dicitur,
1925 2055 2042 2111 aut
2078 2055 2217 2112 tres

273 2133 369 2199 isti
408 2139 483 2197 nt
525 2134 668 2199 sint
718 2153 909 2199 unus.
998 2133 1149 2198 Non
1194 2131 1420 2199 dubito
1463 2132 1638 2217 quod
1680 2132 1842 2200 haec
1885 2131 2050 2197 bene
2095 2152 2215 2197 no-

273 2225 483 2284 terunt
522 2218 622 2284 illi
666 2219 795 2285 viri
842 2218 1031 2284 docti.

427 2307 484 2369 2.
530 2303 666 2385 Qui
723 2304 989 2370 invocat
1032 2302 1257 2369 Deum
1313 2303 1623 2383 absolute,
1677 2302 1803 2369 hoc
1861 2313 1964 2368 est
2006 2324 2214 2368 unum

154 2431 159 2438 ·
273 2391 333 2455 in
372 2390 687 2468 trinitate,
732 2389 841 2456 hic
886 2389 1087 2455 habet
1119 2389 1339 2455 Deum
1376 2390 1758 2467 conflatum,
1800 2389 2020 2454 Deum
2045 2390 2215 2455 'Pur-

270 2476 481 2556 cicum,
527 2477 673 2541 sine
712 2475 869 2541 filio.

422 2566 479 2626 3.
526 2561 926 2644 Ubicunque
968 2561 1153 2626 Deus
1196 2560 1496 2627 absolute
1540 2560 1612 2625 in
1647 2560 1991 2644 scripturis
2028 2561 2213 2643 poni·

268 2653 366 2713 tur
417 2645 494 2712 de
552 2655 745 2730 patre
802 2653 904 2712 est
961 2644 1430 2731 accipiendum,
1497 2655 1575 2711 ut
1616 2644 1815 2711 Dent.
1876 2648 1932 2710 6.
1998 2645 2215 2712 Marci

272 2736 341 2796 12
381 2733 583 2799 Esaia
634 2738 711 2797 18
751 2739 873 2798 etc.

420 2825 479 2883 4.
524 2819 753 2896 Pater,
797 2818 1032 2900 inquit,
1077 2819 1288 2883 maior
1345 2824 1447 2883 est
1511 2836 1589 2883 eo
1646 2816 1819 2901 quod
1861 2824 2051 2901 pater
2092 2825 2211 2896 est,

266 2904 363 2971 hic
403 2926 559 2970 vero
604 2902 797 2969 filius.
885 2902 1057 2969 Item
1101 2903 1258 2986 quia
1299 2910 1487 2987 pater
1531 2913 1633 2969 est
1673 2903 1971 2986 potentia
2013 2904 2211 2970 assis-

265 2999 399 3057 tens
419 2999 483 3057 et
503 3010 709 3057 causa
733 2989 795 3054 ei
825 3008 1061 3055 causae
1084 3010 1202 3074 per
1222 3008 1420 3072 quam
1457 2997 1614 3053 sunt
1636 2989 1876 3068 omnia,
1900 2988 1966 3053 h.
1993 3010 2047 3054 e.
2072 2989 2209 3054 filii.

423 3083 479 3142 5.
524 3075 688 3141 Ideo
728 3075 905 3142 filius
950 3092 1051 3142 est
1105 3074 1429 3142 mediator
1484 3074 1569 3140 ad
1627 3082 1883 3159 patrem
1923 3082 2207 3141 tantum.

262 3161 444 3229 Hunc
486 3160 867 3228 'articulum
921 3182 1041 3228 nos
1096 3181 1234 3226 non
1287 3160 1829 3246 impugnaremus
1887 3161 1945 3226 si
2005 3161 2077 3225 in
2131 3180 2210 3227 eo

262 3268 447 3314 sensu
489 3256 571 3313 nt
611 3247 697 3313 D.
746 3246 1052 3313 Calvino&
1093 3247 1331 3330 accipit
1350 3257 1399 3325 ²⁸³,
1465 3246 1581 3313 sed
1639 3246 1736 3310 illi
1778 3245 2209 3312 mediatorem

260 3333 455 3400 filium
533 3331 622 3398 ad
697 3340 957 3417 patrem
1033 3331 1289 3399 faciunt
1362 3340 1676 3416 tanquam
1743 3331 1828 3396 ad
1893 3332 2210 3397 maiorem

258 3419 464 3484 Deum
508 3419 623 3503 qui
667 3428 770 3484 est
810 3418 1075 3501 proprie
1119 3417 1323 3483 Deus.

416 3510 474 3571 6.
520 3506 729 3570 Pater
770 3505 996 3581 mittit,
1043 3503 1336 3581 mandat,
1382 3502 1584 3568 donat
1624 3502 1792 3568 filio:
1840 3503 2016 3569 filius
2052 3523 2209 3569 vero

234 3590 536 3671 ‚mittenti
580 3598 790 3675 paret,
836 3586 1179 3654 mandanti
1223 3587 1441 3655 obedit
1498 3609 1583 3653 ex
1626 3596 1996 3673 praecepto,
2041 3590 2210 3656 aeci-

256 3675 348 3759 pit
386 3697 427 3741 a
470 3676 779 3742 donante.
855 3675 1044 3740 Haec
1080 3676 1174 3739 mi
1208 3673 1294 3738 D.
1337 3673 1538 3752 Treui,
1582 3684 1853 3757 possent
1895 3676 1967 3740 in
2009 3695 2209 3741 sensu

260 3760 531 3841 admitti,
580 3762 637 3826 si
681 3761 778 3826 illi
824 3759 1181 3826 nebulones
1218 3760 1380 3826 haec
1414 3759 1498 3824 ad
1535 3758 1967 3826 deiiciendnm
2003 3760 2213 3826 filium

257 3867 379 3911 non
422 3854 825 3931 torquerent,
890 3852 970 3910 ut
1023 3847 1119 3911 ita
1161 3846 1370 3928 patris
1417 3846 1843 3912 eminentiam
1889 3846 2208 3929 approba-

256 3940 413 3999 rent.

420 4024 476 4084 7.
525 4016 820 4101 Spiritus
885 4024 1153 4083 sanctus
1218 4016 1513 4100 procedit
1575 4037 1617 4081 a
1677 4025 1870 4100 patre
1933 4025 2003 4083 et
2072 4018 2208 4085 filio

256 4123 362 4170 seu
405 4125 525 4187 per
567 4103 775 4169 filium
827 4111 925 4182 nt,
990 4102 1313 4186 inquiunt,
1358 4101 1657 4168 doctores
1698 4103 1915 4187 graeci
1960 4103 2205 4170 dicunt.

254 4188 354 4255 Ita
402 4192 645 4256 iterum
703 4189 885 4253 illam
952 4208 1256 4273 graecam
1301 4188 1679 4272 opinionem
1723 4196 1791 4254 et
1831 4196 2208 4255 controver-

254 4277 408 4341 siam
466 4296 619 4343 eum
661 4274 945 4354 Latinis,
991 4294 1158 4357 quae
1215 4274 1342 4339 fuit
1397 4274 1529 4340 iam
1575 4274 1852 4358 sepulta,
1896 4276 2208 4341 excitant.

254 4359 532 4428 Videtur
574 4361 751 4425 enim
806 4380 1032 4425 eorum
1090 4360 1462 4425 sententiae
1502 4358 2022 4443 comprobandae
2067 4380 2205 4426 ser-

254 4448 385 4513 vire
429 4447 652 4530 aliquo
694 4445 906 4511 modo.
1071 4516 1077 4521 ,

417 4537 479 4599 8.
546 4532 721 4597 Item
798 4552 916 4616 pro
992 4539 1259 4614 peccato
1338 4529 1590 4596 ducunt
1648 4532 1836 4617 prius
1900 4532 2209 4599 invocare

256 4618 556 4701 spiritum
613 4629 917 4684 sanctum
975 4636 1173 4699 qnam
1231 4623 1509 4702 patrem,
1572 4617 1705 4683 imo
1760 4636 1890 4683 non
1938 4618 2209 4683 auditur

255 4703 416 4787 quod
459 4704 765 4788 spiritum
811 4711 1114 4769 sanctum
1157 4704 1487 4768 invocent.

416 4794 477 4856 9.
518 4789 721 4855 Pater
762 4798 865 4854 est
907 4788 1087 4854 solus
1143 4789 1409 4872 proprie
1466 4793 1742 4868 creator,
1808 4788 1954 4855 ideo
1990 4789 2205 4856 locum

252 4872 431 4940 illum
476 4874 765 4941 Eccles.:
818 4874 1012 4942 Unus
1052 4881 1154 4941 est
1204 4881 1461 4940 creator
1502 4873 1879 4954 altissimus,
1945 4873 2027 4941 de
2069 4874 2207 4942 solo

250 4974 430 5043 patre
464 4962 1007 5045 interpretantur.

454 5182 515 5250 7)
548 5182 705 5238 Haec
733 5183 993 5237 nimirum
1025 5186 1107 5238 est
1138 5181 1379 5236 hominis
1409 5181 1675 5238 latinitas.
1718 5180 1832 5236 Nos
1867 5182 2066 5239 Polom‘
2097 5199 2212 5240 non

453 5290 522 5389 si
550 5319 879 5389 Βῶιεοροια.
924 5319 989 5372 Ν.
1025 5318 1182 5374 3217.
1216 5316 1372 5374 3245.
1407 5318 1565 5374 3249.

1950 403 2115 466 1562
2159 398 2580 468 NOVEMB.

4149 405 4278 468 574

2495 593 2593 655 10.
2643 587 2772 656 Ubi
2832 586 3077 654 dicitur
3137 588 3210 654 in
3273 589 3572 656 oratione
3629 588 3983 657 dominica:
4070 589 4282 657 Pater

2316 681 2559 753 noster,
2646 672 2728 739 de
2790 681 2980 759 patre
3044 679 3144 741 est
3208 680 3469 741 tantum
3534 675 4004 759 accipiendum.
4090 676 4277 743 Haec

2314 760 2537 827 omnia
2578 757 2661 824 ad
2697 758 3252 844 comprobandum
3286 762 3742 828 Arianismum
3786 761 3868 828 ab
3912 761 4008 827 eis
4052 760 4280 828 dieun-

2316 853 2443 912 tur.
2514 844 2909 928 Quanquam
2955 847 3117 913 haec
3159 855 3429 931 possent
3481 847 3553 912 in
3595 867 3715 913 suo
3760 867 3958 913 sensu
3990 846 4271 913 admitti.

2493 937 2593 997 11.
2639 932 2966 1011 Trinitas,
3045 952 3398 1016 personae,
3474 933 3788 1012 essentia,
3846 939 4007 999 sunt
4057 932 4278 1017 papis-

2317 1017 2447 1084 tica
2489 1017 2826 1084 vocabula.
2893 1018 3114 1084 Etiam
3157 1017 3398 1084 Vilnae
3441 1027 3596 1084 sunt
3632 1019 3856 1085 eiecta.
3925 1019 4020 1084 Et
4063 1018 4276 1084 Geor-

2317 1104 2465 1188 gius
2529 1103 2645 1168 ille
2693 1101 2998 1169 Simanus
3014 1105 3074 1186 ⁹)
3117 1103 3376 1187 publice
3429 1105 3500 1169 in
3565 1105 3874 1170 concione
3918 1104 4279 1171 Gracoviae

2318 1189 2634 1254 trinitatis
2677 1188 3069 1254 vocabulum
3126 1189 3502 1275 exagitabat
3559 1199 3626 1255 et
3666 1189 3865 1276 plena
3908 1190 4113 1257 bucca
4153 1191 4277 1275 fig-

2315 1282 2618 1374 mentum
2662 1295 2805 1341 esse
2846 1274 3243 1359 papisticum
3285 1275 3548 1343 vocavit
3589 1296 3740 1341 cum
3784 1275 4093 1343 scandalo
4128 1276 4277 1361 plu-

2316 1380 2655 1426 rimorum.

2497 1450 2593 1511 12.
2641 1444 3031 1530 Quicunque
3085 1466 3235 1512 cum
3295 1447 3389 1512 eis
3433 1468 3566 1513 non
3611 1448 3906 1512 sentiunt
3956 1452 4114 1513 sunt
4152 1445 4278 1513 Sa-

2317 1530 2605 1598 belliani.
2714 1531 2806 1597 Et
2881 1532 3290 1616 interrogati,
3381 1531 3463 1596 de
3528 1533 3923 1632 germanicis
3986 1531 4278 1599 ecclesiis

2317 1616 2633 1701 quidnam
2689 1618 2994 1696 sentiant,
3062 1617 3316 1684 dicunt:
3394 1617 3602 1685 Nobls
3666 1618 3810 1685 sine
3868 1616 4068 1685 dubio
4123 1618 4276 1684 sub-

2317 1703 2700 1782 scriberent,
2745 1702 2860 1769 sed
2902 1723 3014 1768 eos
3057 1702 3265 1786 pudet
3304 1703 3507 1770 libros
3549 1725 3703 1771 suos
3747 1710 4121 1770 retractare.

2491 1959 2676 2024 Haec
2743 1964 2901 2025 sunt
2964 1958 3245 2025 fideliter
3310 1961 3697 2045 conscripta.
3808 1961 3903 2026 Et
3971 1959 4278 2026 Simanus

2323 2044 2591 2110 Gom-sii
2616 2046 2696 2123 ¹⁰)
2763 2043 3127 2111 doctrinam
3184 2043 3266 2111 de
3330 2045 3628 2112 trinitate
3696 2044 3939 2113 ibidem
4009 2046 4276 2112 Baliciis

2317 2129 2627 2196 omnibus
2684 2129 3102 2197 audientibus
3155 2132 3627 2213 comprobavit.
3712 2132 3820 2198 De
3876 2132 4022 2198 istis
4079 2130 4277 2198 rebus

2317 2215 2714 2299 colloquium
2773 2215 3078 2282 habitum
3135 2225 3235 2281 est
3275 2216 3564 2285 Baliciis.
3653 2218 3757 2283 De
3814 2237 3976 2303 pace
4031 2219 4280 2284 frustra

2317 2308 2464 2368 erat
2507 2301 2802 2385 colloqui.
2895 2300 3202 2367 Simames
3271 2303 3448 2367 enim
3505 2303 3764 2387 publice
3820 2303 4142 2370 clamabat
4206 2323 4278 2369 se

2318 2386 2517 2452 malle
2581 2388 2898 2453 sutoriam
2962 2388 3182 2470 potius
3247 2407 3554 2455 exercere
3617 2397 3825 2456 artem
3894 2398 3959 2455 et
4017 2388 4281 2472 quidvis

2317 2474 2572 2556 perpeti
2617 2494 2813 2556 quam
2857 2494 3004 2538 eam
3048 2473 3402 2556 puritatem
3450 2473 3765 2541 deserere.
3841 2473 3979 2541 Sed
4022 2483 4100 2540 ut
4142 2495 4280 2540 me-

2318 2559 2447 2624 lius
2491 2558 2868 2643 intelligant
2909 2557 3008 2623 illi
3072 2559 3204 2624 viri
3263 2560 3419 2642 quid
3477 2559 3655 2643 apud
3695 2567 4023 2627 nostrates
4067 2558 4281 2626 Blan-

2316 2645 2509 2713 drata
2564 2644 2638 2709 in
2693 2664 2845 2709 mea
2899 2644 3198 2711 absentia
3250 2646 3576 2726 effecerat,
3642 2645 3879 2712 addam
3923 2646 4032 2712 hic
4076 2643 4282 2712 verba

2317 2731 2532 2795 nostri
2575 2730 2842 2796 Luzinii
2900 2729 3188 2816 episcopi
3231 2730 3607 2798 Moldaviae
3651 2753 3854 2816 penes
3897 2733 4279 2815 Despotam.

2317 2814 2497 2882 Sunt
2538 2823 2757 2882 autem
2804 2815 3132 2899 descripta
3174 2838 3259 2882 ex
3302 2818 3444 2884 eius
3482 2816 3695 2884 literis
3731 2839 3894 2902 quas
3934 2816 4018 2882 ad
4058 2823 4127 2883 te
4164 2815 4280 2881 de-

2318 2900 2522 2967 derat.
2540 2906 2558 2944 ¹
2574 2902 2623 2987 ¹)
2702 2900 2892 2982 Quae
2933 2921 3132 2969 causa
3174 2909 3416 2982 autem,
3460 2903 3681 2988 inquit
3716 2904 4051 2981 LaziniuS,
4074 2902 4281 2969 Blan-

2315 2988 2555 3066 drame,
2598 3007 2764 3072 quae
2808 2987 2975 3052 mihi
3017 2987 3310 3054 nondum
3353 2997 3693 3075 perspecta
3737 2994 3807 3055 et
3848 2990 4114 3076 cognita
4157 2995 4276 3067 est,

2316 3084 2585 3224 propter
2627 3074 2841 3158 ipsius
2883 3075 3200 3141 materiae
3244 3074 3701 3143 difficultatem
3746 3082 3814 3142 et
3847 3084 4115 3161 propter
4150 3075 4280 3142 loci

2367 3160 2698 3226 ‘stantiam
2750 3181 2918 3243 quae
2960 3181 3068 3226 me
3112 3161 3194 3227 ab
3237 3160 3370 3227 illis
3414 3161 3741 3230 discrevit.
3828 3164 4079 3228 Tamen
4122 3159 4280 3245 quid

2317 3245 2610 3311 effecerit
2663 3246 2837 3328 apud
2892 3266 3033 3324 nos,
3089 3246 3214 3313 hoc
3270 3248 3457 3326 scias,
3515 3248 3687 3333 qnod
3743 3255 4005 3334 praeter
4052 3246 4280 3313 Sarni·

2315 3331 2503 3411 cium,
2548 3330 2862 3398 Iacobum
2903 3330 3205 3416 Sylvium,
3247 3332 3569 3410 Albinum,
3613 3333 3995 3414 Glicnerum,
4021 3336 4104 3412 ¹²)
4140 3353 4279 3399 om-

2316 3438 2434 3482 nes
2489 3417 2783 3483 ministri
2837 3417 2972 3483 iam
3030 3419 3196 3501 qui*
3247 3419 3425 3484 nosti
3482 3417 3567 3484 ad
3619 3428 3841 3504 partes
3880 3417 4283 3486 Blandratae

2316 3501 2712 3569 defecerunt.
2800 3503 2892 3568 Et
2954 3502 3117 3570 haec
3161 3524 3268 3569 res
3316 3502 3686 3570 Sarnioium
3726 3507 3939 3591 coegit
3981 3504 4277 3572 ministe-

2314 3589 2487 3652 rium
2556 3588 2925 3671 relinquere
2989 3596 3057 3654 et
3120 3589 3319 3670 abire,
3393 3590 3712 3657 hactenus
3777 3592 4108 3657 nescimus
4150 3611 4277 3675 quo

2314 3674 2420 3741 vel
2487 3673 2571 3738 ad
2636 3694 2777 3750 nos,
2850 3673 2959 3740 vel
3023 3676 3095 3740 in
3163 3674 3424 3741 Italiam
3493 3684 3610 3742 aut
3675 3676 3982 3743 Galliam.
4097 3675 4276 3758 Quid

2312 3766 2542 3843 postea
2584 3766 2890 3842 sequetur
2946 3761 3179 3826 neseio.
3269 3761 3433 3827 Post
3476 3761 3653 3829 hunc
3710 3771 3928 3828 actum
3973 3762 4277 3829 Balicen-

2315 3866 2453 3910 sem
2500 3843 2822 3911 debebant
2863 3866 2948 3911 ex
2982 3846 3293 3913 mandato
3327 3845 3692 3914 nobilitatis
3726 3848 4049 3933 synodum
4073 3869 4275 3934 gene·

2313 3930 2525 3995 ralem
2594 3951 2968 4011 convocare,
3036 3930 3152 3998 sed
3217 3952 3354 3998 non
3417 3942 3951 4000 convocaverunt
4012 3942 4279 4019 praeter

2313 4017 2650 4082 ministros
2715 4016 2982 4101 aliquot,
3047 4017 3162 4083 ubi
3227 4017 3540 4084 schedam
3607 4020 3933 4104 quandam
3964 4022 4050 4105 ¹⁸)
4119 4041 4274 4088 con·

2313 4103 2721 4186 scripserunt
2762 4123 2960 4185 quam
3015 4102 3283 4168 nomine
3336 4106 3630 4170 omnium
3676 4106 4127 4172 ministrorum
4172 4106 4276 4171 in-

2313 4187 2688 4273 vulgarunt.
2747 4189 2962 4253 Movit
2996 4187 3159 4255 haec
3194 4208 3299 4255 res
3333 4190 3691 4273 plurimum
3729 4191 4022 4258 ordinem
4047 4212 4276 4275 eques-

2313 4280 2503 4339 trem.
2571 4273 2743 4338 Nam
2787 4282 3053 4358 praeter
3094 4274 3219 4342 hoc
3261 4274 3436 4358 quod
3480 4297 3520 4342 a
3563 4277 3813 4363 synodo
3858 4278 3997 4344 sint
4039 4278 4274 4343 semoti

2312 4371 2380 4425 et
2443 4359 2714 4439 exclusi,
2794 4359 3040 4426 multos
3104 4360 3221 4425 illa
3285 4360 3528 4428 scheda
3592 4365 3884 4429 continet
3925 4362 4144 4428 hiatus
4209 4370 4277 4428 et

2312 4444 2728 4529 imposturas,
2791 4466 2959 4529 quae
3025 4467 3066 4512 a
3124 4443 3542 4514 mediocriter
3605 4459 3869 4516 versato
3934 4450 4007 4514 in
4070 4447 4274 4514 saeris

2313 4531 2660 4615 scripturis
2731 4531 2897 4598 bene
2959 4539 3272 4616 poterant
3332 4533 3790 4602 animadverti.
3877 4535 3974 4601 Et
4052 4533 4136 4600 ab
4197 4554 4274 4600 eo

2515 4772 2576 4839 9)
2611 4772 2785 4854 βακε
2815 4770 3089 4853 aodimus
3121 4787 3236 4828 esse
3267 4772 3493 4855 eunden·
3527 4788 3596 4829 ae
3624 4773 3780 4855 illem
3813 4773 3913 4845 qui
3943 4774 4084 4830 alibi
4108 4772 4273 4856 βολο-

2310 4910 2434 4964 viae
2467 4840 3077 4979 mdatxss„fobgg
3091 4857 3366 4976 Olcnio-ivi,
3400 4916 3525 4980 post
3535 4841 3852 4966 ῗξεεὲυἰὲηξ
3883 4918 3937 4968 et
3975 4842 4276 4967 orm

2310 4977 2509 5043 (Sand.
2542 4994 2597 5045 p.
2631 4977 2718 5031 47.
2757 4979 3293 5034 Eiusuuamentam
3317 4993 3361 5033 c.
3389 4981 3732 5048 vitaeipsius
3747 4981 3985 5036 historia
4016 4982 4112 5036 ibi.
4130 4979 4272 5047 191).

2484 5046 2577 5115 10)
2612 5046 2777 5129 ΡΜ
2803 5064 2842 5101 a
2882 5046 3139 5103 Goniadz
3171 5048 3233 5103 in
3255 5047 3562 5105 Podlachia
3588 5047 3790 5116 (Sami.
3824 5066 3879 5118 p.
3914 5048 4001 5104 40.
4039 5050 4273 5105 Labicus.

2304 5131 2362 5186 p·
2398 5114 2588 5243 11111⁶³
2615 5119 2916 5254 {eques-{ia
2946 5190 3212 5254 corrupta
3245 5184 3516 5240 videntur.

2487 5252 2577 5317 12)
2614 5257 2714 5323 qui
2738 5260 2931 5323 postea
2960 5269 3096 5308 suas
3123 5259 3316 5323 partes
3347 5254 3456 5325 uait
3490 5253 3884 5313 Sandonis-m

2487 5321 2581 5390 13)
2611 5323 2726 5378 sca.
2773 5321 3174 5389 Confessionen
3208 5323 3541 5380 Ηπαοοίαε
3571 5325 3789 5382 editam.
