<?xml version="1.0" encoding="UTF-8"?>
<!DOCTYPE html PUBLIC "-//W3C//DTD XHTML 1.0 Transitional//EN"
    "http://www.w3.org/TR/xhtml1/DTD/xhtml1-transitional.dtd">
<html xmlns="http://www.w3.org/1999/xhtml" xml:lang="en" lang="en">
 <head>
  <title>
</title>
<meta http-equiv="Content-Type" content="text/html;charset=utf-8" />
  <meta name='ocr-system' content='tesseract 3.04.00' />
  <meta name='ocr-capabilities' content='ocr_page ocr_carea ocr_par ocr_line ocrx_word'/>
</head>
<body>
  <div class='ocr_page' id='page_1' title='image "./ioanniscalvinio12unkngoog/ioanniscalvinio12unkngoog_0586.png"; bbox 0 0 4900 6125; ppageno 0'>
   <div class='ocr_carea' id='block_1_1' title="bbox 653 421 791 485">
    <p class='ocr_par' dir='ltr' id='par_1_1' title="bbox 653 421 791 485">
     <span class='ocr_line' id='line_1_1' title="bbox 653 421 791 485; baseline 0 -1"><span class='ocrx_word' id='word_1_1' title='bbox 653 421 791 485; x_wconf 76' lang='lat'>355</span> 
     </span>
    </p>
   </div>
   <div class='ocr_carea' id='block_1_2' title="bbox 659 604 2629 866">
    <p class='ocr_par' dir='ltr' id='par_1_2' title="bbox 659 604 2629 866">
     <span class='ocr_line' id='line_1_2' title="bbox 659 604 2629 694; baseline -0.001 -22"><span class='ocrx_word' id='word_1_2' title='bbox 659 604 768 672; x_wconf 84' lang='lat' dir='ltr'>sit.</span> <span class='ocrx_word' id='word_1_3' title='bbox 856 604 982 673; x_wconf 89' lang='lat' dir='ltr'>Ille</span> <span class='ocrx_word' id='word_1_4' title='bbox 995 656 1013 688; x_wconf 91' lang='lat'>,</span> <span class='ocrx_word' id='word_1_5' title='bbox 1057 613 1135 674; x_wconf 90' lang='lat' dir='ltr'>ut</span> <span class='ocrx_word' id='word_1_6' title='bbox 1174 627 1214 674; x_wconf 94' lang='lat' dir='ltr'>o</span> <span class='ocrx_word' id='word_1_7' title='bbox 1260 608 1438 687; x_wconf 88' lang='lat' dir='ltr'>inor,</span> <span class='ocrx_word' id='word_1_8' title='bbox 1495 607 1902 694; x_wconf 87' lang='lat' dir='ltr'>exemplaria</span> <span class='ocrx_word' id='word_1_9' title='bbox 1942 607 2287 675; x_wconf 84' lang='lat' dir='ltr'>literarum</span> <span class='ocrx_word' id='word_1_10' title='bbox 2331 605 2451 674; x_wconf 88' lang='lat' dir='ltr'>tibi</span> <span class='ocrx_word' id='word_1_11' title='bbox 2495 625 2629 672; x_wconf 92' lang='lat' dir='ltr'>non</span> 
     </span>
     <span class='ocr_line' id='line_1_3' title="bbox 662 689 2627 780; baseline 0.001 -23"><span class='ocrx_word' id='word_1_12' title='bbox 662 689 793 758; x_wconf 91' lang='lat' dir='ltr'>den</span> <span class='ocrx_word' id='word_1_13' title='bbox 922 691 1038 760; x_wconf 85' lang='lat' dir='ltr'>bit.</span> <span class='ocrx_word' id='word_1_14' title='bbox 1095 693 1186 759; x_wconf 85' lang='lat' dir='ltr'>Vi</span> <span class='ocrx_word' id='word_1_15' title='bbox 1232 714 1323 775; x_wconf 91' lang='lat' dir='ltr'>es,</span> <span class='ocrx_word' id='word_1_16' title='bbox 1358 693 1466 762; x_wconf 85' lang='lat' dir='ltr'>vir</span> <span class='ocrx_word' id='word_1_17' title='bbox 1497 694 1936 777; x_wconf 87' lang='lat' dir='ltr'>ornatissime,</span> <span class='ocrx_word' id='word_1_18' title='bbox 1970 701 2295 780; x_wconf 87' lang='lat' dir='ltr'>quantum</span> <span class='ocrx_word' id='word_1_19' title='bbox 2327 691 2627 759; x_wconf 85' lang='lat' dir='ltr'>audeam.</span> 
     </span>
     <span class='ocr_line' id='line_1_4' title="bbox 660 774 2533 866; baseline 0.001 -22"><span class='ocrx_word' id='word_1_20' title='bbox 660 774 800 844; x_wconf 81' lang='lat' dir='ltr'>Sed</span> <span class='ocrx_word' id='word_1_21' title='bbox 844 777 1230 846; x_wconf 73' lang='lat' dir='ltr'>institutum</span> <span class='ocrx_word' id='word_1_22' title='bbox 1273 800 1496 847; x_wconf 91' lang='lat' dir='ltr'>meum</span> <span class='ocrx_word' id='word_1_23' title='bbox 1538 787 1607 847; x_wconf 90' lang='lat' dir='ltr'>et</span> <span class='ocrx_word' id='word_1_24' title='bbox 1648 780 1944 848; x_wconf 90' lang='lat' dir='ltr'>animum</span> <span class='ocrx_word' id='word_1_25' title='bbox 1986 799 2121 846; x_wconf 92' lang='lat' dir='ltr'>non</span> <span class='ocrx_word' id='word_1_26' title='bbox 2164 780 2448 866; x_wconf 81' lang='lat' dir='ltr'>ignoras.</span> <span class='ocrx_word' id='word_1_27' title='bbox 2473 779 2533 856; x_wconf 61' lang='grc' dir='ltr'>ὅ)</span> 
     </span>
    </p>
   </div>
   <div class='ocr_carea' id='block_1_3' title="bbox 1181 1258 2111 1463">
    <p class='ocr_par' dir='ltr' id='par_1_3' title="bbox 1181 1258 2111 1463">
     <span class='ocr_line' id='line_1_5' title="bbox 1546 1258 1746 1330; baseline 0.005 -1"><span class='ocrx_word' id='word_1_28' title='bbox 1546 1258 1746 1330; x_wconf 72' lang='lat'><strong>4128.</strong></span> 
     </span>
     <span class='ocr_line' id='line_1_6' title="bbox 1181 1393 2111 1463; baseline 0.002 -5"><span class='ocrx_word' id='word_1_29' title='bbox 1181 1393 1429 1459; x_wconf 82' lang='grc' dir='ltr'><strong>ΒΕΖΔ</strong></span> <span class='ocrx_word' id='word_1_30' title='bbox 1470 1393 2111 1463; x_wconf 81' lang='lat' dir='ltr'><strong>BULLINGERO.</strong></span> 
     </span>
    </p>
   </div>
   <div class='ocr_carea' id='block_1_4' title="bbox 833 1548 2317 1789">
    <p class='ocr_par' dir='ltr' id='par_1_4' title="bbox 833 1548 2317 1789">
     <span class='ocr_line' id='line_1_7' title="bbox 833 1548 1563 1632; baseline -0.004 -16"><span class='ocrx_word' id='word_1_31' title='bbox 833 1548 1149 1616; x_wconf 71' lang='lat' dir='ltr'>Eiusdem</span> <span class='ocrx_word' id='word_1_32' title='bbox 1192 1549 1563 1632; x_wconf 60' lang='lat' dir='ltr'>armamenti.</span> 
     </span>
     <span class='ocr_line' id='line_1_8' title="bbox 983 1717 2317 1789; baseline 0.003 -16"><span class='ocrx_word' id='word_1_33' title='bbox 983 1719 1094 1786; x_wconf 76' lang='lat' dir='ltr'>(Ex</span> <span class='ocrx_word' id='word_1_34' title='bbox 1129 1719 1470 1789; x_wconf 79' lang='lat' dir='ltr'>autographo</span> <span class='ocrx_word' id='word_1_35' title='bbox 1505 1718 1638 1774; x_wconf 81' lang='lat' dir='ltr'>Ood.</span> <span class='ocrx_word' id='word_1_36' title='bbox 1675 1718 1880 1774; x_wconf 85' lang='lat' dir='ltr'>Genev.</span> <span class='ocrx_word' id='word_1_37' title='bbox 1918 1717 2040 1784; x_wconf 86' lang='lat'>118,</span> <span class='ocrx_word' id='word_1_38' title='bbox 2073 1720 2165 1775; x_wconf 78' lang='lat' dir='ltr'>fol.</span> <span class='ocrx_word' id='word_1_39' title='bbox 2202 1719 2317 1788; x_wconf 77' lang='lat'>39.)</span> 
     </span>
    </p>
   </div>
   <div class='ocr_carea' id='block_1_5' title="bbox 657 1871 2630 2130">
    <p class='ocr_par' dir='ltr' id='par_1_5' title="bbox 657 1871 2630 2130">
     <span class='ocr_line' id='line_1_9' title="bbox 657 1871 2629 1962; baseline 0.002 -24"><span class='ocrx_word' id='word_1_40' title='bbox 657 1871 928 1938; x_wconf 78' lang='lat' dir='ltr'>Eximio</span> <span class='ocrx_word' id='word_1_41' title='bbox 985 1872 1241 1940; x_wconf 75' lang='lat' dir='ltr'>Christi</span> <span class='ocrx_word' id='word_1_42' title='bbox 1295 1895 1487 1941; x_wconf 83' lang='lat' dir='ltr'>servo</span> <span class='ocrx_word' id='word_1_43' title='bbox 1531 1872 1620 1941; x_wconf 90' lang='lat' dir='ltr'>D.</span> <span class='ocrx_word' id='word_1_44' title='bbox 1665 1873 1961 1942; x_wconf 90' lang='lat' dir='ltr'>Henrico</span> <span class='ocrx_word' id='word_1_45' title='bbox 2003 1875 2397 1962; x_wconf 83' lang='lat' dir='ltr'>Bullingero</span> <span class='ocrx_word' id='word_1_46' title='bbox 2454 1876 2629 1961; x_wconf 85' lang='lat' dir='ltr'>patri</span> 
     </span>
     <span class='ocr_line' id='line_1_10' title="bbox 657 1957 2630 2130; baseline 0.003 -106"><span class='ocrx_word' id='word_1_47' title='bbox 657 1958 830 2024; x_wconf 85' lang='lat' dir='ltr'>mihi</span> <span class='ocrx_word' id='word_1_48' title='bbox 865 1957 1228 2043; x_wconf 88' lang='lat' dir='ltr'>plurimum</span> <span class='ocrx_word' id='word_1_49' title='bbox 1264 1957 2077 2130; x_wconf 42' lang='lat' dir='ltr'>obserhtiznsszs&#39;ltggiurinae</span> <span class='ocrx_word' id='word_1_50' title='bbox 2114 1961 2427 2030; x_wconf 88' lang='lat' dir='ltr'>ecclesiae</span> <span class='ocrx_word' id='word_1_51' title='bbox 2470 1982 2630 2030; x_wconf 80' lang='lat' dir='ltr'>vere</span> 
     </span>
    </p>
   </div>
   <div class='ocr_carea' id='block_1_6' title="bbox 655 2215 2623 2234">
    <p class='ocr_par' dir='ltr' id='par_1_6' title="bbox 655 2215 2623 2234">
     <span class='ocr_line' id='line_1_11' title="bbox 655 2215 2623 2234; baseline 0.002 -8"><span class='ocrx_word' id='word_1_52' title='bbox 655 2215 2623 2234; x_wconf 64' lang='lat'><em>————————————-———</em></span> 
     </span>
    </p>
   </div>
   <div class='ocr_carea' id='block_1_7' title="bbox 649 2265 2627 3468">
    <p class='ocr_par' dir='ltr' id='par_1_7' title="bbox 649 2265 2627 2697">
     <span class='ocr_line' id='line_1_12' title="bbox 658 2265 2624 2353; baseline 0.001 -20"><span class='ocrx_word' id='word_1_53' title='bbox 658 2265 813 2334; x_wconf 80' lang='lat' dir='ltr'>Scio</span> <span class='ocrx_word' id='word_1_54' title='bbox 873 2273 941 2333; x_wconf 86' lang='lat' dir='ltr'>te</span> <span class='ocrx_word' id='word_1_55' title='bbox 996 2266 1242 2333; x_wconf 87' lang='lat' dir='ltr'>habere</span> <span class='ocrx_word' id='word_1_56' title='bbox 1299 2269 1622 2353; x_wconf 86' lang='lat' dir='ltr'>plurimas</span> <span class='ocrx_word' id='word_1_57' title='bbox 1684 2267 1939 2335; x_wconf 76' lang='lat' dir='ltr'>Calvim&#39;</span> <span class='ocrx_word' id='word_1_58' title='bbox 1997 2270 2206 2336; x_wconf 82' lang='lat' dir='ltr'>nostri</span> <span class='ocrx_word' id='word_1_59' title='bbox 2264 2270 2492 2336; x_wconf 86' lang='lat' dir='ltr'>literas</span> <span class='ocrx_word' id='word_1_60' title='bbox 2557 2271 2624 2335; x_wconf 92' lang='lat' dir='ltr'>in</span> 
     </span>
     <span class='ocr_line' id='line_1_13' title="bbox 654 2353 2627 2441; baseline 0.002 -23"><span class='ocrx_word' id='word_1_61' title='bbox 654 2353 895 2438; x_wconf 89' lang='lat' dir='ltr'>quibus</span> <span class='ocrx_word' id='word_1_62' title='bbox 932 2373 1354 2438; x_wconf 81' lang='lat' dir='ltr'>quascunque</span> <span class='ocrx_word' id='word_1_63' title='bbox 1389 2356 1784 2438; x_wconf 86' lang='lat' dir='ltr'>compereris</span> <span class='ocrx_word' id='word_1_64' title='bbox 1820 2354 2056 2441; x_wconf 82' lang='lat' dir='ltr'>dignas</span> <span class='ocrx_word' id='word_1_65' title='bbox 2087 2376 2258 2441; x_wconf 89' lang='lat' dir='ltr'>quae</span> <span class='ocrx_word' id='word_1_66' title='bbox 2294 2376 2446 2423; x_wconf 89' lang='lat' dir='ltr'>cum</span> <span class='ocrx_word' id='word_1_67' title='bbox 2478 2356 2627 2422; x_wconf 91' lang='lat' dir='ltr'>aliis</span> 
     </span>
     <span class='ocr_line' id='line_1_14' title="bbox 651 2439 2625 2524; baseline 0.002 -20"><span class='ocrx_word' id='word_1_68' title='bbox 651 2439 942 2504; x_wconf 78' lang='lat' dir='ltr'>edantur</span> <span class='ocrx_word' id='word_1_69' title='bbox 983 2459 1145 2524; x_wconf 83' lang='lat' dir='ltr'>rogo</span> <span class='ocrx_word' id='word_1_70' title='bbox 1194 2451 1269 2505; x_wconf 88' lang='lat' dir='ltr'>ut</span> <span class='ocrx_word' id='word_1_71' title='bbox 1312 2439 1395 2506; x_wconf 90' lang='lat' dir='ltr'>ad</span> <span class='ocrx_word' id='word_1_72' title='bbox 1432 2459 1554 2505; x_wconf 90' lang='lat' dir='ltr'>nos</span> <span class='ocrx_word' id='word_1_73' title='bbox 1589 2440 1818 2507; x_wconf 87' lang='lat' dir='ltr'>mittas</span> <span class='ocrx_word' id='word_1_74' title='bbox 1853 2463 2059 2524; x_wconf 90' lang='lat' dir='ltr'>quum</span> <span class='ocrx_word' id='word_1_75' title='bbox 2101 2440 2413 2507; x_wconf 92' lang='lat' dir='ltr'>idoneum</span> <span class='ocrx_word' id='word_1_76' title='bbox 2452 2464 2625 2507; x_wconf 93' lang='lat' dir='ltr'>nun-</span> 
     </span>
     <span class='ocr_line' id='line_1_15' title="bbox 649 2525 2625 2610; baseline 0.001 -19"><span class='ocrx_word' id='word_1_77' title='bbox 649 2525 827 2591; x_wconf 87' lang='lat' dir='ltr'>cium</span> <span class='ocrx_word' id='word_1_78' title='bbox 893 2534 1125 2591; x_wconf 90' lang='lat' dir='ltr'>nactus</span> <span class='ocrx_word' id='word_1_79' title='bbox 1183 2525 1404 2592; x_wconf 80' lang='lat' dir='ltr'>fueris.</span> <span class='ocrx_word' id='word_1_80' title='bbox 1493 2525 1725 2593; x_wconf 87' lang='lat' dir='ltr'>Habeo</span> <span class='ocrx_word' id='word_1_81' title='bbox 1768 2547 2027 2610; x_wconf 89' lang='lat' dir='ltr'>quoque</span> <span class='ocrx_word' id='word_1_82' title='bbox 2085 2535 2234 2593; x_wconf 86' lang='lat' dir='ltr'>tuas</span> <span class='ocrx_word' id='word_1_83' title='bbox 2293 2526 2377 2593; x_wconf 85' lang='lat' dir='ltr'>ad</span> <span class='ocrx_word' id='word_1_84' title='bbox 2433 2527 2625 2593; x_wconf 91' lang='lat' dir='ltr'>illum</span> 
     </span>
     <span class='ocr_line' id='line_1_16' title="bbox 698 2608 2625 2697; baseline 0.002 -23"><span class='ocrx_word' id='word_1_85' title='bbox 698 2608 1010 2689; x_wconf 89' lang='lat' dir='ltr'>lurimas,</span> <span class='ocrx_word' id='word_1_86' title='bbox 1055 2609 1376 2694; x_wconf 77' lang='lat' dir='ltr'>dequibus</span> <span class='ocrx_word' id='word_1_87' title='bbox 1412 2611 1578 2676; x_wconf 90' lang='lat' dir='ltr'>nibil</span> <span class='ocrx_word' id='word_1_88' title='bbox 1617 2612 1747 2678; x_wconf 89' lang='lat' dir='ltr'>nisi</span> <span class='ocrx_word' id='word_1_89' title='bbox 1781 2613 1953 2697; x_wconf 87' lang='lat' dir='ltr'>quod</span> <span class='ocrx_word' id='word_1_90' title='bbox 1976 2614 2161 2680; x_wconf 83' lang='lat' dir='ltr'>voles</span> <span class='ocrx_word' id='word_1_91' title='bbox 2205 2621 2558 2679; x_wconf 87' lang='lat' dir='ltr'>statuetur.</span> <span class='ocrx_word' id='word_1_92' title='bbox 2574 2619 2625 2687; x_wconf 87' lang='lat'>¹)</span> 
     </span>
    </p>

    <p class='ocr_par' dir='ltr' id='par_1_8' title="bbox 649 2695 2625 3468">
     <span class='ocr_line' id='line_1_17' title="bbox 736 2695 2625 2781; baseline 0.002 -20"><span class='ocrx_word' id='word_1_93' title='bbox 736 2704 842 2761; x_wconf 87' lang='lat' dir='ltr'>ter</span> <span class='ocrx_word' id='word_1_94' title='bbox 886 2695 971 2762; x_wconf 90' lang='lat' dir='ltr'>D.</span> <span class='ocrx_word' id='word_1_95' title='bbox 1010 2696 1321 2763; x_wconf 59' lang='lat' dir='ltr'>Blaureri</span> <span class='ocrx_word' id='word_1_96' title='bbox 1372 2697 1640 2764; x_wconf 81' lang='lat' dir='ltr'>chartas</span> <span class='ocrx_word' id='word_1_97' title='bbox 1696 2717 1831 2764; x_wconf 93' lang='lat' dir='ltr'>non</span> <span class='ocrx_word' id='word_1_98' title='bbox 1891 2697 2116 2765; x_wconf 91' lang='lat' dir='ltr'>dubito</span> <span class='ocrx_word' id='word_1_99' title='bbox 2161 2699 2319 2781; x_wconf 90' lang='lat' dir='ltr'>quin</span> <span class='ocrx_word' id='word_1_100' title='bbox 2375 2699 2625 2765; x_wconf 78' lang='lat' dir='ltr'>multae</span> 
     </span>
     <span class='ocr_line' id='line_1_18' title="bbox 649 2783 2624 2936; baseline 0.001 -88"><span class='ocrx_word' id='word_1_101' title='bbox 649 2802 911 2867; x_wconf 89' lang='lat' dir='ltr'>quoque</span> <span class='ocrx_word' id='word_1_102' title='bbox 979 2783 1411 2850; x_wconf 79' lang='lat' dir='ltr'>inveniantur</span> <span class='ocrx_word' id='word_1_103' title='bbox 1467 2804 1634 2866; x_wconf 87' lang='lat' dir='ltr'>quas</span> <span class='ocrx_word' id='word_1_104' title='bbox 1697 2785 1983 2936; x_wconf 61' lang='lat' dir='ltr'>ogtarim</span> <span class='ocrx_word' id='word_1_105' title='bbox 2047 2805 2182 2850; x_wconf 93' lang='lat' dir='ltr'>non</span> <span class='ocrx_word' id='word_1_106' title='bbox 2245 2793 2494 2851; x_wconf 91' lang='lat' dir='ltr'>temere</span> <span class='ocrx_word' id='word_1_107' title='bbox 2550 2785 2624 2850; x_wconf 91' lang='lat' dir='ltr'>in</span> 
     </span>
     <span class='ocr_line' id='line_1_19' title="bbox 649 2868 2623 2955; baseline 0.001 -20"><span class='ocrx_word' id='word_1_108' title='bbox 649 2868 948 2936; x_wconf 82' lang='lat' dir='ltr'>cuiusvis</span> <span class='ocrx_word' id='word_1_109' title='bbox 989 2890 1227 2937; x_wconf 87' lang='lat' dir='ltr'>manus</span> <span class='ocrx_word' id='word_1_110' title='bbox 1268 2869 1633 2954; x_wconf 87' lang='lat' dir='ltr'>pervenire.</span> <span class='ocrx_word' id='word_1_111' title='bbox 1779 2870 1874 2937; x_wconf 90' lang='lat' dir='ltr'>cis</span> <span class='ocrx_word' id='word_1_112' title='bbox 1934 2870 2115 2936; x_wconf 90' lang='lat' dir='ltr'>enim</span> <span class='ocrx_word' id='word_1_113' title='bbox 2169 2890 2367 2955; x_wconf 89' lang='lat' dir='ltr'>quam</span> <span class='ocrx_word' id='word_1_114' title='bbox 2429 2870 2623 2936; x_wconf 85' lang='lat' dir='ltr'>fami-</span> 
     </span>
     <span class='ocr_line' id='line_1_20' title="bbox 649 2953 2625 3040; baseline 0.002 -21"><span class='ocrx_word' id='word_1_115' title='bbox 649 2953 910 3020; x_wconf 77' lang='lat' dir='ltr'>liariter</span> <span class='ocrx_word' id='word_1_116' title='bbox 951 2955 1128 3022; x_wconf 89' lang='lat' dir='ltr'>inter</span> <span class='ocrx_word' id='word_1_117' title='bbox 1186 2977 1259 3023; x_wconf 89' lang='lat' dir='ltr'>se</span> <span class='ocrx_word' id='word_1_118' title='bbox 1303 2955 1384 3021; x_wconf 88' lang='lat' dir='ltr'>de</span> <span class='ocrx_word' id='word_1_119' title='bbox 1428 2954 1658 3021; x_wconf 86' lang='lat' dir='ltr'>multis</span> <span class='ocrx_word' id='word_1_120' title='bbox 1714 2955 2053 3022; x_wconf 88' lang='lat' dir='ltr'>interdum</span> <span class='ocrx_word' id='word_1_121' title='bbox 2112 2976 2308 3040; x_wconf 86' lang='lat' dir='ltr'>agere</span> <span class='ocrx_word' id='word_1_122' title='bbox 2367 2956 2625 3023; x_wconf 77' lang='lat' dir='ltr'>soleant</span> 
     </span>
     <span class='ocr_line' id='line_1_21' title="bbox 650 3039 2620 3129; baseline 0.002 -23"><span class='ocrx_word' id='word_1_123' title='bbox 650 3039 879 3121; x_wconf 87' lang='lat' dir='ltr'>amici,</span> <span class='ocrx_word' id='word_1_124' title='bbox 946 3063 1112 3124; x_wconf 89' lang='lat' dir='ltr'>quae</span> <span class='ocrx_word' id='word_1_125' title='bbox 1172 3040 1480 3108; x_wconf 92' lang='lat' dir='ltr'>nonnulli</span> <span class='ocrx_word' id='word_1_126' title='bbox 1543 3050 1771 3125; x_wconf 84' lang='lat' dir='ltr'>postea</span> <span class='ocrx_word' id='word_1_127' title='bbox 1833 3041 1908 3108; x_wconf 89' lang='lat' dir='ltr'>in</span> <span class='ocrx_word' id='word_1_128' title='bbox 1974 3041 2265 3109; x_wconf 88' lang='lat' dir='ltr'>deterius</span> <span class='ocrx_word' id='word_1_129' title='bbox 2328 3043 2620 3129; x_wconf 89' lang='lat' dir='ltr'>capiunt.</span> 
     </span>
     <span class='ocr_line' id='line_1_22' title="bbox 652 3122 2624 3214; baseline 0.002 -24"><span class='ocrx_word' id='word_1_130' title='bbox 652 3122 807 3207; x_wconf 79' lang='lat' dir='ltr'>Qua</span> <span class='ocrx_word' id='word_1_131' title='bbox 851 3126 933 3193; x_wconf 91' lang='lat' dir='ltr'>de</span> <span class='ocrx_word' id='word_1_132' title='bbox 987 3149 1060 3194; x_wconf 89' lang='lat' dir='ltr'>re</span> <span class='ocrx_word' id='word_1_133' title='bbox 1117 3150 1268 3194; x_wconf 87' lang='lat' dir='ltr'>cum</span> <span class='ocrx_word' id='word_1_134' title='bbox 1313 3127 1551 3194; x_wconf 79' lang='lat' dir='ltr'>Linero</span> <span class='ocrx_word' id='word_1_135' title='bbox 1604 3135 1828 3195; x_wconf 89' lang='lat' dir='ltr'>nostro</span> <span class='ocrx_word' id='word_1_136' title='bbox 1884 3127 1992 3213; x_wconf 81' lang='lat' dir='ltr'>egi</span> <span class='ocrx_word' id='word_1_137' title='bbox 2050 3150 2256 3214; x_wconf 89' lang='lat' dir='ltr'>quum</span> <span class='ocrx_word' id='word_1_138' title='bbox 2312 3127 2439 3194; x_wconf 85' lang='lat' dir='ltr'>hac</span> <span class='ocrx_word' id='word_1_139' title='bbox 2496 3130 2624 3195; x_wconf 92' lang='lat' dir='ltr'>iter</span> 
     </span>
     <span class='ocr_line' id='line_1_23' title="bbox 650 3211 2623 3293; baseline 0.003 -17"><span class='ocrx_word' id='word_1_140' title='bbox 650 3211 933 3290; x_wconf 82' lang='lat' dir='ltr'>faceret,</span> <span class='ocrx_word' id='word_1_141' title='bbox 995 3223 1072 3279; x_wconf 84' lang='lat' dir='ltr'>ut</span> <span class='ocrx_word' id='word_1_142' title='bbox 1115 3212 1434 3280; x_wconf 87' lang='lat' dir='ltr'>haeredes</span> <span class='ocrx_word' id='word_1_143' title='bbox 1477 3220 1806 3293; x_wconf 88' lang='lat' dir='ltr'>moneret,</span> <span class='ocrx_word' id='word_1_144' title='bbox 1865 3235 2000 3281; x_wconf 90' lang='lat' dir='ltr'>non</span> <span class='ocrx_word' id='word_1_145' title='bbox 2058 3222 2321 3280; x_wconf 86' lang='lat' dir='ltr'>tantum</span> <span class='ocrx_word' id='word_1_146' title='bbox 2369 3213 2623 3282; x_wconf 79' lang='lat' dir='ltr'>Calvini</span> 
     </span>
     <span class='ocr_line' id='line_1_24' title="bbox 653 3297 2619 3384; baseline 0.002 -22"><span class='ocrx_word' id='word_1_147' title='bbox 653 3297 771 3363; x_wconf 87' lang='lat' dir='ltr'>sed</span> <span class='ocrx_word' id='word_1_148' title='bbox 832 3298 1030 3363; x_wconf 83' lang='lat' dir='ltr'>etiam</span> <span class='ocrx_word' id='word_1_149' title='bbox 1094 3302 1221 3366; x_wconf 87' lang='lat' dir='ltr'>mei</span> <span class='ocrx_word' id='word_1_150' title='bbox 1281 3300 1487 3384; x_wconf 89' lang='lat' dir='ltr'>ipsius</span> <span class='ocrx_word' id='word_1_151' title='bbox 1545 3319 1765 3366; x_wconf 91' lang='lat' dir='ltr'>causa.</span> <span class='ocrx_word' id='word_1_152' title='bbox 1812 3335 1893 3347; x_wconf 90' lang='lat'><em>—</em></span> <span class='ocrx_word' id='word_1_153' title='bbox 1939 3336 2024 3346; x_wconf 92' lang='lat'><strong>—</strong></span> <span class='ocrx_word' id='word_1_154' title='bbox 2061 3303 2108 3379; x_wconf 84' lang='grc' dir='ltr'>ι)</span> <span class='ocrx_word' id='word_1_155' title='bbox 2153 3300 2470 3367; x_wconf 81' lang='lat' dir='ltr'>Genevae</span> <span class='ocrx_word' id='word_1_156' title='bbox 2522 3306 2619 3366; x_wconf 88' lang='lat'>18.</span> 
     </span>
     <span class='ocr_line' id='line_1_25' title="bbox 652 3381 1075 3468; baseline 0.002 -19"><span class='ocrx_word' id='word_1_157' title='bbox 652 3381 839 3468; x_wconf 83' lang='lat' dir='ltr'>Sept.</span> <span class='ocrx_word' id='word_1_158' title='bbox 893 3390 1075 3450; x_wconf 77' lang='lat'><strong>1565.</strong></span> 
     </span>
    </p>
   </div>
   <div class='ocr_carea' id='block_1_8' title="bbox 651 3508 1054 3517">
    <p class='ocr_par' dir='ltr' id='par_1_9' title="bbox 651 3508 1054 3517">
     <span class='ocr_line' id='line_1_26' title="bbox 651 3508 1054 3517; baseline 0 2608"><span class='ocrx_word' id='word_1_159' title='bbox 651 3508 1054 3517; x_wconf 95' lang='lat' dir='ltr'> </span> 
     </span>
    </p>
   </div>
   <div class='ocr_carea' id='block_1_9' title="bbox 644 3556 2625 4443">
    <p class='ocr_par' dir='ltr' id='par_1_10' title="bbox 644 3556 2625 4443">
     <span class='ocr_line' id='line_1_27' title="bbox 862 3556 2625 3628; baseline 0.001 -19"><span class='ocrx_word' id='word_1_160' title='bbox 862 3556 924 3621; x_wconf 81' lang='lat'>5)</span> <span class='ocrx_word' id='word_1_161' title='bbox 962 3557 1118 3613; x_wconf 64' lang='lat' dir='ltr'>Besa</span> <span class='ocrx_word' id='word_1_162' title='bbox 1143 3556 1360 3628; x_wconf 72' lang='lat' dir='ltr'>quidem</span> <span class='ocrx_word' id='word_1_163' title='bbox 1397 3572 1511 3610; x_wconf 72' lang='lat' dir='ltr'>non</span> <span class='ocrx_word' id='word_1_164' title='bbox 1546 3558 1698 3610; x_wconf 68' lang='lat' dir='ltr'>omni</span> <span class='ocrx_word' id='word_1_165' title='bbox 1731 3571 1799 3611; x_wconf 69' lang='lat' dir='ltr'>ex</span> <span class='ocrx_word' id='word_1_166' title='bbox 1813 3561 1979 3626; x_wconf 70' lang='lat' dir='ltr'>parte</span> <span class='ocrx_word' id='word_1_167' title='bbox 2015 3556 2248 3617; x_wconf 71' lang='lat' dir='ltr'>fideliter</span> <span class='ocrx_word' id='word_1_168' title='bbox 2271 3558 2346 3611; x_wconf 75' lang='lat' dir='ltr'>iis</span> <span class='ocrx_word' id='word_1_169' title='bbox 2371 3571 2511 3611; x_wconf 75' lang='lat' dir='ltr'>usus</span> <span class='ocrx_word' id='word_1_170' title='bbox 2544 3561 2625 3611; x_wconf 74' lang='lat' dir='ltr'>est</span> 
     </span>
     <span class='ocr_line' id='line_1_28' title="bbox 645 3624 2624 3747; baseline 0.001 -68"><span class='ocrx_word' id='word_1_171' title='bbox 645 3639 791 3747; x_wconf 57' lang='lat' dir='ltr'>m</span> <span class='ocrx_word' id='word_1_172' title='bbox 841 3629 1054 3694; x_wconf 76' lang='lat' dir='ltr'>passim</span> <span class='ocrx_word' id='word_1_173' title='bbox 1107 3629 1331 3694; x_wconf 76' lang='lat' dir='ltr'>accepit.</span> <span class='ocrx_word' id='word_1_174' title='bbox 1404 3624 1625 3679; x_wconf 71' lang='lat' dir='ltr'>Earum</span> <span class='ocrx_word' id='word_1_175' title='bbox 1671 3625 1888 3695; x_wconf 73' lang='lat' dir='ltr'>quiden·</span> <span class='ocrx_word' id='word_1_176' title='bbox 1934 3641 2076 3696; x_wconf 73' lang='lat' dir='ltr'>quae</span> <span class='ocrx_word' id='word_1_177' title='bbox 2122 3626 2202 3680; x_wconf 75' lang='lat' dir='ltr'>ad</span> <span class='ocrx_word' id='word_1_178' title='bbox 2234 3625 2624 3695; x_wconf 71' lang='lat' dir='ltr'>Bullinqerum</span> 
     </span>
     <span class='ocr_line' id='line_1_29' title="bbox 787 3693 2623 3763; baseline 0.001 -15"><span class='ocrx_word' id='word_1_179' title='bbox 787 3709 816 3748; x_wconf 87' lang='lat' dir='ltr'>e</span> <span class='ocrx_word' id='word_1_180' title='bbox 862 3695 1092 3761; x_wconf 68' lang='lat' dir='ltr'>fueram</span> <span class='ocrx_word' id='word_1_181' title='bbox 1133 3695 1406 3763; x_wconf 69' lang='lat' dir='ltr'>plurimae</span> <span class='ocrx_word' id='word_1_182' title='bbox 1466 3694 1730 3762; x_wconf 73' lang='lat' dir='ltr'>hodieque</span> <span class='ocrx_word' id='word_1_183' title='bbox 1795 3695 1858 3748; x_wconf 77' lang='lat' dir='ltr'>in</span> <span class='ocrx_word' id='word_1_184' title='bbox 1910 3694 2171 3749; x_wconf 55' lang='lat' dir='ltr'>Arduos}</span> <span class='ocrx_word' id='word_1_185' title='bbox 2233 3693 2623 3751; x_wconf 60' lang='lat' dir='ltr'>struentibus</span> 
     </span>
     <span class='ocr_line' id='line_1_30' title="bbox 645 3761 2623 3834; baseline 0.002 -19"><span class='ocrx_word' id='word_1_186' title='bbox 645 3770 1010 3819; x_wconf 65' lang='lat' dir='ltr'>amantur</span> <span class='ocrx_word' id='word_1_187' title='bbox 1044 3766 1287 3834; x_wconf 76' lang='lat' dir='ltr'>adeoque</span> <span class='ocrx_word' id='word_1_188' title='bbox 1331 3761 1582 3817; x_wconf 75' lang='lat' dir='ltr'>redditae</span> <span class='ocrx_word' id='word_1_189' title='bbox 1614 3767 1873 3826; x_wconf 68' lang='lat' dir='ltr'>tumne,</span> <span class='ocrx_word' id='word_1_190' title='bbox 1908 3763 2209 3819; x_wconf 70' lang='lat' dir='ltr'>nonnullae</span> <span class='ocrx_word' id='word_1_191' title='bbox 2254 3770 2437 3818; x_wconf 71' lang='lat' dir='ltr'>tamen</span> <span class='ocrx_word' id='word_1_192' title='bbox 2481 3764 2623 3818; x_wconf 65' lang='lat' dir='ltr'>deei-</span> 
     </span>
     <span class='ocr_line' id='line_1_31' title="bbox 646 3829 2624 3901; baseline 0.001 -16"><span class='ocrx_word' id='word_1_193' title='bbox 646 3829 934 3887; x_wconf 67' lang='lat' dir='ltr'>doraum.</span> <span class='ocrx_word' id='word_1_194' title='bbox 1008 3833 1198 3888; x_wconf 64' lang='lat' dir='ltr'>Etiam</span> <span class='ocrx_word' id='word_1_195' title='bbox 1251 3831 1503 3887; x_wconf 68' lang='lat' dir='ltr'>Genu-vae</span> <span class='ocrx_word' id='word_1_196' title='bbox 1545 3832 1750 3887; x_wconf 74' lang='lat' dir='ltr'>multae</span> <span class='ocrx_word' id='word_1_197' title='bbox 1794 3833 2109 3901; x_wconf 69' lang='lat' dir='ltr'>deperditae</span> <span class='ocrx_word' id='word_1_198' title='bbox 2142 3840 2271 3887; x_wconf 74' lang='lat' dir='ltr'>sunt</span> <span class='ocrx_word' id='word_1_199' title='bbox 2315 3832 2624 3888; x_wconf 65' lang='lat' dir='ltr'>labentibus</span> 
     </span>
     <span class='ocr_line' id='line_1_32' title="bbox 647 3901 2624 3958; baseline 0.001 -4"><span class='ocrx_word' id='word_1_200' title='bbox 647 3901 899 3956; x_wconf 71' lang='lat' dir='ltr'>saeculis.</span> <span class='ocrx_word' id='word_1_201' title='bbox 959 3901 1243 3958; x_wconf 74' lang='lat' dir='ltr'>Caeterum</span> <span class='ocrx_word' id='word_1_202' title='bbox 1277 3901 1479 3955; x_wconf 66' lang='lat' dir='ltr'>ansatas</span> <span class='ocrx_word' id='word_1_203' title='bbox 1512 3901 1660 3955; x_wconf 76' lang='lat' dir='ltr'>aliae</span> <span class='ocrx_word' id='word_1_204' title='bbox 1694 3902 1892 3957; x_wconf 62' lang='lat' dir='ltr'>amieis</span> <span class='ocrx_word' id='word_1_205' title='bbox 1924 3901 2071 3956; x_wconf 77' lang='lat' dir='ltr'>dono</span> <span class='ocrx_word' id='word_1_206' title='bbox 2106 3901 2261 3956; x_wconf 77' lang='lat' dir='ltr'>dedit</span> <span class='ocrx_word' id='word_1_207' title='bbox 2294 3908 2345 3956; x_wconf 77' lang='lat' dir='ltr'>et</span> <span class='ocrx_word' id='word_1_208' title='bbox 2377 3903 2539 3957; x_wconf 73' lang='grc' dir='ltr'>υίοιιε</span> <span class='ocrx_word' id='word_1_209' title='bbox 2573 3907 2624 3956; x_wconf 78' lang='lat' dir='ltr'>et</span> 
     </span>
     <span class='ocr_line' id='line_1_33' title="bbox 647 3968 2449 4040; baseline 0.002 -17"><span class='ocrx_word' id='word_1_210' title='bbox 647 3973 984 4026; x_wconf 66' lang='lat' dir='ltr'>meamea</span> <span class='ocrx_word' id='word_1_211' title='bbox 1059 3970 1216 4026; x_wconf 73' lang='lat' dir='ltr'>Inter</span> <span class='ocrx_word' id='word_1_212' title='bbox 1251 3985 1392 4040; x_wconf 75' lang='lat' dir='ltr'>quas</span> <span class='ocrx_word' id='word_1_213' title='bbox 1425 3969 1555 4024; x_wconf 70' lang='lat' dir='ltr'>illas</span> <span class='ocrx_word' id='word_1_214' title='bbox 1590 3985 1732 4039; x_wconf 74' lang='lat' dir='ltr'>quae</span> <span class='ocrx_word' id='word_1_215' title='bbox 1766 3970 1927 4025; x_wconf 73' lang='lat' dir='ltr'>hodie</span> <span class='ocrx_word' id='word_1_216' title='bbox 1966 3968 2179 4025; x_wconf 70' lang='lat' dir='ltr'>Gothae</span> <span class='ocrx_word' id='word_1_217' title='bbox 2212 3976 2449 4026; x_wconf 75' lang='lat' dir='ltr'>exstant.</span> 
     </span>
     <span class='ocr_line' id='line_1_34' title="bbox 644 4036 2622 4108; baseline 0.001 -17"><span class='ocrx_word' id='word_1_218' title='bbox 644 4036 912 4105; x_wconf 75' lang='lat'><strong>4128.1)</strong></span> <span class='ocrx_word' id='word_1_219' title='bbox 951 4042 1065 4094; x_wconf 74' lang='lat' dir='ltr'>Hic</span> <span class='ocrx_word' id='word_1_220' title='bbox 1098 4042 1264 4095; x_wconf 73' lang='lat' dir='ltr'>etiam</span> <span class='ocrx_word' id='word_1_221' title='bbox 1299 4036 1504 4093; x_wconf 77' lang='lat' dir='ltr'>adam</span> <span class='ocrx_word' id='word_1_222' title='bbox 1538 4037 1667 4093; x_wconf 74' lang='lat' dir='ltr'>libet</span> <span class='ocrx_word' id='word_1_223' title='bbox 1775 4055 1842 4094; x_wconf 82' lang='lat' dir='ltr'>ae</span> <span class='ocrx_word' id='word_1_224' title='bbox 1870 4038 2034 4094; x_wconf 71' lang='lat' dir='ltr'>habet</span> <span class='ocrx_word' id='word_1_225' title='bbox 2052 4039 2207 4094; x_wconf 65' lang='lat' dir='ltr'>Besa</span> <span class='ocrx_word' id='word_1_226' title='bbox 2242 4041 2304 4093; x_wconf 70' lang='lat' dir='ltr'>in</span> <span class='ocrx_word' id='word_1_227' title='bbox 2321 4039 2509 4108; x_wconf 64' lang='lat' dir='ltr'>praefi</span> <span class='ocrx_word' id='word_1_228' title='bbox 2544 4038 2622 4093; x_wconf 79' lang='lat' dir='ltr'>ad</span> 
     </span>
     <span class='ocr_line' id='line_1_35' title="bbox 647 4053 2623 4179; baseline 0.002 -19"><span class='ocrx_word' id='word_1_229' title='bbox 647 4104 882 4162; x_wconf 65' lang='lat' dir='ltr'>lowen</span> <span class='ocrx_word' id='word_1_230' title='bbox 913 4125 972 4179; x_wconf 77' lang='lat' dir='ltr'>p.</span> <span class='ocrx_word' id='word_1_231' title='bbox 1008 4107 1080 4163; x_wconf 80' lang='lat'>68</span> <span class='ocrx_word' id='word_1_232' title='bbox 1110 4110 1192 4178; x_wconf 77' lang='lat' dir='ltr'>(d.</span> <span class='ocrx_word' id='word_1_233' title='bbox 1229 4107 1282 4164; x_wconf 78' lang='lat' dir='ltr'>d.</span> <span class='ocrx_word' id='word_1_234' title='bbox 1333 4106 1419 4163; x_wconf 82' lang='lat'>19.</span> <span class='ocrx_word' id='word_1_235' title='bbox 1454 4108 1599 4176; x_wconf 68' lang='lat' dir='ltr'>Auo.</span> <span class='ocrx_word' id='word_1_236' title='bbox 1641 4053 1822 4176; x_wconf 48' lang='lat'>1622»</span> <span class='ocrx_word' id='word_1_237' title='bbox 1865 4107 2029 4174; x_wconf 82' lang='lat' dir='ltr'>Item,</span> <span class='ocrx_word' id='word_1_238' title='bbox 2064 4109 2239 4179; x_wconf 78' lang='lat' dir='ltr'>grand</span> <span class='ocrx_word' id='word_1_239' title='bbox 2284 4109 2516 4162; x_wconf 83' lang='lat' dir='ltr'>nombre</span> <span class='ocrx_word' id='word_1_240' title='bbox 2552 4109 2623 4163; x_wconf 90' lang='lat' dir='ltr'>de</span> 
     </span>
     <span class='ocr_line' id='line_1_36' title="bbox 646 4174 2621 4245; baseline 0.001 -17"><span class='ocrx_word' id='word_1_241' title='bbox 646 4174 868 4243; x_wconf 77' lang='lat' dir='ltr'>lettres,</span> <span class='ocrx_word' id='word_1_242' title='bbox 905 4179 1155 4245; x_wconf 71' lang='lat' dir='ltr'>consens,</span> <span class='ocrx_word' id='word_1_243' title='bbox 1193 4178 1654 4232; x_wconf 85' lang='lat' dir='ltr'>advertissemens</span> <span class='ocrx_word' id='word_1_244' title='bbox 1708 4181 1767 4230; x_wconf 88' lang='lat' dir='ltr'>et</span> <span class='ocrx_word' id='word_1_245' title='bbox 1812 4192 1899 4230; x_wconf 84' lang='lat' dir='ltr'>res</span> <span class='ocrx_word' id='word_1_246' title='bbox 1976 4193 2129 4244; x_wconf 76' lang='lat' dir='ltr'>uses,</span> <span class='ocrx_word' id='word_1_247' title='bbox 2180 4182 2304 4231; x_wconf 86' lang='lat' dir='ltr'>tant</span> <span class='ocrx_word' id='word_1_248' title='bbox 2350 4193 2420 4231; x_wconf 88' lang='lat' dir='ltr'>en</span> <span class='ocrx_word' id='word_1_249' title='bbox 2457 4177 2621 4231; x_wconf 84' lang='lat' dir='ltr'>Latin</span> 
     </span>
     <span class='ocr_line' id='line_1_37' title="bbox 647 4243 2621 4318; baseline 0.001 -22"><span class='ocrx_word' id='word_1_250' title='bbox 647 4243 811 4312; x_wconf 87' lang='lat' dir='ltr'>qn’en</span> <span class='ocrx_word' id='word_1_251' title='bbox 863 4246 1129 4318; x_wconf 70' lang='lat' dir='ltr'>Franoois</span> <span class='ocrx_word' id='word_1_252' title='bbox 1164 4246 1199 4301; x_wconf 71' lang='lat' dir='ltr'>a</span> <span class='ocrx_word' id='word_1_253' title='bbox 1233 4247 1481 4300; x_wconf 82' lang='lat' dir='ltr'>diverses</span> <span class='ocrx_word' id='word_1_254' title='bbox 1528 4261 1828 4314; x_wconf 79' lang='lat' dir='ltr'>personnes</span> <span class='ocrx_word' id='word_1_255' title='bbox 1913 4262 1944 4299; x_wconf 93' lang='lat' dir='ltr'>e</span> <span class='ocrx_word' id='word_1_256' title='bbox 1991 4251 2147 4301; x_wconf 87' lang='lat' dir='ltr'>toute</span> <span class='ocrx_word' id='word_1_257' title='bbox 2234 4244 2428 4302; x_wconf 79' lang='lat' dir='ltr'>ualite‘:</span> <span class='ocrx_word' id='word_1_258' title='bbox 2475 4244 2545 4300; x_wconf 70' lang='lat' dir='ltr'>oti</span> <span class='ocrx_word' id='word_1_259' title='bbox 2580 4245 2621 4299; x_wconf 89' lang='lat' dir='ltr'>il</span> 
     </span>
     <span class='ocr_line' id='line_1_38' title="bbox 644 4313 2622 4385; baseline 0.001 -18"><span class='ocrx_word' id='word_1_260' title='bbox 644 4318 733 4367; x_wconf 81' lang='lat' dir='ltr'>est</span> <span class='ocrx_word' id='word_1_261' title='bbox 769 4316 936 4370; x_wconf 68' lang='lat' dir='ltr'>truite</span> <span class='ocrx_word' id='word_1_262' title='bbox 971 4318 1042 4371; x_wconf 90' lang='lat' dir='ltr'>de</span> <span class='ocrx_word' id='word_1_263' title='bbox 1077 4317 1325 4370; x_wconf 84' lang='lat' dir='ltr'>diverses</span> <span class='ocrx_word' id='word_1_264' title='bbox 1361 4314 1619 4368; x_wconf 82' lang='lat' dir='ltr'>matieres</span> <span class='ocrx_word' id='word_1_265' title='bbox 1656 4320 1715 4368; x_wconf 88' lang='lat' dir='ltr'>et</span> <span class='ocrx_word' id='word_1_266' title='bbox 1747 4314 1883 4370; x_wconf 88' lang='lat' dir='ltr'>dont</span> <span class='ocrx_word' id='word_1_267' title='bbox 1901 4313 2007 4382; x_wconf 83' lang='lat' dir='ltr'>(s&#39;il</span> <span class='ocrx_word' id='word_1_268' title='bbox 2041 4316 2179 4385; x_wconf 75' lang='lat' dir='ltr'>plait</span> <span class='ocrx_word' id='word_1_269' title='bbox 2214 4331 2249 4367; x_wconf 82' lang='lat' dir='ltr'>a</span> <span class='ocrx_word' id='word_1_270' title='bbox 2281 4313 2422 4369; x_wconf 86' lang='lat' dir='ltr'>Dieu</span> <span class='ocrx_word' id='word_1_271' title='bbox 2460 4314 2622 4383; x_wconf 86' lang='lat' dir='ltr'>qn’on</span> 
     </span>
     <span class='ocr_line' id='line_1_39' title="bbox 2125 4416 2144 4443; baseline 0 0"><span class='ocrx_word' id='word_1_272' title='bbox 2125 4416 2144 4443; x_wconf 72' lang='lat'>0</span> 
     </span>
    </p>
   </div>
   <div class='ocr_carea' id='block_1_10' title="bbox 2674 603 2695 4376">
    <p class='ocr_par' dir='ltr' id='par_1_11' title="bbox 2674 603 2695 4376">
     <span class='ocr_line' id='line_1_40' title="bbox 2674 603 2695 4376; baseline 0 0"><span class='ocrx_word' id='word_1_273' title='bbox 2674 603 2695 4376; x_wconf 95' lang='lat' dir='ltr'> </span> 
     </span>
    </p>
   </div>
   <div class='ocr_carea' id='block_1_11' title="bbox 2193 416 4625 487">
    <p class='ocr_par' dir='ltr' id='par_1_12' title="bbox 2193 416 4625 487">
     <span class='ocr_line' id='line_1_41' title="bbox 2193 416 4625 487; baseline 0 -2"><span class='ocrx_word' id='word_1_274' title='bbox 2193 416 2722 487; x_wconf 74' lang='lat' dir='ltr'>EPISTOLAE</span> <span class='ocrx_word' id='word_1_275' title='bbox 2763 421 3190 484; x_wconf 83' lang='lat'>4127-4129</span> <span class='ocrx_word' id='word_1_276' title='bbox 4536 425 4625 486; x_wconf 73' lang='lat'>³5⁶</span> 
     </span>
    </p>
   </div>
   <div class='ocr_carea' id='block_1_12' title="bbox 3252 608 4182 832">
    <p class='ocr_par' dir='ltr' id='par_1_13' title="bbox 3252 608 4182 832">
     <span class='ocr_line' id='line_1_42' title="bbox 3624 608 3823 682; baseline 0.015 -3"><span class='ocrx_word' id='word_1_277' title='bbox 3624 608 3823 682; x_wconf 75' lang='lat'><strong>412⁹.</strong></span> 
     </span>
     <span class='ocr_line' id='line_1_43' title="bbox 3252 760 4182 832; baseline 0.002 -5"><span class='ocrx_word' id='word_1_278' title='bbox 3252 760 3497 829; x_wconf 80' lang='lat' dir='ltr'>BEZA</span> <span class='ocrx_word' id='word_1_279' title='bbox 3542 761 4182 832; x_wconf 79' lang='lat' dir='ltr'><strong>BULLINGERO.</strong></span> 
     </span>
    </p>
   </div>
   <div class='ocr_carea' id='block_1_13' title="bbox 2904 930 4020 1173">
    <p class='ocr_par' dir='ltr' id='par_1_14' title="bbox 2904 930 4020 1173">
     <span class='ocr_line' id='line_1_44' title="bbox 2904 930 3624 1018; baseline 0.004 -21"><span class='ocrx_word' id='word_1_280' title='bbox 2904 930 3213 1000; x_wconf 76' lang='lat' dir='ltr'>Eiusdem</span> <span class='ocrx_word' id='word_1_281' title='bbox 3253 934 3624 1018; x_wconf 67' lang='lat' dir='ltr'>arquos-enti.</span> 
     </span>
     <span class='ocr_line' id='line_1_45' title="bbox 3410 1105 4020 1173; baseline 0.002 -14"><span class='ocrx_word' id='word_1_282' title='bbox 3410 1105 3525 1170; x_wconf 71' lang='lat' dir='ltr'>(Ex</span> <span class='ocrx_word' id='word_1_283' title='bbox 3561 1105 3755 1160; x_wconf 90' lang='lat' dir='ltr'>eodem</span> <span class='ocrx_word' id='word_1_284' title='bbox 3790 1106 4020 1173; x_wconf 84' lang='lat' dir='ltr'>codiee.)</span> 
     </span>
    </p>
   </div>
   <div class='ocr_carea' id='block_1_14' title="bbox 2727 1359 4647 3403">
    <p class='ocr_par' dir='ltr' id='par_1_15' title="bbox 2727 1359 4647 3403">
     <span class='ocr_line' id='line_1_46' title="bbox 2734 1359 4641 1430; baseline 0.001 -4"><span class='ocrx_word' id='word_1_285' title='bbox 2734 1360 2840 1426; x_wconf 90' lang='lat' dir='ltr'>De</span> <span class='ocrx_word' id='word_1_286' title='bbox 2882 1359 3094 1426; x_wconf 84' lang='lat' dir='ltr'>literis</span> <span class='ocrx_word' id='word_1_287' title='bbox 3137 1361 3222 1427; x_wconf 90' lang='lat' dir='ltr'>D.</span> <span class='ocrx_word' id='word_1_288' title='bbox 3272 1359 3528 1428; x_wconf 75' lang='lat' dir='ltr'>Calvini</span> <span class='ocrx_word' id='word_1_289' title='bbox 3569 1364 3779 1429; x_wconf 91' lang='lat' dir='ltr'>nostri</span> <span class='ocrx_word' id='word_1_290' title='bbox 3838 1372 4017 1430; x_wconf 88' lang='lat' dir='ltr'>recte</span> <span class='ocrx_word' id='word_1_291' title='bbox 4058 1384 4291 1430; x_wconf 83' lang='lat' dir='ltr'>censes</span> <span class='ocrx_word' id='word_1_292' title='bbox 4334 1363 4641 1428; x_wconf 71' lang='lat' dir='ltr'>maxims·</span> 
     </span>
     <span class='ocr_line' id='line_1_47' title="bbox 2735 1444 4641 1520; baseline 0.005 -10"><span class='ocrx_word' id='word_1_293' title='bbox 2735 1444 3185 1513; x_wconf 88' lang='lat' dir='ltr'>adhibendum</span> <span class='ocrx_word' id='word_1_294' title='bbox 3226 1446 3563 1514; x_wconf 87' lang='lat' dir='ltr'>iudicium.</span> <span class='ocrx_word' id='word_1_295' title='bbox 3655 1447 3805 1515; x_wconf 80' lang='lat' dir='ltr'>Scis</span> <span class='ocrx_word' id='word_1_296' title='bbox 3848 1450 4027 1515; x_wconf 91' lang='lat' dir='ltr'>enim</span> <span class='ocrx_word' id='word_1_297' title='bbox 4088 1448 4229 1515; x_wconf 89' lang='lat' dir='ltr'>dies</span> <span class='ocrx_word' id='word_1_298' title='bbox 4283 1468 4430 1515; x_wconf 84' lang='lat' dir='ltr'>esse</span> <span class='ocrx_word' id='word_1_299' title='bbox 4468 1447 4641 1520; x_wconf 75' lang='lat' dir='ltr'>malm.</span> 
     </span>
     <span class='ocr_line' id='line_1_48' title="bbox 2734 1530 4641 1601; baseline 0.001 -5"><span class='ocrx_word' id='word_1_300' title='bbox 2734 1542 2804 1597; x_wconf 90' lang='lat' dir='ltr'>et</span> <span class='ocrx_word' id='word_1_301' title='bbox 2846 1530 3056 1598; x_wconf 87' lang='lat' dir='ltr'>bonus</span> <span class='ocrx_word' id='word_1_302' title='bbox 3098 1531 3212 1597; x_wconf 92' lang='lat' dir='ltr'>ille</span> <span class='ocrx_word' id='word_1_303' title='bbox 3257 1532 3361 1598; x_wconf 85' lang='lat' dir='ltr'>vir</span> <span class='ocrx_word' id='word_1_304' title='bbox 3395 1533 3608 1599; x_wconf 90' lang='lat' dir='ltr'>multa</span> <span class='ocrx_word' id='word_1_305' title='bbox 3640 1534 4055 1601; x_wconf 86' lang='lat' dir='ltr'>familiariter</span> <span class='ocrx_word' id='word_1_306' title='bbox 4097 1534 4331 1601; x_wconf 84' lang='lat' dir='ltr'>amicis</span> <span class='ocrx_word' id='word_1_307' title='bbox 4375 1534 4641 1601; x_wconf 51' lang='lat' dir='ltr'>scribe&amp;</span> 
     </span>
     <span class='ocr_line' id='line_1_49' title="bbox 2734 1618 4641 1705; baseline 0.005 -23"><span class='ocrx_word' id='word_1_308' title='bbox 2734 1637 2920 1700; x_wconf 85' lang='lat' dir='ltr'>quae,</span> <span class='ocrx_word' id='word_1_309' title='bbox 2964 1625 3042 1683; x_wconf 90' lang='lat' dir='ltr'>ut</span> <span class='ocrx_word' id='word_1_310' title='bbox 3085 1626 3243 1684; x_wconf 89' lang='lat' dir='ltr'>sunt</span> <span class='ocrx_word' id='word_1_311' title='bbox 3285 1618 3415 1684; x_wconf 90' lang='lat' dir='ltr'>ista</span> <span class='ocrx_word' id='word_1_312' title='bbox 3454 1618 3801 1687; x_wconf 86' lang='lat' dir='ltr'>calumniis</span> <span class='ocrx_word' id='word_1_313' title='bbox 3835 1621 4048 1700; x_wconf 85' lang='lat' dir='ltr'>obvia,</span> <span class='ocrx_word' id='word_1_314' title='bbox 4081 1620 4253 1686; x_wconf 88' lang='lat' dir='ltr'>nihil</span> <span class='ocrx_word' id='word_1_315' title='bbox 4292 1619 4641 1705; x_wconf 70' lang='lat' dir='ltr'>prodessent.</span> 
     </span>
     <span class='ocr_line' id='line_1_50' title="bbox 2735 1702 4642 1790; baseline 0.002 -23"><span class='ocrx_word' id='word_1_316' title='bbox 2735 1702 3040 1770; x_wconf 88' lang='lat' dir='ltr'>obessent</span> <span class='ocrx_word' id='word_1_317' title='bbox 3081 1713 3301 1769; x_wconf 91' lang='lat' dir='ltr'>autem</span> <span class='ocrx_word' id='word_1_318' title='bbox 3346 1704 3726 1790; x_wconf 88' lang='lat' dir='ltr'>plurimum.</span> <span class='ocrx_word' id='word_1_319' title='bbox 3794 1706 4071 1774; x_wconf 85' lang='lat' dir='ltr'>Utinam</span> <span class='ocrx_word' id='word_1_320' title='bbox 4117 1707 4233 1790; x_wconf 91' lang='lat' dir='ltr'>qui</span> <span class='ocrx_word' id='word_1_321' title='bbox 4276 1707 4365 1772; x_wconf 90' lang='lat' dir='ltr'>D.</span> <span class='ocrx_word' id='word_1_322' title='bbox 4395 1704 4642 1771; x_wconf 70' lang='lat' dir='ltr'>Blanm‘</span> 
     </span>
     <span class='ocr_line' id='line_1_51' title="bbox 2735 1789 4643 1858; baseline 0.001 -4"><span class='ocrx_word' id='word_1_323' title='bbox 2735 1789 2947 1855; x_wconf 87' lang='lat' dir='ltr'>nostri</span> <span class='ocrx_word' id='word_1_324' title='bbox 2992 1789 3254 1854; x_wconf 86' lang='lat' dir='ltr'>chartas</span> <span class='ocrx_word' id='word_1_325' title='bbox 3297 1792 3473 1858; x_wconf 88' lang='lat' dir='ltr'>nacti</span> <span class='ocrx_word' id='word_1_326' title='bbox 3530 1800 3687 1858; x_wconf 90' lang='lat' dir='ltr'>sunt</span> <span class='ocrx_word' id='word_1_327' title='bbox 3729 1790 3905 1858; x_wconf 91' lang='lat' dir='ltr'>idem</span> <span class='ocrx_word' id='word_1_328' title='bbox 3950 1804 4018 1858; x_wconf 88' lang='lat' dir='ltr'>et</span> <span class='ocrx_word' id='word_1_329' title='bbox 4069 1794 4139 1857; x_wconf 90' lang='lat' dir='ltr'>in</span> <span class='ocrx_word' id='word_1_330' title='bbox 4183 1792 4368 1858; x_wconf 85' lang='lat' dir='ltr'>illius</span> <span class='ocrx_word' id='word_1_331' title='bbox 4408 1790 4643 1858; x_wconf 74' lang='lat' dir='ltr'>eiusdun</span> 
     </span>
     <span class='ocr_line' id='line_1_52' title="bbox 2735 1874 4643 1962; baseline 0.001 -22"><span class='ocrx_word' id='word_1_332' title='bbox 2735 1885 2804 1940; x_wconf 87' lang='lat' dir='ltr'>et</span> <span class='ocrx_word' id='word_1_333' title='bbox 2845 1876 2915 1940; x_wconf 94' lang='lat' dir='ltr'>in</span> <span class='ocrx_word' id='word_1_334' title='bbox 2961 1875 3128 1941; x_wconf 88' lang='lat' dir='ltr'>meis</span> <span class='ocrx_word' id='word_1_335' title='bbox 3163 1874 3246 1942; x_wconf 87' lang='lat' dir='ltr'>ad</span> <span class='ocrx_word' id='word_1_336' title='bbox 3292 1877 3508 1962; x_wconf 89' lang='lat' dir='ltr'>ipsum</span> <span class='ocrx_word' id='word_1_337' title='bbox 3545 1877 3758 1944; x_wconf 87' lang='lat' dir='ltr'>literis</span> <span class='ocrx_word' id='word_1_338' title='bbox 3794 1878 4056 1945; x_wconf 80' lang='lat' dir='ltr'>faciant.</span> <span class='ocrx_word' id='word_1_339' title='bbox 4125 1876 4279 1959; x_wconf 81' lang='lat' dir='ltr'>Qua</span> <span class='ocrx_word' id='word_1_340' title='bbox 4314 1875 4400 1943; x_wconf 90' lang='lat' dir='ltr'>de</span> <span class='ocrx_word' id='word_1_341' title='bbox 4436 1897 4503 1942; x_wconf 86' lang='lat' dir='ltr'>re</span> <span class='ocrx_word' id='word_1_342' title='bbox 4530 1887 4643 1960; x_wconf 75' lang='lat' dir='ltr'>puto</span> 
     </span>
     <span class='ocr_line' id='line_1_53' title="bbox 2733 1960 4645 2048; baseline 0.001 -23"><span class='ocrx_word' id='word_1_343' title='bbox 2733 1980 2842 2026; x_wconf 92' lang='lat' dir='ltr'>me</span> <span class='ocrx_word' id='word_1_344' title='bbox 2887 1961 3018 2026; x_wconf 90' lang='lat' dir='ltr'>iam</span> <span class='ocrx_word' id='word_1_345' title='bbox 3063 1960 3146 2027; x_wconf 89' lang='lat' dir='ltr'>ad</span> <span class='ocrx_word' id='word_1_346' title='bbox 3193 1971 3260 2026; x_wconf 86' lang='lat' dir='ltr'>te</span> <span class='ocrx_word' id='word_1_347' title='bbox 3305 1964 3646 2046; x_wconf 82' lang='lat' dir='ltr'>scripsisse</span> <span class='ocrx_word' id='word_1_348' title='bbox 3689 1973 3755 2028; x_wconf 88' lang='lat' dir='ltr'>et</span> <span class='ocrx_word' id='word_1_349' title='bbox 3789 1964 4033 2029; x_wconf 88' lang='lat' dir='ltr'>iterum</span> <span class='ocrx_word' id='word_1_350' title='bbox 4068 1963 4301 2030; x_wconf 87' lang='lat' dir='ltr'>scribo.</span> <span class='ocrx_word' id='word_1_351' title='bbox 4372 1964 4513 2048; x_wconf 78' lang='lat' dir='ltr'>Ego</span> <span class='ocrx_word' id='word_1_352' title='bbox 4544 1964 4645 2046; x_wconf 85' lang='lat' dir='ltr'>qui·</span> 
     </span>
     <span class='ocr_line' id='line_1_54' title="bbox 2736 2045 4645 2132; baseline 0.001 -21"><span class='ocrx_word' id='word_1_353' title='bbox 2736 2045 2883 2112; x_wconf 92' lang='lat' dir='ltr'>dem</span> <span class='ocrx_word' id='word_1_354' title='bbox 2902 2097 2917 2127; x_wconf 89' lang='lat'>,</span> <span class='ocrx_word' id='word_1_355' title='bbox 2983 2047 3107 2111; x_wconf 89' lang='lat' dir='ltr'>etsi</span> <span class='ocrx_word' id='word_1_356' title='bbox 3163 2046 3327 2113; x_wconf 90' lang='lat' dir='ltr'>haec</span> <span class='ocrx_word' id='word_1_357' title='bbox 3385 2069 3542 2114; x_wconf 84' lang='lat' dir='ltr'>vere</span> <span class='ocrx_word' id='word_1_358' title='bbox 3600 2049 3876 2130; x_wconf 71' lang='grc' dir='ltr'>κειμήλια</span> <span class='ocrx_word' id='word_1_359' title='bbox 3940 2049 4224 2115; x_wconf 84' lang='lat' dir='ltr'>libenter</span> <span class='ocrx_word' id='word_1_360' title='bbox 4282 2057 4357 2113; x_wconf 86' lang='lat' dir='ltr'>et</span> <span class='ocrx_word' id='word_1_361' title='bbox 4419 2050 4645 2132; x_wconf 71' lang='lat' dir='ltr'>pretiooe</span> 
     </span>
     <span class='ocr_line' id='line_1_55' title="bbox 2734 2133 4645 2219; baseline 0 -21"><span class='ocrx_word' id='word_1_362' title='bbox 2734 2153 3004 2198; x_wconf 83' lang='lat' dir='ltr'>servare</span> <span class='ocrx_word' id='word_1_363' title='bbox 3048 2134 3398 2211; x_wconf 76' lang='lat' dir='ltr'>consuevi,</span> <span class='ocrx_word' id='word_1_364' title='bbox 3459 2142 3682 2200; x_wconf 85' lang='lat' dir='ltr'>tamen</span> <span class='ocrx_word' id='word_1_365' title='bbox 3741 2135 4155 2219; x_wconf 82' lang='lat' dir='ltr'>experientia</span> <span class='ocrx_word' id='word_1_366' title='bbox 4198 2135 4469 2202; x_wconf 82' lang='lat' dir='ltr'>edoctus</span> <span class='ocrx_word' id='word_1_367' title='bbox 4519 2133 4645 2198; x_wconf 71' lang='lat' dir='ltr'>001oe</span> 
     </span>
     <span class='ocr_line' id='line_1_56' title="bbox 2734 2217 4645 2304; baseline 0.002 -21"><span class='ocrx_word' id='word_1_368' title='bbox 2734 2217 3015 2302; x_wconf 83' lang='lat' dir='ltr'>singulis</span> <span class='ocrx_word' id='word_1_369' title='bbox 3074 2219 3410 2285; x_wconf 90' lang='lat' dir='ltr'>mensibus</span> <span class='ocrx_word' id='word_1_370' title='bbox 3470 2219 3775 2287; x_wconf 83' lang='lat' dir='ltr'>evolvere</span> <span class='ocrx_word' id='word_1_371' title='bbox 3818 2243 3986 2304; x_wconf 83' lang='lat' dir='ltr'>quae</span> <span class='ocrx_word' id='word_1_372' title='bbox 4028 2222 4109 2288; x_wconf 91' lang='lat' dir='ltr'>ab</span> <span class='ocrx_word' id='word_1_373' title='bbox 4171 2222 4409 2287; x_wconf 83' lang='lat' dir='ltr'>amicis</span> <span class='ocrx_word' id='word_1_374' title='bbox 4464 2223 4645 2302; x_wconf 70' lang='lat' dir='ltr'>accepi.</span> 
     </span>
     <span class='ocr_line' id='line_1_57' title="bbox 2733 2303 4646 2373; baseline 0.001 -6"><span class='ocrx_word' id='word_1_375' title='bbox 2733 2317 2800 2368; x_wconf 87' lang='lat' dir='ltr'>et</span> <span class='ocrx_word' id='word_1_376' title='bbox 2842 2303 3165 2370; x_wconf 90' lang='lat' dir='ltr'>eiusmodi</span> <span class='ocrx_word' id='word_1_377' title='bbox 3209 2303 3424 2369; x_wconf 87' lang='lat' dir='ltr'>multa</span> <span class='ocrx_word' id='word_1_378' title='bbox 3457 2306 3668 2372; x_wconf 80' lang='lat' dir='ltr'>veluti</span> <span class='ocrx_word' id='word_1_379' title='bbox 3705 2309 3967 2373; x_wconf 84' lang='lat' dir='ltr'>veniam</span> <span class='ocrx_word' id='word_1_380' title='bbox 4013 2306 4097 2372; x_wconf 89' lang='lat' dir='ltr'>ab</span> <span class='ocrx_word' id='word_1_381' title='bbox 4140 2306 4272 2372; x_wconf 90' lang='lat' dir='ltr'>illis</span> <span class='ocrx_word' id='word_1_382' title='bbox 4320 2304 4646 2373; x_wconf 64' lang='lat' dir='ltr'>absentibus</span> 
     </span>
     <span class='ocr_line' id='line_1_58' title="bbox 2731 2390 4647 2477; baseline 0.001 -24"><span class='ocrx_word' id='word_1_383' title='bbox 2731 2396 3055 2472; x_wconf 85' lang='lat' dir='ltr'>precatus,</span> <span class='ocrx_word' id='word_1_384' title='bbox 3102 2391 3242 2474; x_wconf 83' lang='lat' dir='ltr'>igni</span> <span class='ocrx_word' id='word_1_385' title='bbox 3288 2390 3565 2470; x_wconf 78' lang='lat' dir='ltr'>tradere,</span> <span class='ocrx_word' id='word_1_386' title='bbox 3622 2392 3703 2458; x_wconf 89' lang='lat' dir='ltr'>iis</span> <span class='ocrx_word' id='word_1_387' title='bbox 3748 2399 4008 2458; x_wconf 86' lang='lat' dir='ltr'>tantum</span> <span class='ocrx_word' id='word_1_388' title='bbox 4052 2393 4343 2470; x_wconf 68' lang='lat' dir='ltr'>servatis</span> <span class='ocrx_word' id='word_1_389' title='bbox 4388 2412 4545 2477; x_wconf 77' lang='lat' dir='ltr'>quae</span> <span class='ocrx_word' id='word_1_390' title='bbox 4576 2393 4647 2455; x_wconf 81' lang='lat' dir='ltr'>in-</span> 
     </span>
     <span class='ocr_line' id='line_1_59' title="bbox 2732 2477 4643 2559; baseline 0.001 -18"><span class='ocrx_word' id='word_1_391' title='bbox 2732 2485 2976 2541; x_wconf 87' lang='lat' dir='ltr'>teresse</span> <span class='ocrx_word' id='word_1_392' title='bbox 3011 2484 3174 2559; x_wconf 89' lang='lat' dir='ltr'>puto</span> <span class='ocrx_word' id='word_1_393' title='bbox 3211 2485 3286 2541; x_wconf 87' lang='lat' dir='ltr'>ut</span> <span class='ocrx_word' id='word_1_394' title='bbox 3319 2489 3687 2544; x_wconf 79' lang='lat' dir='ltr'>serventur.</span> <span class='ocrx_word' id='word_1_395' title='bbox 3749 2477 3938 2544; x_wconf 91' lang='lat' dir='ltr'>Idem</span> <span class='ocrx_word' id='word_1_396' title='bbox 3973 2478 4175 2544; x_wconf 83' lang='lat' dir='ltr'>velim</span> <span class='ocrx_word' id='word_1_397' title='bbox 4213 2477 4297 2545; x_wconf 90' lang='lat' dir='ltr'>de</span> <span class='ocrx_word' id='word_1_398' title='bbox 4334 2479 4501 2544; x_wconf 88' lang='lat' dir='ltr'>meis</span> <span class='ocrx_word' id='word_1_399' title='bbox 4530 2477 4643 2543; x_wconf 67' lang='lat' dir='ltr'>fleri</span> 
     </span>
     <span class='ocr_line' id='line_1_60' title="bbox 2730 2559 4647 2648; baseline 0.001 -23"><span class='ocrx_word' id='word_1_400' title='bbox 2730 2559 2926 2641; x_wconf 79' lang='lat' dir='ltr'>Quod</span> <span class='ocrx_word' id='word_1_401' title='bbox 2970 2561 3054 2626; x_wconf 90' lang='lat' dir='ltr'>ad</span> <span class='ocrx_word' id='word_1_402' title='bbox 3096 2560 3215 2627; x_wconf 89' lang='lat' dir='ltr'>illa</span> <span class='ocrx_word' id='word_1_403' title='bbox 3258 2562 3499 2628; x_wconf 82' lang='lat' dir='ltr'>attinet</span> <span class='ocrx_word' id='word_1_404' title='bbox 3541 2583 3708 2648; x_wconf 90' lang='lat' dir='ltr'>quae</span> <span class='ocrx_word' id='word_1_405' title='bbox 3752 2564 3836 2630; x_wconf 90' lang='lat' dir='ltr'>D.</span> <span class='ocrx_word' id='word_1_406' title='bbox 3891 2562 4196 2631; x_wconf 71' lang='lat' dir='ltr'>Calvinus</span> <span class='ocrx_word' id='word_1_407' title='bbox 4240 2563 4534 2648; x_wconf 82' lang='lat' dir='ltr'>reliquit,</span> <span class='ocrx_word' id='word_1_408' title='bbox 4570 2573 4647 2626; x_wconf 71' lang='lat' dir='ltr'>tu</span> 
     </span>
     <span class='ocr_line' id='line_1_61' title="bbox 2727 2647 4645 2733; baseline 0.001 -22"><span class='ocrx_word' id='word_1_409' title='bbox 2727 2647 2941 2711; x_wconf 90' lang='lat' dir='ltr'>multa</span> <span class='ocrx_word' id='word_1_410' title='bbox 2983 2647 3270 2731; x_wconf 89' lang='lat' dir='ltr'>reperio,</span> <span class='ocrx_word' id='word_1_411' title='bbox 3331 2668 3499 2733; x_wconf 90' lang='lat' dir='ltr'>quae</span> <span class='ocrx_word' id='word_1_412' title='bbox 3541 2649 3601 2715; x_wconf 90' lang='lat' dir='ltr'>si</span> <span class='ocrx_word' id='word_1_413' title='bbox 3645 2650 3831 2716; x_wconf 82' lang='lat' dir='ltr'>voles</span> <span class='ocrx_word' id='word_1_414' title='bbox 3884 2649 4111 2715; x_wconf 85' lang='lat' dir='ltr'>omnia</span> <span class='ocrx_word' id='word_1_415' title='bbox 4164 2649 4247 2716; x_wconf 88' lang='lat' dir='ltr'>ad</span> <span class='ocrx_word' id='word_1_416' title='bbox 4309 2657 4374 2715; x_wconf 91' lang='lat' dir='ltr'>te</span> <span class='ocrx_word' id='word_1_417' title='bbox 4424 2650 4645 2715; x_wconf 68' lang='lat' dir='ltr'>mittan</span> 
     </span>
     <span class='ocr_line' id='line_1_62' title="bbox 2729 2733 4647 2821; baseline 0 -24"><span class='ocrx_word' id='word_1_418' title='bbox 2729 2751 2807 2798; x_wconf 88' lang='lat' dir='ltr'>ea</span> <span class='ocrx_word' id='word_1_419' title='bbox 2849 2733 2996 2817; x_wconf 83' lang='lat' dir='ltr'>lege</span> <span class='ocrx_word' id='word_1_420' title='bbox 3040 2741 3116 2798; x_wconf 87' lang='lat' dir='ltr'>ut</span> <span class='ocrx_word' id='word_1_421' title='bbox 3155 2734 3453 2800; x_wconf 85' lang='lat' dir='ltr'>remittas</span> <span class='ocrx_word' id='word_1_422' title='bbox 3490 2754 3656 2817; x_wconf 91' lang='lat' dir='ltr'>quae</span> <span class='ocrx_word' id='word_1_423' title='bbox 3695 2735 3922 2821; x_wconf 80' lang='lat' dir='ltr'>magni</span> <span class='ocrx_word' id='word_1_424' title='bbox 3968 2737 4243 2803; x_wconf 86' lang='lat' dir='ltr'>interest</span> <span class='ocrx_word' id='word_1_425' title='bbox 4276 2735 4647 2802; x_wconf 64' lang='lat' dir='ltr'>ecclesiam</span> 
     </span>
     <span class='ocr_line' id='line_1_63' title="bbox 2729 2817 4645 2898; baseline 0.002 -16"><span class='ocrx_word' id='word_1_426' title='bbox 2729 2817 3046 2898; x_wconf 88' lang='lat' dir='ltr'>edantur,</span> <span class='ocrx_word' id='word_1_427' title='bbox 3106 2831 3182 2884; x_wconf 90' lang='lat' dir='ltr'>ut</span> <span class='ocrx_word' id='word_1_428' title='bbox 3226 2819 3307 2885; x_wconf 93' lang='lat' dir='ltr'>de</span> <span class='ocrx_word' id='word_1_429' title='bbox 3347 2829 3578 2887; x_wconf 90' lang='lat' dir='ltr'>mutuo</span> <span class='ocrx_word' id='word_1_430' title='bbox 3636 2831 4013 2888; x_wconf 87' lang='lat' dir='ltr'>nostrarum</span> <span class='ocrx_word' id='word_1_431' title='bbox 4068 2822 4500 2888; x_wconf 82' lang='lat' dir='ltr'>ecclesiarum</span> <span class='ocrx_word' id='word_1_432' title='bbox 4536 2839 4645 2886; x_wconf 75' lang='lat' dir='ltr'>eou-</span> 
     </span>
     <span class='ocr_line' id='line_1_64' title="bbox 2727 2904 4643 2992; baseline 0.001 -23"><span class='ocrx_word' id='word_1_433' title='bbox 2727 2924 2929 2969; x_wconf 89' lang='lat' dir='ltr'>sensu</span> <span class='ocrx_word' id='word_1_434' title='bbox 2997 2905 3196 2970; x_wconf 87' lang='lat' dir='ltr'>etiam</span> <span class='ocrx_word' id='word_1_435' title='bbox 3265 2905 3371 2971; x_wconf 88' lang='lat' dir='ltr'>his</span> <span class='ocrx_word' id='word_1_436' title='bbox 3433 2904 3872 2974; x_wconf 83' lang='lat' dir='ltr'>familiaribus</span> <span class='ocrx_word' id='word_1_437' title='bbox 3951 2907 4351 2973; x_wconf 89' lang='lat' dir='ltr'>testimoniis</span> <span class='ocrx_word' id='word_1_438' title='bbox 4416 2907 4643 2992; x_wconf 65' lang='lat' dir='ltr'>postu-h</span> 
     </span>
     <span class='ocr_line' id='line_1_65' title="bbox 2727 2989 4645 3060; baseline 0.001 -4"><span class='ocrx_word' id='word_1_439' title='bbox 2727 2997 3000 3056; x_wconf 87' lang='lat' dir='ltr'>constet.</span> <span class='ocrx_word' id='word_1_440' title='bbox 3091 2989 3219 3056; x_wconf 81' lang='lat' dir='ltr'>Sin</span> <span class='ocrx_word' id='word_1_441' title='bbox 3272 2991 3487 3058; x_wconf 84' lang='lat' dir='ltr'>mavis</span> <span class='ocrx_word' id='word_1_442' title='bbox 3543 3012 3692 3058; x_wconf 89' lang='lat' dir='ltr'>meo</span> <span class='ocrx_word' id='word_1_443' title='bbox 3750 2994 3821 3059; x_wconf 93' lang='lat' dir='ltr'>in</span> <span class='ocrx_word' id='word_1_444' title='bbox 3880 2993 4008 3060; x_wconf 87' lang='lat' dir='ltr'>hac</span> <span class='ocrx_word' id='word_1_445' title='bbox 4063 3014 4136 3058; x_wconf 91' lang='lat' dir='ltr'>re</span> <span class='ocrx_word' id='word_1_446' title='bbox 4202 2992 4447 3059; x_wconf 86' lang='lat' dir='ltr'>iudicio</span> <span class='ocrx_word' id='word_1_447' title='bbox 4502 3001 4645 3058; x_wconf 71' lang='lat' dir='ltr'>stne.</span> 
     </span>
     <span class='ocr_line' id='line_1_66' title="bbox 2729 3075 4645 3161; baseline 0.001 -20"><span class='ocrx_word' id='word_1_448' title='bbox 2729 3075 2896 3142; x_wconf 89' lang='lat' dir='ltr'>dabo</span> <span class='ocrx_word' id='word_1_449' title='bbox 2943 3096 3213 3161; x_wconf 87' lang='lat' dir='ltr'>operam</span> <span class='ocrx_word' id='word_1_450' title='bbox 3256 3078 3526 3146; x_wconf 80' lang='lat' dir='ltr'>favente</span> <span class='ocrx_word' id='word_1_451' title='bbox 3561 3079 3706 3146; x_wconf 88' lang='lat' dir='ltr'>Deo</span> <span class='ocrx_word' id='word_1_452' title='bbox 3752 3090 3894 3146; x_wconf 88' lang='lat' dir='ltr'>tum</span> <span class='ocrx_word' id='word_1_453' title='bbox 3938 3082 4008 3145; x_wconf 92' lang='lat' dir='ltr'>in</span> <span class='ocrx_word' id='word_1_454' title='bbox 4050 3081 4203 3156; x_wconf 87' lang='lat' dir='ltr'>tuis,</span> <span class='ocrx_word' id='word_1_455' title='bbox 4248 3088 4393 3145; x_wconf 86' lang='lat' dir='ltr'>tum</span> <span class='ocrx_word' id='word_1_456' title='bbox 4430 3081 4503 3145; x_wconf 89' lang='lat' dir='ltr'>in</span> <span class='ocrx_word' id='word_1_457' title='bbox 4532 3078 4645 3142; x_wconf 67' lang='lat'>25·-</span> 
     </span>
     <span class='ocr_line' id='line_1_67' title="bbox 2728 3162 4645 3250; baseline 0.003 -24"><span class='ocrx_word' id='word_1_458' title='bbox 2728 3182 2878 3227; x_wconf 91' lang='lat' dir='ltr'>rum</span> <span class='ocrx_word' id='word_1_459' title='bbox 2935 3162 3297 3230; x_wconf 89' lang='lat' dir='ltr'>multorum</span> <span class='ocrx_word' id='word_1_460' title='bbox 3360 3163 3576 3231; x_wconf 84' lang='lat' dir='ltr'>literis</span> <span class='ocrx_word' id='word_1_461' title='bbox 3632 3186 3719 3230; x_wconf 91' lang='lat' dir='ltr'>ne</span> <span class='ocrx_word' id='word_1_462' title='bbox 3776 3166 3887 3233; x_wconf 81' lang='lat' dir='ltr'>vel</span> <span class='ocrx_word' id='word_1_463' title='bbox 3952 3165 4215 3250; x_wconf 76' lang='lat' dir='ltr'>syllaba</span> <span class='ocrx_word' id='word_1_464' title='bbox 4278 3176 4479 3231; x_wconf 75' lang='lat' dir='ltr'>exeat</span> <span class='ocrx_word' id='word_1_465' title='bbox 4523 3182 4645 3248; x_wconf 70' lang='lat' dir='ltr'>quo</span> 
     </span>
     <span class='ocr_line' id='line_1_68' title="bbox 2728 3248 4095 3335; baseline 0.001 -22"><span class='ocrx_word' id='word_1_466' title='bbox 2728 3248 3035 3331; x_wconf 85' lang='lat' dir='ltr'>cuiquam</span> <span class='ocrx_word' id='word_1_467' title='bbox 3076 3249 3298 3316; x_wconf 87' lang='lat' dir='ltr'>fraudi</span> <span class='ocrx_word' id='word_1_468' title='bbox 3340 3271 3484 3317; x_wconf 86' lang='lat' dir='ltr'>esse</span> <span class='ocrx_word' id='word_1_469' title='bbox 3527 3252 3751 3335; x_wconf 76' lang='lat' dir='ltr'>possit.</span> <span class='ocrx_word' id='word_1_470' title='bbox 3785 3255 3835 3331; x_wconf 82' lang='grc' dir='ltr'>Ι)</span> <span class='ocrx_word' id='word_1_471' title='bbox 3878 3288 3965 3299; x_wconf 89' lang='grc'>-</span> <span class='ocrx_word' id='word_1_472' title='bbox 4010 3285 4095 3297; x_wconf 92' lang='lat'><em>—</em></span> 
     </span>
     <span class='ocr_line' id='line_1_69' title="bbox 2903 3334 3951 3403; baseline 0.002 -3"><span class='ocrx_word' id='word_1_473' title='bbox 2903 3334 3216 3403; x_wconf 78' lang='lat' dir='ltr'>Genevae</span> <span class='ocrx_word' id='word_1_474' title='bbox 3261 3340 3364 3402; x_wconf 81' lang='lat'>23.</span> <span class='ocrx_word' id='word_1_475' title='bbox 3411 3335 3718 3403; x_wconf 85' lang='lat' dir='ltr'>Octobris</span> <span class='ocrx_word' id='word_1_476' title='bbox 3770 3342 3951 3403; x_wconf 78' lang='lat'><strong>1565.</strong></span> 
     </span>
    </p>
   </div>
   <div class='ocr_carea' id='block_1_15' title="bbox 2727 3507 3140 3518">
    <p class='ocr_par' dir='ltr' id='par_1_16' title="bbox 2727 3507 3140 3518">
     <span class='ocr_line' id='line_1_70' title="bbox 2727 3507 3140 3518; baseline 0 2607"><span class='ocrx_word' id='word_1_477' title='bbox 2727 3507 3140 3518; x_wconf 95' lang='lat' dir='ltr'> </span> 
     </span>
    </p>
   </div>
   <div class='ocr_carea' id='block_1_16' title="bbox 2722 3626 4641 4369">
    <p class='ocr_par' dir='ltr' id='par_1_17' title="bbox 2722 3626 4641 4369">
     <span class='ocr_line' id='line_1_71' title="bbox 2728 3626 4641 3697; baseline -0.002 -18"><span class='ocrx_word' id='word_1_478' title='bbox 2728 3627 2809 3679; x_wconf 89' lang='lat' dir='ltr'>les</span> <span class='ocrx_word' id='word_1_479' title='bbox 2843 3631 3017 3679; x_wconf 86' lang='lat' dir='ltr'>mette</span> <span class='ocrx_word' id='word_1_480' title='bbox 3053 3643 3127 3679; x_wconf 89' lang='lat' dir='ltr'>un</span> <span class='ocrx_word' id='word_1_481' title='bbox 3172 3626 3297 3680; x_wconf 89' lang='lat' dir='ltr'>iour</span> <span class='ocrx_word' id='word_1_482' title='bbox 3332 3643 3402 3679; x_wconf 92' lang='lat' dir='ltr'>en</span> <span class='ocrx_word' id='word_1_483' title='bbox 3438 3627 3693 3696; x_wconf 86' lang='lat' dir='ltr'>lumiere)</span> <span class='ocrx_word' id='word_1_484' title='bbox 3735 3643 3805 3681; x_wconf 77' lang='lat' dir='ltr'>on</span> <span class='ocrx_word' id='word_1_485' title='bbox 3852 3644 4027 3697; x_wconf 77' lang='lat' dir='ltr'>pom-a</span> <span class='ocrx_word' id='word_1_486' title='bbox 4072 3643 4299 3681; x_wconf 81' lang='lat' dir='ltr'>cneores</span> <span class='ocrx_word' id='word_1_487' title='bbox 4344 3629 4517 3680; x_wconf 75' lang='lat' dir='ltr'>mieu</span> <span class='ocrx_word' id='word_1_488' title='bbox 4556 3639 4641 3675; x_wconf 69' lang='lat' dir='ltr'>m</span> 
     </span>
     <span class='ocr_line' id='line_1_72' title="bbox 2729 3692 4641 3771; baseline -0.001 -24"><span class='ocrx_word' id='word_1_489' title='bbox 2729 3696 2857 3764; x_wconf 85' lang='lat' dir='ltr'>quel</span> <span class='ocrx_word' id='word_1_490' title='bbox 2894 3695 3063 3749; x_wconf 81' lang='lat' dir='ltr'>estoit</span> <span class='ocrx_word' id='word_1_491' title='bbox 3095 3694 3323 3764; x_wconf 87' lang='lat' dir='ltr'>l&#39;esprit,</span> <span class='ocrx_word' id='word_1_492' title='bbox 3359 3696 3653 3765; x_wconf 59' lang='lat' dir='ltr'>dexterius,</span> <span class='ocrx_word' id='word_1_493' title='bbox 3688 3696 3967 3767; x_wconf 80' lang='lat' dir='ltr'>ingement</span> <span class='ocrx_word' id='word_1_494' title='bbox 4000 3696 4265 3766; x_wconf 77' lang='lat' dir='ltr'>singulier</span> <span class='ocrx_word' id='word_1_495' title='bbox 4298 3702 4359 3749; x_wconf 86' lang='lat' dir='ltr'>et</span> <span class='ocrx_word' id='word_1_496' title='bbox 4390 3692 4641 3771; x_wconf 32' lang='lat' dir='ltr'>grus-‘i-</span> 
     </span>
     <span class='ocr_line' id='line_1_73' title="bbox 2729 3762 4641 3833; baseline -0.002 -16"><span class='ocrx_word' id='word_1_497' title='bbox 2729 3764 2884 3817; x_wconf 85' lang='lat' dir='ltr'>vines</span> <span class='ocrx_word' id='word_1_498' title='bbox 2917 3768 2978 3817; x_wconf 87' lang='lat' dir='ltr'>et</span> <span class='ocrx_word' id='word_1_499' title='bbox 3011 3762 3338 3818; x_wconf 79' lang='lat' dir='ltr'>admirables</span> <span class='ocrx_word' id='word_1_500' title='bbox 3362 3765 3455 3833; x_wconf 86' lang='lat' dir='ltr'>qui</span> <span class='ocrx_word' id='word_1_501' title='bbox 3492 3771 3594 3819; x_wconf 87' lang='lat' dir='ltr'>ont</span> <span class='ocrx_word' id='word_1_502' title='bbox 3615 3765 3733 3818; x_wconf 75' lang='lat' dir='ltr'>este</span> <span class='ocrx_word' id='word_1_503' title='bbox 3767 3781 3837 3819; x_wconf 90' lang='lat' dir='ltr'>en</span> <span class='ocrx_word' id='word_1_504' title='bbox 3872 3781 3937 3819; x_wconf 89' lang='lat' dir='ltr'>oe</span> <span class='ocrx_word' id='word_1_505' title='bbox 3956 3765 4121 3819; x_wconf 79' lang='lat' dir='ltr'>fidele</span> <span class='ocrx_word' id='word_1_506' title='bbox 4152 3766 4425 3820; x_wconf 73' lang='lat' dir='ltr'>nervium</span> <span class='ocrx_word' id='word_1_507' title='bbox 4450 3764 4511 3817; x_wconf 78' lang='lat' dir='ltr'>de</span> <span class='ocrx_word' id='word_1_508' title='bbox 4528 3762 4641 3815; x_wconf 59' lang='lat' dir='ltr'>Da</span> 
     </span>
     <span class='ocr_line' id='line_1_74' title="bbox 2726 3828 4639 3902; baseline 0.001 -16"><span class='ocrx_word' id='word_1_509' title='bbox 2726 3832 2911 3886; x_wconf 75' lang='lat'><strong>4129.</strong></span> <span class='ocrx_word' id='word_1_510' title='bbox 2938 3831 2997 3900; x_wconf 89' lang='lat'>1)</span> <span class='ocrx_word' id='word_1_511' title='bbox 3044 3831 3150 3886; x_wconf 71' lang='lat' dir='ltr'>Oui</span> <span class='ocrx_word' id='word_1_512' title='bbox 3191 3831 3550 3902; x_wconf 71' lang='lat' dir='ltr'>Bullinqerus</span> <span class='ocrx_word' id='word_1_513' title='bbox 3591 3833 3646 3888; x_wconf 74' lang='lat' dir='ltr'>d.</span> <span class='ocrx_word' id='word_1_514' title='bbox 3695 3833 3751 3887; x_wconf 76' lang='lat' dir='ltr'>d.</span> <span class='ocrx_word' id='word_1_515' title='bbox 3794 3832 3882 3888; x_wconf 78' lang='lat'>28.</span> <span class='ocrx_word' id='word_1_516' title='bbox 3916 3832 4052 3888; x_wconf 69' lang='lat' dir='ltr'>Now.</span> <span class='ocrx_word' id='word_1_517' title='bbox 4100 3833 4268 3899; x_wconf 73' lang='lat' dir='ltr'>(God-</span> <span class='ocrx_word' id='word_1_518' title='bbox 4321 3832 4507 3888; x_wconf 69' lang='lat' dir='ltr'>Gan.</span> <span class='ocrx_word' id='word_1_519' title='bbox 4554 3828 4639 3882; x_wconf 60' lang='lat'>12</span> 
     </span>
     <span class='ocr_line' id='line_1_75' title="bbox 2722 3899 4641 3972; baseline -0.003 -16"><span class='ocrx_word' id='word_1_520' title='bbox 2722 3900 2821 3968; x_wconf 74' lang='lat' dir='ltr'>sol.</span> <span class='ocrx_word' id='word_1_521' title='bbox 2858 3899 2980 3969; x_wconf 82' lang='lat'><strong>50).·</strong></span> <span class='ocrx_word' id='word_1_522' title='bbox 3023 3900 3108 3955; x_wconf 89' lang='lat' dir='ltr'>De</span> <span class='ocrx_word' id='word_1_523' title='bbox 3142 3901 3319 3955; x_wconf 84' lang='lat' dir='ltr'>literis</span> <span class='ocrx_word' id='word_1_524' title='bbox 3353 3904 3492 3955; x_wconf 84' lang='lat' dir='ltr'>meis</span> <span class='ocrx_word' id='word_1_525' title='bbox 3526 3903 3748 3972; x_wconf 83' lang='lat' dir='ltr'>scriptis</span> <span class='ocrx_word' id='word_1_526' title='bbox 3781 3903 3852 3956; x_wconf 79' lang='lat' dir='ltr'>ad</span> <span class='ocrx_word' id='word_1_527' title='bbox 3898 3901 3963 3956; x_wconf 89' lang='lat' dir='ltr'>D.</span> <span class='ocrx_word' id='word_1_528' title='bbox 4003 3902 4288 3956; x_wconf 74' lang='lat' dir='ltr'>Calvinum</span> <span class='ocrx_word' id='word_1_529' title='bbox 4334 3908 4561 3956; x_wconf 70' lang='lat' dir='ltr'>noenu</span> <span class='ocrx_word' id='word_1_530' title='bbox 4586 3908 4641 3951; x_wconf 61' lang='lat' dir='ltr'>a</span> 
     </span>
     <span class='ocr_line' id='line_1_76' title="bbox 2724 3970 4637 4051; baseline -0.001 -28"><span class='ocrx_word' id='word_1_531' title='bbox 2724 3971 2932 4024; x_wconf 83' lang='lat' dir='ltr'>indico:</span> <span class='ocrx_word' id='word_1_532' title='bbox 2970 3970 3269 4023; x_wconf 77' lang='lat' dir='ltr'>mittendas</span> <span class='ocrx_word' id='word_1_533' title='bbox 3303 3987 3424 4024; x_wconf 85' lang='lat' dir='ltr'>esse</span> <span class='ocrx_word' id='word_1_534' title='bbox 3458 3971 3580 4025; x_wconf 79' lang='lat' dir='ltr'>illas</span> <span class='ocrx_word' id='word_1_535' title='bbox 3628 3971 3697 4025; x_wconf 80' lang='lat' dir='ltr'>ad</span> <span class='ocrx_word' id='word_1_536' title='bbox 3731 3986 3822 4027; x_wconf 88' lang='lat' dir='ltr'>me</span> <span class='ocrx_word' id='word_1_537' title='bbox 3863 3986 4069 4025; x_wconf 84' lang='lat' dir='ltr'>omnes.</span> <span class='ocrx_word' id='word_1_538' title='bbox 4154 3970 4391 4041; x_wconf 75' lang='lat' dir='ltr'>Seligm</span> <span class='ocrx_word' id='word_1_539' title='bbox 4426 3985 4543 4051; x_wconf 67' lang='lat' dir='ltr'>qu-</span> <span class='ocrx_word' id='word_1_540' title='bbox 4570 3982 4637 4035; x_wconf 69' lang='grc' dir='ltr'>μ-</span> 
     </span>
     <span class='ocr_line' id='line_1_77' title="bbox 2726 4038 4635 4110; baseline 0.002 -17"><span class='ocrx_word' id='word_1_541' title='bbox 2726 4045 2920 4093; x_wconf 81' lang='lat' dir='ltr'>tavero</span> <span class='ocrx_word' id='word_1_542' title='bbox 2953 4038 3209 4095; x_wconf 86' lang='lat' dir='ltr'>edendas.</span> <span class='ocrx_word' id='word_1_543' title='bbox 3261 4039 3320 4095; x_wconf 87' lang='lat' dir='ltr'>Si</span> <span class='ocrx_word' id='word_1_544' title='bbox 3357 4056 3489 4094; x_wconf 84' lang='lat' dir='ltr'>vero</span> <span class='ocrx_word' id='word_1_545' title='bbox 3523 4041 3605 4093; x_wconf 83' lang='lat' dir='ltr'>ita</span> <span class='ocrx_word' id='word_1_546' title='bbox 3639 4040 3909 4110; x_wconf 73' lang='lat' dir='ltr'>placuerit</span> <span class='ocrx_word' id='word_1_547' title='bbox 3943 4056 4136 4095; x_wconf 81' lang='lat' dir='ltr'>omnes</span> <span class='ocrx_word' id='word_1_548' title='bbox 4169 4057 4281 4094; x_wconf 73' lang='lat' dir='ltr'>nna</span> <span class='ocrx_word' id='word_1_549' title='bbox 4312 4048 4577 4097; x_wconf 61' lang='lat' dir='ltr'>renum.</span> <span class='ocrx_word' id='word_1_550' title='bbox 4602 4050 4635 4084; x_wconf 76' lang='lat'><strong>¹</strong></span> 
     </span>
     <span class='ocr_line' id='line_1_78' title="bbox 2727 4104 4637 4233; baseline 0 -2"><span class='ocrx_word' id='word_1_551' title='bbox 2727 4107 3135 4231; x_wconf 52' lang='lat' dir='ltr'>fiaeess‘ffi&#39;:</span> <span class='ocrx_word' id='word_1_552' title='bbox 3156 4108 3889 4232; x_wconf 51' lang='grc' dir='ltr'>ἵζ’..ἃΨεξὶἴὲἕέᾝὮι</span> <span class='ocrx_word' id='word_1_553' title='bbox 3921 4110 3989 4231; x_wconf 69' lang='lat'>1¹5²</span> <span class='ocrx_word' id='word_1_554' title='bbox 4025 4108 4349 4233; x_wconf 45' lang='lat' dir='ltr'>Effe-...⁸⁶⁵⁸</span> <span class='ocrx_word' id='word_1_555' title='bbox 4356 4104 4637 4231; x_wconf 44' lang='lat' dir='ltr'>uma-‘⁵¹&#39;</span> 
     </span>
     <span class='ocr_line' id='line_1_79' title="bbox 2726 4217 4631 4369; baseline 0 -70"><span class='ocrx_word' id='word_1_556' title='bbox 2726 4246 2984 4369; x_wconf 40' lang='lat' dir='ltr'>&amp;gumi</span> <span class='ocrx_word' id='word_1_557' title='bbox 3017 4244 3194 4299; x_wconf 67' lang='lat' dir='ltr'>nostri</span> <span class='ocrx_word' id='word_1_558' title='bbox 3228 4245 3417 4311; x_wconf 76' lang='lat' dir='ltr'>mium,</span> <span class='ocrx_word' id='word_1_559' title='bbox 3437 4247 3782 4313; x_wconf 70' lang='lat' dir='ltr'>Vitudurum,</span> <span class='ocrx_word' id='word_1_560' title='bbox 3818 4217 4110 4317; x_wconf 62' lang='lat' dir='ltr'>pontique</span> <span class='ocrx_word' id='word_1_561' title='bbox 4129 4246 4345 4301; x_wconf 67' lang='lat' dir='ltr'>onum·</span> <span class='ocrx_word' id='word_1_562' title='bbox 4327 4247 4343 4259; x_wconf 90' lang='lat'><strong>·</strong></span> <span class='ocrx_word' id='word_1_563' title='bbox 4378 4246 4447 4299; x_wconf 65' lang='grc' dir='ltr'>αι</span> <span class='ocrx_word' id='word_1_564' title='bbox 4473 4250 4631 4314; x_wconf 67' lang='grc' dir='ltr'>μ-</span> 
     </span>
     <span class='ocr_line' id='line_1_80' title="bbox 2828 4332 2935 4369; baseline -0.037 0"><span class='ocrx_word' id='word_1_565' title='bbox 2828 4332 2935 4369; x_wconf 76' lang='lat' dir='ltr'>ras.</span> 
     </span>
    </p>
   </div>
   <div class='ocr_carea' id='block_1_17' title="bbox 2215 4796 3039 4810">
    <p class='ocr_par' dir='ltr' id='par_1_18' title="bbox 2215 4796 3039 4810">
     <span class='ocr_line' id='line_1_81' title="bbox 2215 4796 3039 4810; baseline 0 0"><span class='ocrx_word' id='word_1_566' title='bbox 2215 4796 3039 4810; x_wconf 95' lang='lat' dir='ltr'> </span> 
     </span>
    </p>
   </div>
   <div class='ocr_carea' id='block_1_18' title="bbox 140 5788 864 6098">
    <p class='ocr_par' dir='ltr' id='par_1_19' title="bbox 140 5788 864 6098">
     <span class='ocr_line' id='line_1_82' title="bbox 140 5788 864 6098; baseline 0 27"><span class='ocrx_word' id='word_1_567' title='bbox 140 5788 864 6098; x_wconf 95' lang='lat' dir='ltr'> </span> 
     </span>
    </p>
   </div>
   <div class='ocr_carea' id='block_1_19' title="bbox 4082 5940 4768 6098">
    <p class='ocr_par' dir='ltr' id='par_1_20' title="bbox 4082 5940 4768 6098">
     <span class='ocr_line' id='line_1_83' title="bbox 4082 5940 4768 6098; baseline 0 27"><span class='ocrx_word' id='word_1_568' title='bbox 4082 5940 4768 6098; x_wconf 95' lang='lat' dir='ltr'> </span> 
     </span>
    </p>
   </div>
   <div class='ocr_carea' id='block_1_20' title="bbox 4752 5 4775 4900">
    <p class='ocr_par' dir='ltr' id='par_1_21' title="bbox 4752 5 4775 4900">
     <span class='ocr_line' id='line_1_84' title="bbox 4752 5 4775 4900; baseline 0 0"><span class='ocrx_word' id='word_1_569' title='bbox 4752 5 4775 4900; x_wconf 95' lang='lat' dir='ltr'> </span> 
     </span>
    </p>
   </div>
   <div class='ocr_carea' id='block_1_21' title="bbox 4751 5 4781 6008">
    <p class='ocr_par' dir='ltr' id='par_1_22' title="bbox 4751 5 4781 6008">
     <span class='ocr_line' id='line_1_85' title="bbox 4751 5 4781 6008; baseline 0 0"><span class='ocrx_word' id='word_1_570' title='bbox 4751 5 4781 6008; x_wconf 95' lang='lat' dir='ltr'> </span> 
     </span>
    </p>
   </div>
  </div>
 </body>
</html>
