<?xml version="1.0" encoding="UTF-8"?>
<!DOCTYPE html PUBLIC "-//W3C//DTD XHTML 1.0 Transitional//EN"
    "http://www.w3.org/TR/xhtml1/DTD/xhtml1-transitional.dtd">
<html xmlns="http://www.w3.org/1999/xhtml" xml:lang="en" lang="en">
 <head>
  <title>
</title>
<meta http-equiv="Content-Type" content="text/html;charset=utf-8" />
  <meta name='ocr-system' content='tesseract 3.04.00' />
  <meta name='ocr-capabilities' content='ocr_page ocr_carea ocr_par ocr_line ocrx_word'/>
</head>
<body>
  <div class='ocr_page' id='page_1' title='image "./ioanniscalvinio12unkngoog/ioanniscalvinio12unkngoog_0554.png"; bbox 0 0 4900 6125; ppageno 0'>
   <div class='ocr_carea' id='block_1_1' title="bbox 615 442 2579 700">
    <p class='ocr_par' dir='ltr' id='par_1_1' title="bbox 615 442 2579 700">
     <span class='ocr_line' id='line_1_1' title="bbox 617 442 740 507; baseline 0 -1"><span class='ocrx_word' id='word_1_1' title='bbox 617 442 740 507; x_wconf 81' lang='lat'><strong>291</strong></span> 
     </span>
     <span class='ocr_line' id='line_1_2' title="bbox 615 627 2579 700; baseline 0.001 -17"><span class='ocrx_word' id='word_1_2' title='bbox 615 628 1006 700; x_wconf 55' lang='grc' dir='ltr'><strong>(Δώσω-66116</strong></span> <span class='ocrx_word' id='word_1_3' title='bbox 1041 628 1111 683; x_wconf 86' lang='grc'><strong>(16</strong></span> <span class='ocrx_word' id='word_1_4' title='bbox 1147 629 1201 683; x_wconf 78' lang='lat' dir='ltr'><strong>la</strong></span> <span class='ocrx_word' id='word_1_5' title='bbox 1235 627 1612 700; x_wconf 78' lang='lat' dir='ltr'><strong>bibliotheque</strong></span> <span class='ocrx_word' id='word_1_6' title='bbox 1630 630 1699 684; x_wconf 80' lang='lat' dir='ltr'><strong>de</strong></span> <span class='ocrx_word' id='word_1_7' title='bbox 1734 629 1956 684; x_wconf 70' lang='lat' dir='ltr'><strong>Geneve</strong></span> <span class='ocrx_word' id='word_1_8' title='bbox 1995 630 2123 686; x_wconf 82' lang='lat' dir='ltr'><strong>Vol.</strong></span> <span class='ocrx_word' id='word_1_9' title='bbox 2151 629 2266 698; x_wconf 82' lang='lat' dir='ltr'><strong>loe,</strong></span> <span class='ocrx_word' id='word_1_10' title='bbox 2303 630 2396 685; x_wconf 72' lang='lat' dir='ltr'><strong>fol.</strong></span> <span class='ocrx_word' id='word_1_11' title='bbox 2433 628 2579 698; x_wconf 81' lang='lat'>188.)</span> 
     </span>
    </p>
   </div>
   <div class='ocr_carea' id='block_1_2' title="bbox 961 801 2215 887">
    <p class='ocr_par' dir='ltr' id='par_1_2' title="bbox 961 801 2215 887">
     <span class='ocr_line' id='line_1_3' title="bbox 961 801 2215 887; baseline 0.002 -21"><span class='ocrx_word' id='word_1_12' title='bbox 961 802 1025 867; x_wconf 84' lang='lat' dir='ltr'>A</span> <span class='ocrx_word' id='word_1_13' title='bbox 1071 801 1411 867; x_wconf 82' lang='lat' dir='ltr'><strong>Monsieur</strong></span> <span class='ocrx_word' id='word_1_14' title='bbox 1453 802 1798 869; x_wconf 77' lang='lat' dir='ltr'><strong>Monsieur</strong></span> <span class='ocrx_word' id='word_1_15' title='bbox 1840 801 2215 887; x_wconf 76' lang='lat' dir='ltr'><strong>despeville.</strong></span> 
     </span>
    </p>
   </div>
   <div class='ocr_carea' id='block_1_3' title="bbox 599 971 2582 5177">
    <p class='ocr_par' dir='ltr' id='par_1_3' title="bbox 609 971 2582 1230">
     <span class='ocr_line' id='line_1_4' title="bbox 785 971 2576 1058; baseline 0.002 -20"><span class='ocrx_word' id='word_1_16' title='bbox 785 971 1129 1038; x_wconf 72' lang='lat' dir='ltr'><strong>Monsieur</strong></span> <span class='ocrx_word' id='word_1_17' title='bbox 1176 975 1232 1038; x_wconf 84' lang='lat' dir='ltr'><strong>‘e</strong></span> <span class='ocrx_word' id='word_1_18' title='bbox 1276 995 1361 1039; x_wconf 91' lang='lat' dir='ltr'><strong>ne</strong></span> <span class='ocrx_word' id='word_1_19' title='bbox 1406 993 1573 1038; x_wconf 91' lang='lat' dir='ltr'><strong>vous</strong></span> <span class='ocrx_word' id='word_1_20' title='bbox 1610 975 1795 1058; x_wconf 82' lang='lat' dir='ltr'><strong>feray</strong></span> <span class='ocrx_word' id='word_1_21' title='bbox 1838 973 2077 1058; x_wconf 83' lang='lat' dir='ltr'><strong>longue</strong></span> <span class='ocrx_word' id='word_1_22' title='bbox 2120 972 2289 1040; x_wconf 85' lang='lat' dir='ltr'><strong>letre</strong></span> <span class='ocrx_word' id='word_1_23' title='bbox 2330 994 2576 1058; x_wconf 88' lang='lat' dir='ltr'><strong>pource</strong></span> 
     </span>
     <span class='ocr_line' id='line_1_5' title="bbox 609 1056 2582 1143; baseline 0.001 -20"><span class='ocrx_word' id='word_1_24' title='bbox 609 1077 741 1143; x_wconf 87' lang='lat' dir='ltr'><strong>que</strong></span> <span class='ocrx_word' id='word_1_25' title='bbox 787 1059 858 1142; x_wconf 87' lang='lat' dir='ltr'><strong>je</strong></span> <span class='ocrx_word' id='word_1_26' title='bbox 915 1077 1001 1124; x_wconf 94' lang='lat' dir='ltr'><strong>ne</strong></span> <span class='ocrx_word' id='word_1_27' title='bbox 1044 1056 1173 1124; x_wconf 91' lang='lat' dir='ltr'><strong>dou</strong></span> <span class='ocrx_word' id='word_1_28' title='bbox 1219 1067 1284 1123; x_wconf 85' lang='lat' dir='ltr'><strong>tc</strong></span> <span class='ocrx_word' id='word_1_29' title='bbox 1348 1059 1537 1143; x_wconf 86' lang='lat' dir='ltr'><strong>point</strong></span> <span class='ocrx_word' id='word_1_30' title='bbox 1578 1080 1704 1142; x_wconf 84' lang='lat' dir='ltr'><strong>que</strong></span> <span class='ocrx_word' id='word_1_31' title='bbox 1748 1079 1833 1124; x_wconf 92' lang='lat' dir='ltr'><strong>ne</strong></span> <span class='ocrx_word' id='word_1_32' title='bbox 1873 1059 2128 1125; x_wconf 79' lang='lat' dir='ltr'><strong>sachiez</strong></span> <span class='ocrx_word' id='word_1_33' title='bbox 2169 1060 2319 1126; x_wconf 89' lang='lat' dir='ltr'><strong>bien</strong></span> <span class='ocrx_word' id='word_1_34' title='bbox 2365 1068 2582 1125; x_wconf 87' lang='lat' dir='ltr'><strong>tontes</strong></span> 
     </span>
     <span class='ocr_line' id='line_1_6' title="bbox 611 1143 2579 1230; baseline 0 -19"><span class='ocrx_word' id='word_1_35' title='bbox 611 1165 740 1211; x_wconf 73' lang='lat' dir='ltr'><strong>non</strong></span> <span class='ocrx_word' id='word_1_36' title='bbox 804 1143 1065 1210; x_wconf 74' lang='lat' dir='ltr'><strong>affaires</strong></span> <span class='ocrx_word' id='word_1_37' title='bbox 1131 1143 1213 1210; x_wconf 91' lang='lat' dir='ltr'><strong>de</strong></span> <span class='ocrx_word' id='word_1_38' title='bbox 1277 1165 1399 1229; x_wconf 80' lang='lat' dir='ltr'><strong>per</strong></span> <span class='ocrx_word' id='word_1_39' title='bbox 1466 1144 1625 1211; x_wconf 85' lang='lat' dir='ltr'><strong>deca</strong></span> <span class='ocrx_word' id='word_1_40' title='bbox 1680 1144 1890 1229; x_wconf 84' lang='lat' dir='ltr'><strong>joinct</strong></span> <span class='ocrx_word' id='word_1_41' title='bbox 1944 1166 2071 1229; x_wconf 88' lang='grc'><strong>666</strong></span> <span class='ocrx_word' id='word_1_42' title='bbox 2103 1146 2238 1230; x_wconf 83' lang='lat' dir='ltr'><strong>j’ay</strong></span> <span class='ocrx_word' id='word_1_43' title='bbox 2283 1145 2579 1212; x_wconf 91' lang='lat' dir='ltr'><strong>entendu</strong></span> 
     </span>
    </p>

    <p class='ocr_par' dir='ltr' id='par_1_4' title="bbox 658 1228 2576 1314">
     <span class='ocr_line' id='line_1_7' title="bbox 658 1228 2576 1314; baseline -0.001 -19"><span class='ocrx_word' id='word_1_44' title='bbox 658 1249 741 1295; x_wconf 92' lang='lat' dir='ltr'><strong>ue</strong></span> <span class='ocrx_word' id='word_1_45' title='bbox 796 1229 923 1296; x_wconf 86' lang='lat' dir='ltr'><strong>Mr.</strong></span> <span class='ocrx_word' id='word_1_46' title='bbox 970 1228 1333 1314; x_wconf 76' lang='lat' dir='ltr'><strong>dEstemay</strong></span> <span class='ocrx_word' id='word_1_47' title='bbox 1390 1230 1589 1297; x_wconf 89' lang='lat' dir='ltr'><strong>escrit</strong></span> <span class='ocrx_word' id='word_1_48' title='bbox 1654 1239 1876 1296; x_wconf 84' lang='lat' dir='ltr'><strong>tontes</strong></span> <span class='ocrx_word' id='word_1_49' title='bbox 1940 1231 2281 1297; x_wconf 87' lang='lat' dir='ltr'><strong>nouvelles</strong></span> <span class='ocrx_word' id='word_1_50' title='bbox 2347 1252 2388 1296; x_wconf 86' lang='lat' dir='ltr'><strong>a</strong></span> <span class='ocrx_word' id='word_1_51' title='bbox 2447 1231 2576 1296; x_wconf 59' lang='grc' dir='ltr'><strong>ΜΓ.</strong></span> 
     </span>
    </p>

    <p class='ocr_par' dir='ltr' id='par_1_5' title="bbox 601 1251 2581 3528">
     <span class='ocr_line' id='line_1_8' title="bbox 607 1251 2581 1400; baseline -0.001 -18"><span class='ocrx_word' id='word_1_52' title='bbox 607 1251 687 1382; x_wconf 60' lang='lat' dir='ltr'><strong>de</strong></span> <span class='ocrx_word' id='word_1_53' title='bbox 741 1313 807 1379; x_wconf 80' lang='lat' dir='ltr'><strong>la</strong></span> <span class='ocrx_word' id='word_1_54' title='bbox 849 1314 1077 1381; x_wconf 73' lang='lat' dir='ltr'><strong>Fleche</strong></span> <span class='ocrx_word' id='word_1_55' title='bbox 1131 1315 1346 1399; x_wconf 88' lang='lat' dir='ltr'><strong>lequel</strong></span> <span class='ocrx_word' id='word_1_56' title='bbox 1392 1318 1464 1400; x_wconf 92' lang='lat' dir='ltr'><strong>je</strong></span> <span class='ocrx_word' id='word_1_57' title='bbox 1522 1336 1820 1381; x_wconf 86' lang='lat' dir='ltr'><strong>massure</strong></span> <span class='ocrx_word' id='word_1_58' title='bbox 1875 1316 2025 1383; x_wconf 87' lang='lat' dir='ltr'><strong>bien</strong></span> <span class='ocrx_word' id='word_1_59' title='bbox 2084 1338 2244 1383; x_wconf 88' lang='lat' dir='ltr'><strong>vous</strong></span> <span class='ocrx_word' id='word_1_60' title='bbox 2310 1337 2392 1382; x_wconf 94' lang='lat' dir='ltr'><strong>en</strong></span> <span class='ocrx_word' id='word_1_61' title='bbox 2441 1318 2581 1382; x_wconf 83' lang='lat' dir='ltr'><strong>fera</strong></span> 
     </span>
     <span class='ocr_line' id='line_1_9' title="bbox 607 1401 2577 1487; baseline 0.001 -20"><span class='ocrx_word' id='word_1_62' title='bbox 607 1411 778 1487; x_wconf 87' lang='lat' dir='ltr'><strong>part.</strong></span> <span class='ocrx_word' id='word_1_63' title='bbox 840 1401 935 1467; x_wconf 84' lang='lat' dir='ltr'><strong>Oe</strong></span> <span class='ocrx_word' id='word_1_64' title='bbox 979 1411 1254 1484; x_wconf 85' lang='lat' dir='ltr'><strong>porteur</strong></span> <span class='ocrx_word' id='word_1_65' title='bbox 1296 1413 1399 1467; x_wconf 87' lang='lat' dir='ltr'><strong>est</strong></span> <span class='ocrx_word' id='word_1_66' title='bbox 1441 1401 1675 1486; x_wconf 80' lang='lat' dir='ltr'><strong>depuis</strong></span> <span class='ocrx_word' id='word_1_67' title='bbox 1718 1422 1845 1485; x_wconf 90' lang='lat' dir='ltr'><strong>peu</strong></span> <span class='ocrx_word' id='word_1_68' title='bbox 1890 1402 1972 1467; x_wconf 90' lang='lat' dir='ltr'><strong>de</strong></span> <span class='ocrx_word' id='word_1_69' title='bbox 2015 1411 2234 1487; x_wconf 88' lang='lat' dir='ltr'><strong>temps</strong></span> <span class='ocrx_word' id='word_1_70' title='bbox 2277 1423 2459 1468; x_wconf 88' lang='lat' dir='ltr'><strong>venu</strong></span> <span class='ocrx_word' id='word_1_71' title='bbox 2495 1424 2577 1468; x_wconf 90' lang='lat' dir='ltr'><strong>en</strong></span> 
     </span>
     <span class='ocr_line' id='line_1_10' title="bbox 605 1486 2577 1573; baseline 0 -20"><span class='ocrx_word' id='word_1_72' title='bbox 605 1507 730 1554; x_wconf 88' lang='lat' dir='ltr'><strong>nos</strong></span> <span class='ocrx_word' id='word_1_73' title='bbox 773 1487 1063 1552; x_wconf 83' lang='lat' dir='ltr'><strong>maisons</strong></span> <span class='ocrx_word' id='word_1_74' title='bbox 1106 1486 1214 1573; x_wconf 81' lang='lat' dir='ltr'><strong>icy</strong></span> <span class='ocrx_word' id='word_1_75' title='bbox 1256 1509 1340 1553; x_wconf 91' lang='lat' dir='ltr'><strong>ou</strong></span> <span class='ocrx_word' id='word_1_76' title='bbox 1385 1486 1431 1552; x_wconf 91' lang='lat' dir='ltr'><strong>il</strong></span> <span class='ocrx_word' id='word_1_77' title='bbox 1498 1497 1599 1553; x_wconf 91' lang='lat' dir='ltr'><strong>est</strong></span> <span class='ocrx_word' id='word_1_78' title='bbox 1640 1507 1938 1572; x_wconf 82' lang='lat' dir='ltr'><strong>congneu</strong></span> <span class='ocrx_word' id='word_1_79' title='bbox 1985 1487 2066 1554; x_wconf 88' lang='lat' dir='ltr'><strong>de</strong></span> <span class='ocrx_word' id='word_1_80' title='bbox 2110 1488 2351 1573; x_wconf 81' lang='lat' dir='ltr'><strong>longue</strong></span> <span class='ocrx_word' id='word_1_81' title='bbox 2395 1489 2577 1553; x_wconf 91' lang='lat' dir='ltr'><strong>main</strong></span> 
     </span>
     <span class='ocr_line' id='line_1_11' title="bbox 605 1572 2581 1658; baseline 0.001 -20"><span class='ocrx_word' id='word_1_82' title='bbox 605 1592 779 1658; x_wconf 89' lang='lat' dir='ltr'><strong>pour</strong></span> <span class='ocrx_word' id='word_1_83' title='bbox 835 1572 1136 1638; x_wconf 68' lang='lat' dir='ltr'><strong>lestant*</strong></span> <span class='ocrx_word' id='word_1_84' title='bbox 1193 1576 1616 1657; x_wconf 78' lang='lat' dir='ltr'><strong>quautrefoys</strong></span> <span class='ocrx_word' id='word_1_85' title='bbox 1671 1573 1718 1637; x_wconf 91' lang='lat' dir='ltr'><strong>il</strong></span> <span class='ocrx_word' id='word_1_86' title='bbox 1777 1593 1817 1638; x_wconf 90' lang='lat' dir='ltr'><strong>a</strong></span> <span class='ocrx_word' id='word_1_87' title='bbox 1881 1573 2035 1638; x_wconf 81' lang='lat' dir='ltr'><strong>faict</strong></span> <span class='ocrx_word' id='word_1_88' title='bbox 2079 1587 2146 1638; x_wconf 86' lang='lat' dir='ltr'><strong>et</strong></span> <span class='ocrx_word' id='word_1_89' title='bbox 2189 1573 2400 1657; x_wconf 90' lang='lat' dir='ltr'><strong>lequel</strong></span> <span class='ocrx_word' id='word_1_90' title='bbox 2446 1574 2495 1639; x_wconf 91' lang='lat' dir='ltr'><strong>il</strong></span> <span class='ocrx_word' id='word_1_91' title='bbox 2541 1594 2581 1639; x_wconf 90' lang='lat' dir='ltr'><strong>a</strong></span> 
     </span>
     <span class='ocr_line' id='line_1_12' title="bbox 608 1657 2581 1744; baseline -0.001 -19"><span class='ocrx_word' id='word_1_92' title='bbox 608 1659 866 1743; x_wconf 77' lang='lat' dir='ltr'><strong>change</strong></span> <span class='ocrx_word' id='word_1_93' title='bbox 909 1671 1143 1741; x_wconf 87' lang='lat' dir='ltr'><strong>quatre</strong></span> <span class='ocrx_word' id='word_1_94' title='bbox 1188 1681 1308 1725; x_wconf 87' lang='lat' dir='ltr'><strong>ans</strong></span> <span class='ocrx_word' id='word_1_95' title='bbox 1436 1681 1503 1736; x_wconf 90' lang='lat' dir='ltr'><strong>a,</strong></span> <span class='ocrx_word' id='word_1_96' title='bbox 1570 1657 1722 1724; x_wconf 90' lang='lat' dir='ltr'><strong>dieu</strong></span> <span class='ocrx_word' id='word_1_97' title='bbox 1768 1659 2014 1725; x_wconf 88' lang='lat' dir='ltr'><strong>vueille</strong></span> <span class='ocrx_word' id='word_1_98' title='bbox 2057 1681 2185 1743; x_wconf 89' lang='lat' dir='ltr'><strong>que</strong></span> <span class='ocrx_word' id='word_1_99' title='bbox 2229 1681 2303 1725; x_wconf 93' lang='grc'><strong>66</strong></span> <span class='ocrx_word' id='word_1_100' title='bbox 2346 1671 2498 1744; x_wconf 78' lang='lat' dir='ltr'><strong>soyt</strong></span> <span class='ocrx_word' id='word_1_101' title='bbox 2541 1680 2581 1723; x_wconf 86' lang='grc'><strong>6</strong></span> 
     </span>
     <span class='ocr_line' id='line_1_13' title="bbox 607 1683 2579 1829; baseline -0.001 -18"><span class='ocrx_word' id='word_1_102' title='bbox 607 1744 741 1811; x_wconf 91' lang='lat' dir='ltr'><strong>bon</strong></span> <span class='ocrx_word' id='word_1_103' title='bbox 802 1745 1070 1810; x_wconf 86' lang='lat' dir='ltr'><strong>escient.</strong></span> <span class='ocrx_word' id='word_1_104' title='bbox 1158 1683 1423 1810; x_wconf 46' lang='lat' dir='ltr'><strong>Memfi}</strong></span> <span class='ocrx_word' id='word_1_105' title='bbox 1466 1744 1570 1810; x_wconf 68' lang='grc' dir='ltr'><strong>ΒΓ.</strong></span> <span class='ocrx_word' id='word_1_106' title='bbox 1634 1766 1798 1827; x_wconf 89' lang='lat' dir='ltr'><strong>pour</strong></span> <span class='ocrx_word' id='word_1_107' title='bbox 1841 1743 1945 1809; x_wconf 89' lang='lat' dir='ltr'><strong>len</strong></span> <span class='ocrx_word' id='word_1_108' title='bbox 2043 1767 2079 1810; x_wconf 95' lang='grc'><strong>6</strong></span> <span class='ocrx_word' id='word_1_109' title='bbox 2122 1744 2261 1829; x_wconf 86' lang='grc'><strong>6611</strong></span> <span class='ocrx_word' id='word_1_110' title='bbox 2305 1765 2345 1809; x_wconf 94' lang='grc'><strong>6</strong></span> <span class='ocrx_word' id='word_1_111' title='bbox 2390 1744 2473 1811; x_wconf 90' lang='lat' dir='ltr'><strong>de</strong></span> <span class='ocrx_word' id='word_1_112' title='bbox 2518 1746 2579 1810; x_wconf 91' lang='grc'><strong>16</strong></span> 
     </span>
     <span class='ocr_line' id='line_1_14' title="bbox 610 1830 2581 1915; baseline -0.002 -18"><span class='ocrx_word' id='word_1_113' title='bbox 610 1851 781 1915; x_wconf 80' lang='lat' dir='ltr'><strong>voyr</strong></span> <span class='ocrx_word' id='word_1_114' title='bbox 823 1830 1103 1913; x_wconf 85' lang='lat' dir='ltr'><strong>quelque</strong></span> <span class='ocrx_word' id='word_1_115' title='bbox 1138 1832 1294 1914; x_wconf 59' lang='grc'><strong>,1661-</strong></span> <span class='ocrx_word' id='word_1_116' title='bbox 1336 1832 1552 1896; x_wconf 88' lang='lat' dir='ltr'><strong>servir</strong></span> <span class='ocrx_word' id='word_1_117' title='bbox 1596 1851 1635 1894; x_wconf 89' lang='lat' dir='ltr'><strong>a</strong></span> <span class='ocrx_word' id='word_1_118' title='bbox 1680 1830 1831 1895; x_wconf 90' lang='lat' dir='ltr'><strong>dieu</strong></span> <span class='ocrx_word' id='word_1_119' title='bbox 1884 1852 1924 1896; x_wconf 89' lang='lat' dir='ltr'><strong>a</strong></span> <span class='ocrx_word' id='word_1_120' title='bbox 2013 1832 2181 1897; x_wconf 89' lang='lat' dir='ltr'><strong>esire</strong></span> <span class='ocrx_word' id='word_1_121' title='bbox 2226 1830 2360 1915; x_wconf 90' lang='lat' dir='ltr'><strong>quil</strong></span> <span class='ocrx_word' id='word_1_122' title='bbox 2408 1830 2581 1896; x_wconf 84' lang='lat' dir='ltr'><strong>feust</strong></span> 
     </span>
     <span class='ocr_line' id='line_1_15' title="bbox 610 1914 2577 2002; baseline 0.001 -22"><span class='ocrx_word' id='word_1_123' title='bbox 610 1935 744 2001; x_wconf 81' lang='lat' dir='ltr'><strong>ouy</strong></span> <span class='ocrx_word' id='word_1_124' title='bbox 790 1914 870 1982; x_wconf 91' lang='lat' dir='ltr'><strong>de</strong></span> <span class='ocrx_word' id='word_1_125' title='bbox 914 1924 1139 1981; x_wconf 83' lang='lat' dir='ltr'><strong>nostre</strong></span> <span class='ocrx_word' id='word_1_126' title='bbox 1181 1917 1598 2002; x_wconf 82' lang='lat' dir='ltr'><strong>compagnie‚</strong></span> <span class='ocrx_word' id='word_1_127' title='bbox 1666 1937 1740 1981; x_wconf 91' lang='grc'><strong>66</strong></span> <span class='ocrx_word' id='word_1_128' title='bbox 1794 1916 1930 1998; x_wconf 88' lang='grc'><strong>6611</strong></span> <span class='ocrx_word' id='word_1_129' title='bbox 1978 1937 2017 1980; x_wconf 86' lang='grc'><strong>6</strong></span> <span class='ocrx_word' id='word_1_130' title='bbox 2060 1927 2236 1983; x_wconf 87' lang='lat' dir='ltr'><strong>este:</strong></span> <span class='ocrx_word' id='word_1_131' title='bbox 2298 1918 2577 1982; x_wconf 82' lang='lat' dir='ltr'><strong>mainte-</strong></span> 
     </span>
     <span class='ocr_line' id='line_1_16' title="bbox 609 2001 2580 2087; baseline 0.001 -21"><span class='ocrx_word' id='word_1_132' title='bbox 609 2012 778 2067; x_wconf 85' lang='lat' dir='ltr'><strong>nant</strong></span> <span class='ocrx_word' id='word_1_133' title='bbox 820 2001 867 2065; x_wconf 91' lang='grc'><strong>11</strong></span> <span class='ocrx_word' id='word_1_134' title='bbox 912 2002 1192 2087; x_wconf 86' lang='lat' dir='ltr'><strong>lenvoye</strong></span> <span class='ocrx_word' id='word_1_135' title='bbox 1236 2023 1276 2066; x_wconf 85' lang='lat' dir='ltr'><strong>a</strong></span> <span class='ocrx_word' id='word_1_136' title='bbox 1320 2023 1425 2069; x_wconf 90' lang='grc'><strong>666</strong></span> <span class='ocrx_word' id='word_1_137' title='bbox 1470 2002 1751 2085; x_wconf 88' lang='lat' dir='ltr'><strong>despens</strong></span> <span class='ocrx_word' id='word_1_138' title='bbox 1795 2022 1914 2084; x_wconf 87' lang='lat' dir='ltr'><strong>par</strong></span> <span class='ocrx_word' id='word_1_139' title='bbox 1957 2002 2104 2068; x_wconf 79' lang='lat' dir='ltr'><strong>dela</strong></span> <span class='ocrx_word' id='word_1_140' title='bbox 2145 2023 2231 2068; x_wconf 93' lang='lat' dir='ltr'><strong>ou</strong></span> <span class='ocrx_word' id='word_1_141' title='bbox 2268 2003 2313 2068; x_wconf 92' lang='lat' dir='ltr'><strong>il</strong></span> <span class='ocrx_word' id='word_1_142' title='bbox 2351 2023 2580 2086; x_wconf 84' lang='lat' dir='ltr'><strong>espere</strong></span> 
     </span>
     <span class='ocr_line' id='line_1_17' title="bbox 609 2087 2579 2172; baseline -0.001 -18"><span class='ocrx_word' id='word_1_143' title='bbox 609 2087 1005 2154; x_wconf 85' lang='lat' dir='ltr'><strong>seullement</strong></span> <span class='ocrx_word' id='word_1_144' title='bbox 1060 2098 1234 2155; x_wconf 85' lang='lat' dir='ltr'><strong>estre</strong></span> <span class='ocrx_word' id='word_1_145' title='bbox 1286 2098 1520 2172; x_wconf 86' lang='lat' dir='ltr'><strong>quatre</strong></span> <span class='ocrx_word' id='word_1_146' title='bbox 1576 2109 1663 2153; x_wconf 92' lang='lat' dir='ltr'><strong>ou</strong></span> <span class='ocrx_word' id='word_1_147' title='bbox 1718 2089 1819 2154; x_wconf 89' lang='lat' dir='ltr'><strong>six</strong></span> <span class='ocrx_word' id='word_1_148' title='bbox 1883 2110 1992 2154; x_wconf 89' lang='lat' dir='ltr'><strong>mo</strong></span> <span class='ocrx_word' id='word_1_149' title='bbox 2041 2110 2090 2153; x_wconf 89' lang='lat' dir='ltr'><strong>s.</strong></span> <span class='ocrx_word' id='word_1_150' title='bbox 2179 2088 2240 2153; x_wconf 88' lang='lat'><strong>11</strong></span> <span class='ocrx_word' id='word_1_151' title='bbox 2298 2110 2338 2154; x_wconf 89' lang='lat' dir='ltr'><strong>a</strong></span> <span class='ocrx_word' id='word_1_152' title='bbox 2397 2110 2579 2154; x_wconf 81' lang='lat' dir='ltr'><strong>assez</strong></span> 
     </span>
     <span class='ocr_line' id='line_1_18' title="bbox 610 2172 2577 2258; baseline 0.001 -20"><span class='ocrx_word' id='word_1_153' title='bbox 610 2175 693 2239; x_wconf 90' lang='lat' dir='ltr'><strong>de</strong></span> <span class='ocrx_word' id='word_1_154' title='bbox 735 2172 1073 2239; x_wconf 87' lang='lat' dir='ltr'><strong>hardiesse</strong></span> <span class='ocrx_word' id='word_1_155' title='bbox 1117 2174 1284 2239; x_wconf 88' lang='lat' dir='ltr'><strong>mais</strong></span> <span class='ocrx_word' id='word_1_156' title='bbox 1318 2176 1390 2258; x_wconf 87' lang='lat' dir='ltr'><strong>je</strong></span> <span class='ocrx_word' id='word_1_157' title='bbox 1433 2172 1674 2240; x_wconf 88' lang='lat' dir='ltr'><strong>doubte</strong></span> <span class='ocrx_word' id='word_1_158' title='bbox 1719 2174 1777 2239; x_wconf 92' lang='lat' dir='ltr'><strong>si</strong></span> <span class='ocrx_word' id='word_1_159' title='bbox 1817 2195 1898 2239; x_wconf 91' lang='grc'><strong>66</strong></span> <span class='ocrx_word' id='word_1_160' title='bbox 1959 2196 2015 2240; x_wconf 88' lang='grc'><strong>61</strong></span> <span class='ocrx_word' id='word_1_161' title='bbox 2063 2195 2188 2257; x_wconf 87' lang='lat' dir='ltr'><strong>peu</strong></span> <span class='ocrx_word' id='word_1_162' title='bbox 2236 2172 2317 2239; x_wconf 93' lang='lat' dir='ltr'><strong>de</strong></span> <span class='ocrx_word' id='word_1_163' title='bbox 2362 2182 2577 2257; x_wconf 88' lang='lat' dir='ltr'><strong>temps</strong></span> 
     </span>
     <span class='ocr_line' id='line_1_19' title="bbox 605 2259 2577 2344; baseline 0.001 -21"><span class='ocrx_word' id='word_1_164' title='bbox 605 2259 655 2323; x_wconf 90' lang='lat' dir='ltr'><strong>il</strong></span> <span class='ocrx_word' id='word_1_165' title='bbox 712 2279 956 2342; x_wconf 88' lang='lat' dir='ltr'><strong>pourra</strong></span> <span class='ocrx_word' id='word_1_166' title='bbox 1012 2260 1347 2342; x_wconf 73' lang='lat' dir='ltr'><strong>beaucoup</strong></span> <span class='ocrx_word' id='word_1_167' title='bbox 1402 2259 1733 2326; x_wconf 87' lang='lat' dir='ltr'><strong>advancer</strong></span> <span class='ocrx_word' id='word_1_168' title='bbox 1792 2260 2065 2325; x_wconf 87' lang='lat' dir='ltr'><strong>attendu</strong></span> <span class='ocrx_word' id='word_1_169' title='bbox 2127 2270 2421 2344; x_wconf 83' lang='lat' dir='ltr'><strong>quayant</strong></span> <span class='ocrx_word' id='word_1_170' title='bbox 2466 2260 2577 2325; x_wconf 87' lang='lat' dir='ltr'><strong>de·</strong></span> 
     </span>
     <span class='ocr_line' id='line_1_20' title="bbox 606 2343 2580 2429; baseline 0.001 -20"><span class='ocrx_word' id='word_1_171' title='bbox 606 2345 804 2411; x_wconf 87' lang='grc'><strong>161666</strong></span> <span class='ocrx_word' id='word_1_172' title='bbox 849 2366 925 2410; x_wconf 88' lang='grc'><strong>66</strong></span> <span class='ocrx_word' id='word_1_173' title='bbox 965 2347 1290 2429; x_wconf 81' lang='lat' dir='ltr'><strong>premiere</strong></span> <span class='ocrx_word' id='word_1_174' title='bbox 1331 2343 1664 2411; x_wconf 87' lang='lat' dir='ltr'><strong>condition</strong></span> <span class='ocrx_word' id='word_1_175' title='bbox 1712 2344 1756 2409; x_wconf 88' lang='lat' dir='ltr'><strong>il</strong></span> <span class='ocrx_word' id='word_1_176' title='bbox 1804 2364 1889 2410; x_wconf 82' lang='lat' dir='ltr'><strong>na</strong></span> <span class='ocrx_word' id='word_1_177' title='bbox 1933 2345 2164 2429; x_wconf 89' lang='lat' dir='ltr'><strong>depuis</strong></span> <span class='ocrx_word' id='word_1_178' title='bbox 2209 2345 2580 2411; x_wconf 88' lang='lat' dir='ltr'><strong>nullement</strong></span> 
     </span>
     <span class='ocr_line' id='line_1_21' title="bbox 604 2430 2579 2582; baseline -0.001 -86"><span class='ocrx_word' id='word_1_179' title='bbox 604 2451 858 2582; x_wconf 61' lang='lat' dir='ltr'><strong>vactqeue</strong></span> <span class='ocrx_word' id='word_1_180' title='bbox 889 2452 1050 2582; x_wconf 47' lang='lat' dir='ltr'><strong>talax</strong></span> <span class='ocrx_word' id='word_1_181' title='bbox 1109 2430 1374 2582; x_wconf 50' lang='grc'><strong>16111660</strong></span> <span class='ocrx_word' id='word_1_182' title='bbox 1393 2433 1556 2496; x_wconf 89' lang='lat' dir='ltr'><strong>mais</strong></span> <span class='ocrx_word' id='word_1_183' title='bbox 1618 2452 1707 2495; x_wconf 87' lang='lat' dir='ltr'><strong>na</strong></span> <span class='ocrx_word' id='word_1_184' title='bbox 1761 2430 1882 2495; x_wconf 81' lang='lat' dir='ltr'><strong>fait</strong></span> <span class='ocrx_word' id='word_1_185' title='bbox 1936 2453 2066 2515; x_wconf 92' lang='lat' dir='ltr'><strong>que</strong></span> <span class='ocrx_word' id='word_1_186' title='bbox 2119 2434 2373 2497; x_wconf 89' lang='lat' dir='ltr'><strong>courrir</strong></span> <span class='ocrx_word' id='word_1_187' title='bbox 2420 2432 2579 2582; x_wconf 50' lang='lat' dir='ltr'><strong>giu}</strong></span> 
     </span>
     <span class='ocr_line' id='line_1_22' title="bbox 603 2537 2547 2600; baseline 0 -16"><span class='ocrx_word' id='word_1_188' title='bbox 603 2537 716 2584; x_wconf 89' lang='grc'><strong>666</strong></span> <span class='ocrx_word' id='word_1_189' title='bbox 849 2538 885 2582; x_wconf 94' lang='grc'><strong>6</strong></span> <span class='ocrx_word' id='word_1_190' title='bbox 1024 2538 1109 2581; x_wconf 87' lang='grc'><strong>66</strong></span> <span class='ocrx_word' id='word_1_191' title='bbox 1143 2537 1230 2582; x_wconf 90' lang='lat' dir='ltr'><strong>re.</strong></span> <span class='ocrx_word' id='word_1_192' title='bbox 1377 2538 1414 2582; x_wconf 91' lang='lat' dir='ltr'><strong>e</strong></span> <span class='ocrx_word' id='word_1_193' title='bbox 1478 2537 1606 2600; x_wconf 89' lang='lat' dir='ltr'><strong>que</strong></span> <span class='ocrx_word' id='word_1_194' title='bbox 1673 2537 1838 2582; x_wconf 91' lang='lat' dir='ltr'><strong>nous</strong></span> <span class='ocrx_word' id='word_1_195' title='bbox 1904 2539 2113 2584; x_wconf 89' lang='lat' dir='ltr'><strong>avons</strong></span> <span class='ocrx_word' id='word_1_196' title='bbox 2176 2537 2355 2583; x_wconf 88' lang='grc'><strong>66666</strong></span> <span class='ocrx_word' id='word_1_197' title='bbox 2489 2538 2547 2584; x_wconf 86' lang='grc'><strong>16</strong></span> 
     </span>
     <span class='ocr_line' id='line_1_23' title="bbox 605 2600 2577 2685; baseline 0.001 -17"><span class='ocrx_word' id='word_1_198' title='bbox 605 2600 923 2668; x_wconf 89' lang='lat' dir='ltr'><strong>entendre</strong></span> <span class='ocrx_word' id='word_1_199' title='bbox 988 2622 1029 2666; x_wconf 86' lang='lat' dir='ltr'><strong>a</strong></span> <span class='ocrx_word' id='word_1_200' title='bbox 1094 2602 1355 2668; x_wconf 90' lang='lat' dir='ltr'><strong>mondit</strong></span> <span class='ocrx_word' id='word_1_201' title='bbox 1396 2601 1504 2668; x_wconf 80' lang='lat' dir='ltr'><strong>Sr.</strong></span> <span class='ocrx_word' id='word_1_202' title='bbox 1572 2614 1641 2667; x_wconf 90' lang='lat' dir='ltr'><strong>et</strong></span> <span class='ocrx_word' id='word_1_203' title='bbox 1705 2622 1833 2685; x_wconf 91' lang='lat' dir='ltr'><strong>que</strong></span> <span class='ocrx_word' id='word_1_204' title='bbox 1897 2623 2067 2668; x_wconf 89' lang='lat' dir='ltr'><strong>nous</strong></span> <span class='ocrx_word' id='word_1_205' title='bbox 2132 2625 2217 2667; x_wconf 94' lang='lat' dir='ltr'><strong>ne</strong></span> <span class='ocrx_word' id='word_1_206' title='bbox 2295 2622 2577 2669; x_wconf 86' lang='lat' dir='ltr'><strong>scavons</strong></span> 
     </span>
     <span class='ocr_line' id='line_1_24' title="bbox 604 2687 2577 2774; baseline -0.001 -20"><span class='ocrx_word' id='word_1_207' title='bbox 604 2696 939 2755; x_wconf 90' lang='lat' dir='ltr'><strong>comment</strong></span> <span class='ocrx_word' id='word_1_208' title='bbox 1001 2687 1049 2752; x_wconf 91' lang='lat' dir='ltr'><strong>il</strong></span> <span class='ocrx_word' id='word_1_209' title='bbox 1114 2698 1252 2754; x_wconf 88' lang='lat' dir='ltr'><strong>sest</strong></span> <span class='ocrx_word' id='word_1_210' title='bbox 1316 2708 1652 2774; x_wconf 82' lang='lat' dir='ltr'><strong>gouverne</strong></span> <span class='ocrx_word' id='word_1_211' title='bbox 1719 2687 1962 2753; x_wconf 86' lang='lat' dir='ltr'><strong>durant</strong></span> <span class='ocrx_word' id='word_1_212' title='bbox 2026 2689 2124 2754; x_wconf 88' lang='lat' dir='ltr'><strong>les</strong></span> <span class='ocrx_word' id='word_1_213' title='bbox 2177 2700 2411 2772; x_wconf 86' lang='lat' dir='ltr'><strong>quatre</strong></span> <span class='ocrx_word' id='word_1_214' title='bbox 2456 2709 2577 2754; x_wconf 90' lang='grc'><strong>666</strong></span> 
     </span>
     <span class='ocr_line' id='line_1_25' title="bbox 601 2773 2577 2925; baseline -0.001 -85"><span class='ocrx_word' id='word_1_215' title='bbox 601 2794 849 2925; x_wconf 61' lang='lat' dir='ltr'><strong>fassez.</strong></span> <span class='ocrx_word' id='word_1_216' title='bbox 939 2773 1335 2860; x_wconf 76' lang='lat' dir='ltr'><strong>Toutesfoys</strong></span> <span class='ocrx_word' id='word_1_217' title='bbox 1393 2773 1458 2838; x_wconf 89' lang='lat' dir='ltr'><strong>la</strong></span> <span class='ocrx_word' id='word_1_218' title='bbox 1515 2775 1733 2839; x_wconf 91' lang='lat' dir='ltr'><strong>bonne</strong></span> <span class='ocrx_word' id='word_1_219' title='bbox 1791 2794 2143 2856; x_wconf 77' lang='lat' dir='ltr'><strong>esperance</strong></span> <span class='ocrx_word' id='word_1_220' title='bbox 2202 2775 2338 2857; x_wconf 89' lang='lat' dir='ltr'><strong>quil</strong></span> <span class='ocrx_word' id='word_1_221' title='bbox 2397 2793 2438 2839; x_wconf 87' lang='grc'><strong>6</strong></span> <span class='ocrx_word' id='word_1_222' title='bbox 2496 2773 2577 2839; x_wconf 94' lang='lat' dir='ltr'><strong>de</strong></span> 
     </span>
     <span class='ocr_line' id='line_1_26' title="bbox 632 2858 2580 2944; baseline -0.001 -19"><span class='ocrx_word' id='word_1_223' title='bbox 632 2881 723 2944; x_wconf 86' lang='lat' dir='ltr'><strong>ny</strong></span> <span class='ocrx_word' id='word_1_224' title='bbox 777 2869 848 2925; x_wconf 91' lang='lat' dir='ltr'><strong>et</strong></span> <span class='ocrx_word' id='word_1_225' title='bbox 902 2859 968 2925; x_wconf 88' lang='lat' dir='ltr'><strong>la</strong></span> <span class='ocrx_word' id='word_1_226' title='bbox 1024 2860 1235 2927; x_wconf 86' lang='lat' dir='ltr'><strong>fiance</strong></span> <span class='ocrx_word' id='word_1_227' title='bbox 1293 2860 1470 2925; x_wconf 89' lang='lat' dir='ltr'><strong>aussi</strong></span> <span class='ocrx_word' id='word_1_228' title='bbox 1527 2859 1663 2942; x_wconf 90' lang='lat' dir='ltr'><strong>quil</strong></span> <span class='ocrx_word' id='word_1_229' title='bbox 1728 2881 1768 2924; x_wconf 85' lang='lat' dir='ltr'><strong>a</strong></span> <span class='ocrx_word' id='word_1_230' title='bbox 1812 2881 1897 2924; x_wconf 92' lang='lat' dir='ltr'><strong>en</strong></span> <span class='ocrx_word' id='word_1_231' title='bbox 1941 2859 2070 2926; x_wconf 85' lang='lat' dir='ltr'><strong>Mr.</strong></span> <span class='ocrx_word' id='word_1_232' title='bbox 2116 2861 2195 2926; x_wconf 75' lang='lat' dir='ltr'><strong>de</strong></span> <span class='ocrx_word' id='word_1_233' title='bbox 2236 2860 2303 2925; x_wconf 83' lang='lat' dir='ltr'><strong>la</strong></span> <span class='ocrx_word' id='word_1_234' title='bbox 2349 2858 2580 2925; x_wconf 76' lang='lat' dir='ltr'><strong>Fleche</strong></span> 
     </span>
     <span class='ocr_line' id='line_1_27' title="bbox 606 2944 2578 3029; baseline -0.001 -17"><span class='ocrx_word' id='word_1_235' title='bbox 606 2955 676 3012; x_wconf 88' lang='lat' dir='ltr'><strong>et</strong></span> <span class='ocrx_word' id='word_1_236' title='bbox 740 2953 961 3011; x_wconf 78' lang='lat' dir='ltr'><strong>autres</strong></span> <span class='ocrx_word' id='word_1_237' title='bbox 1024 2967 1127 3012; x_wconf 90' lang='lat' dir='ltr'><strong>ses</strong></span> <span class='ocrx_word' id='word_1_238' title='bbox 1195 2945 1357 3011; x_wconf 93' lang='lat' dir='ltr'><strong>bons</strong></span> <span class='ocrx_word' id='word_1_239' title='bbox 1421 2966 1612 3029; x_wconf 79' lang='lat' dir='ltr'><strong>amys</strong></span> <span class='ocrx_word' id='word_1_240' title='bbox 1635 2997 1650 3022; x_wconf 88' lang='lat'>,</span> <span class='ocrx_word' id='word_1_241' title='bbox 1718 2945 1828 3027; x_wconf 88' lang='lat' dir='ltr'><strong>qui</strong></span> <span class='ocrx_word' id='word_1_242' title='bbox 1875 2955 2118 3009; x_wconf 89' lang='lat' dir='ltr'><strong>auront</strong></span> <span class='ocrx_word' id='word_1_243' title='bbox 2160 2945 2310 3011; x_wconf 89' lang='lat' dir='ltr'><strong>loeil</strong></span> <span class='ocrx_word' id='word_1_244' title='bbox 2356 2967 2472 3012; x_wconf 90' lang='lat' dir='ltr'><strong>sur</strong></span> <span class='ocrx_word' id='word_1_245' title='bbox 2517 2944 2578 3011; x_wconf 91' lang='lat' dir='ltr'><strong>le</strong></span> 
     </span>
     <span class='ocr_line' id='line_1_28' title="bbox 601 3030 2578 3185; baseline -0.002 -1"><span class='ocrx_word' id='word_1_246' title='bbox 601 3030 1661 3185; x_wconf 52' lang='lat' dir='ltr'><strong>{93502‘22031‘1032d‘031902222</strong></span> <span class='ocrx_word' id='word_1_247' title='bbox 1716 3051 1906 3184; x_wconf 52' lang='lat'><strong>{2213</strong></span> <span class='ocrx_word' id='word_1_248' title='bbox 1914 3031 2378 3183; x_wconf 50' lang='lat' dir='ltr'><strong>”sssqzzsfflssg’</strong></span> <span class='ocrx_word' id='word_1_249' title='bbox 2382 3031 2578 3182; x_wconf 57' lang='lat'><strong>³5:322</strong></span> 
     </span>
     <span class='ocr_line' id='line_1_29' title="bbox 606 3139 2577 3287; baseline -0.001 -18"><span class='ocrx_word' id='word_1_250' title='bbox 606 3201 954 3270; x_wconf 89' lang='lat' dir='ltr'><strong>demeurer</strong></span> <span class='ocrx_word' id='word_1_251' title='bbox 1007 3205 1213 3271; x_wconf 81' lang='lat' dir='ltr'><strong>ferme</strong></span> <span class='ocrx_word' id='word_1_252' title='bbox 1255 3141 1370 3271; x_wconf 82' lang='lat' dir='ltr'><strong>enq</strong></span> <span class='ocrx_word' id='word_1_253' title='bbox 1395 3224 1517 3269; x_wconf 91' lang='lat' dir='ltr'><strong>son</strong></span> <span class='ocrx_word' id='word_1_254' title='bbox 1567 3222 1826 3286; x_wconf 90' lang='lat' dir='ltr'><strong>propos.</strong></span> <span class='ocrx_word' id='word_1_255' title='bbox 1911 3202 1960 3269; x_wconf 85' lang='lat' dir='ltr'><strong>J</strong></span> <span class='ocrx_word' id='word_1_256' title='bbox 1964 3224 2000 3268; x_wconf 93' lang='grc'><strong>6</strong></span> <span class='ocrx_word' id='word_1_257' title='bbox 2025 3139 2228 3268; x_wconf 61' lang='lat' dir='ltr'><strong>gvous’</strong></span> <span class='ocrx_word' id='word_1_258' title='bbox 2277 3225 2363 3287; x_wconf 79' lang='lat' dir='ltr'><strong>ay</strong></span> <span class='ocrx_word' id='word_1_259' title='bbox 2420 3203 2577 3269; x_wconf 90' lang='lat' dir='ltr'><strong>bien</strong></span> 
     </span>
     <span class='ocr_line' id='line_1_30' title="bbox 603 3288 2578 3373; baseline -0.002 -17"><span class='ocrx_word' id='word_1_260' title='bbox 603 3289 807 3356; x_wconf 85' lang='lat' dir='ltr'><strong>voulu</strong></span> <span class='ocrx_word' id='word_1_261' title='bbox 844 3290 1085 3357; x_wconf 85' lang='lat' dir='ltr'><strong>escrire</strong></span> <span class='ocrx_word' id='word_1_262' title='bbox 1120 3311 1228 3356; x_wconf 88' lang='lat' dir='ltr'><strong>ces</strong></span> <span class='ocrx_word' id='word_1_263' title='bbox 1262 3291 1514 3367; x_wconf 88' lang='lat' dir='ltr'><strong>choses,</strong></span> <span class='ocrx_word' id='word_1_264' title='bbox 1554 3311 1716 3355; x_wconf 86' lang='lat' dir='ltr'><strong>vous</strong></span> <span class='ocrx_word' id='word_1_265' title='bbox 1751 3288 2093 3373; x_wconf 86' lang='lat' dir='ltr'><strong>suppliant</strong></span> <span class='ocrx_word' id='word_1_266' title='bbox 2125 3310 2252 3372; x_wconf 89' lang='lat' dir='ltr'><strong>que</strong></span> <span class='ocrx_word' id='word_1_267' title='bbox 2293 3300 2578 3372; x_wconf 81' lang='lat' dir='ltr'><strong>prenant</strong></span> 
     </span>
     <span class='ocr_line' id='line_1_31' title="bbox 603 3374 2576 3460; baseline -0.001 -19"><span class='ocrx_word' id='word_1_268' title='bbox 603 3382 753 3441; x_wconf 84' lang='lat' dir='ltr'><strong>tout</strong></span> <span class='ocrx_word' id='word_1_269' title='bbox 808 3395 892 3441; x_wconf 91' lang='lat' dir='ltr'><strong>en</strong></span> <span class='ocrx_word' id='word_1_270' title='bbox 949 3375 1166 3442; x_wconf 91' lang='lat' dir='ltr'><strong>bonne</strong></span> <span class='ocrx_word' id='word_1_271' title='bbox 1219 3386 1368 3459; x_wconf 86' lang='lat' dir='ltr'><strong>part</strong></span> <span class='ocrx_word' id='word_1_272' title='bbox 1411 3374 1470 3460; x_wconf 86' lang='lat' dir='ltr'><strong>jl</strong></span> <span class='ocrx_word' id='word_1_273' title='bbox 1527 3395 1689 3441; x_wconf 86' lang='lat' dir='ltr'><strong>vous</strong></span> <span class='ocrx_word' id='word_1_274' title='bbox 1748 3374 1955 3459; x_wconf 85' lang='lat' dir='ltr'><strong>plaise</strong></span> <span class='ocrx_word' id='word_1_275' title='bbox 2014 3375 2364 3440; x_wconf 75' lang='lat' dir='ltr'><strong>vueillier⁵</strong></span> <span class='ocrx_word' id='word_1_276' title='bbox 2409 3395 2576 3457; x_wconf 92' lang='lat' dir='ltr'><strong>pour</strong></span> 
     </span>
     <span class='ocr_line' id='line_1_32' title="bbox 603 3462 1349 3528; baseline -0.003 0"><span class='ocrx_word' id='word_1_277' title='bbox 603 3481 775 3528; x_wconf 89' lang='grc'><strong>6666</strong></span> <span class='ocrx_word' id='word_1_278' title='bbox 819 3482 905 3526; x_wconf 89' lang='grc'><strong>66</strong></span> <span class='ocrx_word' id='word_1_279' title='bbox 947 3470 1087 3528; x_wconf 86' lang='lat' dir='ltr'><strong>cest</strong></span> <span class='ocrx_word' id='word_1_280' title='bbox 1130 3462 1349 3528; x_wconf 83' lang='lat' dir='ltr'><strong>afaire.</strong></span> 
     </span>
    </p>

    <p class='ocr_par' dir='ltr' id='par_1_6' title="bbox 599 3544 2582 5177">
     <span class='ocr_line' id='line_1_33' title="bbox 779 3544 2575 3630; baseline -0.001 -17"><span class='ocrx_word' id='word_1_281' title='bbox 779 3546 1010 3628; x_wconf 78' lang='lat' dir='ltr'><strong>Quant</strong></span> <span class='ocrx_word' id='word_1_282' title='bbox 1053 3569 1093 3613; x_wconf 86' lang='lat' dir='ltr'><strong>a</strong></span> <span class='ocrx_word' id='word_1_283' title='bbox 1136 3557 1360 3613; x_wconf 88' lang='lat' dir='ltr'><strong>nostre</strong></span> <span class='ocrx_word' id='word_1_284' title='bbox 1402 3548 1575 3613; x_wconf 84' lang='lat' dir='ltr'><strong>frere</strong></span> <span class='ocrx_word' id='word_1_285' title='bbox 1621 3544 1858 3622; x_wconf 63' lang='lat' dir='ltr'><strong>Molita,</strong></span> <span class='ocrx_word' id='word_1_286' title='bbox 1923 3545 1970 3609; x_wconf 93' lang='lat' dir='ltr'><strong>il</strong></span> <span class='ocrx_word' id='word_1_287' title='bbox 2015 3546 2225 3627; x_wconf 88' lang='lat' dir='ltr'><strong>prend</strong></span> <span class='ocrx_word' id='word_1_288' title='bbox 2270 3564 2575 3630; x_wconf 86' lang='lat' dir='ltr'><strong>courage,</strong></span> 
     </span>
     <span class='ocr_line' id='line_1_34' title="bbox 605 3632 2576 3718; baseline -0.001 -20"><span class='ocrx_word' id='word_1_289' title='bbox 605 3632 758 3699; x_wconf 91' lang='lat' dir='ltr'><strong>dieu</strong></span> <span class='ocrx_word' id='word_1_290' title='bbox 805 3654 1063 3718; x_wconf 80' lang='lat' dir='ltr'><strong>mercy,</strong></span> <span class='ocrx_word' id='word_1_291' title='bbox 1134 3654 1406 3700; x_wconf 85' lang='lat' dir='ltr'><strong>encores</strong></span> <span class='ocrx_word' id='word_1_292' title='bbox 1449 3632 1590 3716; x_wconf 91' lang='lat' dir='ltr'><strong>quil</strong></span> <span class='ocrx_word' id='word_1_293' title='bbox 1633 3644 1749 3717; x_wconf 81' lang='lat' dir='ltr'><strong>ayt</strong></span> <span class='ocrx_word' id='word_1_294' title='bbox 1790 3640 1928 3697; x_wconf 89' lang='lat' dir='ltr'><strong>este</strong></span> <span class='ocrx_word' id='word_1_295' title='bbox 1973 3632 2195 3696; x_wconf 85' lang='lat' dir='ltr'><strong>traitte</strong></span> <span class='ocrx_word' id='word_1_296' title='bbox 2239 3652 2419 3698; x_wconf 82' lang='lat' dir='ltr'><strong>assez</strong></span> <span class='ocrx_word' id='word_1_297' title='bbox 2463 3652 2576 3696; x_wconf 90' lang='lat' dir='ltr'><strong>ru-</strong></span> 
     </span>
     <span class='ocr_line' id='line_1_35' title="bbox 606 3716 2577 3802; baseline -0.002 -18"><span class='ocrx_word' id='word_1_298' title='bbox 606 3717 869 3784; x_wconf 92' lang='lat' dir='ltr'><strong>dement</strong></span> <span class='ocrx_word' id='word_1_299' title='bbox 915 3740 1035 3802; x_wconf 90' lang='lat' dir='ltr'><strong>par</strong></span> <span class='ocrx_word' id='word_1_300' title='bbox 1077 3741 1169 3785; x_wconf 93' lang='lat' dir='ltr'><strong>un</strong></span> <span class='ocrx_word' id='word_1_301' title='bbox 1215 3718 1331 3785; x_wconf 87' lang='lat' dir='ltr'><strong>des</strong></span> <span class='ocrx_word' id='word_1_302' title='bbox 1374 3729 1667 3798; x_wconf 87' lang='lat' dir='ltr'><strong>nostres,</strong></span> <span class='ocrx_word' id='word_1_303' title='bbox 1734 3716 1949 3800; x_wconf 90' lang='lat' dir='ltr'><strong>lequel</strong></span> <span class='ocrx_word' id='word_1_304' title='bbox 1990 3730 2086 3781; x_wconf 88' lang='lat' dir='ltr'><strong>est</strong></span> <span class='ocrx_word' id='word_1_305' title='bbox 2141 3738 2181 3782; x_wconf 88' lang='lat' dir='ltr'><strong>a</strong></span> <span class='ocrx_word' id='word_1_306' title='bbox 2224 3727 2494 3801; x_wconf 83' lang='lat' dir='ltr'><strong>present</strong></span> <span class='ocrx_word' id='word_1_307' title='bbox 2537 3737 2577 3781; x_wconf 88' lang='lat' dir='ltr'><strong>a</strong></span> 
     </span>
     <span class='ocr_line' id='line_1_36' title="bbox 605 3801 2573 3889; baseline -0.003 -18"><span class='ocrx_word' id='word_1_308' title='bbox 605 3803 886 3871; x_wconf 75' lang='lat' dir='ltr'><strong>Sedsne.</strong></span> <span class='ocrx_word' id='word_1_309' title='bbox 975 3806 1151 3871; x_wconf 88' lang='lat' dir='ltr'><strong>Dien</strong></span> <span class='ocrx_word' id='word_1_310' title='bbox 1219 3826 1338 3887; x_wconf 88' lang='lat' dir='ltr'><strong>par</strong></span> <span class='ocrx_word' id='word_1_311' title='bbox 1402 3828 1477 3872; x_wconf 87' lang='lat' dir='ltr'><strong>sa</strong></span> <span class='ocrx_word' id='word_1_312' title='bbox 1538 3824 1734 3889; x_wconf 74' lang='lat' dir='ltr'><strong>grace</strong></span> <span class='ocrx_word' id='word_1_313' title='bbox 1802 3802 2043 3869; x_wconf 87' lang='lat' dir='ltr'><strong>vueille</strong></span> <span class='ocrx_word' id='word_1_314' title='bbox 2101 3801 2285 3867; x_wconf 88' lang='lat' dir='ltr'><strong>benir</strong></span> <span class='ocrx_word' id='word_1_315' title='bbox 2329 3824 2433 3868; x_wconf 90' lang='lat' dir='ltr'><strong>ses</strong></span> <span class='ocrx_word' id='word_1_316' title='bbox 2478 3801 2573 3866; x_wconf 88' lang='lat' dir='ltr'><strong>la·</strong></span> 
     </span>
     <span class='ocr_line' id='line_1_37' title="bbox 606 3888 2574 3958; baseline -0.003 0"><span class='ocrx_word' id='word_1_317' title='bbox 606 3890 804 3958; x_wconf 83' lang='lat' dir='ltr'><strong>beurs</strong></span> <span class='ocrx_word' id='word_1_318' title='bbox 861 3898 930 3956; x_wconf 86' lang='lat' dir='ltr'><strong>et</strong></span> <span class='ocrx_word' id='word_1_319' title='bbox 982 3892 1078 3957; x_wconf 88' lang='lat' dir='ltr'><strong>les</strong></span> <span class='ocrx_word' id='word_1_320' title='bbox 1136 3903 1410 3957; x_wconf 82' lang='lat' dir='ltr'><strong>nostres.</strong></span> <span class='ocrx_word' id='word_1_321' title='bbox 1500 3895 1607 3956; x_wconf 85' lang='lat' dir='ltr'><strong>Au</strong></span> <span class='ocrx_word' id='word_1_322' title='bbox 1668 3897 1840 3955; x_wconf 90' lang='lat' dir='ltr'><strong>reste</strong></span> <span class='ocrx_word' id='word_1_323' title='bbox 1898 3909 2067 3954; x_wconf 90' lang='lat' dir='ltr'><strong>nous</strong></span> <span class='ocrx_word' id='word_1_324' title='bbox 2122 3909 2332 3954; x_wconf 87' lang='lat' dir='ltr'><strong>avons</strong></span> <span class='ocrx_word' id='word_1_325' title='bbox 2376 3888 2574 3954; x_wconf 85' lang='lat' dir='ltr'><strong>beau-</strong></span> 
     </span>
     <span class='ocr_line' id='line_1_38' title="bbox 605 3973 2576 4062; baseline -0.003 -19"><span class='ocrx_word' id='word_1_326' title='bbox 605 3996 774 4061; x_wconf 88' lang='lat' dir='ltr'><strong>coup</strong></span> <span class='ocrx_word' id='word_1_327' title='bbox 820 3975 901 4042; x_wconf 94' lang='lat' dir='ltr'><strong>de</strong></span> <span class='ocrx_word' id='word_1_328' title='bbox 966 3974 1301 4062; x_wconf 82' lang='lat' dir='ltr'><strong>besongne</strong></span> <span class='ocrx_word' id='word_1_329' title='bbox 1367 3984 1437 4043; x_wconf 88' lang='lat' dir='ltr'><strong>et</strong></span> <span class='ocrx_word' id='word_1_330' title='bbox 1500 3996 1627 4060; x_wconf 91' lang='lat' dir='ltr'><strong>peu</strong></span> <span class='ocrx_word' id='word_1_331' title='bbox 1694 3973 2071 4054; x_wconf 75' lang='lat' dir='ltr'><strong>douvriem,</strong></span> <span class='ocrx_word' id='word_1_332' title='bbox 2115 3975 2448 4057; x_wconf 83' lang='lat' dir='ltr'><strong>beaucoup</strong></span> <span class='ocrx_word' id='word_1_333' title='bbox 2495 3973 2576 4038; x_wconf 90' lang='lat' dir='ltr'><strong>de</strong></span> 
     </span>
     <span class='ocr_line' id='line_1_39' title="bbox 599 4061 2576 4146; baseline -0.003 -17"><span class='ocrx_word' id='word_1_334' title='bbox 599 4064 769 4129; x_wconf 83' lang='lat' dir='ltr'><strong>fortz</strong></span> <span class='ocrx_word' id='word_1_335' title='bbox 835 4082 1156 4146; x_wconf 86' lang='lat' dir='ltr'><strong>ennemys</strong></span> <span class='ocrx_word' id='word_1_336' title='bbox 1221 4072 1290 4127; x_wconf 92' lang='lat' dir='ltr'><strong>et</strong></span> <span class='ocrx_word' id='word_1_337' title='bbox 1352 4084 1479 4145; x_wconf 90' lang='lat' dir='ltr'><strong>peu</strong></span> <span class='ocrx_word' id='word_1_338' title='bbox 1546 4061 1629 4126; x_wconf 89' lang='lat' dir='ltr'><strong>de</strong></span> <span class='ocrx_word' id='word_1_339' title='bbox 1693 4082 1898 4145; x_wconf 80' lang='lat' dir='ltr'><strong>vrays</strong></span> <span class='ocrx_word' id='word_1_340' title='bbox 1955 4080 2165 4143; x_wconf 85' lang='lat' dir='ltr'><strong>amys.</strong></span> <span class='ocrx_word' id='word_1_341' title='bbox 2257 4064 2319 4125; x_wconf 82' lang='lat' dir='ltr'>A</span> <span class='ocrx_word' id='word_1_342' title='bbox 2380 4080 2576 4125; x_wconf 89' lang='lat' dir='ltr'><strong>cause</strong></span> 
     </span>
     <span class='ocr_line' id='line_1_40' title="bbox 604 4144 2576 4233; baseline -0.004 -16"><span class='ocrx_word' id='word_1_343' title='bbox 604 4150 687 4217; x_wconf 94' lang='lat' dir='ltr'><strong>de</strong></span> <span class='ocrx_word' id='word_1_344' title='bbox 745 4168 924 4233; x_wconf 83' lang='lat' dir='ltr'><strong>quoy</strong></span> <span class='ocrx_word' id='word_1_345' title='bbox 983 4169 1147 4214; x_wconf 87' lang='lat' dir='ltr'><strong>nous</strong></span> <span class='ocrx_word' id='word_1_346' title='bbox 1201 4169 1413 4214; x_wconf 86' lang='lat' dir='ltr'><strong>avons</strong></span> <span class='ocrx_word' id='word_1_347' title='bbox 1456 4147 1667 4233; x_wconf 78' lang='lat' dir='ltr'><strong>grand</strong></span> <span class='ocrx_word' id='word_1_348' title='bbox 1713 4147 1933 4213; x_wconf 86' lang='lat' dir='ltr'><strong>besoin</strong></span> <span class='ocrx_word' id='word_1_349' title='bbox 1979 4144 2199 4211; x_wconf 89' lang='lat' dir='ltr'><strong>destre</strong></span> <span class='ocrx_word' id='word_1_350' title='bbox 2243 4145 2449 4229; x_wconf 81' lang='lat' dir='ltr'><strong>aydez</strong></span> <span class='ocrx_word' id='word_1_351' title='bbox 2495 4145 2576 4210; x_wconf 89' lang='lat' dir='ltr'><strong>de</strong></span> 
     </span>
     <span class='ocr_line' id='line_1_41' title="bbox 603 4230 2573 4317; baseline -0.004 -14"><span class='ocrx_word' id='word_1_352' title='bbox 603 4258 725 4303; x_wconf 89' lang='lat' dir='ltr'><strong>vos</strong></span> <span class='ocrx_word' id='word_1_353' title='bbox 783 4234 1032 4300; x_wconf 89' lang='lat' dir='ltr'><strong>bonnes</strong></span> <span class='ocrx_word' id='word_1_354' title='bbox 1086 4234 1333 4316; x_wconf 76' lang='lat' dir='ltr'><strong>prietes</strong></span> <span class='ocrx_word' id='word_1_355' title='bbox 1394 4233 1556 4299; x_wconf 86' lang='lat' dir='ltr'><strong>dont</strong></span> <span class='ocrx_word' id='word_1_356' title='bbox 1605 4235 1675 4317; x_wconf 87' lang='lat' dir='ltr'><strong>je</strong></span> <span class='ocrx_word' id='word_1_357' title='bbox 1729 4254 1892 4299; x_wconf 91' lang='lat' dir='ltr'><strong>vous</strong></span> <span class='ocrx_word' id='word_1_358' title='bbox 1950 4231 2212 4315; x_wconf 86' lang='lat' dir='ltr'><strong>supplic</strong></span> <span class='ocrx_word' id='word_1_359' title='bbox 2269 4230 2573 4296; x_wconf 88' lang='lat' dir='ltr'><strong>humble-</strong></span> 
     </span>
     <span class='ocr_line' id='line_1_42' title="bbox 603 4318 2576 4391; baseline -0.004 -3"><span class='ocrx_word' id='word_1_360' title='bbox 603 4332 804 4391; x_wconf 83' lang='lat' dir='ltr'><strong>ment,</strong></span> <span class='ocrx_word' id='word_1_361' title='bbox 893 4318 1078 4385; x_wconf 84' lang='lat' dir='ltr'><strong>Vous</strong></span> <span class='ocrx_word' id='word_1_362' title='bbox 1143 4318 1681 4385; x_wconf 85' lang='lat' dir='ltr'><strong>recommandant</strong></span> <span class='ocrx_word' id='word_1_363' title='bbox 1745 4319 1922 4383; x_wconf 85' lang='lat' dir='ltr'><strong>aussi</strong></span> <span class='ocrx_word' id='word_1_364' title='bbox 1994 4330 2213 4383; x_wconf 91' lang='lat' dir='ltr'><strong>nostre</strong></span> <span class='ocrx_word' id='word_1_365' title='bbox 2279 4318 2451 4382; x_wconf 87' lang='lat' dir='ltr'><strong>frere</strong></span> <span class='ocrx_word' id='word_1_366' title='bbox 2508 4332 2576 4381; x_wconf 89' lang='lat' dir='ltr'><strong>et</strong></span> 
     </span>
     <span class='ocr_line' id='line_1_43' title="bbox 606 4405 2573 4491; baseline -0.003 -19"><span class='ocrx_word' id='word_1_367' title='bbox 606 4428 763 4491; x_wconf 66' lang='grc' dir='ltr'><strong>661)γ</strong></span> <span class='ocrx_word' id='word_1_368' title='bbox 810 4405 1136 4488; x_wconf 73' lang='lat' dir='ltr'><strong>Lescuyer.</strong></span> <span class='ocrx_word' id='word_1_369' title='bbox 1228 4405 1413 4471; x_wconf 89' lang='lat' dir='ltr'><strong>Nous</strong></span> <span class='ocrx_word' id='word_1_370' title='bbox 1456 4425 1739 4471; x_wconf 88' lang='lat' dir='ltr'><strong>sommes</strong></span> <span class='ocrx_word' id='word_1_371' title='bbox 1794 4405 1850 4468; x_wconf 88' lang='lat' dir='ltr'><strong>si</strong></span> <span class='ocrx_word' id='word_1_372' title='bbox 1907 4424 2031 4487; x_wconf 90' lang='lat' dir='ltr'><strong>peu</strong></span> <span class='ocrx_word' id='word_1_373' title='bbox 2089 4425 2172 4468; x_wconf 87' lang='lat' dir='ltr'><strong>en</strong></span> <span class='ocrx_word' id='word_1_374' title='bbox 2228 4423 2336 4468; x_wconf 90' lang='lat' dir='ltr'><strong>ces</strong></span> <span class='ocrx_word' id='word_1_375' title='bbox 2378 4423 2573 4486; x_wconf 86' lang='lat' dir='ltr'><strong>quar-</strong></span> 
     </span>
     <span class='ocr_line' id='line_1_44' title="bbox 607 4489 2575 4575; baseline -0.004 -17"><span class='ocrx_word' id='word_1_376' title='bbox 607 4494 769 4558; x_wconf 87' lang='lat' dir='ltr'><strong>tiers</strong></span> <span class='ocrx_word' id='word_1_377' title='bbox 809 4512 934 4575; x_wconf 91' lang='lat' dir='ltr'><strong>que</strong></span> <span class='ocrx_word' id='word_1_378' title='bbox 978 4511 1142 4558; x_wconf 90' lang='lat' dir='ltr'><strong>nous</strong></span> <span class='ocrx_word' id='word_1_379' title='bbox 1188 4512 1439 4556; x_wconf 91' lang='lat' dir='ltr'><strong>navons</strong></span> <span class='ocrx_word' id='word_1_380' title='bbox 1484 4512 1719 4573; x_wconf 84' lang='lat' dir='ltr'><strong>moyen</strong></span> <span class='ocrx_word' id='word_1_381' title='bbox 1766 4489 1992 4554; x_wconf 77' lang='lat' dir='ltr'><strong>devoir</strong></span> <span class='ocrx_word' id='word_1_382' title='bbox 2045 4510 2301 4555; x_wconf 89' lang='lat' dir='ltr'><strong>aucune</strong></span> <span class='ocrx_word' id='word_1_383' title='bbox 2357 4489 2575 4555; x_wconf 82' lang='lat' dir='ltr'><strong>confe-</strong></span> 
     </span>
     <span class='ocr_line' id='line_1_45' title="bbox 608 4574 2574 4662; baseline -0.003 -18"><span class='ocrx_word' id='word_1_384' title='bbox 608 4599 825 4645; x_wconf 78' lang='lat' dir='ltr'><strong>rence.</strong></span> <span class='ocrx_word' id='word_1_385' title='bbox 919 4576 1309 4662; x_wconf 75' lang='lat' dir='ltr'><strong>Toutesfoys</strong></span> <span class='ocrx_word' id='word_1_386' title='bbox 1365 4578 1628 4660; x_wconf 88' lang='lat' dir='ltr'><strong>jespere</strong></span> <span class='ocrx_word' id='word_1_387' title='bbox 1694 4577 1906 4659; x_wconf 77' lang='lat' dir='ltr'><strong>partit</strong></span> <span class='ocrx_word' id='word_1_388' title='bbox 1984 4574 2188 4660; x_wconf 79' lang='lat' dir='ltr'><strong>lundy</strong></span> <span class='ocrx_word' id='word_1_389' title='bbox 2255 4574 2574 4657; x_wconf 74' lang='lat' dir='ltr'><strong>prochain</strong></span> 
     </span>
     <span class='ocr_line' id='line_1_46' title="bbox 607 4659 2579 4816; baseline -0.003 -1"><span class='ocrx_word' id='word_1_390' title='bbox 607 4684 780 4816; x_wconf 58' lang='grc'><strong>16</strong></span> <span class='ocrx_word' id='word_1_391' title='bbox 812 4662 1008 4813; x_wconf 54' lang='grc'><strong>61.</strong></span> <span class='ocrx_word' id='word_1_392' title='bbox 1031 4678 1316 4813; x_wconf 60' lang='lat' dir='ltr'><strong>m</strong></span> <span class='ocrx_word' id='word_1_393' title='bbox 1342 4663 1474 4813; x_wconf 58' lang='lat'><strong>²³52</strong></span> <span class='ocrx_word' id='word_1_394' title='bbox 1507 4662 1795 4814; x_wconf 49' lang='grc' dir='ltr'><strong>66η</strong></span> <span class='ocrx_word' id='word_1_395' title='bbox 1832 4659 2579 4813; x_wconf 38' lang='lat' dir='ltr'><strong>&amp;fantasma</strong></span> 
     </span>
     <span class='ocr_line' id='line_1_47' title="bbox 609 4831 2580 4918; baseline -0.003 -16"><span class='ocrx_word' id='word_1_396' title='bbox 609 4857 779 4902; x_wconf 90' lang='lat' dir='ltr'><strong>vous</strong></span> <span class='ocrx_word' id='word_1_397' title='bbox 833 4844 1039 4918; x_wconf 84' lang='lat' dir='ltr'><strong>ayant</strong></span> <span class='ocrx_word' id='word_1_398' title='bbox 1094 4846 1400 4917; x_wconf 80' lang='lat' dir='ltr'><strong>presente</strong></span> <span class='ocrx_word' id='word_1_399' title='bbox 1454 4832 1551 4899; x_wconf 91' lang='lat' dir='ltr'><strong>les</strong></span> <span class='ocrx_word' id='word_1_400' title='bbox 1589 4831 1897 4898; x_wconf 87' lang='lat' dir='ltr'><strong>humbles</strong></span> <span class='ocrx_word' id='word_1_401' title='bbox 1941 4832 2580 4899; x_wconf 87' lang='lat' dir='ltr'><strong>recommandations</strong></span> 
     </span>
     <span class='ocr_line' id='line_1_48' title="bbox 612 4918 2582 5005; baseline -0.004 -17"><span class='ocrx_word' id='word_1_402' title='bbox 612 4921 695 4988; x_wconf 93' lang='lat' dir='ltr'><strong>de</strong></span> <span class='ocrx_word' id='word_1_403' title='bbox 762 4942 914 5005; x_wconf 79' lang='lat' dir='ltr'><strong>moy</strong></span> <span class='ocrx_word' id='word_1_404' title='bbox 979 4932 1046 4984; x_wconf 84' lang='lat' dir='ltr'><strong>et</strong></span> <span class='ocrx_word' id='word_1_405' title='bbox 1111 4918 1193 4984; x_wconf 89' lang='lat' dir='ltr'><strong>de</strong></span> <span class='ocrx_word' id='word_1_406' title='bbox 1248 4939 1359 4984; x_wconf 86' lang='lat' dir='ltr'><strong>ma</strong></span> <span class='ocrx_word' id='word_1_407' title='bbox 1421 4920 1660 4985; x_wconf 84' lang='lat' dir='ltr'><strong>femme</strong></span> <span class='ocrx_word' id='word_1_408' title='bbox 1724 4940 1855 4984; x_wconf 84' lang='lat' dir='ltr'><strong>aux</strong></span> <span class='ocrx_word' id='word_1_409' title='bbox 1924 4918 2173 4984; x_wconf 89' lang='lat' dir='ltr'><strong>bonnes</strong></span> <span class='ocrx_word' id='word_1_410' title='bbox 2238 4936 2469 5002; x_wconf 84' lang='lat' dir='ltr'><strong>graces</strong></span> <span class='ocrx_word' id='word_1_411' title='bbox 2513 4925 2582 4981; x_wconf 87' lang='lat' dir='ltr'><strong>et</strong></span> 
     </span>
     <span class='ocr_line' id='line_1_49' title="bbox 612 5004 2581 5090; baseline -0.004 -15"><span class='ocrx_word' id='word_1_412' title='bbox 612 5008 896 5075; x_wconf 82' lang='lat' dir='ltr'><strong>sainctes</strong></span> <span class='ocrx_word' id='word_1_413' title='bbox 939 5007 1188 5090; x_wconf 75' lang='lat' dir='ltr'><strong>prietes</strong></span> <span class='ocrx_word' id='word_1_414' title='bbox 1232 5004 1313 5070; x_wconf 93' lang='lat' dir='ltr'><strong>de</strong></span> <span class='ocrx_word' id='word_1_415' title='bbox 1359 5025 1526 5070; x_wconf 86' lang='lat' dir='ltr'><strong>vous</strong></span> <span class='ocrx_word' id='word_1_416' title='bbox 1588 5016 1657 5070; x_wconf 88' lang='lat' dir='ltr'><strong>et</strong></span> <span class='ocrx_word' id='word_1_417' title='bbox 1701 5004 1782 5069; x_wconf 92' lang='lat' dir='ltr'><strong>de</strong></span> <span class='ocrx_word' id='word_1_418' title='bbox 1828 5015 2044 5070; x_wconf 84' lang='lat' dir='ltr'><strong>vostre</strong></span> <span class='ocrx_word' id='word_1_419' title='bbox 2087 5004 2476 5088; x_wconf 82' lang='lat' dir='ltr'><strong>compagnie</strong></span> <span class='ocrx_word' id='word_1_420' title='bbox 2510 5004 2581 5086; x_wconf 88' lang='lat' dir='ltr'><strong>je</strong></span> 
     </span>
     <span class='ocr_line' id='line_1_50' title="bbox 610 5089 1465 5177; baseline -0.006 -16"><span class='ocrx_word' id='word_1_421' title='bbox 610 5091 994 5177; x_wconf 85' lang='lat' dir='ltr'><strong>supplieray</strong></span> <span class='ocrx_word' id='word_1_422' title='bbox 1040 5089 1103 5156; x_wconf 91' lang='lat' dir='ltr'><strong>le</strong></span> <span class='ocrx_word' id='word_1_423' title='bbox 1146 5100 1465 5169; x_wconf 82' lang='lat' dir='ltr'><strong>createur,</strong></span> 
     </span>
    </p>
   </div>
   <div class='ocr_carea' id='block_1_4' title="bbox 622 5231 1032 5242">
    <p class='ocr_par' dir='ltr' id='par_1_7' title="bbox 622 5231 1032 5242">
     <span class='ocr_line' id='line_1_51' title="bbox 622 5231 1032 5242; baseline 0 883"><span class='ocrx_word' id='word_1_424' title='bbox 622 5231 1032 5242; x_wconf 95' lang='lat' dir='ltr'><strong> </strong></span> 
     </span>
    </p>
   </div>
   <div class='ocr_carea' id='block_1_5' title="bbox 607 5293 2584 5434">
    <p class='ocr_par' dir='ltr' id='par_1_8' title="bbox 607 5293 2584 5434">
     <span class='ocr_line' id='line_1_52' title="bbox 616 5293 2584 5365; baseline -0.002 -14"><span class='ocrx_word' id='word_1_425' title='bbox 616 5296 732 5351; x_wconf 69' lang='lat' dir='ltr'><strong>Hic</strong></span> <span class='ocrx_word' id='word_1_426' title='bbox 778 5296 940 5350; x_wconf 66' lang='lat' dir='ltr'><strong>dien‘ts</strong></span> <span class='ocrx_word' id='word_1_427' title='bbox 986 5293 1070 5349; x_wconf 86' lang='lat' dir='ltr'><strong>On</strong></span> <span class='ocrx_word' id='word_1_428' title='bbox 1118 5295 1310 5365; x_wconf 73' lang='lat' dir='ltr'><strong>ignore</strong></span> <span class='ocrx_word' id='word_1_429' title='bbox 1357 5293 1563 5348; x_wconf 73' lang='lat' dir='ltr'><strong>l’snnee</strong></span> <span class='ocrx_word' id='word_1_430' title='bbox 1603 5294 1672 5348; x_wconf 86' lang='lat' dir='ltr'><strong>de</strong></span> <span class='ocrx_word' id='word_1_431' title='bbox 1716 5311 1776 5347; x_wconf 83' lang='grc'><strong>66</strong></span> <span class='ocrx_word' id='word_1_432' title='bbox 1811 5300 1974 5348; x_wconf 80' lang='lat' dir='ltr'><strong>mort.</strong></span> <span class='ocrx_word' id='word_1_433' title='bbox 2045 5293 2333 5349; x_wconf 63' lang='lat' dir='ltr'><strong>Aurelian</strong></span> <span class='ocrx_word' id='word_1_434' title='bbox 2368 5308 2488 5349; x_wconf 66' lang='lat' dir='ltr'><strong>eun</strong></span> <span class='ocrx_word' id='word_1_435' title='bbox 2511 5308 2584 5348; x_wconf 61' lang='lat' dir='ltr'><em>u</em></span> 
     </span>
     <span class='ocr_line' id='line_1_53' title="bbox 607 5361 1660 5434; baseline -0.005 -13"><span class='ocrx_word' id='word_1_436' title='bbox 607 5364 910 5421; x_wconf 65' lang='lat' dir='ltr'><strong>matulina</strong></span> <span class='ocrx_word' id='word_1_437' title='bbox 942 5364 1094 5419; x_wconf 61' lang='lat' dir='ltr'><strong>tum·</strong></span> <span class='ocrx_word' id='word_1_438' title='bbox 1127 5370 1208 5421; x_wconf 69' lang='lat' dir='ltr'><strong>est</strong></span> <span class='ocrx_word' id='word_1_439' title='bbox 1245 5362 1357 5434; x_wconf 73' lang='lat' dir='ltr'><strong>Ep.</strong></span> <span class='ocrx_word' id='word_1_440' title='bbox 1394 5361 1471 5419; x_wconf 69' lang='lat' dir='ltr'><strong>N.</strong></span> <span class='ocrx_word' id='word_1_441' title='bbox 1506 5361 1660 5417; x_wconf 73' lang='lat'><strong>8882.</strong></span> 
     </span>
    </p>
   </div>
   <div class='ocr_carea' id='block_1_6' title="bbox 2130 440 3142 511">
    <p class='ocr_par' dir='ltr' id='par_1_9' title="bbox 2130 440 3142 511">
     <span class='ocr_line' id='line_1_54' title="bbox 2130 440 3142 511; baseline 0.002 -2"><span class='ocrx_word' id='word_1_442' title='bbox 2130 440 2667 510; x_wconf 67' lang='lat' dir='ltr'>EPISTOLAB</span> <span class='ocrx_word' id='word_1_443' title='bbox 2712 444 3142 511; x_wconf 78' lang='lat'>4097-4099</span> 
     </span>
    </p>
   </div>
   <div class='ocr_carea' id='block_1_7' title="bbox 2619 658 2648 5425">
    <p class='ocr_par' dir='ltr' id='par_1_10' title="bbox 2619 658 2648 5425">
     <span class='ocr_line' id='line_1_55' title="bbox 2619 658 2648 5425; baseline 0 0"><span class='ocrx_word' id='word_1_444' title='bbox 2619 658 2648 5425; x_wconf 95' lang='lat' dir='ltr'><strong> </strong></span> 
     </span>
    </p>
   </div>
   <div class='ocr_carea' id='block_1_8' title="bbox 4146 8 4802 206">
    <p class='ocr_par' dir='ltr' id='par_1_11' title="bbox 4146 8 4802 206">
     <span class='ocr_line' id='line_1_56' title="bbox 4146 8 4802 206; baseline 0 -29"><span class='ocrx_word' id='word_1_445' title='bbox 4146 8 4802 206; x_wconf 66' lang='lat'><strong>‘¹-</strong></span> 
     </span>
    </p>
   </div>
   <div class='ocr_carea' id='block_1_9' title="bbox 4520 449 4635 512">
    <p class='ocr_par' dir='ltr' id='par_1_12' title="bbox 4520 449 4635 512">
     <span class='ocr_line' id='line_1_57' title="bbox 4520 449 4635 512; baseline 0 0"><span class='ocrx_word' id='word_1_446' title='bbox 4520 449 4635 512; x_wconf 69' lang='lat'><strong>292</strong></span> 
     </span>
    </p>
   </div>
   <div class='ocr_carea' id='block_1_10' title="bbox 2682 631 4641 890">
    <p class='ocr_par' dir='ltr' id='par_1_13' title="bbox 2682 631 4641 890">
     <span class='ocr_line' id='line_1_58' title="bbox 2858 631 4641 714; baseline 0.002 -16"><span class='ocrx_word' id='word_1_447' title='bbox 2858 631 3230 714; x_wconf 85' lang='lat' dir='ltr'><strong>Monsieur,</strong></span> <span class='ocrx_word' id='word_1_448' title='bbox 3295 655 3462 701; x_wconf 87' lang='lat' dir='ltr'><strong>vous</strong></span> <span class='ocrx_word' id='word_1_449' title='bbox 3524 636 3882 703; x_wconf 84' lang='lat' dir='ltr'><strong>maintenir</strong></span> <span class='ocrx_word' id='word_1_450' title='bbox 3944 643 4095 703; x_wconf 83' lang='lat' dir='ltr'><strong>tous</strong></span> <span class='ocrx_word' id='word_1_451' title='bbox 4152 657 4239 702; x_wconf 93' lang='lat' dir='ltr'><strong>en</strong></span> <span class='ocrx_word' id='word_1_452' title='bbox 4282 657 4360 702; x_wconf 87' lang='grc'><strong>66</strong></span> <span class='ocrx_word' id='word_1_453' title='bbox 4400 635 4641 701; x_wconf 62' lang='lat' dir='ltr'><strong>ninus</strong></span> 
     </span>
     <span class='ocr_line' id='line_1_59' title="bbox 2683 717 4641 807; baseline 0.002 -23"><span class='ocrx_word' id='word_1_454' title='bbox 2683 718 3065 801; x_wconf 88' lang='lat' dir='ltr'><strong>protection.</strong></span> <span class='ocrx_word' id='word_1_455' title='bbox 3154 717 3260 786; x_wconf 89' lang='lat' dir='ltr'><strong>De</strong></span> <span class='ocrx_word' id='word_1_456' title='bbox 3303 720 3407 786; x_wconf 78' lang='lat' dir='ltr'><strong>La</strong></span> <span class='ocrx_word' id='word_1_457' title='bbox 3449 719 3683 787; x_wconf 73' lang='lat' dir='ltr'><strong>Mothe</strong></span> <span class='ocrx_word' id='word_1_458' title='bbox 3734 742 3885 806; x_wconf 90' lang='lat' dir='ltr'><strong>pres</strong></span> <span class='ocrx_word' id='word_1_459' title='bbox 3944 735 4237 807; x_wconf 78' lang='lat' dir='ltr'><strong>nogeant</strong></span> <span class='ocrx_word' id='word_1_460' title='bbox 4292 743 4411 788; x_wconf 88' lang='lat' dir='ltr'><strong>sur</strong></span> <span class='ocrx_word' id='word_1_461' title='bbox 4448 719 4641 788; x_wconf 69' lang='lat' dir='ltr'><strong>Sa&#39;ne</strong></span> 
     </span>
     <span class='ocr_line' id='line_1_60' title="bbox 2682 805 3555 890; baseline 0.002 -20"><span class='ocrx_word' id='word_1_462' title='bbox 2682 823 2758 870; x_wconf 90' lang='lat' dir='ltr'><strong>ce</strong></span> <span class='ocrx_word' id='word_1_463' title='bbox 2809 808 2906 870; x_wconf 83' lang='lat'><strong>14.</strong></span> <span class='ocrx_word' id='word_1_464' title='bbox 2952 825 3037 871; x_wconf 91' lang='lat' dir='ltr'><strong>en</strong></span> <span class='ocrx_word' id='word_1_465' title='bbox 3084 805 3322 890; x_wconf 84' lang='lat' dir='ltr'><strong>Apvril</strong></span> <span class='ocrx_word' id='word_1_466' title='bbox 3376 811 3555 873; x_wconf 79' lang='lat'>1564.</span> 
     </span>
    </p>
   </div>
   <div class='ocr_carea' id='block_1_11' title="bbox 3390 942 4643 1098">
    <p class='ocr_par' dir='ltr' id='par_1_14' title="bbox 3390 942 4643 1098">
     <span class='ocr_line' id='line_1_61' title="bbox 3390 942 4643 1011; baseline 0.002 -3"><span class='ocrx_word' id='word_1_467' title='bbox 3390 942 3635 1010; x_wconf 81' lang='lat' dir='ltr'><strong>Vostre</strong></span> <span class='ocrx_word' id='word_1_468' title='bbox 3681 942 3949 1010; x_wconf 87' lang='lat' dir='ltr'><strong>humble</strong></span> <span class='ocrx_word' id='word_1_469' title='bbox 3991 945 4327 1011; x_wconf 82' lang='lat' dir='ltr'><strong>serviteur</strong></span> <span class='ocrx_word' id='word_1_470' title='bbox 4366 955 4437 1008; x_wconf 83' lang='lat' dir='ltr'><strong>et</strong></span> <span class='ocrx_word' id='word_1_471' title='bbox 4478 943 4643 1010; x_wconf 67' lang='grc' dir='ltr'><strong>ἔται-6</strong></span> 
     </span>
     <span class='ocr_line' id='line_1_62' title="bbox 3655 1028 4387 1098; baseline -0.004 0"><span class='ocrx_word' id='word_1_472' title='bbox 3655 1028 3879 1098; x_wconf 80' lang='lat' dir='ltr'><strong>Jehan</strong></span> <span class='ocrx_word' id='word_1_473' title='bbox 3924 1030 4006 1096; x_wconf 90' lang='lat' dir='ltr'><strong>de</strong></span> <span class='ocrx_word' id='word_1_474' title='bbox 4048 1030 4387 1097; x_wconf 77' lang='lat' dir='ltr'><strong>Beaulieu.</strong></span> 
     </span>
    </p>
   </div>
   <div class='ocr_carea' id='block_1_12' title="bbox 3212 1572 4135 1798">
    <p class='ocr_par' dir='ltr' id='par_1_15' title="bbox 3212 1572 4135 1798">
     <span class='ocr_line' id='line_1_63' title="bbox 3562 1572 3768 1643; baseline 0 0"><span class='ocrx_word' id='word_1_475' title='bbox 3562 1572 3768 1643; x_wconf 71' lang='lat'><strong>4⁰⁹8.</strong></span> 
     </span>
     <span class='ocr_line' id='line_1_64' title="bbox 3212 1728 4135 1798; baseline -0.001 -3"><span class='ocrx_word' id='word_1_476' title='bbox 3212 1729 3451 1796; x_wconf 83' lang='lat' dir='ltr'><strong>BEZA</strong></span> <span class='ocrx_word' id='word_1_477' title='bbox 3497 1728 4135 1798; x_wconf 83' lang='lat' dir='ltr'>BULLINGERO.</span> 
     </span>
    </p>
   </div>
   <div class='ocr_carea' id='block_1_13' title="bbox 2680 1900 4655 2224">
    <p class='ocr_par' dir='ltr' id='par_1_16' title="bbox 2680 1900 4655 2224">
     <span class='ocr_line' id='line_1_65' title="bbox 2861 1900 4655 1983; baseline 0 -17"><span class='ocrx_word' id='word_1_478' title='bbox 2861 1901 3084 1967; x_wconf 76' lang='lat' dir='ltr'><strong>Gallia</strong></span> <span class='ocrx_word' id='word_1_479' title='bbox 3149 1905 3205 1966; x_wconf 79' lang='lat' dir='ltr'><strong>et</strong></span> <span class='ocrx_word' id='word_1_480' title='bbox 3266 1900 3574 1967; x_wconf 65' lang='lat' dir='ltr'><strong>anan-chia</strong></span> <span class='ocrx_word' id='word_1_481' title='bbox 3638 1906 3697 1965; x_wconf 80' lang='lat' dir='ltr'><strong>et</strong></span> <span class='ocrx_word' id='word_1_482' title='bbox 3754 1903 4229 1983; x_wconf 71' lang='lat' dir='ltr'><strong>yynaeoooratia</strong></span> <span class='ocrx_word' id='word_1_483' title='bbox 4280 1903 4349 1966; x_wconf 73' lang='lat' dir='ltr'><strong>in</strong></span> <span class='ocrx_word' id='word_1_484' title='bbox 4396 1903 4655 1967; x_wconf 60' lang='lat' dir='ltr'><strong>nim</strong></span> 
     </span>
     <span class='ocr_line' id='line_1_66' title="bbox 2680 1985 4653 2070; baseline 0.001 -18"><span class='ocrx_word' id='word_1_485' title='bbox 2680 1986 2973 2052; x_wconf 69' lang='lat' dir='ltr'><strong>trahitur.</strong></span> <span class='ocrx_word' id='word_1_486' title='bbox 3048 1985 3245 2070; x_wconf 67' lang='lat' dir='ltr'><strong>Reyis</strong></span> <span class='ocrx_word' id='word_1_487' title='bbox 3285 1988 3405 2051; x_wconf 73' lang='lat' dir='ltr'><strong>iter</strong></span> <span class='ocrx_word' id='word_1_488' title='bbox 3444 1988 3734 2066; x_wconf 72' lang='lat' dir='ltr'><strong>proxim</strong></span> <span class='ocrx_word' id='word_1_489' title='bbox 3770 1988 4017 2054; x_wconf 73' lang='lat' dir='ltr'><strong>instans</strong></span> <span class='ocrx_word' id='word_1_490' title='bbox 4057 1986 4449 2055; x_wconf 56' lang='lat' dir='ltr'><strong>describitur.</strong></span> <span class='ocrx_word' id='word_1_491' title='bbox 4516 1987 4653 2054; x_wconf 71' lang='lat' dir='ltr'><strong>Cal·</strong></span> 
     </span>
     <span class='ocr_line' id='line_1_67' title="bbox 2681 2072 4653 2224; baseline 0.001 -87"><span class='ocrx_word' id='word_1_492' title='bbox 2681 2074 2862 2224; x_wconf 37' lang='lat'><strong>322&amp;</strong></span> <span class='ocrx_word' id='word_1_493' title='bbox 2879 2072 3163 2138; x_wconf 72' lang='lat' dir='ltr'><strong>valetudo</strong></span> <span class='ocrx_word' id='word_1_494' title='bbox 3226 2072 3548 2153; x_wconf 79' lang='lat' dir='ltr'><strong>deplorata</strong></span> <span class='ocrx_word' id='word_1_495' title='bbox 3615 2077 3893 2138; x_wconf 73' lang='lat' dir='ltr'><strong>eoetrema</strong></span> <span class='ocrx_word' id='word_1_496' title='bbox 3949 2094 4230 2156; x_wconf 75' lang='lat' dir='ltr'><strong>quaeque</strong></span> <span class='ocrx_word' id='word_1_497' title='bbox 4282 2077 4653 2157; x_wconf 58' lang='lat' dir='ltr'><strong>praesap‘n</strong></span> 
     </span>
    </p>
   </div>
   <div class='ocr_carea' id='block_1_14' title="bbox 2968 2327 4355 2399">
    <p class='ocr_par' dir='ltr' id='par_1_17' title="bbox 2968 2327 4355 2399">
     <span class='ocr_line' id='line_1_68' title="bbox 2968 2327 4355 2399; baseline -0.001 -17"><span class='ocrx_word' id='word_1_498' title='bbox 2968 2329 3080 2394; x_wconf 81' lang='lat' dir='ltr'><strong>(Ex</strong></span> <span class='ocrx_word' id='word_1_499' title='bbox 3117 2328 3465 2397; x_wconf 75' lang='lat' dir='ltr'><strong>autographo</strong></span> <span class='ocrx_word' id='word_1_500' title='bbox 3501 2327 3635 2382; x_wconf 86' lang='lat' dir='ltr'><strong>Cod.</strong></span> <span class='ocrx_word' id='word_1_501' title='bbox 3676 2328 3881 2383; x_wconf 70' lang='lat' dir='ltr'><strong>Gener.</strong></span> <span class='ocrx_word' id='word_1_502' title='bbox 3921 2328 4040 2398; x_wconf 84' lang='lat'>118,</span> <span class='ocrx_word' id='word_1_503' title='bbox 4076 2330 4167 2384; x_wconf 77' lang='lat' dir='ltr'><strong>fol.</strong></span> <span class='ocrx_word' id='word_1_504' title='bbox 4212 2329 4355 2399; x_wconf 77' lang='lat'><strong>166.)</strong></span> 
     </span>
    </p>
   </div>
   <div class='ocr_carea' id='block_1_15' title="bbox 2681 2499 4647 2671">
    <p class='ocr_par' dir='ltr' id='par_1_18' title="bbox 2681 2499 4647 2671">
     <span class='ocr_line' id='line_1_69' title="bbox 2854 2499 4647 2588; baseline 0.003 -24"><span class='ocrx_word' id='word_1_505' title='bbox 2854 2500 3121 2564; x_wconf 78' lang='lat' dir='ltr'><strong>Eximio</strong></span> <span class='ocrx_word' id='word_1_506' title='bbox 3179 2499 3438 2565; x_wconf 79' lang='lat' dir='ltr'><strong>Christi</strong></span> <span class='ocrx_word' id='word_1_507' title='bbox 3517 2521 3710 2565; x_wconf 87' lang='lat' dir='ltr'><strong>servo</strong></span> <span class='ocrx_word' id='word_1_508' title='bbox 3769 2500 3853 2565; x_wconf 89' lang='lat' dir='ltr'><strong>D.</strong></span> <span class='ocrx_word' id='word_1_509' title='bbox 3914 2501 4206 2567; x_wconf 78' lang='lat' dir='ltr'><strong>Hem-ico</strong></span> <span class='ocrx_word' id='word_1_510' title='bbox 4264 2503 4647 2588; x_wconf 72' lang='lat' dir='ltr'><strong>Bullingem</strong></span> 
     </span>
     <span class='ocr_line' id='line_1_70' title="bbox 2681 2584 4647 2671; baseline 0.004 -21"><span class='ocrx_word' id='word_1_511' title='bbox 2681 2586 2857 2670; x_wconf 85' lang='lat' dir='ltr'><strong>patri</strong></span> <span class='ocrx_word' id='word_1_512' title='bbox 2901 2586 3065 2651; x_wconf 88' lang='lat' dir='ltr'><strong>mihi</strong></span> <span class='ocrx_word' id='word_1_513' title='bbox 3109 2585 3470 2668; x_wconf 90' lang='lat' dir='ltr'><strong>plurimum</strong></span> <span class='ocrx_word' id='word_1_514' title='bbox 3516 2584 3926 2652; x_wconf 87' lang='lat' dir='ltr'><strong>observando</strong></span> <span class='ocrx_word' id='word_1_515' title='bbox 3949 2587 4309 2671; x_wconf 70' lang='lat' dir='ltr'><strong>&#39;sigui-inae</strong></span> <span class='ocrx_word' id='word_1_516' title='bbox 4344 2590 4647 2656; x_wconf 66' lang='lat' dir='ltr'><strong>ecclesi-e</strong></span> 
     </span>
    </p>
   </div>
   <div class='ocr_carea' id='block_1_16' title="bbox 2682 2671 4477 2845">
    <p class='ocr_par' dir='ltr' id='par_1_19' title="bbox 2682 2671 4477 2845">
     <span class='ocr_line' id='line_1_71' title="bbox 2682 2671 4477 2845; baseline 0 -108"><span class='ocrx_word' id='word_1_517' title='bbox 2682 2693 2838 2737; x_wconf 87' lang='lat' dir='ltr'><strong>vere</strong></span> <span class='ocrx_word' id='word_1_518' title='bbox 2882 2671 3012 2737; x_wconf 88' lang='lat' dir='ltr'><strong>fido</strong></span> <span class='ocrx_word' id='word_1_519' title='bbox 3056 2672 3323 2755; x_wconf 84' lang='lat' dir='ltr'><strong>pastori.</strong></span> <span class='ocrx_word' id='word_1_520' title='bbox 4230 2760 4477 2845; x_wconf 38' lang='lat' dir='ltr'>Tiguri—</span> 
     </span>
    </p>
   </div>
   <div class='ocr_carea' id='block_1_17' title="bbox 2675 2926 4642 4729">
    <p class='ocr_par' dir='ltr' id='par_1_20' title="bbox 2675 2926 4642 4211">
     <span class='ocr_line' id='line_1_72' title="bbox 2856 2926 4642 3012; baseline 0.003 -19"><span class='ocrx_word' id='word_1_521' title='bbox 2856 2926 2928 2994; x_wconf 78' lang='lat' dir='ltr'><strong>S.</strong></span> <span class='ocrx_word' id='word_1_522' title='bbox 2974 2927 3214 2993; x_wconf 82' lang='lat' dir='ltr'><strong>Noster</strong></span> <span class='ocrx_word' id='word_1_523' title='bbox 3269 2928 3397 2993; x_wconf 90' lang='lat' dir='ltr'><strong>iste</strong></span> <span class='ocrx_word' id='word_1_524' title='bbox 3444 2928 3763 3011; x_wconf 69' lang='lat' dir='ltr'><strong>Martyris</strong></span> <span class='ocrx_word' id='word_1_525' title='bbox 3817 2949 4029 3012; x_wconf 90' lang='lat' dir='ltr'><strong>nuper</strong></span> <span class='ocrx_word' id='word_1_526' title='bbox 4094 2932 4303 2999; x_wconf 86' lang='lat' dir='ltr'><strong>nostri</strong></span> <span class='ocrx_word' id='word_1_527' title='bbox 4364 2935 4642 2999; x_wconf 61' lang='lat' dir='ltr'><strong>sororia</strong></span> 
     </span>
     <span class='ocr_line' id='line_1_73' title="bbox 2686 3014 4641 3103; baseline 0.004 -24"><span class='ocrx_word' id='word_1_528' title='bbox 2686 3014 2804 3081; x_wconf 87' lang='lat' dir='ltr'><strong>tibi</strong></span> <span class='ocrx_word' id='word_1_529' title='bbox 2868 3022 3153 3098; x_wconf 82' lang='lat' dir='ltr'><strong>exponet</strong></span> <span class='ocrx_word' id='word_1_530' title='bbox 3218 3014 3535 3081; x_wconf 79' lang='lat' dir='ltr'><strong>Amiralii</strong></span> <span class='ocrx_word' id='word_1_531' title='bbox 3613 3015 3819 3080; x_wconf 88' lang='lat' dir='ltr'><strong>nostri</strong></span> <span class='ocrx_word' id='word_1_532' title='bbox 3888 3027 4136 3083; x_wconf 83' lang='lat' dir='ltr'><strong>statum</strong></span> <span class='ocrx_word' id='word_1_533' title='bbox 4202 3027 4273 3084; x_wconf 86' lang='lat' dir='ltr'><strong>et</strong></span> <span class='ocrx_word' id='word_1_534' title='bbox 4335 3039 4501 3103; x_wconf 83' lang='grc'><strong>6666</strong></span> <span class='ocrx_word' id='word_1_535' title='bbox 4564 3021 4641 3086; x_wconf 73' lang='lat' dir='ltr'><strong>uit</strong></span> 
     </span>
     <span class='ocr_line' id='line_1_74' title="bbox 2683 3099 4637 3189; baseline 0.002 -22"><span class='ocrx_word' id='word_1_536' title='bbox 2683 3099 2946 3167; x_wconf 83' lang='lat' dir='ltr'><strong>Galliae</strong></span> <span class='ocrx_word' id='word_1_537' title='bbox 2985 3101 3214 3167; x_wconf 81' lang='lat' dir='ltr'><strong>facies:</strong></span> <span class='ocrx_word' id='word_1_538' title='bbox 3282 3100 3586 3183; x_wconf 89' lang='lat' dir='ltr'><strong>quamvis</strong></span> <span class='ocrx_word' id='word_1_539' title='bbox 3645 3099 3870 3166; x_wconf 89' lang='lat' dir='ltr'><strong>nullus</strong></span> <span class='ocrx_word' id='word_1_540' title='bbox 3929 3101 4124 3169; x_wconf 89' lang='lat' dir='ltr'><strong>hodie</strong></span> <span class='ocrx_word' id='word_1_541' title='bbox 4168 3103 4363 3169; x_wconf 89' lang='lat' dir='ltr'><strong>homo</strong></span> <span class='ocrx_word' id='word_1_542' title='bbox 4406 3107 4495 3170; x_wconf 78' lang='lat' dir='ltr'><strong>sit</strong></span> <span class='ocrx_word' id='word_1_543' title='bbox 4534 3108 4637 3189; x_wconf 85' lang='lat' dir='ltr'><strong>qui</strong></span> 
     </span>
     <span class='ocr_line' id='line_1_75' title="bbox 2680 3184 4639 3270; baseline 0.003 -18"><span class='ocrx_word' id='word_1_544' title='bbox 2680 3187 2841 3252; x_wconf 88' lang='lat' dir='ltr'><strong>satis</strong></span> <span class='ocrx_word' id='word_1_545' title='bbox 2905 3184 3074 3251; x_wconf 89' lang='lat' dir='ltr'><strong>bene</strong></span> <span class='ocrx_word' id='word_1_546' title='bbox 3137 3187 3345 3269; x_wconf 89' lang='lat' dir='ltr'><strong>possit</strong></span> <span class='ocrx_word' id='word_1_547' title='bbox 3401 3185 3528 3253; x_wconf 87' lang='lat' dir='ltr'><strong>hoc</strong></span> <span class='ocrx_word' id='word_1_548' title='bbox 3592 3187 3940 3270; x_wconf 84' lang='lat' dir='ltr'><strong>explicare.</strong></span> <span class='ocrx_word' id='word_1_549' title='bbox 4031 3186 4213 3270; x_wconf 80' lang='lat' dir='ltr'><strong>Quot</strong></span> <span class='ocrx_word' id='word_1_550' title='bbox 4274 3192 4453 3255; x_wconf 88' lang='lat' dir='ltr'><strong>enim</strong></span> <span class='ocrx_word' id='word_1_551' title='bbox 4514 3192 4639 3257; x_wconf 71' lang='lat' dir='ltr'><strong>ini:</strong></span> 
     </span>
     <span class='ocr_line' id='line_1_76' title="bbox 2681 3271 4637 3342; baseline 0.003 -6"><span class='ocrx_word' id='word_1_552' title='bbox 2681 3282 2837 3337; x_wconf 84' lang='lat' dir='ltr'><strong>sunt</strong></span> <span class='ocrx_word' id='word_1_553' title='bbox 2892 3293 3025 3337; x_wconf 93' lang='lat' dir='ltr'><strong>non</strong></span> <span class='ocrx_word' id='word_1_554' title='bbox 3087 3271 3284 3338; x_wconf 89' lang='lat' dir='ltr'><strong>urbes</strong></span> <span class='ocrx_word' id='word_1_555' title='bbox 3341 3280 3602 3337; x_wconf 88' lang='lat' dir='ltr'><strong>tantum</strong></span> <span class='ocrx_word' id='word_1_556' title='bbox 3662 3271 3781 3338; x_wconf 86' lang='lat' dir='ltr'><strong>sed</strong></span> <span class='ocrx_word' id='word_1_557' title='bbox 3823 3275 4026 3339; x_wconf 82' lang='lat' dir='ltr'><strong>etiam</strong></span> <span class='ocrx_word' id='word_1_558' title='bbox 4070 3276 4203 3341; x_wconf 87' lang='lat' dir='ltr'><strong>vici</strong></span> <span class='ocrx_word' id='word_1_559' title='bbox 4244 3288 4315 3341; x_wconf 82' lang='lat' dir='ltr'><strong>et</strong></span> <span class='ocrx_word' id='word_1_560' title='bbox 4355 3297 4541 3342; x_wconf 81' lang='lat' dir='ltr'><strong>arces</strong></span> <span class='ocrx_word' id='word_1_561' title='bbox 4578 3294 4637 3342; x_wconf 80' lang='lat' dir='ltr'><strong>et</strong></span> 
     </span>
     <span class='ocr_line' id='line_1_77' title="bbox 2682 3356 4635 3443; baseline 0.004 -22"><span class='ocrx_word' id='word_1_562' title='bbox 2682 3356 2932 3434; x_wconf 88' lang='lat' dir='ltr'><strong>domus,</strong></span> <span class='ocrx_word' id='word_1_563' title='bbox 2978 3367 3073 3421; x_wconf 90' lang='lat' dir='ltr'><strong>tot</strong></span> <span class='ocrx_word' id='word_1_564' title='bbox 3118 3377 3325 3440; x_wconf 80' lang='lat' dir='ltr'><strong>paene</strong></span> <span class='ocrx_word' id='word_1_565' title='bbox 3367 3368 3528 3424; x_wconf 91' lang='lat' dir='ltr'><strong>sunt</strong></span> <span class='ocrx_word' id='word_1_566' title='bbox 3570 3356 3870 3425; x_wconf 87' lang='lat' dir='ltr'><strong>diversae</strong></span> <span class='ocrx_word' id='word_1_567' title='bbox 3926 3361 4199 3443; x_wconf 86' lang='lat' dir='ltr'><strong>species.</strong></span> <span class='ocrx_word' id='word_1_568' title='bbox 4288 3360 4429 3429; x_wconf 85' lang='lat' dir='ltr'><strong>Nec</strong></span> <span class='ocrx_word' id='word_1_569' title='bbox 4470 3368 4635 3428; x_wconf 75' lang='lat' dir='ltr'><strong>enin</strong></span> 
     </span>
     <span class='ocr_line' id='line_1_78' title="bbox 2680 3441 4635 3531; baseline 0.003 -24"><span class='ocrx_word' id='word_1_570' title='bbox 2680 3451 2896 3526; x_wconf 86' lang='lat' dir='ltr'><strong>potest</strong></span> <span class='ocrx_word' id='word_1_571' title='bbox 2940 3441 3146 3508; x_wconf 83' lang='lat' dir='ltr'><strong>Satan</strong></span> <span class='ocrx_word' id='word_1_572' title='bbox 3216 3463 3303 3508; x_wconf 85' lang='lat' dir='ltr'><strong>ex</strong></span> <span class='ocrx_word' id='word_1_573' title='bbox 3368 3464 3489 3510; x_wconf 91' lang='grc'><strong>666</strong></span> <span class='ocrx_word' id='word_1_574' title='bbox 3546 3442 3814 3510; x_wconf 81' lang='lat' dir='ltr'><strong>castello</strong></span> <span class='ocrx_word' id='word_1_575' title='bbox 3869 3446 4013 3511; x_wconf 90' lang='grc'><strong>6166</strong></span> <span class='ocrx_word' id='word_1_576' title='bbox 4072 3447 4316 3531; x_wconf 81' lang='lat' dir='ltr'><strong>insigni</strong></span> <span class='ocrx_word' id='word_1_577' title='bbox 4360 3449 4635 3513; x_wconf 74' lang='lat' dir='ltr'><strong>tumultu</strong></span> 
     </span>
     <span class='ocr_line' id='line_1_79' title="bbox 2679 3527 4631 3619; baseline 0.003 -25"><span class='ocrx_word' id='word_1_578' title='bbox 2679 3527 3043 3605; x_wconf 84' lang='lat' dir='ltr'><strong>deturbari,</strong></span> <span class='ocrx_word' id='word_1_579' title='bbox 3090 3540 3158 3593; x_wconf 91' lang='lat' dir='ltr'><strong>et</strong></span> <span class='ocrx_word' id='word_1_580' title='bbox 3198 3527 3268 3593; x_wconf 89' lang='lat' dir='ltr'><strong>in</strong></span> <span class='ocrx_word' id='word_1_581' title='bbox 3312 3527 3446 3594; x_wconf 93' lang='lat' dir='ltr'><strong>illis</strong></span> <span class='ocrx_word' id='word_1_582' title='bbox 3488 3530 3900 3614; x_wconf 82' lang='lat' dir='ltr'><strong>regionibus,</strong></span> <span class='ocrx_word' id='word_1_583' title='bbox 3950 3540 4149 3614; x_wconf 85' lang='lat' dir='ltr'><strong>prout</strong></span> <span class='ocrx_word' id='word_1_584' title='bbox 4189 3531 4483 3599; x_wconf 83' lang='lat' dir='ltr'><strong>locorum</strong></span> <span class='ocrx_word' id='word_1_585' title='bbox 4524 3556 4631 3619; x_wconf 66' lang='lat' dir='ltr'><strong>gu-</strong></span> 
     </span>
     <span class='ocr_line' id='line_1_80' title="bbox 2677 3612 4629 3701; baseline 0.004 -23"><span class='ocrx_word' id='word_1_586' title='bbox 2677 3612 3055 3679; x_wconf 88' lang='lat' dir='ltr'><strong>bernatores</strong></span> <span class='ocrx_word' id='word_1_587' title='bbox 3120 3612 3228 3679; x_wconf 89' lang='lat' dir='ltr'><strong>vel</strong></span> <span class='ocrx_word' id='word_1_588' title='bbox 3294 3613 3542 3679; x_wconf 90' lang='lat' dir='ltr'><strong>domini</strong></span> <span class='ocrx_word' id='word_1_589' title='bbox 3608 3616 3679 3680; x_wconf 91' lang='lat' dir='ltr'><strong>in</strong></span> <span class='ocrx_word' id='word_1_590' title='bbox 3745 3616 3917 3682; x_wconf 85' lang='lat' dir='ltr'><strong>hanc</strong></span> <span class='ocrx_word' id='word_1_591' title='bbox 3980 3616 4091 3682; x_wconf 88' lang='lat' dir='ltr'><strong>vel</strong></span> <span class='ocrx_word' id='word_1_592' title='bbox 4156 3617 4339 3683; x_wconf 85' lang='lat' dir='ltr'><strong>illam</strong></span> <span class='ocrx_word' id='word_1_593' title='bbox 4394 3634 4629 3701; x_wconf 63' lang='lat' dir='ltr'><strong>parm</strong></span> 
     </span>
     <span class='ocr_line' id='line_1_81' title="bbox 2676 3698 4629 3784; baseline 0.003 -20"><span class='ocrx_word' id='word_1_594' title='bbox 2676 3698 3119 3782; x_wconf 88' lang='lat' dir='ltr'><strong>propendent,</strong></span> <span class='ocrx_word' id='word_1_595' title='bbox 3179 3720 3446 3767; x_wconf 88' lang='grc'><strong>6666666</strong></span> <span class='ocrx_word' id='word_1_596' title='bbox 3503 3712 3607 3765; x_wconf 87' lang='lat' dir='ltr'><strong>est</strong></span> <span class='ocrx_word' id='word_1_597' title='bbox 3659 3721 3919 3784; x_wconf 88' lang='lat' dir='ltr'><strong>quoque</strong></span> <span class='ocrx_word' id='word_1_598' title='bbox 3962 3703 4272 3769; x_wconf 79' lang='lat' dir='ltr'><strong>ecclesias</strong></span> <span class='ocrx_word' id='word_1_599' title='bbox 4316 3702 4629 3771; x_wconf 69' lang='lat' dir='ltr'><strong>diver-</strong></span> 
     </span>
     <span class='ocr_line' id='line_1_82' title="bbox 2676 3783 4627 3870; baseline 0.003 -20"><span class='ocrx_word' id='word_1_600' title='bbox 2676 3783 3118 3850; x_wconf 83' lang='lat' dir='ltr'><strong>conditionem</strong></span> <span class='ocrx_word' id='word_1_601' title='bbox 3164 3785 3482 3868; x_wconf 81' lang='lat' dir='ltr'><strong>experiri,</strong></span> <span class='ocrx_word' id='word_1_602' title='bbox 3550 3788 3860 3870; x_wconf 81' lang='lat' dir='ltr'><strong>quoniam</strong></span> <span class='ocrx_word' id='word_1_603' title='bbox 3907 3786 4169 3853; x_wconf 72' lang='lat' dir='ltr'><strong>Galliae</strong></span> <span class='ocrx_word' id='word_1_604' title='bbox 4212 3801 4429 3855; x_wconf 74' lang='lat' dir='ltr'><strong>status</strong></span> <span class='ocrx_word' id='word_1_605' title='bbox 4470 3812 4627 3855; x_wconf 81' lang='lat' dir='ltr'><strong>nune</strong></span> 
     </span>
     <span class='ocr_line' id='line_1_83' title="bbox 2677 3871 4627 3957; baseline 0.003 -23"><span class='ocrx_word' id='word_1_606' title='bbox 2677 3871 3077 3952; x_wconf 84' lang='lat' dir='ltr'><strong>compositus</strong></span> <span class='ocrx_word' id='word_1_607' title='bbox 3120 3881 3220 3936; x_wconf 89' lang='lat' dir='ltr'><strong>est</strong></span> <span class='ocrx_word' id='word_1_608' title='bbox 3266 3872 3508 3954; x_wconf 88' lang='lat' dir='ltr'><strong>partim</strong></span> <span class='ocrx_word' id='word_1_609' title='bbox 3555 3892 3637 3935; x_wconf 85' lang='lat' dir='ltr'><strong>ex</strong></span> <span class='ocrx_word' id='word_1_610' title='bbox 3683 3871 3877 3955; x_wconf 74' lang='grc' dir='ltr'><strong><em>ἀναρχ</em></strong></span> <span class='ocrx_word' id='word_1_611' title='bbox 3958 3921 3977 3951; x_wconf 88' lang='grc'>,</span> <span class='ocrx_word' id='word_1_612' title='bbox 4034 3876 4275 3957; x_wconf 85' lang='lat' dir='ltr'><strong>partim</strong></span> <span class='ocrx_word' id='word_1_613' title='bbox 4321 3897 4403 3941; x_wconf 85' lang='lat' dir='ltr'><strong>ex</strong></span> <span class='ocrx_word' id='word_1_614' title='bbox 4450 3902 4627 3954; x_wconf 70' lang='lat'><strong>7⁸⁵-</strong></span> 
     </span>
     <span class='ocr_line' id='line_1_84' title="bbox 2675 3956 4627 4046; baseline 0.004 -28"><span class='ocrx_word' id='word_1_615' title='bbox 2675 3964 2974 4046; x_wconf 67' lang='grc' dir='ltr'><strong>κοκρατίςι.</strong></span> <span class='ocrx_word' id='word_1_616' title='bbox 3077 3956 3352 4024; x_wconf 85' lang='lat' dir='ltr'><strong>Utinam</strong></span> <span class='ocrx_word' id='word_1_617' title='bbox 3437 3956 3550 4022; x_wconf 86' lang='lat' dir='ltr'><strong>det</strong></span> <span class='ocrx_word' id='word_1_618' title='bbox 3615 3958 3804 4023; x_wconf 88' lang='lat' dir='ltr'><strong>nobis</strong></span> <span class='ocrx_word' id='word_1_619' title='bbox 3926 3960 4191 4025; x_wconf 89' lang='lat' dir='ltr'><strong>ominus</strong></span> <span class='ocrx_word' id='word_1_620' title='bbox 4257 3962 4507 4045; x_wconf 68' lang='lat' dir='ltr'><strong>placide</strong></span> <span class='ocrx_word' id='word_1_621' title='bbox 4568 3964 4627 4025; x_wconf 76' lang='lat' dir='ltr'><strong>in</strong></span> 
     </span>
     <span class='ocr_line' id='line_1_85' title="bbox 2676 4042 4625 4131; baseline 0.003 -25"><span class='ocrx_word' id='word_1_622' title='bbox 2676 4042 2928 4126; x_wconf 84' lang='lat' dir='ltr'><strong>gremio</strong></span> <span class='ocrx_word' id='word_1_623' title='bbox 3003 4042 3458 4125; x_wconf 86' lang='lat' dir='ltr'><strong>providentiae</strong></span> <span class='ocrx_word' id='word_1_624' title='bbox 3529 4044 3738 4125; x_wconf 87' lang='lat' dir='ltr'><strong>ipsius</strong></span> <span class='ocrx_word' id='word_1_625' title='bbox 3818 4046 4153 4126; x_wconf 84' lang='lat' dir='ltr'><strong>quiescere</strong></span> <span class='ocrx_word' id='word_1_626' title='bbox 4220 4058 4289 4109; x_wconf 85' lang='lat' dir='ltr'><strong>et</strong></span> <span class='ocrx_word' id='word_1_627' title='bbox 4354 4048 4625 4131; x_wconf 75' lang='lat' dir='ltr'><strong>singulm</strong></span> 
     </span>
     <span class='ocr_line' id='line_1_86' title="bbox 2677 4138 3395 4211; baseline 0.003 -18"><span class='ocrx_word' id='word_1_628' title='bbox 2677 4138 2952 4193; x_wconf 85' lang='lat' dir='ltr'><strong>eventus</strong></span> <span class='ocrx_word' id='word_1_629' title='bbox 2995 4140 3395 4211; x_wconf 84' lang='lat' dir='ltr'><strong>exspectare.</strong></span> 
     </span>
    </p>

    <p class='ocr_par' dir='ltr' id='par_1_21' title="bbox 2677 4212 4627 4729">
     <span class='ocr_line' id='line_1_87' title="bbox 2848 4212 4625 4298; baseline 0.003 -20"><span class='ocrx_word' id='word_1_630' title='bbox 2848 4212 2991 4278; x_wconf 89' lang='lat' dir='ltr'><strong>Iam</strong></span> <span class='ocrx_word' id='word_1_631' title='bbox 3047 4223 3305 4297; x_wconf 82' lang='lat' dir='ltr'><strong>oportet</strong></span> <span class='ocrx_word' id='word_1_632' title='bbox 3352 4213 3583 4297; x_wconf 75' lang='lat' dir='ltr'><strong>Reyem</strong></span> <span class='ocrx_word' id='word_1_633' title='bbox 3642 4237 3774 4280; x_wconf 89' lang='grc'><strong>666</strong></span> <span class='ocrx_word' id='word_1_634' title='bbox 3830 4215 4057 4298; x_wconf 86' lang='lat' dir='ltr'><strong>procul</strong></span> <span class='ocrx_word' id='word_1_635' title='bbox 4122 4239 4265 4283; x_wconf 88' lang='grc'><strong>6666</strong></span> <span class='ocrx_word' id='word_1_636' title='bbox 4320 4218 4559 4295; x_wconf 65' lang='lat' dir='ltr'><strong>Burro,</strong></span> <span class='ocrx_word' id='word_1_637' title='bbox 4582 4224 4625 4295; x_wconf 79' lang='lat'><strong>¹)</strong></span> 
     </span>
     <span class='ocr_line' id='line_1_88' title="bbox 2677 4298 4623 4389; baseline 0.003 -26"><span class='ocrx_word' id='word_1_638' title='bbox 2677 4298 2854 4363; x_wconf 85' lang='lat' dir='ltr'><strong>ultra</strong></span> <span class='ocrx_word' id='word_1_639' title='bbox 2910 4299 3083 4382; x_wconf 91' lang='lat' dir='ltr'><strong>quod</strong></span> <span class='ocrx_word' id='word_1_640' title='bbox 3140 4299 3453 4382; x_wconf 90' lang='lat' dir='ltr'><strong>oppidum</strong></span> <span class='ocrx_word' id='word_1_641' title='bbox 3514 4299 3934 4366; x_wconf 80' lang='lat' dir='ltr'><strong>existimatur</strong></span> <span class='ocrx_word' id='word_1_642' title='bbox 3978 4322 4114 4366; x_wconf 89' lang='lat' dir='ltr'><strong>non</strong></span> <span class='ocrx_word' id='word_1_643' title='bbox 4158 4323 4306 4368; x_wconf 79' lang='lat' dir='ltr'><strong>esse</strong></span> <span class='ocrx_word' id='word_1_644' title='bbox 4348 4326 4623 4389; x_wconf 63' lang='lat' dir='ltr'><strong>progre-</strong></span> 
     </span>
     <span class='ocr_line' id='line_1_89' title="bbox 2677 4384 4623 4475; baseline 0.002 -25"><span class='ocrx_word' id='word_1_645' title='bbox 2677 4406 2884 4450; x_wconf 87' lang='lat' dir='ltr'><strong>surus.</strong></span> <span class='ocrx_word' id='word_1_646' title='bbox 2977 4384 3143 4450; x_wconf 87' lang='lat' dir='ltr'><strong>Inde</strong></span> <span class='ocrx_word' id='word_1_647' title='bbox 3188 4407 3306 4468; x_wconf 90' lang='lat' dir='ltr'><strong>per</strong></span> <span class='ocrx_word' id='word_1_648' title='bbox 3352 4384 3817 4471; x_wconf 83' lang='lat' dir='ltr'><strong>Burgundiam</strong></span> <span class='ocrx_word' id='word_1_649' title='bbox 3862 4395 4183 4453; x_wconf 88' lang='lat' dir='ltr'><strong>venturus</strong></span> <span class='ocrx_word' id='word_1_650' title='bbox 4228 4405 4329 4454; x_wconf 82' lang='lat' dir='ltr'><strong>est</strong></span> <span class='ocrx_word' id='word_1_651' title='bbox 4374 4388 4623 4475; x_wconf 78' lang='lat' dir='ltr'><strong>Lugdu-</strong></span> 
     </span>
     <span class='ocr_line' id='line_1_90' title="bbox 2680 4470 4627 4558; baseline 0.003 -23"><span class='ocrx_word' id='word_1_652' title='bbox 2680 4491 2838 4535; x_wconf 91' lang='lat' dir='ltr'><strong>num</strong></span> <span class='ocrx_word' id='word_1_653' title='bbox 2902 4470 3163 4536; x_wconf 86' lang='lat' dir='ltr'><strong>circiter</strong></span> <span class='ocrx_word' id='word_1_654' title='bbox 3219 4480 3589 4536; x_wconf 82' lang='lat' dir='ltr'><strong>extremum</strong></span> <span class='ocrx_word' id='word_1_655' title='bbox 3638 4472 3913 4538; x_wconf 82' lang='lat' dir='ltr'><strong>Maium.</strong></span> <span class='ocrx_word' id='word_1_656' title='bbox 4005 4474 4105 4538; x_wconf 86' lang='lat' dir='ltr'><strong>Eo</strong></span> <span class='ocrx_word' id='word_1_657' title='bbox 4163 4495 4423 4558; x_wconf 89' lang='lat' dir='ltr'><strong>quoque</strong></span> <span class='ocrx_word' id='word_1_658' title='bbox 4486 4497 4627 4541; x_wconf 69' lang='lat' dir='ltr'><strong>m·</strong></span> 
     </span>
     <span class='ocr_line' id='line_1_91' title="bbox 2680 4556 4625 4642; baseline 0.002 -21"><span class='ocrx_word' id='word_1_659' title='bbox 2680 4563 2832 4621; x_wconf 89' lang='lat' dir='ltr'><strong>tura</strong></span> <span class='ocrx_word' id='word_1_660' title='bbox 2875 4567 2976 4622; x_wconf 92' lang='lat' dir='ltr'><strong>est</strong></span> <span class='ocrx_word' id='word_1_661' title='bbox 3013 4556 3351 4622; x_wconf 78' lang='lat' dir='ltr'><strong>Navarrae</strong></span> <span class='ocrx_word' id='word_1_662' title='bbox 3392 4559 3642 4641; x_wconf 82' lang='lat' dir='ltr'><strong>regina,</strong></span> <span class='ocrx_word' id='word_1_663' title='bbox 3688 4560 3875 4624; x_wconf 88' lang='lat' dir='ltr'><strong>cuius</strong></span> <span class='ocrx_word' id='word_1_664' title='bbox 3920 4563 4361 4642; x_wconf 80' lang='lat' dir='ltr'><strong>praesentiam</strong></span> <span class='ocrx_word' id='word_1_665' title='bbox 4406 4562 4625 4628; x_wconf 71' lang='lat' dir='ltr'><strong>nostri!</strong></span> 
     </span>
     <span class='ocr_line' id='line_1_92' title="bbox 2678 4641 4625 4729; baseline 0.002 -22"><span class='ocrx_word' id='word_1_666' title='bbox 2678 4641 3273 4707; x_wconf 78' lang='lat' dir='ltr'><strong>commodissimam</strong></span> <span class='ocrx_word' id='word_1_667' title='bbox 3316 4643 3454 4709; x_wconf 86' lang='lat' dir='ltr'><strong>fore</strong></span> <span class='ocrx_word' id='word_1_668' title='bbox 3496 4642 3852 4722; x_wconf 81' lang='lat' dir='ltr'><strong>confido.²)</strong></span> <span class='ocrx_word' id='word_1_669' title='bbox 3940 4642 4045 4709; x_wconf 88' lang='lat' dir='ltr'><strong>Ibi</strong></span> <span class='ocrx_word' id='word_1_670' title='bbox 4096 4666 4359 4729; x_wconf 85' lang='lat' dir='ltr'><strong>quoqne</strong></span> <span class='ocrx_word' id='word_1_671' title='bbox 4400 4649 4625 4714; x_wconf 64' lang='lat' dir='ltr'><strong>affun-</strong></span> 
     </span>
    </p>
   </div>
   <div class='ocr_carea' id='block_1_18' title="bbox 2684 4800 3047 4809">
    <p class='ocr_par' dir='ltr' id='par_1_22' title="bbox 2684 4800 3047 4809">
     <span class='ocr_line' id='line_1_93' title="bbox 2684 4800 3047 4809; baseline 0 1316"><span class='ocrx_word' id='word_1_672' title='bbox 2684 4800 3047 4809; x_wconf 95' lang='lat' dir='ltr'><strong> </strong></span> 
     </span>
    </p>
   </div>
   <div class='ocr_carea' id='block_1_19' title="bbox 2681 4880 4623 5433">
    <p class='ocr_par' dir='ltr' id='par_1_23' title="bbox 2681 4880 4623 5226">
     <span class='ocr_line' id='line_1_94' title="bbox 2681 4880 4623 4953; baseline -0.002 -17"><span class='ocrx_word' id='word_1_673' title='bbox 2681 4880 2955 4949; x_wconf 74' lang='lat' dir='ltr'><strong>4oee.1)</strong></span> <span class='ocrx_word' id='word_1_674' title='bbox 2998 4881 3118 4935; x_wconf 68' lang='lat' dir='ltr'><strong>Rex</strong></span> <span class='ocrx_word' id='word_1_675' title='bbox 3170 4896 3340 4950; x_wconf 73' lang='lat' dir='ltr'><strong>usque</strong></span> <span class='ocrx_word' id='word_1_676' title='bbox 3385 4880 3464 4934; x_wconf 75' lang='lat' dir='ltr'><strong>ad</strong></span> <span class='ocrx_word' id='word_1_677' title='bbox 3516 4882 3594 4935; x_wconf 84' lang='grc'><strong>16.</strong></span> <span class='ocrx_word' id='word_1_678' title='bbox 3632 4882 3853 4951; x_wconf 69' lang='lat' dir='ltr'><strong>Aprilis</strong></span> <span class='ocrx_word' id='word_1_679' title='bbox 3900 4884 4329 4953; x_wconf 63' lang='lat' dir='ltr'><strong>Auo-noemae</strong></span> <span class='ocrx_word' id='word_1_680' title='bbox 4378 4892 4403 4949; x_wconf 86' lang='grc'><strong>(</strong></span> <span class='ocrx_word' id='word_1_681' title='bbox 4610 4894 4623 4933; x_wconf 74' lang='grc' dir='ltr'><strong>ι</strong></span> 
     </span>
     <span class='ocr_line' id='line_1_95' title="bbox 2681 4949 4431 5019; baseline 0.001 -13"><span class='ocrx_word' id='word_1_682' title='bbox 2681 4957 3047 5006; x_wconf 66' lang='lat' dir='ltr'><strong>wau-oram</strong></span> <span class='ocrx_word' id='word_1_683' title='bbox 3076 4954 3268 5019; x_wconf 69' lang='lat' dir='ltr'><strong>posteo</strong></span> <span class='ocrx_word' id='word_1_684' title='bbox 3299 4949 3550 5004; x_wconf 69' lang='lat' dir='ltr'><strong>Bam-⁸</strong></span> <span class='ocrx_word' id='word_1_685' title='bbox 3586 4950 3984 5016; x_wconf 62' lang='lat' dir='ltr'><strong>(Barac-Due)</strong></span> <span class='ocrx_word' id='word_1_686' title='bbox 4032 4954 4297 5008; x_wconf 66' lang='grc' dir='ltr'><strong>666666ιὺ</strong></span> <span class='ocrx_word' id='word_1_687' title='bbox 4330 4954 4431 5008; x_wconf 62' lang='lat' dir='ltr'><strong>ab·</strong></span> 
     </span>
     <span class='ocr_line' id='line_1_96' title="bbox 2686 5019 4621 5087; baseline 0.001 -13"><span class='ocrx_word' id='word_1_688' title='bbox 2686 5019 2866 5074; x_wconf 65' lang='lat' dir='ltr'><strong>Maiis</strong></span> <span class='ocrx_word' id='word_1_689' title='bbox 2900 5020 3081 5087; x_wconf 74' lang='lat' dir='ltr'><strong>neptis</strong></span> <span class='ocrx_word' id='word_1_690' title='bbox 3115 5021 3235 5072; x_wconf 70' lang='lat' dir='ltr'><strong>eius</strong></span> <span class='ocrx_word' id='word_1_691' title='bbox 3268 5020 3555 5087; x_wconf 72' lang='lat' dir='ltr'><strong>baptisato</strong></span> <span class='ocrx_word' id='word_1_692' title='bbox 3591 5028 3687 5075; x_wconf 73' lang='lat' dir='ltr'><strong>m.</strong></span> <span class='ocrx_word' id='word_1_693' title='bbox 3736 5019 4032 5087; x_wconf 67' lang='lat' dir='ltr'><strong>(Bt-uslere</strong></span> <span class='ocrx_word' id='word_1_694' title='bbox 4068 5022 4109 5075; x_wconf 83' lang='lat'><strong>1.</strong></span> <span class='ocrx_word' id='word_1_695' title='bbox 4148 5020 4297 5087; x_wconf 67' lang='lat'>141.)</span> <span class='ocrx_word' id='word_1_696' title='bbox 4356 5022 4621 5087; x_wconf 59' lang='lat' dir='ltr'><strong>heah</strong></span> 
     </span>
     <span class='ocr_line' id='line_1_97' title="bbox 2682 5087 4623 5212; baseline 0.001 -71"><span class='ocrx_word' id='word_1_697' title='bbox 2682 5088 2735 5142; x_wconf 88' lang='lat' dir='ltr'><strong>le</strong></span> <span class='ocrx_word' id='word_1_698' title='bbox 2770 5087 2890 5158; x_wconf 79' lang='lat' dir='ltr'><strong>Boy</strong></span> <span class='ocrx_word' id='word_1_699' title='bbox 2926 5088 3101 5157; x_wconf 77' lang='lat' dir='ltr'><strong>partit</strong></span> <span class='ocrx_word' id='word_1_700' title='bbox 3133 5088 3204 5142; x_wconf 84' lang='lat' dir='ltr'><strong>de</strong></span> <span class='ocrx_word' id='word_1_701' title='bbox 3242 5087 3571 5142; x_wconf 82' lang='lat' dir='ltr'><strong>Bar-le-Duc</strong></span> <span class='ocrx_word' id='word_1_702' title='bbox 3602 5105 3756 5212; x_wconf 55' lang='lat' dir='ltr'><strong>⁸ffdur</strong></span> <span class='ocrx_word' id='word_1_703' title='bbox 3804 5088 3915 5143; x_wconf 85' lang='lat' dir='ltr'><strong>s&#39;en</strong></span> <span class='ocrx_word' id='word_1_704' title='bbox 3961 5090 4101 5144; x_wconf 78' lang='grc'><strong>61161·</strong></span> <span class='ocrx_word' id='word_1_705' title='bbox 4135 5092 4171 5146; x_wconf 64' lang='grc' dir='ltr'><strong>ὃ,</strong></span> <span class='ocrx_word' id='word_1_706' title='bbox 4205 5090 4453 5160; x_wconf 62' lang='lat' dir='ltr'><strong>Ianua</strong></span> <span class='ocrx_word' id='word_1_707' title='bbox 4480 5096 4537 5144; x_wconf 72' lang='lat' dir='ltr'><strong>et</strong></span> <span class='ocrx_word' id='word_1_708' title='bbox 4562 5088 4623 5142; x_wconf 66' lang='lat' dir='ltr'>b</span> 
     </span>
     <span class='ocr_line' id='line_1_98' title="bbox 2682 5155 3783 5226; baseline -0.002 -15"><span class='ocrx_word' id='word_1_709' title='bbox 2682 5158 2927 5225; x_wconf 82' lang='lat' dir='ltr'><strong>Langres</strong></span> <span class='ocrx_word' id='word_1_710' title='bbox 2961 5155 2996 5210; x_wconf 69' lang='grc' dir='ltr'><strong>ὁ</strong></span> <span class='ocrx_word' id='word_1_711' title='bbox 3030 5156 3189 5226; x_wconf 86' lang='lat' dir='ltr'><strong>Dijon</strong></span> <span class='ocrx_word' id='word_1_712' title='bbox 3224 5164 3283 5210; x_wconf 82' lang='lat' dir='ltr'><strong>et</strong></span> <span class='ocrx_word' id='word_1_713' title='bbox 3316 5156 3351 5210; x_wconf 74' lang='grc'><strong>6</strong></span> <span class='ocrx_word' id='word_1_714' title='bbox 3386 5157 3542 5226; x_wconf 78' lang='lat' dir='ltr'><strong>Lyon</strong></span> <span class='ocrx_word' id='word_1_715' title='bbox 3574 5155 3601 5225; x_wconf 93' lang='lat'>(</span> <span class='ocrx_word' id='word_1_716' title='bbox 3671 5160 3679 5170; x_wconf 87' lang='lat'>&#39;</span> <span class='ocrx_word' id='word_1_717' title='bbox 3720 5161 3783 5223; x_wconf 89' lang='lat'><strong>.).</strong></span> 
     </span>
    </p>

    <p class='ocr_par' dir='ltr' id='par_1_24' title="bbox 2685 5223 4621 5433">
     <span class='ocr_line' id='line_1_99' title="bbox 2888 5223 4619 5298; baseline 0.001 -20"><span class='ocrx_word' id='word_1_718' title='bbox 2888 5223 2951 5291; x_wconf 76' lang='lat'><strong>2)</strong></span> <span class='ocrx_word' id='word_1_719' title='bbox 2993 5226 3196 5280; x_wconf 76' lang='lat' dir='ltr'><strong>Pouree</strong></span> <span class='ocrx_word' id='word_1_720' title='bbox 3246 5242 3351 5295; x_wconf 86' lang='lat' dir='ltr'><strong>que</strong></span> <span class='ocrx_word' id='word_1_721' title='bbox 3401 5226 3453 5280; x_wconf 88' lang='lat' dir='ltr'><strong>le</strong></span> <span class='ocrx_word' id='word_1_722' title='bbox 3489 5226 3611 5296; x_wconf 77' lang='lat' dir='ltr'><strong>Boy</strong></span> <span class='ocrx_word' id='word_1_723' title='bbox 3649 5227 3750 5281; x_wconf 75' lang='lat' dir='ltr'><strong>seit</strong></span> <span class='ocrx_word' id='word_1_724' title='bbox 3794 5227 3939 5281; x_wconf 70' lang='grc'><strong>61161·</strong></span> <span class='ocrx_word' id='word_1_725' title='bbox 3981 5245 4088 5298; x_wconf 85' lang='lat' dir='ltr'><strong>que</strong></span> <span class='ocrx_word' id='word_1_726' title='bbox 4131 5244 4271 5283; x_wconf 75' lang='lat' dir='ltr'><strong>ceux</strong></span> <span class='ocrx_word' id='word_1_727' title='bbox 4316 5228 4387 5283; x_wconf 69' lang='lat' dir='ltr'><strong>de</strong></span> <span class='ocrx_word' id='word_1_728' title='bbox 4418 5226 4619 5283; x_wconf 67' lang='lat'><strong>1-</strong></span> 
     </span>
     <span class='ocr_line' id='line_1_100' title="bbox 2685 5292 4621 5433; baseline -0.002 -14"><span class='ocrx_word' id='word_1_729' title='bbox 2685 5292 3938 5433; x_wconf 47' lang='lat' dir='ltr'><strong>2&#39;1‘32&#39;32‘1ssssffsffss‘03353‘fflm„</strong></span> <span class='ocrx_word' id='word_1_730' title='bbox 3926 5298 4299 5421; x_wconf 37' lang='lat' dir='ltr'><strong>anm&amp;</strong></span> <span class='ocrx_word' id='word_1_731' title='bbox 4195 5296 4299 5353; x_wconf 73' lang='lat'><strong>‘⁸</strong></span> <span class='ocrx_word' id='word_1_732' title='bbox 4331 5298 4405 5422; x_wconf 62' lang='grc' dir='ltr'><strong>ξ’.</strong></span> <span class='ocrx_word' id='word_1_733' title='bbox 4424 5309 4621 5420; x_wconf 68' lang='lat'><strong>¹¹¹⁸:-</strong></span> 
     </span>
    </p>
   </div>
   <div class='ocr_carea' id='block_1_20' title="bbox 4792 2865 4802 4224">
    <p class='ocr_par' dir='ltr' id='par_1_25' title="bbox 4792 2865 4802 4224">
     <span class='ocr_line' id='line_1_101' title="bbox 4792 2865 4802 4224; baseline 0 0"><span class='ocrx_word' id='word_1_734' title='bbox 4792 2865 4802 4224; x_wconf 95' lang='lat' dir='ltr'><strong> </strong></span> 
     </span>
    </p>
   </div>
   <div class='ocr_carea' id='block_1_21' title="bbox 4777 4238 4795 6108">
    <p class='ocr_par' dir='ltr' id='par_1_26' title="bbox 4777 4238 4795 6108">
     <span class='ocr_line' id='line_1_102' title="bbox 4777 4238 4795 6108; baseline 0 0"><span class='ocrx_word' id='word_1_735' title='bbox 4777 4238 4795 6108; x_wconf 95' lang='lat' dir='ltr'><strong> </strong></span> 
     </span>
    </p>
   </div>
  </div>
 </body>
</html>
