4900 6125
584 387 677 456 4⁸

866 569 1095 639 fecisse
1134 567 1465 634 iniuriam.
1549 567 1643 635 Et
1682 566 1897 636 adhuc
1938 587 2201 635 mecum
2242 575 2555 652 expostu-

586 593 695 725 Ε
738 677 817 723 ac
869 655 929 723 si
980 654 1245 739 ingrato
1286 653 1709 740 malignoque
1748 655 1968 722 animo
2011 652 2136 720 hoc
2180 660 2366 720 tuum
2410 654 2556 719 offi-

589 744 777 812 cium
818 740 1199 825 respuerim.
1270 737 1624 807 Caeterum
1659 762 1792 807 non
1828 750 1933 807 est
1963 737 2138 824 quod
2170 739 2557 824 imagineris

587 850 721 896 nos
775 847 816 894 a
856 824 1335 909 Ohristophorc
1392 824 1740 909 Leopolita,
1766 829 1818 906 ε)
1865 824 2165 893 &neeri
2218 823 2556 908 discipulo,

582 914 797 982 fuisse
861 911 1184 997 deceptos.
1290 909 1540 979 Omnia
1599 910 1864 996 quidem
1928 910 2195 978 molitus
2267 919 2369 977 est
2431 931 2558 977 nec

586 998 949 1085 quidquam
1006 996 1231 1064 omisit
1287 995 1460 1080 quod
1514 995 1601 1063 ad
1658 1019 1777 1065 vos
1820 996 2232 1064 damnandos
2287 995 2556 1075 faceret,

583 1106 728 1153 non
772 1095 998 1149 tamen
1038 1083 1389 1166 persuasit.
1482 1083 1627 1150 lmo
1672 1081 1940 1151 cordate
2000 1081 2214 1166 repuli
2260 1083 2403 1148 eius
2445 1101 2556 1149 ca-

582 1170 895 1238 lumnias.
966 1166 1221 1253 Scripsi
1265 1170 1466 1235 etiam
1507 1168 1830 1248 Sancum,
1850 1170 1910 1246 ⁶)
1954 1168 2228 1234 minime
2271 1187 2556 1251 aequum

586 1277 737 1325 esse
778 1257 921 1322 eius
974 1255 1459 1322 accusationem
1502 1265 1730 1322 contra
1774 1276 1891 1321 vos
1946 1253 2223 1330 admitti,
2282 1254 2395 1337 qui
2439 1274 2556 1336 op·

590 1342 778 1409 timis
840 1339 996 1425 quib
1125 1361 1208 1406 ue
1267 1341 1575 1407 atrociter
1639 1341 1995 1408 conviciari
2060 1338 2294 1405 solitus
2358 1346 2554 1405 esset.

591 1428 741 1494 Iam
795 1448 916 1494 cur
957 1424 1148 1493 nobis
1206 1435 1345 1493 tam
1402 1427 1681 1503 infestus
1725 1435 1827 1493 est
1873 1425 2242 1504 scamaras,
2298 1431 2375 1490 ut
2417 1433 2560 1491 tota

590 1513 981 1598 intemperie
1024 1520 1255 1579 contra
1298 1533 1422 1578 nos
1466 1513 1736 1590 feratur,
1794 1512 1921 1578 nisi
1964 1510 2137 1596 quod
2180 1511 2474 1576 fraterne
2517 1531 2559 1577 a

593 1600 786 1667 nobis
826 1609 1133 1683 suscepta
1191 1606 1294 1665 est
1349 1619 1585 1666 causae
1641 1607 1908 1664 vestrae
1951 1595 2286 1663 defensio?
2369 1595 2558 1661 Dum

592 1685 781 1752 vobis
816 1683 1159 1752 studemus
1194 1683 1519 1768 prodesse,
1558 1703 1914 1767 provocare
1949 1704 2081 1748 non
2108 1682 2559 1748 dubitavimus

592 1770 927 1838 rabiosum
960 1791 1211 1837 canem.
1282 1770 1480 1837 Nune
1514 1790 1771 1855 quoque
1813 1788 2040 1835 secure
2075 1767 2560 1835 contemnimus

592 1856 873 1924 latratus
916 1865 985 1923 et
1038 1877 1296 1923 morsus
1339 1876 1569 1923 omnes
1611 1856 1852 1939 quibus
1895 1874 2016 1921 nos
2070 1854 2351 1938 impetit.
2423 1853 2559 1919 Fo-

594 1945 764 2010 vetis
820 1943 1076 2009 interea
1130 1943 1491 2026 pessimum
1545 1950 1615 2006 et
1668 1941 1903 2007 salutis
1947 1948 2209 2006 vestrae
2263 1949 2330 2004 et
2381 1959 2560 2005 eom-

593 2030 817 2095 munis
858 2027 1196 2095 doctrinae
1238 2035 1504 2095 nostrae
1541 2027 1814 2094 hostem.
1889 2025 2029 2091 Nec
2064 2024 2233 2091 mihi
2275 2023 2560 2090 liberum

598 2116 727 2180 erit
769 2113 1024 2198 placide
1066 2135 1335 2180 monere
1378 2122 1455 2178 ut
1497 2113 1579 2180 ab
1621 2133 1700 2178 eo
1743 2112 2049 2180 caveatis.
2128 2111 2433 2177 Profecto
2476 2111 2564 2177 si-

596 2200 737 2265 mul
783 2222 858 2267 ac
901 2199 1180 2266 redieris
1223 2199 1308 2266 ad
1364 2211 1431 2265 te
1484 2199 1723 2283 ipsum,
1784 2199 1996 2281 pietas
2041 2207 2162 2262 tua
2204 2206 2275 2262 et
2329 2197 2563 2281 singu-

597 2284 756 2352 laris
792 2286 1172 2352 humanitas
1211 2306 1501 2352 errorem
1539 2284 1912 2352 discutient.
1984 2284 2086 2349 Ac
2122 2302 2240 2366 per
2274 2304 2382 2348 me
2417 2281 2562 2367 qui-

600 2370 750 2438 dem
808 2370 1207 2438 inviolabilis
1260 2371 1465 2437 stabit
1520 2379 1751 2436 nostra
1793 2367 2184 2447 coniunctiO,
2239 2367 2433 2434 modo
2477 2389 2563 2433 ne

596 2457 796 2524 officii
855 2459 987 2523 mei
1044 2478 1309 2524 cursum
1368 2455 1704 2540 impedias.
1777 2455 1966 2532 Vale,
2025 2455 2442 2520 ornatissime
2497 2463 2564 2519 et

597 2541 1005 2610 observande
1061 2542 1285 2608 frater.
1359 2540 1686 2608 Dominus
1740 2540 1862 2607 tibi
1920 2560 2182 2623 semper
2237 2538 2428 2620 adsit,
2497 2547 2562 2605 te

596 2628 921 2714 gubernet
962 2650 1039 2696 ac
1094 2637 1363 2695 tueatur
1414 2628 1836 2695 incolumem.
1909 2624 2224 2710 Oollegae
2266 2626 2396 2692 mei
2440 2625 2563 2692 tibi

643 2714 951 2780 lurimam
1029 2714 1313 2781 salutem
1377 2712 1780 2781 adscribunt.
1887 2711 2204 2779 Genevae
2271 2716 2309 2775 7
2315 2762 2328 2777 .
2398 2710 2562 2778 Idus

661 2802 901 2868 ctobris
953 2803 1135 2866 1561.

1370 3094 1783 3104 ———--—-—

1480 3347 1679 3418 85⁶5.

985 3501 1462 3571 GALVINUS
1506 3498 2076 3569 RADZIVILIO.
2114 3504 2164 3580 ¹)

781 3676 1053 3742 Gratias
1107 3670 2563 3760 ayudemumsibioblatoprodedica-

600 3758 2564 3841 tioneoommestariiisada,simulverosuamsenten-

596 3843 2428 3930 tiamibideBlmdmtaprolatamtueturdvindioai.

630 4020 1003 4075 Decor-ibimus
1047 4035 1205 4102 exem
1244 4020 1329 4075 lar
1370 4017 1639 4100 manu-H.
1675 4018 1859 4072 Bullin
1933 4017 1983 4071 ri
2032 4017 2133 4071 mii
2187 4016 2453 4086 scriptum
2504 4016 2562 4071 in

604 4158 618 4172 ·
754 4088 934 4171 proh.
970 4090 1150 4145 Tune.
1238 4087 1280 4143 1.
1322 4086 1421 4142 168
1471 4087 1621 4170 ‚ol-im
1656 4086 1818 4168 Epp3
1884 4103 1991 4168 om.
2026 4084 2112 4151 25,
2160 4084 2254 4141 rol.
2293 4084 2394 4140 132
2438 4102 2564 4140 enm

599 4164 985 4240 inscnptiqnez
1040 4157 1151 4227 Ep.
1192 4155 1271 4211 D.
1322 4131 1543 4213 celim
1590 4156 1670 4211 ad
1716 4169 2026 4225 prinecps-i
2086 4155 2405 4210 Vama-⁸.
2477 4155 2562 4209 Ex

599 4233 760 4297 parte
796 4225 973 4281 edidit
1008 4227 1149 4282 Besa
1184 4225 1322 4281 Gen.
1359 4244 1414 4297 p.
1448 4223 1570 4287 256,
1624 4225 1787 4280 hus.
1824 4241 1876 4294 p.
1913 4222 2036 4291 532,
2085 4224 2295 4279 Hancv.
2383 4265 2396 4277 .
2439 4222 2562 4295 59⁷,

756 4294 971 4351 Ohouet
1002 4313 1057 4366 p.
1091 4294 1215 4360 35⁰,
1250 4296 1430 4351 Amat.
1466 4312 1524 4365 p.
1560 4292 1678 4348 160.
1750 4292 1830 4349 Cf.
1865 4293 2079 4348 Simler.
2120 4293 2239 4348 Vol.
2278 4241 2422 4360 103.)

771 4466 925 4533 Etsi
986 4466 1173 4546 mihi,
1240 4467 1683 4534 illustrissime
1746 4466 2054 4568 princeps
2069 4516 2086 4546 ,
2147 4484 2283 4531 ncn
2348 4467 2566 4551 potuit

597 4573 735 4621 non
812 4560 1076 4641 gratum
1144 4574 1288 4620 esse
1363 4551 1862 4620 benevolentiae
1926 4560 2185 4620 vestrae
2266 4552 2562 4620 testimo-

598 4642 804 4721 nium,
847 4660 1050 4725 quum
1090 4638 1174 4706 ad
1218 4659 1327 4706 me
1360 4638 1739 4706 humaniter
1773 4637 2059 4706 scribere
2093 4636 2350 4723 dignati
2384 4638 2562 4719 estis,

601 4724 813 4793 multo
876 4735 1101 4827 tamen
1166 4724 1588 4793 iucundiores
1651 4726 1962 4827 fuissent·
1996 4724 2244 4825 literae,
2312 4725 2372 4792 si
2426 4724 2562 4791 illis

602 4811 825 4895 palam
898 4812 1065 4879 mihi
1142 4813 1391 4879 factum
1462 4818 1677 4891 esset,
1744 4811 2134 4896 simphciter
2196 4832 2417 4878 meum
2487 4811 2562 4877 in
2664 4895 2728 4950 ἡ

2112 373 2642 446 EPISwLAB
2688 379 3114 444 3564—3507
4523 388 4600 449 u

2701 566 3064 633 raefatione
3118 564 3397 633 dicanda
3453 566 3748 633 studium
3801 568 3990 636 vobis
4088 568 4364 637 iacuisse
4415 590 4600 655 quam

2703 674 2820 719 um
2883 674 2966 718 ex
3030 650 3161 718 illis
3223 651 3521 803 intelligo
3585 654 3971 721 memoriam
4038 589 4298 722 dedisse
4338 676 4601 742 magnas

2656 737 3055 804 offensionis.
3143 738 3442 822 Expostu
3470 737 3599 806 atis
3615 741 3675 823 2)
3719 759 3980 807 mecum
4036 739 4211 823 quod
4256 741 4602 827 Georgium

2658 823 3091 890 Blandratam
3143 823 3552 909 singularem
3594 832 3898 892 vestrum
3955 827 4264 906 amicum,
4322 836 4390 893 et
4441 849 4606 895 com-

2657 922 2916 995 patrem
2975 909 3409 988 carissimum,
3469 909 3701 978 durius
3759 913 4300 996 perstrinxerim:
4356 912 4436 979 de
4489 912 4605 981 hac

2657 995 2921 1079 privata
2974 995 3334 1061 offensione
3387 995 3599 1063 facilis
3642 1004 3712 1062 et
3767 1006 4078 1082 prompta
4119 1005 4225 1064 est
4264 1000 4605 1080 excusatio,

2658 1101 2768 1147 me
2825 1080 2994 1145 nihil
3060 1080 3193 1146 tale
3244 1081 3450 1148 fuisse
3507 1083 3934 1167 suspicatum.
4030 1082 4232 1151 Oerte
4284 1105 4606 1169 nunquam

2660 1166 3063 1233 divinassem
3110 1174 3296 1233 tanto
3354 1169 3422 1232 in
3466 1170 3677 1251 pretio
3719 1168 3893 1254 apud
3939 1190 4061 1235 vos
4104 1170 4245 1236 fore
4288 1169 4608 1237 hominem

2660 1252 2872 1317 nihili.
2979 1252 3073 1317 Et
3148 1253 3462 1336 quoniam
3556 1274 3670 1320 vos
3762 1276 3896 1320 non
3976 1256 4206 1322 minus
4282 1256 4609 1340 praeclara

2659 1338 2835 1422 apud
2897 1358 3125 1403 omnes
3189 1339 3678 1406 existimatione
3743 1360 3939 1424 quam
4009 1340 4335 1427 dignitate
4391 1350 4459 1407 et
4497 1361 4608 1426 po·

2661 1425 2871 1489 tentia
2914 1425 3147 1490 florere
3191 1426 3402 1508 cupio,
3446 1425 3613 1490 mihi
3654 1445 3795 1492 non
3837 1447 4074 1509 parum
4121 1426 4300 1493 dolet
4341 1427 4609 1511 obliquis

2661 1511 2798 1575 suis
2843 1509 3094 1575 artibus
3136 1510 3230 1575 ita
3273 1531 3428 1576 eum
3471 1512 3839 1594 obrepsisse
3881 1511 3955 1578 in
3991 1521 4284 1579 vestram
4321 1514 4609 1598 gratiam.

2661 1593 2740 1662 Si
2782 1594 2948 1661 mihi
2993 1595 3302 1662 credibile
3336 1596 3585 1673 fuisset,
3625 1597 3981 1678 hominem,
4022 1599 4215 1665 cuius
4249 1599 4414 1664 mihi
4447 1618 4613 1665 com-

2662 1689 2849 1765 perta
2915 1689 3056 1746 erat
3122 1682 3443 1765 impietas,
3512 1683 3698 1749 vobis
3763 1704 3908 1750 esse
3973 1685 4390 1763 familiarem,
4446 1689 4614 1751 certe

2661 1767 2922 1850 privata
2958 1766 3404 1833 admonitione
3437 1768 3708 1835 fuissem
3741 1778 4114 1850 contentus,
4151 1769 4350 1855 idque
4374 1768 4613 1836 nomini

2660 1861 2884 1918 vestro
2934 1851 3276 1919 dedissem.
3299 1855 3357 1932 ⁸)
3458 1851 3594 1921 Sed
3651 1854 3931 1921 aliorum
3986 1857 4212 1939 potius
4266 1876 4461 1922 causa
4501 1876 4612 1939 pu·

2659 1937 2830 2005 blice
2866 1936 3350 2005 traducendum
3383 1960 3528 2006 esse
3562 1942 3808 2019 censui,
3846 1948 3923 2008 ut
3959 1941 4085 2008 sibi
4122 1963 4354 2009 omnes
4378 1962 4419 2007 a
4439 1949 4615 2025 peste

2661 2031 2799 2090 tam
2843 2025 3042 2090 noxia
3084 2032 3411 2091 caverent.
3497 2026 3682 2110 Ergo
3735 2028 4090 2110 praecipua
4146 2026 4616 2113 indignationis

2662 2130 2864 2177 causa
2905 2111 3206 2176 evanuit:
3263 2112 3417 2193 quia
3471 2112 3640 2177 mihi
3676 2112 3845 2178 nihil
3891 2115 4114 2179 minus
4155 2116 4294 2180 fuit
4335 2110 4617 2198 proposi-

2663 2203 2829 2272 tum,
2889 2216 3088 2278 quam
3147 2197 3390 2262 famam
3448 2205 3735 2264 vestram
3794 2197 4053 2282 oblique
4098 2200 4382 2278 lmdere,
4426 2217 4619 2282 quum

2665 2282 2870 2348 verba
2903 2302 3009 2349 me
3043 2282 3258 2348 fauere
3292 2289 3594 2365 putarem
3630 2283 3713 2350 de
3746 2284 4012 2351 homine
4046 2287 4243 2353 vobis
4275 2285 4618 2369 incognito,

2666 2366 2773 2433 vel
2838 2367 3073 2433 saltem
3138 2368 3250 2450 qui
3315 2368 3497 2433 nullo
3559 2369 3887 2436 amicitiae
3952 2370 4061 2438 vel
4125 2367 4620 2439 necessitudinis

2665 2451 2878 2536 gradu
2921 2473 3042 2518 vos
3097 2454 3469 2537 attingeret.
3562 2454 3699 2522 Sed
3755 2455 3945 2523 vobis
4000 2466 4103 2522 est
4158 2457 4430 2524 amicus.
4518 2456 4621 2520 An

2668 2539 2917 2604 maiore
2967 2539 3037 2639 in
3096 2539 3309 2623 gradu
3366 2559 3583 2641 quam‘
3607 2540 3811 2641 Iudas
3855 2542 4031 2626 apud
4076 2540 4473 2610 Christum?
4549 2537 4623 2605 si

2665 2623 3699 2810 {322013220303333352023203
3734 2626 3868 2793 ¹5¹3:
3914 2649 4076 2780 3:32?
4089 2630 4622 2798 32⁸3&

2668 2805 2796 2861 tiae
2841 2805 3184 2862 merentur
3225 2798 3598 2881 principum
3618 2802 3675 2878 ⁴)
3720 2800 3937 2866 amici.
3982 2799 4120 2867 Sed
4163 2823 4256 2868 ne
4299 2797 4511 2866 taedio
4542 2795 4624 2862 sit

2668 2881 2980 2965 epistolae
3023 2881 3386 2966 prolixitas,
3432 2883 3630 2950 breve
3666 2885 3983 2952 historiae
4016 2886 4485 2970 compendium
4518 2882 4624 2948 de-

2666 2967 2919 3050 scripsi,
2938 2972 2992 3047 ⁸)
3035 2990 3116 3034 ex
3164 2989 3293 3052 quo
3334 2968 3525 3036 facile
3567 2981 3919 3055 cognoseat
3951 2981 4176 3039 vestra
4199 2969 4551 3047 Oelsitudo,
4572 2970 4623 3043 ⁸)

2666 3052 2990 3120 meritone
3047 3075 3136 3120 an
3191 3055 3437 3123 iniuste
3497 3054 3863 3124 detexerim
3905 3058 4236 3126 occultum
4278 3073 4620 3131 venenum,

2668 3160 2754 3204 ne
2778 3138 3023 3207 diutius
3045 3140 3216 3206 clam
3529 3140 3612 3208 do
3633 3144 3880 3211 multos
3903 3146 3974 3209 in
3993 3145 4280 3212 Polonia
4311 3143 4621 3210 inficeret.

2667 3224 2899 3309 Neque
2956 3226 3136 3292 enim
3201 3247 3241 3292 o
3289 3229 3351 3294 io
3406 3228 3515 3293 vel
3587 3229 4029 3296 aemulatione
4085 3231 4192 3297 vel
4249 3228 4506 3298 invidia
4545 3221 4624 3290 ad

2666 3310 3131 3396 publicandum
3167 3313 3428 3379 obscuri
3461 3313 3749 3381 bominis
3784 3314 4065 3382 dedecus
4087 3316 4419 3402 impulsus
4453 3325 4622 3379 sum:

2663 3396 2780 3464 sed
2834 3398 2993 3480 quia
3045 3400 3281 3465 fratres
3342 3399 3511 3465 mihi
3568 3402 3942 3468 carissimos
3998 3402 4260 3469 silentio
4318 3410 4387 3468 et
4442 3394 4622 3464 dissi·

2662 3482 3023 3549 mulatione
3079 3483 3356 3568 prodere
3413 3486 3599 3552 nefas
3655 3508 3799 3553 esse
3853 3487 4032 3554 duxi.
4112 3487 4312 3570 Quod
4354 3486 4414 3553 si
4468 3501 4623 3548 resi-

2661 3570 2889 3653 piscat,
2947 3568 3132 3636 nulla
3185 3571 3258 3636 in
3315 3592 3421 3636 me
3465 3573 3595 3637 erit
3634 3592 3824 3638 mora
3863 3574 4023 3658 quin
4067 3572 4410 3657 praeteriti
4466 3580 4624 3634 tem-

2659 3655 2840 3740 poris
2912 3655 3230 3722 memoria
3308 3657 3682 3741 sepeliatur.
3794 3656 3865 3723 Si
3929 3667 4149 3725 autem
4213 3654 4626 3744 pertinaciter

2662 3741 2999 3807 contendit
3053 3740 3178 3808 sibi
3231 3742 3472 3809 factam
3531 3765 3676 3810 esse
3729 3744 4059 3823 iniuriam,
4103 3764 4427 3830 quasnam
4467 3733 4624 3805 mihi

2661 3826 2976 3910 relinquit
3028 3837 3268 3910 partes,
3311 3828 3442 3895 nisi
3485 3837 3565 3894 ut
3606 3829 3773 3895 mihi
3822 3831 3910 3897 sit
3950 3851 4072 3915 pro
4115 3832 4445 3898 obstinato
4480 3824 4624 3891 hae-

2662 3912 2908 3979 retico?
2973 3911 3192 3980 Sicuti
3235 3914 3401 3980 mihi
3451 3914 3739 3998 optabile
3793 3923 3898 3982 est
3985 3939 4061 3982 ro
4102 3937 4255 3983 mea
4307 3934 4468 4000 erga
4513 3926 4624 3974 *⁰⁶

2665 3998 3085 4065 observantia
3119 3998 3415 4066 studiose
3437 4001 3607 4067 votis
3631 4003 3872 4069 vestris
3894 4024 3933 4068 o
3978 4003 4184 4087 sequi,
4220 4002 4319 4070 ita
4339 4007 4623 4092 vestrm?

2666 4084 3123 4151 excellentiam
3146 4093 3444 4171 rogatam
3467 4107 3612 4153 esse
3636 4087 3854 4169 velim,
3889 4096 3968 4154 ut
3999 4089 4308 4173 inprimis
4341 4090 4623 4153 caveam

2666 4190 2753 4237 ne
2774 4170 2898 4237 sibi
2923 4171 3188 4237 ianuam
3209 4172 3464 4256 aperiat
3473 4171 3838 4241 Blandrata
3851 4175 4015 4258 ipse,
4028 4183 4256 4241 vestra
4274 4170 4622 4242 autoritate

2668 4255 3014 4324 adductus.
3115 4256 3321 4323 Aliud
3373 4257 3736 4325 remedium
3791 4280 3930 4326 non
3984 4260 4196 4327 video.
4301 4255 4441 4327 Sed
4495 4254 4620 4318 for·

2667 4351 2844 4409 tasse
2887 4343 3002 4410 ubi
3045 4340 3128 4408 de
3160 4364 3236 4409 re
3270 4352 3410 4410 tota
3443 4344 3686 4410 redditi
3715 4346 3971 4414 fueritis
4005 4347 4336 4427 certiores,
4369 4348 4620 4408 mutare

2667 4429 2982 4495 iudicium
3026 4449 3160 4494 non
3202 4428 3471 4515 pigebit.
3551 4428 3749 4512 Quod
3792 4432 3850 4499 si
3892 4432 4062 4498 mihi
4107 4431 4276 4498 nihil
4319 4422 4618 4497 tribuitis

2665 4515 2900 4582 saltem
2956 4514 3153 4581 fidem
3211 4523 3507 4582 meretur
3571 4517 4020 4585 testimonium
4086 4518 4356 4585 Italicae
4418 4508 4616 4580 ecclc·

2665 4602 2802 4667 siae
2865 4620 3034 4686 quae
3096 4601 3273 4686 apud
3336 4623 3459 4669 nos
3523 4610 3643 4682 est,
3663 4605 3719 4683 7)
3783 4611 3852 4670 et
3905 4605 3990 4670 D.
4044 4604 4232 4671 Petri
4291 4595 4616 4684 Madv&-

2671 4718 3052 4726 ——————·-·-·—

2970 4718 3239 4812 Massa.
