4900 6125
344 407 454 474 725

342 595 449 661 riri
489 592 679 660 sicuti
729 598 936 659 tuum.
1006 589 1231 673 Quare
1273 612 1354 658 cu
1400 611 1576 656 erem
1613 597 1691 657 ut
1732 591 1937 658 scires
1979 590 2114 657 frui
2154 591 2280 659 hoc

339 681 456 748 Dei
513 688 580 745 et
618 677 962 744 hominum
1004 676 1248 744 favore.
1397 698 1483 744 on
1537 690 1639 742 est
1690 696 1973 761 aequum
2025 685 2103 743 ut
2143 685 2282 743 tam

339 767 702 850 frequenter
741 762 823 829 de
867 763 1158 830 adventu
1204 771 1318 829 tuo
1364 763 1757 829 sententiam
1820 771 2007 828 tuam
2042 772 2282 830 mutes.

338 851 574 917 Venies
639 856 861 915 autem
924 857 1107 915 recta
1152 847 1557 915 Oracoviam.
1658 848 1792 914 Hic
1857 848 2035 913 enim
2102 869 2283 916 nunc

336 956 558 1003 maneo
622 945 690 1001 et
749 943 1058 1019 exspecto
1116 941 1304 1000 tuum
1350 933 1728 1001 adventum.
1818 933 2131 1001 Invenies
2174 934 2282 1002 hic

335 1031 586 1089 coetum
651 1021 930 1086 fratrum
1000 1028 1373 1086 nostrorum
1438 1020 1548 1104 qui
1610 1028 2004 1104 permanent
2064 1020 2134 1086 in
2181 1040 2286 1086 or-

334 1107 615 1173 thodoxa
683 1106 1012 1172 sententia
1073 1105 1589 1172 celeberrimum.
1696 1107 1803 1171 Ex
1878 1105 2115 1189 quibus
2180 1114 2284 1171 est

332 1194 573 1260 Doctor
614 1192 778 1258 iuris
822 1191 1101 1268 Aichler,
1147 1190 1398 1257 Doctor
1446 1191 1741 1269 Guneler,
1785 1191 2034 1258 Doctor
2079 1191 2282 1259 Roso-

329 1281 467 1346 rius
524 1278 838 1358 medicus,
904 1276 991 1343 D.
1074 1275 1458 1344 Valerianus
1518 1277 1784 1356 Oonsul,
1852 1278 1935 1342 D.
1997 1275 2280 1357 Vadzan,

330 1374 600 1448 uterque
647 1363 862 1429 Iostus
903 1372 972 1429 et
1017 1362 1129 1428 alii
1173 1363 1461 1446 plurimi.
1488 1365 1574 1442 ¹⁸)

494 1448 694 1531 Quod
739 1448 969 1515 scribis
994 1449 1077 1514 D.
1108 1447 1442 1515 Calvinum
1485 1448 1567 1515 ad
1610 1448 1836 1516 literas
1871 1448 2020 1516 illas
2054 1469 2282 1532 super-

327 1536 439 1602 bas
514 1533 779 1616 dixisse,
860 1556 931 1600 se
995 1555 1411 1617 nequaquam
1476 1534 1787 1602 inducere
1852 1536 1919 1602 in
1986 1536 2281 1600 animum

324 1620 488 1705 quod
537 1621 702 1686 haec
744 1619 984 1704 aliquis
1026 1621 1427 1686 Polonorum
1474 1622 1807 1705 scripserit
1843 1629 1987 1698 etc„
2033 1628 2135 1685 est
2168 1621 2280 1700 ita,

323 1727 441 1773 nec
483 1706 558 1771 in
605 1714 740 1772 toto
782 1705 1229 1773 hallucinatus
1265 1715 1370 1772 est
1410 1707 1519 1772 vir
1561 1705 1808 1773 doctus.
1886 1708 2030 1772 Non
2078 1707 2281 1790 scrip-

320 1793 405 1858 sit
447 1790 714 1876 quidem
763 1792 925 1857 haec
969 1791 1280 1870 Polonus‚
1326 1813 1402 1858 ac
1444 1813 1529 1858 ne
1566 1792 1805 1859 Gallus
1837 1792 2119 1877 quidem,
2166 1793 2282 1857 sed

320 1878 693 1943 Hazovita:
768 1876 1133 1962 Greyorius,
1198 1886 1274 1942 ut
1338 1880 1532 1958 nosti,
1602 1887 1704 1944 est
1768 1900 1850 1944 ex
1912 1877 2025 1942 illo
2070 1887 2282 1944 tractu

320 1964 764 2029 Mazurorum.
793 1966 880 2041 ¹⁸)
946 1962 1094 2030 Scis
1140 1972 1359 2029 autem
1406 1963 1727 2047 quomodo
1771 1964 2074 2030 audiatur
2108 1963 2281 2048 apud

315 2070 433 2115 nos
520 2070 769 2115 nomen
834 2050 1347 2115 Mazovitarum:
1412 2072 1546 2116 non
1614 2070 1802 2117 secus
1873 2059 2068 2133 atque
2123 2050 2281 2115 olim

320 2133 794 2201 Galilaeorum.
904 2133 1220 2200 Suaviter
1284 2137 1396 2201 risi
1466 2157 1667 2219 quum
1733 2137 2055 2219 primum,
2123 2134 2281 2201 dum

314 2219 705 2305 legerentur
770 2230 919 2285 tuae
988 2220 1234 2299 literae,
1299 2220 1464 2287 haec
1527 2221 1911 2287 observaret
1951 2230 2019 2287 et
2062 2222 2281 2287 visum

315 2305 626 2371 omnibus
686 2314 985 2371 moveret
1042 2314 1269 2372 noster
1326 2308 1410 2373 D.
1482 2306 1882 2374 Valeriana-9.
1970 2307 2097 2373 Ille
2156 2309 2283 2373 fuit

313 2401 507 2457 autor
552 2392 756 2457 huius
800 2392 1088 2458 facetiae.

485 2475 745 2561 Scripsi
793 2487 990 2542 antea
1033 2476 1112 2542 ad
1160 2487 1228 2543 te
1272 2478 1445 2562 quod
1492 2479 1572 2544 de
1623 2478 1961 2557 ochinofl)
2007 2478 2282 2546 mirifice

310 2562 415 2628 isti
462 2561 581 2629 hic
626 2563 997 2647 gloriantur
1060 2583 1137 2629 ac
1179 2565 1236 2629 si
1280 2586 1505 2629 eorum
1565 2574 1788 2649 partes
1832 2586 1965 2631 non
2011 2564 2284 2632 obscure

308 2647 592 2714 foveret.
687 2647 1009 2732 Optarem
1054 2649 1260 2734 igitur
1302 2649 1545 2733 aliquid
1591 2650 1722 2715 tale
1768 2650 1850 2716 ab
1895 2672 1972 2716 eo
2016 2649 2142 2731 edi,
2209 2659 2284 2716 ut

306 2734 401 2800 sic
446 2755 690 2800 eorum
734 2736 996 2800 vanitas
1041 2734 1659 2819 deprehenderetur.

481 2819 791 2885 Tandem
837 2841 944 2892 me
988 2821 1242 2887 animas
1285 2829 1356 2887 et
1397 2822 1756 2888 consolaris
1799 2830 1875 2887 ut
1911 2829 2284 2889 constanter

303 2906 668 2989 persistam
712 2907 782 2970 in
828 2915 962 2970 tam
1007 2915 1235 2972 sancto
1278 2908 1627 2991 proposito.
1695 2908 2041 2990 Equidem,
2103 2909 2283 2976 Treci

301 2990 745 3071 observande,
814 2990 1032 3057 Deum
1078 2994 1390 3058 continuo
1448 3014 1607 3081 rogo
1660 3009 1736 3058 ut
1788 3015 2041 3078 possem
2088 3015 2280 3079 supe-

305 3098 454 3144 rare
518 3099 760 3144 omnes
804 3077 1095 3144 Satanae
1151 3080 1457 3159 insultus,
1518 3080 1632 3146 sed
1692 3101 1803 3145 me
1858 3089 2114 3164 oportet
2174 3081 2281 3147 hic

298 3184 557 3249 magna
620 3165 984 3230 certamina
1029 3166 1374 3232 sustinere.
1466 3166 1725 3234 Novisti
1773 3187 1966 3249 quam
2014 3176 2281 3234 conten-

298 3249 471 3315 tiosa
516 3251 801 3334 ingenia
835 3250 971 3315 sint
1004 3251 1281 3316 istorum
1318 3250 1453 3318 hic:
1502 3252 1812 3319 audivisti
1837 3274 1918 3317 ex
1955 3274 2061 3320 me
2084 3254 2281 3319 Pata-

297 3336 449 3401 viae
496 3335 818 3418 qualibus
857 3336 1108 3402 artibus
1153 3338 1471 3420 quibusve
1514 3339 1820 3423 practicis
1863 3337 1970 3405 hic
2013 3359 2281 3424 progre-

296 3420 596 3487 diuntur
632 3421 807 3485 Itali.
856 3421 1281 3488 Lismanimaes
1314 3443 1545 3489 omnes
1569 3424 1908 3507 practicae,
1944 3445 2108 3507 quas
2131 3446 2282 3492 cum

291 3505 413 3572 illa
478 3507 762 3591 Regina
805 3505 1100 3573 Sworcia
1145 3507 1333 3574 Bona
1387 3508 1733 3576 exercebat
1788 3510 1861 3574 in
1923 3511 2281 3594 republica,

292 3593 670 3659 transtulit
712 3594 782 3656 in
829 3593 1170 3659 ecclesiam
1216 3595 1364 3672 Dei,
1412 3596 1506 3660 ita
1550 3605 1625 3660 ut
1669 3596 1781 3661 vix
1829 3596 2089 3661 credam
2136 3605 2283 3680 post

288 3678 531 3762 Papae
582 3678 852 3744 fraudes
897 3679 1144 3745 similes
1192 3680 1263 3744 in
1299 3681 1548 3747 mundo
1595 3682 1890 3765 reperiri.
1980 3681 2282 3749 Iudicare

288 3763 510 3849 igitur
560 3764 764 3829 facile
821 3774 1009 3847 potes
1068 3766 1137 3830 in
1183 3767 1360 3849 quali
1420 3766 1795 3833 discrimine
1839 3767 1949 3834 hic
1992 3789 2099 3833 me
2143 3790 2283 3834 ma-

290 3871 459 3916 nere
532 3851 851 3933 oportuit.
940 3851 1139 3918 Nunc
1205 3853 1352 3931 iam,
1417 3850 1564 3917 Deo
1622 3853 1712 3917 sit
1764 3853 1991 3939 gloria,
2060 3856 2282 3920 omnia

284 3944 456 4001 sunt
504 3936 868 4020 patefacta,
915 3936 1226 4015 discussa,
1274 3937 1603 4021 publicata
1645 3948 1712 4004 et
1756 3940 1823 4003 in
1870 3938 2085 4004 lucem
2131 3961 2279 4023 pro-

285 4021 519 4100 ducta,
598 4022 695 4085 ita
738 4030 813 4086 ut
856 4021 1048 4088 facile
1089 4022 1455 4108 intelligere
1500 4034 1566 4089 et
1620 4023 2007 4108 paradigma
2050 4026 2280 4091 vivum

284 4106 553 4173 habere
608 4116 857 4190 queant
899 4108 1009 4171 isti
1047 4108 1203 4191 quid
1239 4110 1563 4194 sapientia
1598 4120 1666 4175 et
1699 4111 1964 4175 vafritia
1984 4111 2280 4176 humana

282 4196 515 4276 possit
578 4192 901 4259 adversus
958 4194 1197 4260 Deum.
1299 4195 1631 4260 Nimirum
1687 4197 1937 4261 fallitur
1990 4197 2279 4262 mundus

281 4279 451 4345 dum
510 4290 715 4364 putat
759 4299 830 4343 se
871 4278 1185 4345 humanis
1229 4280 1520 4346 consiliis
1565 4287 1724 4364 regi.
1806 4280 2121 4348 Suaviter
2154 4283 2278 4368 igi-

278 4378 401 4431 tur
472 4374 832 4431 recreatus
899 4386 1043 4430 sum
1113 4375 1227 4431 tua
1304 4366 1761 4433 consolatione.
1872 4366 2008 4434 Sed
2074 4370 2279 4433 miror

276 4450 677 4535 plurimum
737 4470 857 4515 cur
910 4451 995 4515 D.
1053 4449 1471 4536 Bullinyerus
1526 4472 1646 4536 per
1703 4453 1881 4520 bunc
1942 4453 2278 4538 publicum

278 4537 740 4603 tabellarium
787 4538 951 4601 meis
991 4535 1206 4602 literis
1250 4538 1417 4603 nihil
1460 4538 1893 4622 responderit,
1938 4561 2014 4607 ac
2056 4562 2144 4606 ne
2188 4539 2274 4606 D.

281 4621 632 4689 Calvinus
672 4621 953 4706 quidem.
1042 4623 1235 4708 Roga
1280 4622 1499 4690 Deum
1558 4634 1637 4689 ιιι
1691 4624 1845 4689 forti
1913 4634 1981 4690 et
2019 4626 2277 4693 excelso

466 4914 586 4982 15)
627 4912 724 4967 Ει·
766 4913 855 4968 his
890 4912 1183 4968 Aichlerus
1228 4913 1525 4969 cracoviae
1558 4916 1813 4970 notarius
1853 4916 2107 4984 putum
2139 4925 2276 4985 orat,

269 4988 379 5054 qu·
426 5000 575 5039 cam
632 4982 928 5036 Valeriano
966 4981 1201 5047 (Perna)
1256 4982 1433 5037 literis
1474 4984 1846 5039 οοηιοιιικῶιιο
1885 4985 2276 5041 Lismoninun

266 5050 804 5178 Immotum
823 5051 994 5186 G‘utterqa
1029 5050 1288 5175 Demea
1297 5068 1541 5189 appellat
1737 5054 1749 5067 .
1809 5054 1981 5121 (ΒΦ.
2023 5072 2079 5124 Ρ·
2127 5054 2274 5123 132).

462 5190 582 5253 16)
628 5186 876 5243 Sandius
909 5204 1029 5244 οιιιιι
1067 5189 1452 5244 Bresinensent
1489 5191 1762 5245 Polou-tm
1794 5198 1953 5247 vocat
1979 5207 2037 5259 p.
2072 5190 2159 5246 43.

462 5257 581 5321 17)
623 5259 723 5327 qui
753 5273 883 5325 erqo
916 5258 1029 5311 iam
1065 5264 1177 5313 tum
1223 5272 1343 5313 oum
1393 5261 1820 5315 antici-iniuriis
1866 5260 2094 5316 Polom‘s
2137 5262 2275 5318 olan

256 5346 387 5385 ren
426 5328 721 5384 »obustae
751 5326 986 5383 vidam.

2075 405 2238 467 1563
2282 400 2595 468 APRIL.

4224 407 4350 471 726

2384 589 2605 655 animo
2646 588 2910 656 fraudes
2954 595 3023 655 et
3084 589 3580 675 sycophantiam
3638 588 3882 655 diaboli
3923 598 4350 660 contemnere

2384 696 2640 759 queam.

2558 760 2735 840 Quid
2782 760 2904 826 tibi
2944 759 3347 828 transeundo
3392 783 3511 847 per
3546 761 3980 829 Germaniam
4014 761 4347 848 agendum

2385 846 2475 912 sit
2537 847 2924 932 interrogas.
3012 846 3241 913 Facile
3304 848 3580 931 ipsemet
3645 870 3728 914 ex
3794 847 3876 912 iis
3930 868 4094 932 quas
4151 849 4233 916 ad
4277 857 4346 916 te

2386 933 2580 998 mitto
2623 932 2835 998 literis
2879 931 3252 1017 intelligere
3294 940 3505 1017 potes,
3551 933 3726 1018 quod
3774 931 4078 1000 Genevae
4121 942 4189 1001 et
4231 935 4345 1001 'Pi-

2385 1020 2535 1103 guri
2598 1018 2780 1093 facis.
2846 1018 2971 1085 hoc
3036 1018 3154 1084 tibi
3219 1026 3289 1084 et
3351 1019 3495 1085 aliis
3553 1018 3906 1087 academiis
3970 1019 4346 1087 faciendum

2385 1105 2530 1169 erit.
2633 1103 2890 1169 Nollem
2970 1113 3193 1170 tamen
3276 1113 3340 1169 te
3412 1103 3658 1172 diutius
3721 1105 3868 1172 istic
3932 1109 4346 1174 commorari.

2384 1190 2698 1273 Propera,
2742 1210 3040 1276 propera.
3129 1189 3443 1257 Scribant
3485 1192 3614 1258 viri
3656 1191 3748 1275 pii
3792 1199 3860 1257 et
3901 1189 4076 1258 docti
4118 1191 4348 1259 literas

2386 1275 2469 1342 ad
2510 1276 2671 1343 istos
2714 1276 2989 1341 miseros
3032 1284 3100 1341 et
3132 1276 3423 1343 infelices
3458 1277 3714 1357 fratres,
3761 1296 4000 1361 eosque
4034 1286 4350 1345 revocent

2385 1359 2471 1427 ad
2534 1362 2882 1427 stationem
2947 1381 3154 1440 suam,
3218 1384 3302 1428 ne
3368 1361 3493 1429 sibi
3559 1371 3821 1429 tantum
3877 1362 4178 1429 tribuant
4233 1386 4346 1431 su-

2383 1455 2716 1531 mantque.
2803 1448 2896 1512 Et
2937 1449 3286 1531 praecipue
3331 1448 3413 1515 ad
3435 1448 3818 1517 Palatinum
3855 1446 4228 1530 Vilnensem,
4258 1454 4345 1528 ¹⁸)

2386 1552 2764 1617 quanquam
2810 1541 2879 1600 et
2918 1534 2996 1614 is,
3049 1533 3185 1599 iam
3227 1532 3440 1614 video,
3500 1555 3746 1601 cornua
3791 1532 4074 1618 deponit.
4163 1538 4346 1603 Ante

2384 1619 2609 1684 omnia
2652 1627 2870 1684 autem
2917 1639 3228 1703 cuperem
3266 1620 3415 1700 mei,
3461 1619 3681 1687 Iacobi
3729 1618 3950 1704 Sylvii,
3985 1620 4182 1688 Pauli
4223 1620 4345 1688 Gi-

2384 1705 2553 1785 lovii,
2623 1703 2926 1781 Visnovii,
2958 1708 3041 1782 ¹⁹)
3104 1706 3186 1772 ab
3244 1704 3377 1771 illis
3435 1706 3838 1773 mentionem
3897 1706 4062 1784 fieri,
4122 1715 4198 1772 ut
4252 1706 4346 1772 ita

2383 1811 2506 1874 per
2571 1811 2680 1856 eos
2734 1810 2774 1855 a
2820 1790 3133 1875 probetur
3189 1791 3629 1858 ministerium
3687 1800 3756 1857 et
3819 1792 4136 1859 confessio
4193 1791 4346 1860 fidei

2383 1884 2667 1942 nostrae.
2812 1877 2951 1943 icut
2992 1878 3168 1943 enim
3227 1876 3337 1942 hic
3391 1876 3472 1942 ab
3527 1878 3673 1942 istis
3735 1877 4045 1944 videmur
4088 1879 4158 1944 in
4203 1877 4345 1946 dies

2386 1959 2733 2042 defoedari,
2813 1962 2911 2027 ita
2973 1983 3343 2048 congruum
3407 1961 3673 2029 videtur
3737 1972 3813 2029 ut
3876 1985 3989 2030 eas
4053 1963 4346 2032 maculas

2384 2069 2506 2114 suo
2572 2049 2943 2114 testimonio
3007 2047 3106 2113 illi
3173 2048 3303 2114 viri
3368 2049 3460 2133 pii
3527 2070 3567 2115 a
3631 2048 3815 2116 nobis
3882 2047 4215 2133 depellant
4278 2062 4348 2117 et

2384 2133 2627 2200 eluant.
2716 2134 2823 2199 Ita
2867 2134 2980 2200 fiet
3018 2143 3092 2199 ut
3150 2154 3278 2219 quo
3331 2135 3546 2219 magis
3589 2136 3940 2218 conspicua
3982 2136 4107 2201 erit
4149 2138 4345 2202 inno-

2383 2219 2600 2285 centia
2641 2228 2884 2300 nostra,
2944 2239 3021 2285 eo
3064 2221 3276 2304 magis
3320 2221 3457 2304 apti
3499 2219 3941 2304 promovendo
3988 2221 4097 2287 hic
4141 2243 4345 2307 regno

2386 2304 2515 2370 Dei
2582 2304 2949 2371 reddemur.
2986 2311 3022 2346 ⁶
3129 2306 3495 2389 Praecipue
3576 2315 3795 2372 autem
3885 2327 3959 2372 ro
4005 2327 4044 2372 o
4121 2316 4196 2372 ut
4274 2309 4346 2375 in

2386 2412 2532 2457 eam
2613 2392 3005 2457 sententiam
3082 2391 3395 2475 impetres
3480 2392 3707 2458 literas
3799 2391 3881 2457 ad
4022 2393 4346 2459 alatinum

2401 2476 2757 2543 Vilnensem
2801 2485 2870 2542 et
2911 2476 3269 2561 Despotam.
3355 2478 3507 2543 Erit
3555 2478 3733 2543 enim
3791 2500 3828 2543 e
3887 2500 3960 2544 re
4012 2487 4099 2559 ut,
4165 2488 4346 2562 post-

2389 2583 2585 2646 quam
2655 2571 2727 2628 tu
2790 2562 2930 2647 ipse
2994 2563 3278 2641 veneris,
3347 2585 3483 2629 una
3546 2584 3803 2630 mecum
3866 2563 3949 2628 ad
3993 2573 4347 2649 utrumque

2388 2651 2667 2714 istorum
2745 2670 2891 2728 eas,
2959 2656 3035 2713 ut
3118 2647 3208 2714 ibi
3285 2669 3548 2715 causam
3623 2649 3797 2716 hanc
3877 2650 4342 2736 transigamus.

2389 2733 2613 2815 Quare
2657 2735 2933 2800 memori
2985 2735 3303 2800 memoria
3345 2743 3496 2802 tene
3543 2735 3705 2802 haec
3748 2755 3916 2819 quae
3962 2758 4138 2803 nunc
4183 2735 4342 2802 dixi.

2388 2819 2613 2901 (Quod
2701 2821 2758 2886 si
2825 2842 2979 2886 vero
3063 2822 3194 2885 iam
3263 2820 3560 2887 discessit
3633 2822 3910 2902 Trecius,
3977 2820 4063 2887 D.
4135 2820 4344 2888 Calvi·

2385 2926 2538 2971 num
2583 2915 2649 2972 et
2669 2905 2755 2972 D.
2788 2905 3233 2991 Bullinqerum
3274 2917 3578 2992 rogatum
3614 2907 3835 2987 velim,
3882 2914 3960 2972 ut
4000 2905 4069 2972 id
4112 2917 4346 2992 sponte

2386 3013 2510 3057 sua
2553 2991 2618 3056 di
2715 3000 2911 3058 entur
2953 2994 3185 3073 facere,
3238 2999 3305 3057 et
3361 2992 3527 3077 tales
3570 2992 3799 3059 literas
3844 2993 3928 3059 ad
3976 3015 4213 3060 manus
4256 2994 4342 3059 D.

2385 3079 2552 3145 Iosti
2665 3080 2783 3146 ccii
2823 3078 3208 3145 Cracoviam
3254 3099 3375 3162 per
3414 3088 3624 3146 certos
3671 3079 4042 3147 tabellarios
4099 3080 4346 3164 absque

2385 3185 2571 3230 mora
2615 3165 3116 3241 transmittere.)
3181 3163 3502 3248 Optarem
3549 3166 3745 3231 etiam
3791 3167 4188 3250 praefatione
4225 3167 4345 3232 ali-

2386 3271 2517 3334 qua
2560 3249 2872 3315 celebrari
2917 3272 3159 3317 nomen
3202 3250 3563 3316 Castellani
3609 3250 4167 3318 Sendomiriensis
4189 3250 4346 3318 Sta-

2386 3336 2582 3402 nislai
2605 3336 2905 3403 Misoovii
2920 3339 3014 3413 ²⁰)
3051 3349 3119 3401 et
3144 3335 3490 3419 Capitanei
3514 3337 4113 3423 Margeburgensis,
4151 3338 4346 3405 adeo-

2386 3443 2515 3504 que
2579 3430 2786 3487 totam
2852 3422 3169 3487 familiam
3230 3423 3704 3489 Miscoviorum
3769 3444 3935 3507 quae
4001 3424 4143 3490 sola
4205 3424 4346 3491 fere

2383 3509 2691 3592 inprimis
2733 3529 2866 3573 una
2909 3529 3165 3574 mecum
3203 3509 3564 3574 coniunctis
3611 3509 3861 3575 viribus
3897 3517 4165 3575 strenue
4202 3531 4346 3576 sese

2384 3595 2687 3678 opposuit
2726 3595 2870 3660 istis
2912 3594 3364 3675 nebulonibus,
3411 3602 3479 3659 et
3521 3594 3845 3661 hactenus
3880 3595 4244 3661 invincibili
4280 3602 4349 3661 et

2383 3700 2593 3763 paene
2652 3678 3038 3746 Samsonico
3094 3680 3312 3745 animo
3369 3680 3540 3745 hanc
3596 3701 3861 3747 causam
3918 3691 4213 3747 sanctam
4280 3691 4348 3746 et

2431 3767 2564 3830 iam
2611 3773 2886 3833 tutatur.
2975 3764 3372 3849 Impetrabis
3429 3765 3627 3830 etiam
3689 3766 3913 3832 literas
3960 3766 4043 3831 ad
4088 3767 4345 3834 Castel-

2410 3872 2612 3916 anum
2659 3851 3165 3918 Cracoviensem
3211 3851 3603 3931 Zborovium,
3651 3851 3732 3916 ad
3777 3852 4160 3919 Palatinum
4205 3854 4346 3919 Lu-

2382 3936 2771 4003 blinensem.
2866 3938 3064 4003 Potes
3107 3937 3352 4002 habere
3405 3938 3640 4002 talium
3707 3938 4047 4003 literarum
4095 3938 4348 4022 aliquot

2383 4023 2686 4106 exempla
2729 4022 2972 4106 absque
3017 4022 3411 4107 epigraphis,
3458 4032 3533 4089 ut
3575 4032 3802 4107 postea
3844 4024 3952 4090 hic
3995 4024 4347 4090 tradantur

2382 4108 2656 4175 arbitrio
2691 4118 2916 4175 nostro
2953 4111 3190 4193 quibus
3234 4108 3581 4175 videbitur.

2556 4193 2750 4276 Quod
2818 4196 3053 4260 attinet
3118 4194 3200 4260 ad
3278 4217 3384 4261 res
3462 4196 3755 4278 privatas
3822 4205 3973 4262 tuas
4037 4217 4188 4262 cum
4255 4194 4341 4262 D.

2386 4279 2840 4365 chemmin)
2885 4301 2962 4348 ac
3006 4280 3170 4358 aliis,
3215 4302 3300 4345 ne
3344 4282 3434 4346 sis
3478 4282 3676 4348 anxio
3721 4282 3957 4347 animo.
4049 4280 4342 4365 Operam

2381 4386 2643 4431 omnem
2685 4367 3062 4451 impendam
3103 4374 3182 4431 ut
3216 4367 3439 4433 omnia
3473 4389 3626 4434 cum
3661 4369 3875 4434 fructu
3914 4375 3983 4433 et
4017 4366 4342 4451 dignitate

2382 4464 2497 4518 tua
2548 4456 2728 4518 fiant.
2830 4453 2978 4520 Scis
3038 4453 3215 4519 enim
3269 4452 3442 4537 quod
3496 4454 3826 4518 neminem
3895 4462 3960 4519 te
4024 4455 4340 4520 cariorem

2380 4538 2664 4605 amicum
2709 4537 2870 4603 mihi
2916 4539 3144 4605 sentio.
3233 4538 3418 4604 Deus
3459 4540 3664 4605 novit.

2555 4846 2648 4914 18)
2687 4846 3078 4903 Radmaeam.

2556 4916 2649 4981 19)
2693 4916 2944 4971 Gt'looius
2990 4916 3339 4971 ecclesiarum
3386 4915 3761 4970 Zathoriensis
3806 4924 3864 4970 et
3900 4916 4338 4972 Osviecimiensis

2379 4984 2608 5038 ducatus
2655 4985 3133 5054 superintendens,
3183 4984 3656 5040 Miseowsh'orum
3700 4988 4054 5042 concionator
4109 4992 4161 5041 et
4205 4986 4338 5041 Sar-

2378 5054 2517 5108 m’eii
2548 5060 2742 5108 contra
2783 5053 2946 5135 Grep.
2993 5053 3232 5109 Paulum
3276 5054 3428 5120 fidus
3469 5054 3726 5109 Achates.
3775 5085 3840 5094 —
3893 5054 4049 5110 Scan.
4099 5054 4336 5111 Wisnio·

2378 5124 2507 5176 vius
2538 5124 2786 5175 minister
2821 5122 3199 5185 Wieliciensis.
3267 5123 3437 5191 (Lab.
3481 5122 3626 5190 163.)

2551 5190 2647 5259 20)
2679 5192 2918 5245 Palatini
2965 5198 3023 5246 et
3069 5193 3336 5261 praefecti
3369 5193 3761 5247 cracoviensis.
3829 5192 4000 5260 (Lab.
4038 5190 4155 5247 193.
4191 5191 4341 5263 222.)

2551 5259 2644 5325 21)
2683 5261 2763 5314 Be
2826 5261 2838 5274 '
2882 5262 2962 5314 'us
2995 5261 3315 5329 (Bemianus
3349 5278 3439 5343 ap.
3461 5260 3600 5317 Lab.
3663 5261 3955 5326 chelmius,
3992 5279 4022 5315 e
4099 5263 4338 5318 esPolo·

2380 5347 2500 5397 nus,
2536 5330 2808 5383 vexillifer
2874 5330 3164 5385 natinatus
3184 5330 3556 5385 Craconensis
3621 5330 3793 5386 Sand.
3822 5328 3908 5383 48.
3939 5330 3988 5385 L
4075 5332 4087 5347 ‘
4187 5330 4337 5401 148).

3812 5410 3926 5471 46·
