4900 6125
571 394 696 458 319

566 580 799 661 auditi,
842 584 909 645 et
949 599 1177 646 omnes
1221 577 1619 647 iudicassent
1657 601 1777 647 nos
1821 580 2265 667 tergiversari.
2339 578 2529 646 Sem·

565 687 686 751 per
730 670 956 732 autem
986 664 1213 731 addita
1244 664 1374 731 fuit
1407 666 1718 751 exceptio,
1762 687 1901 733 non
1943 665 2140 733 aliter
2173 664 2528 734 valituram

565 772 796 819 eornm
839 749 1266 817 autoritatem
1308 771 1510 835 quam
1551 752 1609 818 si
1652 773 1805 819 cum
1832 752 1961 818 Dei
2006 751 2208 819 verbo
2249 771 2528 820 consen-

566 838 738 903 tiret.
827 837 890 902 N
973 857 1060 903 ue
1116 858 1250 903 uno
1305 846 1376 903 et
1428 836 1662 905 eodem
1720 838 2033 923 temporis
2089 838 2303 923 spatio
2354 837 2527 904 anti-

567 924 885 1008 quitatem
994 923 1399 1001 efinivimus,
1478 924 1792 1007 quoniam
1854 924 2098 991 abusus
2112 975 2129 1004 ,
2195 931 2271 990 ut
2329 924 2527 1002 nosti,

563 1007 884 1161 {gulatim
943 1010 1188 1076 invecti
1242 1017 1418 1089 sunt,
1478 1010 1650 1076 sicut
1706 1030 1969 1094 semper
2010 1031 2240 1077 sumus
2281 1010 2528 1076 testati.

704 1103 1098 1180 argumento
1157 1095 1522 1179 imaginum
1577 1095 1859 1180 quadrin
1905 1105 2093 1163 entos
2145 1117 2354 1163 annos
2405 1094 2529 1161 ha·

563 1180 851 1247 bnimns.
941 1178 1019 1247 Si
1088 1188 1365 1247 ventum
1436 1188 1612 1249 esset
1675 1182 1760 1248 ad
1954 1183 2121 1249 'sma
2196 1190 2265 1248 et
2338 1201 2531 1248 exor-

565 1268 867 1345 cismum,
927 1286 1139 1332 annos
1194 1265 1657 1334 habuissemus
1714 1276 1980 1335 centum
2036 1278 2103 1334 et
2161 1268 2525 1353 sexaginta.

565 1350 709 1420 Sed
751 1373 884 1418 non
930 1351 1393 1420 dubitabamus
1435 1353 1592 1437 quin
1637 1374 1791 1420 mox
1844 1353 1975 1421 ista
2028 1354 2101 1419 in
2154 1354 2369 1420 fumos
2411 1354 2528 1419 ab·

564 1439 761 1520 irent,
802 1438 958 1522 quia
994 1438 1348 1506 obscurum
1389 1459 1524 1505 non
1558 1446 1702 1506 erat
1733 1438 1892 1522 quid
1927 1440 2151 1506 hostes
2185 1446 2531 1524 captarent

566 1534 634 1591 et
676 1544 758 1590 cu
844 1530 1012 1591 rent.

795 1608 877 1674 ed
920 1608 1001 1676 de
1046 1610 1152 1675 his
1196 1610 1389 1677 satis:
1436 1608 1520 1676 ad
1563 1608 1694 1675 alia
1736 1610 1933 1696 longe
1965 1612 2278 1696 graviora
2312 1611 2525 1678 venio.

566 1696 881 1762 Proxime
925 1695 1150 1780 elapso
1193 1694 1544 1779 quatriduo
1591 1695 1840 1762 Iuliani
1865 1699 1923 1775 ²)
1965 1696 2244 1781 perfidia
2285 1718 2363 1763 eo
2405 1718 2530 1763 nos

566 1779 845 1847 adduxit
898 1788 975 1846 ut
1031 1783 1112 1849 ab
1168 1789 1463 1847 extremo
1519 1782 1811 1864 periculo
1856 1805 1990 1847 non
2032 1783 2259 1868 procul
2302 1782 2527 1849 abfue-

565 1867 791 1933 rimus.
865 1866 1001 1934 Sed
1046 1887 1126 1932 ea
1167 1866 1293 1932 fuit
1319 1866 1657 1934 Gondevasis
1697 1879 1764 1933 et
1800 1868 2079 1934 aliorum
2113 1868 2531 1954 quorundam

567 1954 782 2019 virtus
825 1964 893 2018 et
947 1952 1259 2019 fortitudo
1301 1962 1377 2018 ut
1431 1953 1672 2019 reiecto
1726 1955 2124 2038 parlamenti
2166 1954 2418 2021 nefario
2461 1962 2532 2020 et

568 2037 858 2105 nefando
916 2038 1184 2106 consilio
1243 2047 1563 2105 statutum
1622 2040 1712 2105 sit
1768 2040 1851 2106 de
1912 2040 2107 2107 edicti
2151 2040 2531 2126 promulga-

567 2126 766 2192 tione.
863 2125 962 2191 Ac
1012 2126 1224 2191 fateor
1280 2124 1575 2209 quidem,
1644 2123 1934 2192 edictum
1988 2127 2224 2193 merito
2282 2125 2402 2192 tibi
2459 2126 2532 2192 in

564 2211 898 2295 plerisque
942 2209 1306 2295 displicere.
1395 2209 1534 2277 Sed
1575 2212 1850 2287 interea,
1893 2212 1952 2278 si
1996 2212 2104 2279 hic
2147 2233 2344 2289 esses,
2389 2224 2532 2278 tute

565 2318 846 2396 mecum·
872 2298 1188 2374 fatereris,
1207 2383 1222 2397 ⁹
1248 2297 1417 2380 quod
1474 2296 1834 2397 adyersarii
1889 2299 2067 2364 clare
2123 2298 2534 2397 prospiciunt

563 2382 1005 2536 35⁰:ssssss
1027 2381 2304 2555 sffikffifflnfflfffflffl
2346 2391 2532 2536 3353:

565 2555 760 2621 ritate
812 2554 1248 2638 collapsuram
1302 2561 1586 2639 papatus
1650 2555 2076 2639 tyrannidem
2141 2567 2210 2621 et
2269 2563 2533 2622 caetera

565 2641 739 2708 ultro
783 2640 1283 2723 subsequutura.
1357 2640 1590 2725 Itaque
1633 2641 1701 2707 id
1736 2663 1945 2708 unum
1983 2662 2208 2711 vereor
2250 2663 2335 2707 ne
2377 2641 2531 2708 hos-

567 2734 669 2794 tes
710 2740 936 2810 aperta
979 2728 1065 2805 vi,
1125 2726 1660 2810 quandoquidem
1718 2727 1914 2794 aliter
1970 2748 2102 2794 non
2146 2735 2530 2812 potuerunt,

563 2813 854 2880 edictum
934 2812 1332 2879 rescindant.
1439 2812 1612 2879 Nam
1694 2814 1973 2879 summis
2050 2835 2280 2880 eorum
2358 2814 2532 2881 votis

569 2898 933 2967 Guisianus
975 2899 1155 2964 intra
1195 2898 1490 2964 triduum
1535 2907 1952 2982 exspectatur
1994 2920 2035 2965 a
2072 2900 2331 2967 Iuliano
2375 2920 2529 2965 evo-

565 2992 769 3052 catus.
797 2986 852 3069 ⁸)
922 2982 1191 3068 Quanta
1234 2985 1439 3070 igitur
1471 2986 1834 3051 certamina
1869 2986 2057 3052 nobis
2101 2987 2190 3051 im
2278 2984 2531 3051 ndeant

565 3070 767 3140 vides.
840 3070 978 3138 Sed
1023 3072 1146 3138 hoc
1189 3092 1296 3137 me
1342 3072 1535 3138 valde
1590 3072 1982 3154 consolatur,
2040 3095 2129 3157 qu
2270 3081 2530 3139 nostro-

567 3178 719 3225 rum
763 3165 831 3223 et
872 3178 1224 3224 numerum
1270 3167 1337 3223 et
1380 3158 1637 3224 animos
1679 3157 1972 3242 quotidie
2023 3158 2217 3226 video
2258 3157 2529 3225 mirabi-

566 3243 720 3310 liter
777 3263 1088 3322 crescere‚
1155 3242 1316 3309 adeo
1373 3251 1450 3309 ut
1504 3265 1784 3329 sperem,
1852 3246 1910 3310 si
1975 3265 2249 3329 pergere
2313 3244 2529 3324 liceat,

565 3329 994 3416 paucissimos
1037 3338 1194 3396 ante
1232 3339 1536 3397 exactam
1579 3338 1900 3397 aestatem
1941 3331 2014 3395 in
2050 3331 2343 3397 hostium
2386 3352 2531 3397 cas·

565 3416 691 3482 tris
732 3415 1010 3482 futuros.
1101 3414 1298 3498 Quod
1340 3423 1562 3482 autem
1607 3416 1690 3482 ad
1736 3437 1843 3482 me
1886 3418 2142 3495 attinet,
2201 3416 2369 3481 mihi
2413 3436 2534 3481 ne-

565 3503 665 3568 fas
707 3510 812 3569 est
852 3509 1008 3567 ante
1053 3501 1249 3569 edicti
1306 3502 1904 3587 promulgationem
1965 3511 2033 3567 et
2075 3502 2295 3587 aliquo
2339 3501 2533 3567 modo

565 3589 996 3657 constitutam
1031 3589 1270 3673 quietis
1305 3589 1592 3688 speciem
1627 3589 1696 3655 in
1732 3589 1875 3672 ipso
1910 3588 2202 3654 hostium
2238 3586 2534 3655 adventu

564 3673 805 3740 fratres
869 3675 942 3739 in
1008 3696 1114 3740 me
1180 3675 1604 3759 resp1cientes
1682 3674 2001 3741 deserere.
2114 3673 2291 3740 Aula
2354 3680 2534 3740 certo

565 3759 855 3839 consilio,
902 3766 976 3825 ιιι
1023 3759 1282 3845 longius
1328 3761 1411 3826 ab
1455 3759 1579 3828 hac
1624 3761 1785 3826 urbe
1829 3759 2240 3827 abducantur
2281 3758 2533 3825 tumul-

567 3855 760 3911 tuum
825 3853 1106 3926 autereS,
1173 3867 1320 3913 cras
1386 3867 1470 3913 ex
1537 3844 1994 3931 Sangermano
2059 3846 2532 3931 proficiscetur,

565 3931 1070 4015 Bellaquensem
1127 3934 1372 3998 fontem
1431 3952 1739 3999 reversus
1763 3934 1823 4012 ⁴)
1867 3941 1937 3997 et
1992 3931 2187 4017 paulo
2242 3943 2391 4016 post
2445 3929 2534 3996 ad

553 4016 971 4084 -Molinenses
1011 4016 1381 4096 contendet,
1426 4018 1555 4084 nisi
1599 4026 1894 4084 mutetur
1935 4018 2300 4096 consilium,
2357 4014 2533 4101 quod

561 4103 841 4189 singulis
896 4123 1105 4188 paene
1150 4106 1227 4169 fit
1267 4103 1639 4182 momentis,
1699 4110 1778 4169 ut
1833 4103 2030 4203 plane
2087 4123 2268 4170 nunc
2311 4102 2534 4168 valeat

563 4189 737 4274 qnod
779 4189 1016 4256 merito
1060 4191 1273 4255 fertur
1314 4188 1397 4255 de
1438 4189 1680 4274 gallica
1720 4190 2013 4257 lentate.

737 4275 1106 4359 Bullinyeri
1148 4274 1378 4342 literae
1409 4275 1462 4360 ες)
1507 4296 1779 4360 prorsus
1814 4277 2206 4361 tempestive
2241 4274 2531 4342 advene-

567 4374 727 4428 runt
782 4361 1086 4445 quamvis
1161 4383 1295 4428 non
1371 4373 1511 4427 tam
1574 4362 1801 4446 copiae
1865 4369 2269 4445 quaerantur
2330 4381 2530 4444 quam

565 4449 910 4531 promissa,
969 4447 1207 4530 quibus
1265 4447 1535 4532 reginae
1601 4447 1864 4514 animus
1928 4448 2354 4514 confirmetur
2411 4445 2530 4511 ad-

565 4554 802 4599 versus
857 4533 1137 4599 aliorum
1193 4534 1424 4599 minas.
1513 4533 1746 4617 Itaque
1815 4532 2011 4599 biduo
2075 4543 2225 4617 post
2287 4532 2531 4598 missus

773 4773 809 4828 2
869 4773 1210 4830 Nonou-reni.
1268 4771 1544 4844 Loquitur
1578 4772 1648 4828 de
1679 4778 1883 4830 conatu
1916 4778 1978 4829 ut
2012 4772 2245 4828 edictu-⁸
2265 4771 2538 4828 Ianuarii

563 4859 668 4913 Μ
699 4859 844 4978 poe3)
1135 4842 1453 4966 ww
1465 4843 2027 4980 ἕωὲὥωὴέτππιιε
2075 4911 2182 4964 iam
2218 4916 2306 4964 est
2339 4927 2374 4964 a
2408 4926 2534 4964 nos-

575 4981 1172 5105 ses-ea
1181 4979 1932 5104 ωοιιιιωρεινιψ
1976 4978 2535 5103 eamme

574 5116 714 5171 ιωιο
750 5091 939 5238 αἶιὶοιῃ
980 5117 1047 5172 16
1081 5089 1428 5188 huim'regi·
1460 5064 2002 5188 mamam?

774 5185 1776 5377 &effskemoeaeente-,uuae
1827 5252 2537 5323 humanatae&

2081 388 2611 460 EPISTOLAE
2655 393 3081 458 3732—3734

4463 394 4575 455 320

2631 587 2731 649 est
2788 579 3111 665 expeditis
3169 580 3358 680 equis
3408 580 3695 648 nuncius
3746 580 3862 665 qui
3918 587 3987 647 et
4041 599 4192 646 cum
4256 576 4579 646 Helvetiis

2629 671 2698 733 et
2730 687 2882 734 cnm
2918 665 3277 733 Germanis
3311 673 3485 752 agat.
3555 666 3801 734 'Potum
3833 673 4058 733 autem
4092 666 4218 733 hoo
4251 665 4580 751 negotium

2627 752 2913 819 libenter
2968 760 3040 819 et
3091 773 3131 818 a
3185 760 3253 818 te
3306 760 3376 817 et
3429 773 3471 819 a
3524 773 3634 818 me
3690 752 3764 818 in
3808 749 3888 835 θ’
3937 751 4321 838 legatum⁶)
4374 751 4578 817 reieci.

2630 836 3147 991 Sedmffiidqmd
3223 858 3596 924 cognovero
3662 837 4094 905 nihilominus
4159 834 4245 903 ad
4309 843 4377 903 te
4440 856 4581 920 per·

2627 945 2758 992 son

2801 1011 2907 1076 De
2965 1008 3219 1077 Sulcem'
3281 1009 3493 1075 literis
3550 1007 3823 1076 consilio
3886 1018 4001 1076 tuo
4065 1009 4409 1093 obsequar,
4471 1026 4585 1072 nec

2629 1095 3037 1162 committam
3090 1103 3166 1160 ιιι
3220 1097 3402 1162 canis
3458 1094 3639 1161 illius
3698 1095 4050 1163 latratibus
4091 1094 4199 1162 vel
4241 1094 4587 1159 minimum

2629 1181 3031 1266 quotidianis
3072 1182 3317 1248 nostris
3362 1182 3539 1247 curis
3581 1180 3868 1248 accedat.
3956 1181 4061 1248 De
4095 1179 4406 1247 Baduelli
4448 1200 4587 1246 suc-

2626 1287 2887 1334 cessore
2913 1272 2971 1347 ⁷)
3017 1288 3232 1352 nuper
3265 1268 3394 1335 scri
3441 1268 3498 1333 si
3540 1265 3891 1351 pleuritide
3925 1273 4303 1352 correptum
4338 1285 4431 1331 ex
4463 1285 4590 1349 qua

2630 1352 2929 1419 nondum
2971 1353 3325 1421 convaluit.
3451 1351 3537 1420 ed
3568 1374 3804 1420 vereor
3836 1359 3915 1419 ιιι
3956 1353 4254 1419 animum
4299 1351 4587 1417 mutarit.

2634 1439 2990 1523 Appellabo
3033 1448 3257 1506 tamen
3302 1439 3635 1505 hominem
3669 1447 3741 1504 et
3781 1444 4104 1523 quantum
4144 1445 4376 1523 potero
4420 1457 4591 1504 com·

2633 1525 2930 1592 monebo.
3003 1525 3236 1609 Neque
3292 1526 3470 1592 enim
3534 1525 3604 1590 in
3669 1526 3801 1592 ista
3864 1531 4202 1611 pastorum
4267 1521 4592 1608 paucitate

2631 1610 2713 1677 de
2756 1610 2893 1677 ulla
2936 1633 3010 1677 re
3052 1610 3243 1678 nobis
3284 1612 3573 1696 putarim
3615 1612 3830 1697 magis
3885 1607 4344 1688 laborandum,
4400 1628 4595 1693 quam

2630 1704 2709 1762 ut
2750 1697 2976 1763 schola
3017 1704 3246 1764 nostra
3287 1696 3563 1764 eruditis
3605 1695 3984 1765 doctoribus
4030 1704 4101 1763 et
4142 1695 4421 1762 attentis
4466 1693 4595 1760 dis·

2631 1783 2870 1867 cipulis
2914 1782 3220 1850 abundet.
3291 1783 3527 1883 Itaque
3562 1780 3702 1850 dies
3744 1792 3814 1849 et
3854 1789 4082 1850 noctes
4123 1781 4205 1848 de
4249 1781 4377 1848 hoc
4420 1780 4595 1864 cogi·

2633 1876 2773 1934 tare
2813 1889 2922 1935 me
2964 1869 3146 1948 scito,
3191 1868 3451 1936 etiamen
3494 1866 3672 1952 quod
3713 1870 3905 1955 cupio
3948 1889 4083 1935 non
4127 1867 4436 1934 efficiam.

2806 1954 2996 2037 Quae
3040 1954 3124 2020 ad
3164 1976 3282 2022 nos
3317 1954 3399 2021 de
3444 1954 3706 2021 concilii
3749 1952 4234 2022 conditionibus
4276 1951 4598 2037 scripsisti

2631 2038 2822 2106 nobis
2855 2041 3235 2126 gratissima
3276 2040 3568 2120 fuerunt,
3614 2062 3691 2108 ac
3724 2039 4002 2124 proinde
4044 2040 4166 2107 tibi
4199 2058 4325 2122 pro
4359 2038 4491 2106 hoc
4532 2037 4601 2102 in

2633 2125 2942 2193 ecclesias
2984 2127 3197 2194 officio
3251 2148 3564 2212 magnam
3620 2128 3905 2212 gratiam
3949 2127 4289 2194 habemus.
4380 2122 4599 2191 Simul

2633 2218 2831 2296 atque
2881 2211 3377 2297 promulgatum
3429 2213 3630 2279 fuerit
3671 2210 3979 2292 edictum,
4035 2209 4213 2296 quod
4252 2230 4405 2278 cras
4461 2208 4601 2275 fore

2634 2319 2996 2383 speramus,
3055 2299 3533 2366 constituimus
3561 2297 3953 2364 Tridentino
4007 2295 4445 2365 conciliabulo
4487 2316 4601 2379 pa-

2633 2384 2768 2450 lam
2826 2383 3251 2462 intercedere,
3311 2405 3397 2451 ne
3456 2382 3615 2470 quid
3669 2383 4029 2451 adversarii
4072 2383 4198 2451 hoc
4248 2388 4605 2466 praetextu

2634 2470 2705 2535 in
2749 2490 2871 2537 nos
2914 2470 3288 2541 moliantur.

2812 2555 3251 2624 Normandius
3292 2564 3518 2623 noster
3560 2556 3857 2623 nondum
3898 2576 3986 2622 ex
4028 2553 4337 2622 Picardia
4386 2551 4603 2619 rediit.

2637 2641 2822 2708 Bene
2865 2642 3032 2721 vale,
3089 2642 3182 2707 mi
3237 2649 3443 2725 pater.
3520 2641 3841 2708 Dominus
3882 2641 4073 2708 Iesus
4116 2648 4184 2707 te
4227 2646 4459 2706 servet
4502 2640 4604 2704 in-

2636 2727 2960 2794 columem
3002 2736 3072 2794 et
3112 2728 3360 2793 sanctis
3394 2729 3532 2794 tuis
3573 2725 3905 2794 laboribus
3949 2724 4309 2793 benedicat.
4392 2723 4607 2790 Novis

2636 2813 2931 2898 syndicis
2986 2833 3236 2879 annum
3292 2833 3685 2898 prosperum
3741 2813 3997 2899 totique
4051 2811 4311 2879 senatui
4357 2818 4432 2876 et
4476 2809 4607 2877 col·

2635 2899 2817 3051 legii¹
2866 2900 3172 3000 omnibus
3236 2898 3515 2966 multam
3580 2898 3867 2965 salntem
3930 2918 4179 2983 precor.
4288 2896 4607 2964 Iantefiae

4004 3122 4191 3188 'l'nus
4234 3120 4432 3187 Beza-

3524 3668 3727 3739 ³788.

3136 3822 3620 3893 TOSSANUS
3664 3821 4105 3890 OALVINO.

2813 3998 3387 4065 Posidiutunmm
3434 3993 3690 4066 Calvisi
3739 3994 4609 4062 silentiummaoumoe

2634 4081 4095 4163 vaermrationminirewpit,naevidetuw,
4158 4079 4411 4146 sednil
4460 4100 4609 4165 pro-

2631 4165 4443 4255 fertnisidomcsticaquaedametquaedeoouoquio
4488 4168 4613 4234 Ta-

2633 4257 2848 4324 bernis
2885 4255 3093 4322 habito
3134 4255 3404 4320 rescivit.

2932 4427 3044 4491 (Ex
3079 4425 3426 4496 autographo
3461 4423 3593 4479 Cod.
3632 4423 3839 4479 Gener.
3879 4420 3996 4493 110,
4030 4423 4123 4479 sol.
4166 4421 4313 4491 167.)

2808 4597 3194 4666 Clarissimo
3268 4598 3410 4662 viro
3473 4596 3560 4661 D.
3626 4595 3862 4662 Ioanni
3928 4593 4212 4662 Calvino
4288 4594 4609 4662 ecclesiae

2636 4685 3055 4754 Genevensis
3074 4683 3321 4767 pastori
3344 4681 3609 4748 domino
3640 4701 3762 4747 suo
3796 4688 3865 4746 et
3896 4680 4088 4746 tratri
4122 4679 4605 4748 colendissimo.

2810 4941 2884 5009 S.
2957 4938 3439 5006 Oolendissime
3488 4938 3765 5017 Gabino,
3819 4938 4053 5022 scripsi
4098 4937 4181 5006 ad
4226 4947 4294 5006 te
4338 4937 4444 5006 bis
4486 4948 4607 5006 aut

2636 5039 2740 5097 ter
2782 5049 2825 5093 a
2866 5026 3134 5093 biennio
3176 5033 3293 5090 aut
3335 5025 3639 5104 triennio,
3684 5033 3753 5090 et
3796 5025 4103 5091 existimo
4144 5023 4375 5090 literas
4420 5046 4607 5093 meas

3272 5247 3305 5303 Ρ

2843 5249 2906 5386 ‘⁷³3
2942 5316 3006 5371 zv.
3232 5316 3382 5372 3706.
