4900 6125
580 384 709 450 4⁴³

581 570 697 637 illa
738 565 1128 648 ostenderet,
1186 565 1393 632 nihilo
1437 566 1660 634 minus
1700 567 1893 652 capti.
1940 567 2023 633 ab
2066 567 2338 651 antiqua
2380 566 2531 632 reli-

582 656 797 744 gionis
839 669 905 721 et
959 653 1133 739 regis
1174 652 1629 721 observatione
1673 661 2129 719 avocarentur.
2219 654 2535 718 Astutum

581 741 873 827 profecto
906 747 973 803 et
1027 738 1438 824 ingeniosum
1481 739 1846 816 inventum,
1898 757 2018 823 pro
2058 758 2185 823 quo
2230 736 2539 805 videlicet

582 824 1099 911 quamplurimos
1162 823 1417 902 aeriter,
1484 833 1796 909 tanquam
1860 843 1980 909 pro
2045 823 2190 908 lege
2255 823 2535 909 agraria,

583 910 885 979 videmus
926 908 1048 978 hoe
1083 919 1216 976 tem
1304 929 1377 974 re
1411 909 1836 976 decertantes.
1925 909 2145 993 Quam
2188 909 2369 975 enim
2406 908 2537 975 vel-

582 998 724 1065 lent
762 1005 993 1063 tenues
1050 1016 1126 1062 ae
1183 995 1230 1059 li
1276 994 1510 1061 idinosi
1566 994 1948 1073 nebulones,
1990 995 2105 1079 qui
2147 994 2391 1078 partim
2433 995 2535 1060 in-

582 1083 768 1160 ertia,
821 1081 1062 1166 partim
1114 1079 1286 1146 male
1338 1078 1629 1180 gerendo
1684 1081 1944 1167 negotio
1999 1082 2088 1146 in·
2122 1090 2345 1148 vetere
2387 1100 2540 1146 aere

585 1169 802 1235 alieno
837 1166 1166 1244 vacillant,
1204 1166 1318 1250 qui
1351 1165 1742 1250 iampridem
1775 1174 2183 1252 premuntur,
2218 1166 2331 1251 qui
2367 1186 2541 1232 nun—

586 1273 782 1339 quam
862 1266 1223 1336 emergent,
1299 1272 1519 1335 quam,
1581 1252 1871 1336 inquam,
1938 1251 2186 1317 vellent
2250 1251 2541 1335 specioso

587 1339 806 1424 aliquo
859 1338 1127 1404 nomine
1184 1335 1266 1402 ad
1311 1358 1495 1422 spem
1552 1337 1835 1422 praedae
1887 1346 1956 1402 et
2010 1338 2394 1421 rapinarum
2436 1338 2539 1401 in-

588 1423 802 1504 vitari,
858 1442 1056 1508 quam
1109 1421 1386 1489 aliorum
1443 1422 1723 1488 fortunis
1782 1421 2116 1500 ditescere,
2182 1442 2344 1507 quas
2386 1442 2541 1487 con-

586 1509 908 1582 scelerata
981 1529 1058 1574 ac
1129 1508 1378 1574 nefaria
1440 1518 1662 1573 mente
1721 1507 1953 1574 tandiu
2016 1507 2490 1592 concupierunt
2507 1505 2540 1569 Ἰ

587 1595 879 1666 'I'antum
943 1591 1154 1661 valuit
1216 1593 1377 1660 haec
1439 1593 1680 1677 opinio,
1745 1603 1824 1659 ut
1884 1593 2083 1660 etiam
2148 1593 2221 1658 in
2286 1603 2544 1659 mentes

589 1691 970 1750 nostrorum
1004 1677 1343 1745 hominum
1377 1679 1757 1764 penetrarit,
1798 1687 1875 1746 ut
1907 1677 2259 1746 multitudo
2292 1679 2361 1744 in
2396 1698 2544 1744 eam

589 1764 1111 1919 ’Ἥᾞὲἒθ
1157 1765 1549 1916 3:¹3⁰&
1584 1761 1946 1917 ἒῗιῖζωῗέ
1947 1765 2545 1916 ’03112120‘32‘0‘2333

588 1875 736 2007 331
810 1870 1262 2036 neumago-re
1312 1872 1622 2036 ’‘riffintm,
1685 1919 1813 2036 ‚qui
1880 1957 2030 2003 cum
2071 1936 2546 2036 ‘ecelesiastica

587 2022 860 2112 praedia
909 2022 1184 2089 obtineri
1333 2021 1592 2108 quando
1637 2042 1781 2088 vice
1822 2021 2432 2101 haereditariorum,
2477 2029 2549 2088 et

586 2131 742 2180 cum
802 2127 1008 2175 uxore
1063 2107 1260 2174 simul
1318 2107 1564 2187 haberi,
1621 2129 1699 2175 ac
1757 2107 1979 2175 liberis
2036 2108 2318 2191 relinqui
2356 2127 2547 2192 posse

586 2196 957 2282 opinentur,
1014 2193 1504 2260 coniuratorum
1565 2194 1878 2261 factiones
1933 2195 2131 2261 etiam
2197 2193 2549 2279 propagari

588 2302 725 2349 non
763 2278 1038 2346 moleste
1079 2280 1311 2346 ferant.
1401 2279 1528 2345 His
1610 2279 1773 2347 rinei
1821 2279 1905 2345 iis
1947 2280 2184 2364 serpsit
2228 2279 2545 2364 paulatim

588 2368 717 2436 hoc
769 2366 841 2433 in
894 2385 1030 2449 rep.
1097 2364 1366 2445 malum,
1423 2301 1607 2448 quod>
1645 2365 1714 2430 in
1820 2366 1912 2433 ‘es
1968 2367 2303 2449 querimur
2344 2364 2547 2433 vehe-

587 2451 877 2520 mentius
932 2452 957 2517 i
1127 2470 1416 2518 vescere:
1474 2461 1544 2517 et
1596 2451 1692 2516 ita
1734 2453 1805 2515 in
1849 2472 2078 2517 omnes
2123 2451 2279 2535 reip.
2327 2459 2549 2534 partes

587 2537 869 2623 quadam
924 2559 965 2604 v
1033 2536 1132 2601 uti
1184 2535 1572 2621 contagione
1629 2533 2012 2615 dimanavit,
2070 2546 2144 2603 ut
2184 2537 2318 2602 iam
2358 2535 2546 2601 nullo

589 2621 876 2690 remedio
931 2643 1168 2706 corpus
1225 2623 1447 2688 sanari
1525 2634 1739 2706 queat,
1800 2621 1930 2689 nisi
1984 2623 2066 2689 ab
2123 2643 2199 2688 eo
2253 2621 2551 2689 membra

713 2710 863 2775 vius
899 2708 1136 2775 affecta
1179 2706 1597 2774 divellantur.
1685 2706 1865 2775 Hinc
1907 2706 2025 2774 illa
2058 2710 2551 2775 coniuratorum

588 2795 875 2870 iactatio,
930 2794 1086 2861 hine
1131 2791 1369 2871 minae,
1413 2793 1571 2860 hinc
1626 2794 2019 2878 arrogantia,
2063 2793 2219 2860 hinc
2253 2790 2548 2870 insidiae,

587 2903 756 2966 quae
799 2879 1036 2964 optimi
1069 2880 1380 2963 cuiusque
1413 2880 1577 2946 civis
1612 2882 1786 2946 vitae
1807 2887 2185 2946 struuntur:
2210 2878 2367 2945 hinc
2401 2901 2434 2944 s

587 2968 742 3120 ξιτ,
765 2964 2555 3136 ιιιᾛῑεεῖὲῑιεςῃὲψὲςὲῑτῑ,,Ἥξει

593 3136 965 3207 laudandae
1022 3157 1180 3203 suae
1229 3136 1580 3217 doctrinae,
1625 3146 1688 3204 et
1735 3136 2018 3222 pietatis,
2062 3156 2182 3222 pro
2223 3157 2354 3220 qua
2395 3155 2552 3202 eon-

593 3222 946 3299 tendimus‚
988 3221 1344 3289 elevandae
1385 3230 1713 3307 promunt,
1756 3221 1929 3306 quod
1972 3230 2112 3289 tam
2158 3223 2342 3289 brevi
2387 3232 2552 3289 tem-

593 3330 753 3395 pore
807 3318 946 3375 tam
993 3308 1237 3375 multos
1292 3318 1666 3388 sectatores,
1730 3317 1801 3375 et
1850 3308 2230 3392 opinionum
2284 3328 2553 3374 suarum

593 3394 893 3463 vindices
932 3393 1394 3479 pertraxerint,
1429 3396 1540 3480 qui
1583 3393 1788 3461 semel
1822 3396 2116 3478 persuasi
2157 3393 2359 3461 nullis
2401 3414 2553 3478 po&

595 3495 708 3549 tea
761 3480 1127 3548 rationibus
1185 3478 1266 3545 de
1323 3480 1654 3547 sententia
1712 3480 1902 3548 deiici
1946 3501 2022 3548 ae
2068 3479 2386 3546 dimoveri
2438 3501 2550 3564 po-

594 3576 884 3635 tuerunt.

767 3652 1080 3729 Putasne,
1125 3651 1318 3731 Besa,
1361 3672 1439 3718 eo
1472 3651 1960 3719 coniuratorum
2003 3672 2275 3718 manum
2316 3673 2392 3718 ac
2435 3672 2551 3736 po-

597 3739 872 3805 tentiam
931 3738 1337 3823 prorupisse,
1398 3748 1473 3802 ut
1529 3739 1714 3821 paria
1770 3738 1984 3805 facere
2041 3738 2408 3816 nobiseum,
2475 3746 2555 3804 ut

597 3823 799 3910 regiis
841 3824 1045 3907 copiis
1086 3821 1389 3890 collectos
1432 3842 1801 3909 ganconum
1848 3843 2083 3910 greges
2126 3825 2298 3891 iuste
2338 3835 2553 3890 marte

596 3916 798 3994 queat
858 3928 942 3991 op
1031 3928 1185 3975 nere
1205 3907 1238 3974 ?
1320 3910 1498 3976 Tuos
1561 3907 1795 3976 deduci
1861 3909 1942 3976 de
2005 3910 2366 3994 pertinacia
2418 3930 2553 3975 non

595 4016 807 4080 posse,
850 3929 1027 4059 “xpo
1023 3995 1094 4060 in
1139 3994 1395 4061 haeresi
1455 3994 1585 4080 [fol.
1632 3994 1704 4083 8]
1750 4015 1948 4079 quam
1992 4006 2058 4061 te
2101 3994 2378 4061 authore
2410 4017 2553 4062 sus·

596 4082 910 4165 ceperint,
946 4082 1167 4147 animo
1191 4080 1521 4146 obstinato
1554 4102 1939 4165 permanere
1961 4081 2282 4166 gloriaris.
2338 4080 2551 4146 Nimi-

599 4189 768 4243 rum,
811 4166 1004 4245 Besa,
1048 4166 1218 4249 quod
1241 4165 1500 4252 Ulyssis
1547 4166 1742 4233 sociis
1786 4188 1909 4233 usu
1949 4168 2208 4233 venisse
2251 4167 2319 4231 in
2364 4165 2551 4231 fabu-

595 4254 681 4319 lis
716 4253 1016 4339 legimus,
1055 4262 1126 4317 ut
1161 4263 1428 4336 gustata
1449 4252 1623 4319 Loto
1645 4254 1895 4335 patriae
1929 4254 2346 4318 immemores
2380 4250 2553 4335 apud

595 4338 1020 4423 Lotophagos
1072 4350 1378 4421 optarent
1428 4337 1741 4416 desidere,
1799 4349 1868 4403 et
1917 4337 2170 4405 Circeis
2221 4336 2556 4404 veneficiis

596 4426 666 4490 in
711 4447 862 4490 sues
905 4424 1208 4490 conversi
1252 4436 1314 4489 et
1373 4422 1748 4504 dementati,
1795 4424 2069 4489 humani
2109 4424 2243 4490 oris
2285 4442 2360 4488 ac
2404 4423 2554 4488 vul·

598 4524 706 4576 tus
771 4532 902 4576 non
969 4510 1251 4593 amplius
1307 4510 1780 4588 meminissent,
1845 4509 2020 4575 idem
2078 4509 2354 4575 forsitan
2421 4509 2556 4574 tuis

599 4596 851 4662 fatebor
906 4595 1304 4679 contingere,
1363 4606 1436 4660 ut
1487 4595 1684 4662 huius
1739 4596 2040 4661 licentiae
2092 4615 2288 4678 quam
2335 4603 2555 4660 vestra

598 4682 825 4749 schola
865 4690 1154 4747 ostentat
1197 4682 1446 4765 laqueis
1489 4682 1750 4757 irretiti,
1795 4692 1864 4746 et
1916 4682 1998 4748 ad
2043 4681 2163 4746 hos
2204 4679 2555 4746 libidinum

598 4780 668 4834 et
728 4767 1136 4850 corruptelae
1205 4766 1506 4851 scopulos
1569 4767 2112 4834 adhaerescentes
2134 4819 2150 4845 ,
2216 4766 2555 4851 religionis

598 4855 886 4919 salutare
965 4853 1396 4936 pharmacum
1467 4864 1780 4936 tanquam
1857 4853 2266 4920 absinthium
2343 4852 2555 4935 primo

599 4952 798 5023 gustu
842 4941 1120 5005 insuave
1162 4950 1617 5022 aspernentur.
1710 4939 1913 5005 Venit
1946 4939 2110 5004 mihi
2146 4940 2218 5003 in
2262 4945 2554 5003 mentem

599 5036 908 5109 argutum
965 5024 1127 5089 illud
1177 5024 1460 5109 Agesilai
1517 5024 1889 5108 philosophi
1938 5024 2209 5102 dietum,
2277 5044 2359 5088 ex
2427 5043 2555 5107 quo

598 5132 746 5175 cum
790 5120 1212 5193 quaereretur
1268 5132 1388 5183 cnr
1428 5130 1626 5194 quam
1673 5110 1896 5175 lurimi
1940 5112 2024 5176 ab
2070 5108 2426 5177 Academia
2469 5108 2552 5175 ad

599 5195 960 5278 Epicurum
1005 5195 1452 5273 desciscerent,
1501 5195 1610 5262 val
1656 5218 1693 5262 e
1738 5196 1926 5280 pauci
1973 5196 2320 5273 resilirent,
2366 5215 2552 5278 pera·

599 5292 750 5345 cute
809 5279 1160 5363 respondit,
1220 5301 1304 5346 ex
1364 5282 1523 5347 viris
1580 5282 1918 5349 eunuchos
1972 5283 2156 5369 gigni
2211 5302 2422 5366 posse,
2468 5302 2551 5347 ex

2251 377 2719 448 EPIswLA
2773 382 2941 447 8805

4462 383 4575 445 444

2636 567 2957 635 eunuchis
2998 575 3221 634 autem
3257 567 3435 635 viros
3476 588 3893 653 nequaquam
3935 567 4164 634 solere.
4254 566 4373 635 Sic
4415 589 4456 633 a
4482 589 4579 635 sa·

2634 653 2886 738 pientia
2925 655 2998 720 in
3031 653 3275 722 erroris
3310 663 3586 739 puteum
3620 655 3801 721 leves
3837 654 4135 720 homines
4174 653 4367 720 facile
4410 674 4581 737 prse-

2635 739 2866 823 eipites
2921 740 3243 820 feruntur,
3299 740 3418 806 sed
3472 740 3556 807 ab
3613 760 3833 806 errore
3876 739 3949 804 in
4004 740 4182 807 viam
4238 738 4471 822 redire,
4523 749 4585 806 st

2635 824 2914 974 grgdum
2958 825 3317 909 pedemque
3360 846 3669 893 revocare
3715 824 3800 891 iis
3845 825 4175 892 duntaxat
4212 844 4583 892 concessum

2638 932 2709 977 0⁸
2743 962 2759 989 5

2887 1062 3113 1133 Iupiter,
3150 1071 3250 1117 aut
3281 1004 4069 1120 ‘altdognsmaeenxsit‘rd‘valgthera
4102 1065 4290 1119 virtus.
4305 1063 4360 1132 ⁸)

2811 1147 3208 1231 Quanquam
3263 1160 3331 1214 et
3381 1151 3526 1233 ipse
3581 1172 3717 1218 non
3777 1171 4016 1234 paucos
4076 1152 4323 1235 possim
4389 1151 4589 1220 noni·

2640 1255 2799 1300 nare
2832 1234 3158 1318 exquisite
3192 1234 3431 1303 iudicio
3473 1246 3544 1302 et
3575 1234 3875 1305 doctrina
3939 1247 4347 1321 praestantes
4405 1237 4590 1313 viros,

2641 1318 2877 1404 quibus
2932 1319 3002 1385 id
3064 1319 3291 1386 divina
3347 1318 3615 1387 demum
3669 1322 4078 1407 benignitate
4134 1322 4435 1421 contigit,
4485 1320 4593 1387 scd

2640 1407 2966 1473 incertum
3032 1419 3133 1472 est
3196 1416 3420 1472 utrum
3482 1407 3814 1475 nominari
3880 1407 4108 1474 velint·
4205 1404 4392 1489 Quid
4448 1426 4595 1472 vero

2643 1491 2829 1559 vobis
2866 1489 3132 1557 videtur
3165 1490 3246 1557 de
3274 1493 3588 1559 Duareno
3625 1504 3888 1561 nostrae
3922 1494 4155 1561 aetatis
4183 1489 4591 1577 Papiniano?

2644 1577 2757 1660 qui
2800 1596 2951 1642 eum
3005 1577 3231 1644 morbo
3277 1577 3716 1664 praepeditus,
3774 1577 3857 1645 de
3909 1591 4121 1646 morte
4162 1578 4482 1656 solicitus,
4522 1575 4597 1644 de

2643 1682 2768 1729 sua
2808 1662 3018 1729 salute
3078 1663 3317 1731 anxius
3359 1665 3696 1749 cogitaret,
3742 1666 4139 1732 sententiam
4182 1685 4372 1731 suam
4418 1682 4599 1729 revo-

2644 1748 2851 1814 cavit:
2911 1757 2981 1815 et
3034 1751 3406 1817 convocatis
3448 1751 3753 1817 omnibus
3817 1771 3982 1834 quos
4027 1748 4319 1818 eiusdem
4365 1749 4597 1815 erroris

2645 1832 2940 1902 conscios
2996 1832 3337 1913 habuerat,
3393 1837 3613 1920 palam
3654 1837 4047 1903 testificatus
4090 1843 4193 1903 est
4226 1857 4347 1919 pro
4390 1853 4600 1902 sacro-

2643 1928 2873 1987 sancta
2916 1919 3249 1988 Ecclesiae
3291 1921 3615 2007 dignitate
3657 1943 3735 1989 ac
3777 1922 4058 1988 veritate
4098 1932 4330 1988 contra
4371 1920 4601 1986 confic-

2646 2019 2786 2071 tam
2849 2013 2920 2070 et
2981 2007 3420 2091 excogitatam
3476 2007 3556 2073 ab
3611 2007 3754 2074 istis
3808 2008 4231 2091 impietatem.
4257 2010 4313 2084 ⁸)
4418 2004 4605 2088 Quod

2647 2101 2869 2158 autem
2913 2113 2985 2158 se
3029 2093 3223 2158 toties
3267 2113 3310 2158 a
3347 2093 3539 2160 nobis
3581 2093 3981 2172 verberatos,
4025 2103 4314 2171 necatos,
4369 2111 4605 2169 caesos,

2646 2186 2716 2242 et
2756 2177 2940 2242 omni
2981 2197 3224 2262 genere
3259 2186 3738 2245 tormentorum
3783 2187 3852 2245 et
3893 2180 4303 2246 cruciatuum
4337 2187 4607 2243 vexatos

2646 2282 2771 2330 eon
2816 2272 3162 2342 ueruntur,
3218 2284 3297 2330 ac
3351 2263 3560 2329 nihilo
3602 2263 3822 2329 minus
3864 2285 3936 2330 se
3972 2265 4157 2330 vivos
4199 2263 4506 2338 cremari,
4545 2269 4610 2326 et

2648 2369 2765 2416 eru
2812 2348 3099 2416 elissime
3154 2350 3339 2425 mori,
3396 2370 3592 2432 quam
3651 2349 3933 2433 turpiter
3995 2348 4337 2417 nobiseum
4388 2349 4609 2414 vivere

2649 2442 2849 2518 atque
2905 2434 3154 2501 sentire
3206 2434 3520 2501 maluisse
3574 2445 3712 2500 tam
3765 2455 3961 2519 saepe
4003 2434 4359 2510 obiectant,
4408 2432 4610 2500 habeo

2649 2518 2824 2604 quod
2876 2519 3009 2586 illis
3068 2520 3356 2587 breviter
3398 2520 3847 2604 respondeam.
3940 2521 4083 2606 Ego
4126 2518 4399 2604 quidem
4442 2529 4611 2586 certe

2652 2605 2747 2672 sie
2789 2613 3029 2686 statuo,
3073 2613 3151 2671 ut
3189 2607 3262 2670 in
3309 2608 3622 2672 extremis
3663 2626 4011 2690 corporum
4053 2604 4343 2684 morbis,
4392 2605 4492 2671 ita
4546 2605 4615 2669 in

2652 2690 2842 2774 Reip.
2889 2690 3273 2758 vulneribus
3314 2691 3499 2757 nulla
3540 2690 3831 2757 remedia
3871 2701 4011 2757 tam
4054 2692 4268 2757 facere
4301 2690 4615 2768 dolorem,

2652 2797 2850 2860 quam
2914 2796 3082 2861 quae
3146 2776 3230 2842 ad
3293 2777 3571 2843 salutem
3628 2776 4043 2843 adhibentur.
4150 2775 4231 2842 Id
4297 2776 4617 2843 Caesares

2653 2861 3048 2929 christianos
3103 2862 3386 2930 sensisse
3447 2863 3975 2946 iurisperitorum
4031 2860 4181 2927 libri
4240 2873 4611 2929 testantur:

2654 2946 2721 3013 id
2756 2948 2978 3033 Reges
3033 2957 3290 3015 nostros
3344 2948 3696 3048 censuisse,
3756 2948 4031 3047 annales
4073 2957 4142 3013 et
4181 2957 4617 3049 monumenta

2653 3032 3376 3221 :mutuasse
3391 3032 4057 3220 ‘ffuffim‘fffimm
4041 3032 4615 3205 :32:⁹22

2653 3226 2934 3291 quorum
2978 3226 3084 3272 me
3126 3227 3415 3274 maxime
3448 3205 3817 3273 authoritas
3858 3229 3931 3271 in
3974 3205 4101 3273 hac
4140 3216 4329 3290 parte
4375 3216 4614 3283 movet,

2655 3289 3111 3359 indubitanter
3160 3293 3594 3360 confirmavit.
3683 3293 3865 3378 Ergo
3913 3292 4311 3371 coniuratos,
4360 3290 4501 3392 [fol.
4546 3289 4613 3379 9]

2656 3379 2771 3462 qui
2806 3378 2937 3443 iam
2975 3374 3229 3444 dudum
3262 3378 3329 3444 in
3363 3378 3697 3462 pravitate
3715 3377 4170 3444 obduruerunt
4201 3377 4405 3459 (milu
4441 3379 4616 3445 enim

2655 3472 2990 3530 certamen
3045 3464 3372 3531 duntaxat
3426 3464 3861 3531 committitur
3914 3484 4069 3530 eum
4120 3464 4461 3549 pestiferis
4514 3476 4617 3529 tu·

2654 3549 2985 3616 multuum
3054 3550 3643 3618 machinatoribus:
3710 3551 4004 3630 caeteris,
4082 3550 4197 3634 qui
4260 3549 4409 3615 sola
4470 3571 4615 3617 sm·

2655 3634 2861 3702 tiendi
2906 3635 3267 3702 mobilitate
3308 3655 3387 3703 ae
3440 3655 3662 3702 errore
3715 3635 4064 3715 ducuntur,
4098 3657 4232 3701 non
4274 3634 4481 3703 modo
4522 3638 4617 3722 ig-

2656 3740 2873 3800 nosco,
2939 3720 3058 3786 sed
3121 3728 3409 3787 mentem
3474 3721 3809 3787 meliorem
3876 3742 3952 3788 ac
4016 3722 4373 3787 sanitatem
4441 3744 4484 3789 o
4528 3726 4616 3799 te)

2654 3808 3027 3907 coniuratos
3079 3807 3384 3908 inquam,-
3436 3808 3550 3891 qui
3603 3806 3932 3907 publicam
3991 3806 4308 3908 bonorum
4367 3810 4615 3876 civium

2655 3892 3257 4062 ffiiifuffiffa
3274 3892 4046 4045 qaemffiffifflat?
4059 3904 4615 4064 ἕὲιῒέηὲῗὶἷωω

2657 4064 2836 4130 niam
2894 4065 3276 4148 resipiscere
3340 4085 3677 4147 nunquam
3731 4065 4243 4142 meditabuntur,
4310 4065 4495 4132 ferro
4546 4085 4615 4132 ao

2656 4149 2855 4215 caede
2897 4148 3146 4216 iudicas
3181 4171 3328 4216 esse
3365 4148 3840 4217 vindicandos?
3927 4150 4069 4218 Our

2656 4255 2894 4313 carem,
2948 4236 3119 4319 quod
3176 4235 3371 4387 leages,
3425 4233 3602 4319 quod
3646 4236 3883 4336 Reges,
3928 4235 4102 4320 quod
4252 4246 4611 4319 pei-atores.

2657 4319 2828 4405 quod
2883 4322 3046 4387 istos
3106 4319 3215 4386 vid
3282 4322 3409 4387 icet
3464 4323 3924 4405 integerrimos
3977 4342 4283 4389 censores
4325 4326 4615 4389 sensisse

2658 4405 2905 4473 audio?
2990 4407 3135 4473 Imo
3178 4411 3233 4473 si
3278 4405 3626 4486 Oatilinae,
3669 4408 3724 4473 si
3760 4406 4127 4485 Saturnini,
4173 4407 4231 4471 si
4276 4407 4613 4475 Graccho-

4266 4171 4407 4216 non
4450 4151 4617 4217 iudi·

2654 4903 2840 4943 cer-an
2886 4903 2999 4970 apa
3039 4889 3251 4969 pala-0,
3273 4893 3664 5025 ..ΨΜ
3695 4886 4019 5010 Bjoldamusi
4056 4903 4177 4970 ega-
4220 4886 4614 5012 Ἤ

2658 5025 2895 5079 Duareni
2931 4956 3283 5079 ‘'cotnsitrtgaedg'⁷
3316 5025 3633 5106 ministeriis
3684 5027 3813 5079 ecel.
3984 5064 3998 5078 .
4056 5024 4208 5080 15⁶6.
4303 5024 4390 5083 Of.
4446 5033 4609 5081 ea-

2656 5094 2951 5233 mlv.
3022 5093 3188 5216 {aad
3240 5093 3407 5151 Bau.
3460 5111 3521 5149 us
3584 5093 3765 5149 stud.
3819 5095 3902 5148 αἱ.
3982 5092 4108 5150 ⁵82.
4152 5094 4219 5149 11.
4257 5093 4374 5161 199,
4418 5094 4607 5166 qu,

2653 5230 2932 5366 (unul
2982 5232 3096 5366 Q)
3116 5231 3401 5285 haereticis
3455 5248 3488 5282 a
3539 5230 3684 5284 civili
3738 5230 4059 5300 magistratu
4109 5232 4401 5300 puniendis
4458 5229 4605 5287 Μ
