4900 6125
1051 1809 1241 1881 4127.

476 1979 1122 2051 lomnmsus
1169 1982 1810 2052 sommantio,

323 2150 429 2218 De
470 2153 755 2237 epistolis
800 2151 1058 2220 cama
1099 2154 1373 2222 mas.

151 2322 257 2390 (Ex
291 2324 635 2393 autographo
671 2323 819 2382 Bibl.
850 2326 1054 2379 civicae
1091 2326 1271 2381 Turio.
1309 2325 1466 2382 MSS.
1499 2327 1571 2384 1³².
1596 2326 1725 2382 Vol.
1741 2326 1830 2390 39,
1866 2327 1963 2386 fol.
1982 2327 2132 2395 499.)

330 2495 720 2562 Clarissimo
763 2495 908 2564 viro
953 2498 1037 2563 D.
1083 2496 1471 2583 Bullingero
1512 2498 1874 2584 Tigurinae
1921 2501 2130 2568 eccle-

163 2580 290 2647 siae
333 2580 473 2646 fido
515 2583 761 2665 pastori
805 2582 974 2648 mihi
1016 2582 1376 2665 plurimum
1411 2583 1812 2651 honorando.

1693 2671 1950 2757 Tiguri.

327 2837 400 2905 S.
452 2837 630 2920 Quia
660 2839 972 2923 permulti
1008 2847 1181 2920 sunt,
1218 2841 1327 2906 vir
1347 2840 1735 2920 clarissime,
1772 2843 1886 2927 qui
1921 2842 2123 2910 vehe-

159 2933 414 2990 menter
451 2926 728 3007 cupiunt
767 2946 844 2992 ac
880 2925 1222 3008 postulant
1264 2933 1341 2992 ut
1384 2925 1666 2994 edantur
1709 2929 1780 2993 in
1827 2928 2043 2995 lucem
2067 2933 2124 3005 ¹)

159 3029 587 3095 quaecunque
621 3011 910 3079 inveniri
931 3020 1207 3096 possunt
1240 3012 1489 3093 literae,
1514 3033 1680 3098 quas
1701 3013 1788 3081 D.
1817 3012 2126 3083 Calvinus

157 3095 214 3160 b.
259 3098 620 3163 memoriae
677 3098 787 3164 vir
841 3099 1108 3180 scripsit
1158 3098 1244 3164 ad
1301 3101 1544 3165 amicos
1558 3151 1573 3180 ‚
1631 3121 1914 3185 quorum
1968 3121 2124 3185 ope-

155 3202 294 3247 ram
337 3181 470 3249 hac
511 3183 586 3247 in
639 3204 715 3249 re
767 3183 1172 3250 conficienda
1228 3185 1668 3252 necessariam
1708 3208 1852 3253 esse
1895 3185 2121 3254 video:

155 3288 348 3348 nuno,
395 3267 572 3352 quod
615 3268 750 3333 iam
793 3278 992 3336 antea
1023 3291 1299 3355 quoque,
1343 3280 1499 3354 peto
1543 3272 1662 3338 abs
1703 3279 1789 3353 te,
1830 3272 1965 3339 imo
2009 3272 2124 3339 ob-

155 3354 305 3418 nixe
351 3364 422 3419 te
485 3374 645 3438 rogo
705 3361 902 3438 atque
965 3357 1262 3435 obsecro,
1321 3366 1399 3422 ut
1454 3355 1610 3442 quid
1657 3358 1770 3423 uid
1830 3380 2123 3443 unquam

153 3436 500 3505 literarum
547 3441 627 3505 ab
671 3460 749 3505 eo
795 3441 1106 3525 accepisti
1142 3441 1492 3526 diligenter
1526 3464 1602 3510 co
1659 3444 1673 3457 ‘
1834 3453 1903 3510 et
1945 3466 2123 3512 com-

153 3522 473 3603 plicatum
519 3524 603 3589 ad
647 3546 755 3592 me
799 3528 1060 3605 mittas,
1105 3535 1184 3592 ut
1225 3528 1412 3609 inde,
1458 3531 1513 3595 si
1559 3530 1965 3615 exemplaria
2008 3538 2124 3598 tua

157 3608 272 3674 tibi
310 3612 482 3677 velis
527 3612 778 3676 remitti
821 3620 1174 3696 antequam
1218 3615 1399 3698 typis
1443 3615 1959 3695 committantur,
2005 3638 2121 3682 ex-

154 3696 352 3762 scribi
399 3697 672 3780 possint.
742 3697 972 3781 Neque
1016 3699 1193 3763 enim
1237 3699 1306 3763 id
1351 3709 1488 3765 tam
1532 3701 1662 3766 cito
1699 3702 1840 3767 fieri
1885 3709 2120 3786 potest.

155 3779 326 3847 Nam
373 3804 415 3848 a
478 3782 704 3848 multis
763 3790 832 3848 et
882 3780 1147 3866 quidem
1201 3785 1429 3868 procul
1484 3785 1642 3853 hinc
1697 3787 1949 3853 dissitis
2007 3809 2122 3872 pe·

151 3866 352 3934 tenda
397 3877 558 3934 sunt
611 3867 1031 3952 exemplaria.
1122 3869 1353 3955 Nuper
1394 3871 1670 3937 Lutetia
1713 3873 1798 3938 ad
1839 3895 1946 3939 me
1990 3884 2122 3940 tre-

151 3949 362 4018 decim
401 3953 720 4037 epistolae
753 3955 898 4021 eius
931 3956 1175 4021 missae
1209 3962 1372 4022 sunt
1405 3957 1488 4023 ab
1523 3959 1732 4024 amico
1761 3961 1876 4043 qui
1921 3980 2123 4042 supra

149 4038 421 4105 modum
469 4038 640 4104 hanc
683 4040 1052 4106 editionem·
1073 4043 1326 4124 expetit
1360 4050 1430 4108 et
1464 4043 1800 4127 efflagitat.
1870 4045 2122 4112 Multas

149 4122 280 4188 iam
328 4124 543 4191 habeo
589 4123 762 4209 apud
810 4146 916 4190 me
959 4126 1281 4193 collectas.
1354 4127 1441 4192 D.
1482 4128 1662 4196 Besa
1704 4131 1902 4195 etiam
1947 4131 2122 4197 mu]-

151 4218 252 4276 tas
313 4211 547 4287 habet,
608 4232 770 4295 quas
825 4233 909 4277 ex
954 4212 1038 4277 D.
1092 4210 1346 4280 Calvini
1403 4215 1713 4281 mandato
1769 4217 2036 4299 accepit.
2058 4218 2120 4289 ²)

147 4294 271 4360 Ille
314 4299 500 4362 enim
543 4298 742 4380 paulo
784 4306 939 4363 ante
983 4308 1264 4364 mortem
1323 4300 1518 4365 iussit
1573 4306 1650 4366 ut
1692 4322 2121 4385 quaecunque

148 4401 352 4447 manu
390 4382 640 4466 scripta
674 4382 850 4448 domi
887 4391 1081 4448 erant
1116 4383 1200 4448 D.
1225 4384 1437 4451 Betae
1480 4385 1918 4453 traderentur.
1988 4388 2121 4455 Hic

147 4477 374 4534 autem
422 4469 765 4551 aliquoties
810 4469 974 4534 mihi
1020 4468 1220 4548 dixit,
1280 4472 1350 4535 in
1396 4473 1614 4538 animo
1669 4472 1794 4538 sibi
1853 4494 1999 4540 esse
2042 4494 2122 4539 ea

147 4551 218 4615 in
286 4554 596 4620 ordinem
658 4554 990 4639 digerere,
1066 4565 1136 4621 et
1201 4575 1353 4621 mea
1417 4577 1617 4641 opera
1681 4558 1854 4625 velle
1919 4560 2038 4626 uti.
2061 4560 2119 4646 ⁸)

147 4636 302 4718 Quo
351 4640 524 4705 nihil
569 4644 827 4725 gratius
872 4662 1014 4707 esse
1060 4640 1222 4706 mihi
1268 4651 1517 4726 potest,
1577 4651 1646 4709 et
1698 4665 1889 4729 spero
1935 4644 2120 4713 brevi

149 4724 294 4791 Deo
341 4727 611 4792 favente
656 4748 762 4792 me
805 4727 875 4792 id
919 4748 1409 4813 aggressurum.
1476 4727 1624 4796 Scis
1671 4750 1826 4797 vero
1872 4732 2120 4814 optime

145 4822 478 4892 quantum
523 4833 604 4876 ex
652 4834 728 4877 eo
781 4812 1004 4878 labore
1060 4813 1368 4879 utilitatis
1424 4813 1510 4880 ad
1553 4816 1697 4900 pios
1746 4837 1976 4883 omnes
2034 4818 2123 4884 sit

141 5051 332 5105 4127.
358 5051 426 5183 g),
457 5050 976 5191 gmgenflg:
1012 5053 1181 5176 ¹3⁸1}
1253 5070 1332 5177 ,g
1359 5054 1820 5191 Ξοὲειξναωῖρῇᾞ
1845 5056 1917 5110 Χ.
1938 5056 2005 5111 Ρ.
2034 5056 2119 5113 11.

142 5190 317 5253 wrm
353 5192 420 5243 in
455 5188 650 5243 iisdem
683 5193 892 5246 nomia
929 5191 1182 5260 Prolew.
1211 5192 1486 5247 transacti
1521 5198 1580 5247 ta
1611 5210 1666 5262 ρ.
1699 5194 1803 5251 oet‘t'.

360 5258 426 5323 3)
467 5257 552 5323 Of.
589 5258 770 5314 Besae
805 5260 1038 5315 Admon-
1075 5259 1154 5314 ad
1187 5260 1432 5318 lectoren
1541 5262 1575 5315 1.
1611 5278 1740 5331 paq.
1777 5278 1833 5316 ε.

364 5344 588 5398 Calvum
620 5361 806 5415 opera.
891 5346 1004 5402 Vol.
1043 5345 1175 5400 XX.

2234 1811 2625 1879 rediturum.
2714 1809 2951 1895 Itaque
3004 1808 3210 1876 velim
3272 1815 3351 1875 ut
3406 1808 3619 1893 primo
3662 1826 3920 1892 quoque
3963 1809 4209 1878 nuncio

2234 1898 2569 1983 significes
2610 1895 2844 1981 ecquid
2880 1894 3187 1963 videatur
3220 1893 3303 1961 de
3345 1894 3470 1961 hac
3514 1899 3747 1960 nostra
3789 1893 4207 1980 cogitatione.

2235 1983 2313 2051 Si
2348 1983 2683 2068 probetur,
2720 1981 2823 2049 fac
2858 1982 2916 2049 si
2950 1981 3171 2066 placet
3201 1989 3282 2046 ut
3313 1999 3740 2065 quaecunque
3776 1979 3920 2046 eius
3961 1981 4210 2067 scripta

2235 2067 2536 2136 nondum
2579 2068 2856 2154 vulgata
2900 2067 3106 2134 habes
3149 2087 3351 2151 quam
3403 2065 3723 2132 citissime
3774 2066 3918 2132 fieri
3961 2069 4209 2151 poterit

2233 2155 2319 2223 ad
2352 2176 2463 2221 me
2498 2156 2725 2222 mittas
2758 2163 2828 2222 et
2861 2151 3021 2238 quid
3063 2153 3313 2219 factum
3347 2151 3518 2219 velis
3559 2149 3827 2218 scribas.
3876 2190 3957 2202 —
3996 2190 4081 2203 -
4121 2190 4204 2201 —

2406 2326 2725 2393 Genevae
2769 2329 2871 2391 26.
2921 2324 3212 2411 Augusti
3262 2326 3449 2389 1665.

3239 2459 3519 2528 Carolus
3559 2459 3970 2527 Ionvillaeus

3066 2549 3165 2613 tui
3208 2567 3467 2630 semper
3507 2545 4148 2614 observantissimus.

2405 2753 2782 2822 Omiseram
2826 2752 3000 2837 quod
3062 2760 3287 2819 tamen
3331 2758 3410 2817 ut
3452 2751 3701 2817 efficias
3760 2752 3960 2817 etiam
4007 2761 4207 2837 atque

2231 2842 2430 2908 etiam
2476 2840 2595 2906 abs
2637 2848 2705 2905 te
2761 2848 2915 2925 peto
2931 2891 2947 2920 ‚
3007 2838 3117 2904 vir
3171 2838 3755 2922 praestantissime.
3842 2837 4103 2922 Nempe
4145 2839 4203 2905 si

2230 2947 2359 3011 qua
2411 2927 2672 2993 ratione
2726 2925 2871 2991 fieri
2927 2924 3141 3009 possit
3183 2931 3263 2989 ut
3315 2923 3399 2990 ab
3456 2922 3685 2988 amicis
3727 2922 4022 3007 Philippi
4069 2924 4207 2991 Me-

2228 3011 2579 3080 lanchtonis
2600 3012 2660 3097 ⁴)
2703 3011 3004 3079 obtineas
3059 3009 3464 3096 exemplaria
3520 3009 3863 3076 literarum
3905 3031 4070 3095 quas
4114 3012 4203 3080 D.

2233 3099 2540 3167 Calvinus
2582 3099 2668 3165 ad
2719 3119 2871 3164 eum
2930 3119 3025 3163 un
3071 3116 3226 3162 uam
3279 3096 3577 3180 scripsit,
3635 3104 3706 3161 et
3763 3116 3877 3163 eas
3933 3095 4205 3180 quidem

2228 3185 2597 3269 permultas
2661 3191 2741 3250 ut
2805 3185 2957 3251 scio.
3087 3180 3132 3247 d
3195 3188 3422 3249 autem
3488 3202 3608 3265 pro
3666 3201 3747 3247 ea
3798 3202 3929 3266 qua
3993 3183 4206 3266 polles

2228 3271 2588 3337 autoritate
2632 3281 2699 3336 et
2735 3269 2955 3355 gratia
2998 3266 3174 3354 apud
3228 3267 3407 3334 illius
3452 3267 3584 3333 viri
3639 3265 3997 3335 familiares
4040 3269 4204 3335 dum

2227 3359 2486 3423 viveret
2501 3409 2516 3434 ,
2577 3357 2686 3422 vel
2730 3353 3049 3422 haeredes
3068 3403 3085 3434 ‚
3130 3353 3319 3421 facile
3364 3355 3876 3437 im1>etraturum
3921 3354 4205 3420 confido.

2228 3442 2426 3525 Quod
2486 3440 2665 3509 idem
2725 3450 2806 3508 ut
2863 3450 3160 3526 praestes
3216 3451 3284 3505 et
3339 3439 3637 3507 obtineas
3696 3439 3897 3506 velim
3957 3453 4074 3507 aut
4118 3442 4203 3506 ab

2226 3529 2457 3595 amicis
2524 3538 2639 3593 aut
2698 3525 3094 3594 haeredibus
3160 3525 3243 3591 D.
3313 3525 3581 3592 Blareri
3660 3526 3945 3591 ministri
4028 3524 4205 3610 apud

2227 3614 2664 3681 Biennenses.
2754 3614 2929 3680 Nam
2984 3619 3165 3679 certo
3221 3612 3357 3677 scio
3400 3610 3491 3676 D.
3542 3608 3879 3676 Calvinum
3936 3613 4206 3695 saepius

2229 3700 2314 3766 ad
2354 3722 2511 3766 eum
2566 3701 2853 3768 scribere
2912 3698 3183 3764 solitum
3226 3706 3296 3762 et
3336 3696 3604 3781 quidem
3649 3695 3732 3762 de
3786 3697 3988 3763 rebus
4049 3718 4202 3781 gra-

2227 3787 2537 3853 vissimis.
2649 3787 2754 3851 ‘ru
2825 3786 3063 3869 igitur,
3141 3783 3247 3848 vir
3312 3782 3823 3860 humanissime,
3906 3780 4205 3866 digneris

2229 3881 2492 3938 tantum
2529 3871 2925 3938 beneficium
2959 3870 3148 3936 nobis
3182 3869 3499 3946 conferre,
3546 3889 3670 3933 neo
3707 3868 4009 3952 graveris
4046 3866 4203 3931 dare

2227 3979 2268 4025 o
2353 3979 2496 4023 ram
2556 3968 2634 4023 ut
2686 3958 2919 4023 literas
2976 3956 3125 4021 illas
3184 3974 3671 4037 recuperemus.
3762 3953 3858 4018 Et
3912 3952 3971 4017 si
4030 3950 4209 4034 apud

2294 4046 2393 4110 ios
2435 4042 2753 4128 quosdam
2805 4063 2948 4109 esse
3003 4041 3439 4119 intellexeris,
3496 4039 3603 4104 fac
3661 4058 3903 4121 quaeso
3960 4036 4207 4102 habea-

2228 4150 2394 4195 mus.
2463 4131 2689 4214 Atque
2723 4128 2847 4193 hoc
2880 4128 3149 4192 nomine
3197 4147 3321 4210 ego
3364 4143 3518 4189 cum
3565 4124 3694 4207 piis
3736 4120 4042 4187 omnibus
4086 4121 4207 4187 tibi

2228 4214 2766 4282 devinctissimus
2808 4234 2937 4279 ero.
3023 4212 3276 4278 Iterum
3323 4209 3494 4276 vale.

2401 4302 2478 4367 Si
2585 4322 2704 4367 uas
2760 4299 2844 4365 D.
2896 4296 3156 4365 Caluini
3211 4295 3440 4362 literas
3496 4294 3752 4359 habent
3793 4292 3945 4357 DD.
3999 4289 4209 4355 Guel-

2226 4387 2441 4453 thems
2456 4438 2474 4466 ,
2534 4322 2896 4467 (implam,
2959 4383 3227 4448 Frisius
3270 4403 3310 4446 a
3365 4387 3560 4463 patre
3627 4377 3896 4474 relictas
3961 4382 4030 4441 ct
4065 4460 4080 4474 ⁹
4095 4374 4209 4441 alii

2228 4473 2422 4539 amici
2466 4472 2801 4556 Tigurini,
2861 4489 3022 4553 rogo
3076 4468 3228 4534 illos
3273 4465 3641 4530 admoneas
3685 4470 3761 4526 ut
3804 4470 3935 4525 tuis
3978 4459 4210 4524 admn-

2227 4578 2359 4645 gan
2398 4644 2609 4710 Venit
2651 4644 2851 4708 etiam
2894 4659 3069 4704 nunc
3127 4639 3199 4701 in
3243 4646 3551 4700 mentem
3598 4633 3686 4697 D.
3739 4630 4034 4695 starem
4078 4629 4214 4726 Bp-

2225 4730 2528 4797 sileensis
2571 4737 2830 4813 pastor,
2893 4723 2977 4790 ad
3025 4742 3223 4805 quem
3271 4741 3479 4803 saepe
3530 4720 3615 4783 D.
3668 4715 3972 4781 Calvinus
4012 4731 4219 4795 scrip-

2434 4985 2492 5047 4)
2536 4982 2901 5053 Quaecunque
2941 4984 3163 5035 exuam
3212 4973 3455 5030 Caluini
3501 4970 3585 5025 ad
3640 4964 4107 5039 Mela-duston!-
4138 4960 4227 5013 ul

2228 5056 2444 5109 meotis
2478 5052 3016 5108 mehediam-da
3050 5052 3208 5109 sunt,
3248 5042 3341 5097 vel
3377 5038 3725 5107 apoyrapha
3759 5038 3821 5089 in
3855 5048 4015 5087 m
4046 5044 4227 5095 sps-r

2225 5124 2594 5192 mansueta,
2632 5122 2749 5175 nisi
2778 5120 2925 5185 forte
2970 5116 3188 5172 diceris
3222 5112 3611 5189 Butam-ens
3644 5119 3785 5183 quae
3827 5098 4231 5179 esc-Gann-

2227 5193 2477 5260 aca'pero
2583 5192 2689 5244 tuit
2722 5190 2885 5257 ipsas
2917 5180 3273 5256 typoqrapho
3312 5174 3669 5236 troandum
3706 5187 3785 5226 nc
3818 5184 3959 5222 on·-
3990 5166 4231 5233 phu-

2171 5314 2176 5323 ,
2221 5266 2326 5315 md
2608 5259 2911 5326 pona-un.
3774 5320 3845 5373 23

4022 5724 4583 5988 Γ
