4900 6125
320 363 421 426 897

589 543 700 612 (Ex
735 544 1075 614 autographo
1110 543 1238 597 eod.
1258 543 1465 598 Gener.
1504 542 1626 612 112,
1661 542 1752 598 fol.
1790 541 1937 612 112.)

461 715 839 783 Clarissimo
883 715 1430 799 ornatissimoque
1487 717 1633 782 viro
1678 713 1763 781 D.
1809 714 2046 783 Ioanni
2090 715 2245 782 Cal-

311 805 449 870 vino
499 800 914 870 Genevensis
980 800 1292 870 ecclesiae
1348 803 1630 869 antistiti
1683 800 2068 869 fidelissimo
2135 800 2246 867 do·

308 890 466 955 mino
507 896 574 952 et
615 890 1023 972 praeceptori
1065 908 1188 954 suo
1222 887 2067 1040 observandissimgcnevae.

454 1143 523 1211 S.
579 1145 658 1211 P.
748 1144 1035 1227 Quantis
1093 1146 1163 1211 in
1220 1143 1343 1212 hoc
1424 1145 1800 1212 tristissimo
1854 1145 2242 1231 gallicarum

301 1231 703 1300 ecclesiarum
782 1238 960 1297 statu
1023 1230 1342 1297 molestiis
1412 1250 1491 1297 ac
1567 1231 1741 1298 curis
1804 1230 2241 1317 distringaris,

298 1315 635 1385 clarissime
658 1318 780 1394 vir,
825 1327 1207 1400 praeceptor
1228 1316 1299 1381 in
1323 1315 1594 1384 Christo
1634 1316 2108 1397 colendissime,
2143 1317 2241 1382 fa-

296 1402 404 1470 cile
456 1401 772 1488 intelligo.
863 1401 1060 1487 Cogit
1113 1422 1218 1468 me
1278 1414 1500 1470 tamen
1542 1404 1617 1468 in
1661 1402 1953 1470 ecclesiis
1999 1404 2242 1469 nostris

295 1487 714 1572 pullulascens
758 1488 1134 1555 schismatis
1178 1489 1605 1555 seminarium
1650 1488 1770 1555 tibi
1813 1489 2055 1573 alioqui
2088 1510 2240 1574 gra-

300 1574 568 1641 vissimis
633 1575 952 1658 seriisque
1016 1573 1522 1659 occupatissimo
1578 1576 2031 1659 importunum
2098 1595 2242 1642 esse

297 1671 354 1726 et
400 1660 825 1727 obnixissime
877 1680 1113 1744 rogare
1158 1669 1232 1725 ut
1277 1662 1612 1745 principiis
1661 1661 1844 1728 hisce
1900 1681 2020 1745 pro
2066 1660 2242 1727 virili

295 1765 622 1813 occurrere
663 1767 795 1812 non
842 1746 1157 1830 graveris.
1249 1745 1500 1830 Scripsi
1569 1747 1689 1813 tibi
1733 1745 1815 1813 de
1859 1748 2241 1831 quaestione

292 1853 488 1983 εἶξι-
501 1832 1236 1984 A‘11¹1.me;lc‹<ilesiisBnostris
1304 1842 1549 1984 exorta·
1576 1853 1709 1984 ffi
1738 1833 2064 1985 ⁰¹³ng
2107 1833 2239 1899 fra-

763 1939 875 1984 um
987 1938 1234 1995 ancum,
1314 1940 1351 1984 e
1446 1939 1589 1984 exis
1712 1940 1751 1985 o
1885 1970 1902 1996 ,
1980 1940 2051 1983 m
2155 1941 2241 1985 uo

289 2013 572 2069 vertatur
628 2004 1031 2087 quaestionis
1090 2011 1361 2070 exortae
1415 2002 1630 2084 cardo,
1700 2026 1786 2071 ex
1850 2004 2062 2071 literis
2105 1940 2242 2071 iilis

286 2089 437 2155 meis
477 2087 740 2156 abunde
781 2089 1205 2156 intellexisse.
1297 2088 1601 2171 Quarum
1642 2098 1867 2157 tamen
1912 2111 2237 2157 summam

287 2173 559 2241 breviter
602 2183 902 2258 repetere
945 2196 1076 2241 non
1123 2176 1468 2261 gravabor.

442 2260 689 2327 Ablato
732 2261 841 2327 hic
899 2261 1092 2327 nobis
1149 2283 1267 2344 per
1309 2271 1582 2328 senatus
1624 2260 1961 2329 decretum
2005 2261 2238 2327 minis-

283 2348 435 2412 terio
475 2355 810 2413 nostrates
869 2346 1164 2430 plerique
1221 2369 1373 2413 suos
1426 2347 1716 2414 infantes
1771 2347 2094 2413 ministris
2137 2369 2239 2414 ec·

281 2431 622 2499 clesiarum
709 2432 1238 2518 germanicarum
1326 2431 1712 2499 obtulerunt
1788 2431 2234 2516 baptizandos.

278 2515 440 2584 Nam
484 2518 570 2584 de
615 2517 913 2586 doctrina
977 2517 1284 2601 baptismi
1328 2518 1513 2584 nulla
1553 2518 1744 2585 nobis
1787 2538 1936 2584 cum
1980 2518 2233 2586 concio-

276 2605 608 2671 natoribus
649 2605 796 2670 istis
828 2604 956 2669 fuit
998 2604 1461 2684 controversia,
1504 2613 1574 2671 et
1594 2606 2038 2671 caeremonias
2057 2604 2236 2671 circa

277 2686 671 2773 baptismum
714 2689 964 2756 habent
1003 2689 1359 2755 admodum
1405 2689 1793 2768 tolerabiles,
1839 2712 1993 2757 nam
2038 2709 2233 2756 exor-

274 2775 486 2841 cismis
531 2783 605 2842 et
644 2775 968 2841 similibus
1008 2797 1140 2841 non
1185 2782 1479 2842 utuntur.
1543 2775 1975 2861 Interrogant
2007 2784 2233 2842 tamen

273 2880 546 2943 puerum
615 2883 776 2926 num
842 2858 1068 2927 credat
1126 2869 1192 2927 et
1249 2860 1543 2928 Satanae
1592 2862 1965 2928 renunciet:
2044 2861 2234 2928 cuius

273 2946 532 3013 nomine
615 2957 956 3030 susceptor
1034 2947 1419 3031 respondet:
1488 2948 1612 3013 Ita.
1717 2944 1917 3029 Quod
1959 2956 2036 3012 ut
2097 2967 2231 3012 non

270 3033 715 3100 necessarium
781 3033 1255 3113 existimamus,
1322 3034 1417 3099 ita
1479 3033 1755 3118 impium
1822 3031 2038 3101 dicere
2096 3051 2233 3098 non

415 3141 638 3186 umus.
727 3118 1008 3186 Interim
1071 3119 1257 3185 nulla
1298 3140 1340 3183 a
1381 3140 1712 3203 quoquam
1755 3118 2090 3203 postulata
2131 3126 2237 3184 est

307 3207 603 3272 octrinae
646 3205 1015 3291 abnegatio,
1081 3205 1196 3271 sed
1242 3206 1588 3271 veritatem
1655 3205 1937 3272 confessi
2000 3225 2234 3271 sumus

269 3302 331 3355 et
364 3311 632 3357 errores
666 3291 1214 3374 reprehendimus
1237 3312 1497 3374 semper
1519 3298 1898 3358 constanter
1938 3299 2007 3357 ct
2041 3290 2236 3356 liber-

265 3377 442 3443 rime.
515 3378 630 3443 Ex
674 3377 873 3444 huius
916 3385 1137 3444 autem
1186 3375 1599 3460 baptismatis
1640 3376 1814 3461 apud
1861 3376 2235 3443 Germanos

265 3483 384 3528 usu
429 3472 672 3529 natum
714 3475 834 3541 est,
902 3464 1078 3528 inter
1141 3463 1380 3529 fratres
1424 3471 1753 3529 nostrates
1796 3464 1908 3546 qui
1951 3464 2021 3528 in
2066 3462 2235 3528 Bra-

265 3546 487 3615 bantia
555 3558 628 3614 et
669 3547 990 3614 Flandria
1052 3557 1210 3615 sunt
1253 3556 1320 3615 et
1362 3549 1508 3615 illos
1550 3547 1831 3633 denique
1874 3547 1988 3631 qui
2033 3545 2234 3614 Sant-

326 3635 340 3648 ‘
539 3644 610 3700 et
667 3633 960 3700 Londini
1024 3634 1350 3714 exsulant,
1427 3633 1811 3702 scandalum
1874 3652 2233 3718 magnum:

261 3741 368 3870 22²¹
377 3719 1465 3873 ffifflssfflfflss'fft?
1500 3719 2236 3890 ἶὲῃῖἓὲἶῗῃῗοὲῗζ

260 3900 443 3973 parte
488 3893 746 3976 peccati
790 3893 1005 3957 nostri
1057 3891 1266 3958 literis
1321 3893 1457 3957 suis
1521 3893 1819 3975 graviter
1860 3890 2233 3957 hortantur.

261 3976 392 4044 Nos
452 3986 694 4044 contra
746 3977 994 4043 nullius
1037 3999 1158 4042 nos
1215 3978 1323 4043 hic
1367 3978 1616 4060 peccati
1659 3978 1849 4043 nobis
1892 3996 2036 4044 esse
2079 3998 2232 4043 con-

259 4064 424 4130 scios
470 4072 864 4130 constanter
912 4066 1284 4129 asserimus.
1371 4063 1545 4129 Nam
1590 4062 1868 4129 dicimus
1911 4083 2030 4128 nos
2072 4063 2232 4145 bap·

259 4150 454 4215 tiemo
513 4170 676 4216 usos
739 4150 810 4214 in
878 4149 1130 4215 Christi
1189 4169 1348 4215 vera
1413 4149 1687 4216 ecclesia
1754 4169 1871 4232 per
1934 4148 2235 4214 ministe-

259 4237 430 4301 rium
499 4255 735 4302 eornm
796 4235 908 4334 qui
964 4235 1263 4320 legitime
1323 4235 1407 4301 ad
1463 4256 1708 4301 munus
1763 4254 1958 4300 suum
2015 4234 2235 4300 vocati

259 4330 412 4387 sunt
481 4343 608 4407 per
664 4342 772 4386 ma
881 4330 1126 4386 tratum
1184 4330 1251 4385 et
1303 4342 1422 4404 per
1475 4321 1815 4389 ecclesiam
1861 4320 2232 4403 approbati:

257 4427 462 4489 quare
524 4405 777 4474 scanda
806 4428 917 4471 um
975 4408 1056 4473 ab
1115 4407 1261 4472 aliis
1317 4415 1660 4492 acceptum
1719 4426 1881 4483 esse,
1950 4427 1990 4470 a
2047 4406 2235 4472 nobis

257 4514 411 4558 vero
441 4492 713 4560 nullum
736 4491 983 4558 datum.
1051 4491 1163 4557 Illi
1192 4500 1440 4572 contra,
1479 4514 1613 4559 non
1648 4514 1790 4558 esse
1821 4491 1994 4556 hanc
2029 4491 2234 4558 eccle-

257 4580 426 4645 siam
472 4600 652 4663 quae
697 4598 930 4661 puram
978 4577 1343 4645 doctrinam
1388 4579 1482 4644 ita
1525 4577 1853 4663 explodat,
1912 4586 2232 4643 asserunt.

257 4663 388 4730 Alii
458 4664 813 4732 ecclesiam
881 4672 1267 4749 agnoscunt,
1337 4664 1452 4730 sed
1521 4686 1652 4729 non
1718 4664 1916 4731 licere
1981 4663 2231 4729 homini

256 4939 619 4995 &emman
656 4939 762 4994 den
798 4938 1227 4993 srantzosischen
1278 4939 1392 4992 und
1436 4938 1944 4993 niederlandischen
1980 4938 2234 4993 Christen

257 5009 314 5061 in
347 5007 696 5064 Emi-,kraft
729 5007 819 5061 die
862 5006 1172 5062 dffentliche
1220 5007 1414 5077 predig
1447 5012 1742 5061 verstattet
1789 5007 1897 5062 und
1946 5006 2236 5090 verbotten

259 5078 550 5201 Zfflmil.
595 5076 881 5201 ffldiii‘
905 5074 1178 5199 {effisos-3
1209 5075 1440 5200 {2⁸2
1490 5075 1724 5210 faeffi
1750 5094 1836 5199 ⁹1·-
1856 5093 2063 5227 ⁹ffitq⁸ff⁸
2083 5076 2233 5200 135‘1'1

253 5231 311 5284 p.
355 5214 463 5271 189
502 5230 583 5269 aa.
653 5214 865 5295 Heppae,
903 5214 1190 5271 deutsche»-
1225 5213 1380 5270 Prot.
1418 5215 1459 5268 1.
1495 5212 1616 5268 466.
1699 5212 1885 5269 Multa
1921 5215 2038 5269 alto
2073 5214 2234 5269 docu-

257 5294 442 5339 uma
479 5288 727 5352 reperies
763 5301 824 5338 tn
865 5281 1103 5349 stanles.
1145 5282 1264 5339 Bel.
1303 5283 1493 5351 Anael.
1529 5281 1572 5337 1.
1609 5282 1748 5338 Rea.
1786 5282 1857 5337 50
1889 5290 1940 5340 et
1974 5298 2116 5354 seqq.

2044 358 2208 422 1562
2256 354 2565 422 APRJL.

4183 362 4308 423 398

2393 545 2456 610 io
2508 564 2739 610 eorum
2795 543 3163 610 ministerio
3222 544 3318 609 uti
3376 542 3802 620 contendunt,
3868 565 4015 610 cum
4074 544 4309 629 quibus

2343 566 2595 696 {aulus
2629 651 2715 696 ne
2749 649 2989 714 panem
3012 627 3275 712 quidem
3299 629 3832 696 manducandum
3858 631 4065 696 docet.
4137 631 4307 697 Bre-

2346 716 2523 782 viter
2558 715 2806 782 habent
2837 714 2936 780 illi
2971 736 3125 782 suas
3158 715 3465 794 rationes,
3510 736 3633 783 nec
3668 714 3852 782 deest
3885 718 4083 783 etiam
4118 716 4310 784 nobis

2343 800 2521 885 quod
2564 799 3114 886 respondeamus:
3159 801 3273 866 sed
3316 823 3439 868 nos
3480 803 3814 868 contemni
3859 813 3926 867 et
3968 811 4307 882 suspectos

2343 886 2573 953 haberi
2618 888 2779 954 satis
2820 887 3272 972 intelligimus,
3315 907 3516 971 quare
3559 909 3645 953 ne
3689 885 4017 955 diuturnis
4041 889 4307 956 alterca-

2344 974 2639 1040 tionibus
2696 973 3042 1040 amittatur
3093 973 3342 1040 veritas
3400 983 3467 1039 et
3519 995 3602 1039 ne
3660 982 3957 1040 crescant
4000 974 4308 1041 scandala

2344 1068 2413 1125 et
2454 1059 2786 1127 occultum
2830 1059 3117 1127 schisma
3159 1060 3460 1126 foveatur
3504 1061 3813 1143 viresque
3857 1060 4175 1144 acquirat,
4242 1073 4308 1125 te

2341 1165 2464 1229 per
2506 1146 2731 1213 Iesum
2775 1144 3119 1212 Christum
3180 1147 3384 1212 totius
3428 1144 3739 1212 ecclesiae
3783 1147 4048 1212 nomine
4092 1145 4310 1212 obtes-

2345 1241 2454 1297 tor
2493 1253 2579 1299 ne
2622 1241 2808 1298 tuam
2852 1230 3239 1317 collegiique
3284 1233 3487 1298 vestri
3531 1230 3656 1298 hac
3700 1228 3781 1297 de
3815 1253 3888 1297 re
3910 1233 4308 1299 sententiam

2343 1315 2604 1384 selectis
2647 1319 2899 1403 aliquot
2940 1325 3009 1382 et
3049 1319 3297 1402 apertis
3340 1317 3705 1402 scripturae
3750 1318 4141 1385 testimoniis
4165 1338 4308 1398 φτ-

2341 1404 2717 1504 roboratam
2762 1403 2847 1470 ad
2881 1425 3003 1470 nos
3037 1404 3450 1504 perscribere·
3477 1404 3688 1487 primo
3723 1424 3979 1504 quoque
4016 1413 4309 1504 tempore

2343 1509 2661 1642 :ai-sr-
2703 1489 3127 1643 ,mm
3167 1511 3253 1642 2⁸.
3294 1489 3904 1675 &saw
3850 1489 4309 1642 13:ssth

2344 1660 2450 1726 vel
2517 1662 2602 1729 D.
2649 1661 3034 1729 Gmlhelmo
3080 1659 3456 1729 Holbraolno
3516 1662 3952 1746 Argentinam
3972 1713 3987 1738 ‚
4057 1662 4161 1729 vel
4220 1659 4306 1726 D.

2344 1745 2632 1832 Casparo
2680 1746 2978 1815 oleviam
3019 1746 3557 1833 Heydelbergam
3622 1748 3875 1813 mittas:
3967 1747 4065 1812 illi
4131 1748 4309 1814 enim

2343 1854 2456 1900 eas
2489 1834 2656 1899 mihi
2690 1833 2978 1900 fideliter
3019 1832 3203 1901 reddi
3240 1834 3581 1900 curabunt.
3661 1832 3933 1918 Optime
3968 1845 4035 1900 et
4070 1833 4311 1901 felicis-

2342 1920 2509 1986 sime
2573 1919 2813 1999 valeas,
2881 1920 2972 1986 mi
3034 1919 3313 1986 domine.
3401 1918 3591 1986 Deus
3657 1929 3723 1985 te
3789 1918 4100 1987 ecclesiae
4145 1940 4304 1986 suae

2343 2004 2458 2071 diu
2500 2007 2922 2090 superstitem
2968 2006 3494 2090 incolumemque
3536 2013 3894 2073 conservet.
3984 2009 4221 2072 Amen.
4244 2009 4303 2080 2)

2340 2090 2613 2175 Raptim
2656 2091 3079 2158 Francofurti
3127 2094 3227 2157 28.
3277 2090 3531 2176 Aprilis
3582 2096 3765 2158 1562.

3532 2230 3719 2294 Tuus
3764 2239 3843 2294 ut
3886 2250 4045 2295 suus

3439 2315 3679 2380 Petrus
3724 2313 4129 2382 Dathaenus.

3226 2860 3426 2930 8778.

2831 3001 3289 3082 ‘FALETUS
3336 3013 3777 3084 CALVINO.

2514 3184 2915 3253 Commendat
2967 3187 3323 3255 studiosum
3398 3188 3682 3254 iuvenem
3732 3189 4046 3257 Genevam
4098 3191 4300 3273 profi-

2337 3274 2657 3341 dmentem
2710 3278 2767 3339 et
2830 3271 2950 3338 hac
2992 3274 3304 3340 occasione
3338 3293 3715 3358 prosperum
3757 3275 4041 3343 ecclesiae
4085 3276 4301 3342 Anno-

2337 3358 2631 3427 nacemis
2672 3362 2902 3425 aarum
2943 3357 3181 3425 laudat.

2668 3530 2778 3596 (Ex
2817 3529 3159 3599 autographo
3196 3530 3329 3584 Cod.
3369 3531 3504 3586 Gen.
3544 3531 3665 3593 109,
3697 3531 3788 3586 fol.
3827 3532 3973 3601 109.)

2513 3701 2568 3763 A
2594 3699 2923 3767 Monsieur
2958 3701 3305 3767 Monsieur
3326 3703 3604 3769 Maistre
3638 3703 3847 3770 Iehan
3876 3704 4116 3771 Calvin
4151 3706 4301 3771 doc-

2339 3796 2490 3853 teur
2524 3794 2591 3852 et
2633 3786 2937 3852 ministre
2982 3786 3064 3852 de
3108 3788 3173 3853 la
3215 3788 3463 3871 parolle
3506 3789 3588 3854 de
3634 3790 4106 3944 Diearoeneve
4180 3862 4185 3871 ,

2339 4046 2424 4112 D.
2464 4044 2704 4112 Ioanni
2727 4043 3009 4110 Calvino
3052 4044 3434 4112 fidelissimo
3481 4047 3662 4114 verbi
3708 4050 3835 4113 Dei
3881 4047 4055 4131 apud
4080 4050 4303 4116 Gene-

2973 4151 3213 4197 venses
3257 4133 3561 4198 ministro
3607 4132 3678 4199 S.

2514 4269 2660 4334 Etsi
2700 4267 2946 4333 nullius
2965 4288 3176 4351 paene
3206 4268 3595 4336 eruditionis
3620 4272 3767 4335 viro
3804 4282 4063 4337 tantum
4096 4273 4302 4338 homi-

2339 4376 2493 4421 nem
2538 4374 2656 4438 per
2700 4354 2925 4420 literas
2968 4353 3317 4421 sollicitare
3354 4355 3713 4421 absurdum
3750 4356 4032 4436 videtur,
4080 4368 4302 4425 tamen

2339 4462 2507 4593 3315
2508 4442 2725 4541 potui,
2732 4448 2891 4591 ltum
2916 4440 3129 4590 {regns
3152 4449 3271 4591 1,ιέἑῖ
3290 4440 3719 4592 Ιιὴιιὲηαηίεεῢο,
3745 4452 3883 4509 tum
3909 4443 4107 4510 huius
4130 4447 4303 4596 vige-

2597 4548 2728 4594 reci
2775 4548 2852 4592 us
2911 4548 3013 4593 wc
3045 4548 3143 4605 us,
3414 4547 3485 4593 ec
3528 4549 3613 4593 ne
3678 4549 3899 4594 rerum
4007 4551 4052 4594 u

2383 4548 2663 4680 erungur
2697 4633 2873 4679 esses
2910 4612 3187 4691 nescius,
3224 4614 3383 4696 quin
3420 4615 3648 4697 paucis
3684 4614 3769 4680 ad
3804 4628 3869 4679 te
3903 4550 4299 4699 Βοῗίἒξοτίηιιῗ

2336 4635 2656 4783 ἷηρτίηιίε
2743 4697 2911 4765 belle
2990 4698 3097 4764 hic
3174 4696 3422 4764 habent
3484 4701 3707 4765 omnia
3771 4698 3901 4765 Dei
3969 4702 4299 4771 beneficio.

2339 4785 2545 4852 Verbi
2632 4783 3046 4869 praedicatio,
3150 4796 3710 4851 sacramentorum
3800 4785 4299 4867 administratio,

2336 4891 2566 4955 preces
2624 4870 2946 4960 publicae,
3020 4868 3339 4957 quidquid
3391 4880 3491 4938 est
3535 4873 3998 4939 exercitiorum
4043 4872 4299 4940 divino-

2337 4978 2509 5037 rum,
2556 4957 2761 5024 sicubi
2810 4978 3105 5042 usquam‚
3150 4957 3439 5041 profecto
3483 4957 3610 5023 hac
3650 4957 3986 5025 liberrime
4017 4968 4301 5026 tractan-

2338 5052 2467 5110 tur.
2535 5042 2779 5109 Diruta
2822 5054 2975 5109 sunt
3019 5041 3191 5109 idola
3236 5044 3457 5109 omnia
3502 5042 3808 5128 ultroque
3848 5046 4107 5112 exsulat
4145 5051 4291 5112 mis·

2546 5283 2608 5347 2)
2649 5283 2871 5339 οαιυεω·
2904 5288 3220 5353 responsum
3256 5284 3477 5340 meta
3512 5282 3591 5337 aa
3624 5282 3704 5337 1s.
3742 5282 3873 5339 ιω..
