4900 6125
338 345 458 407 109

1209 527 1412 600 3608.

951 681 1198 749 BEZA
1244 681 1684 751 OALVINO.

318 853 1403 1022 Μῗξαοηῖὴῧωςωαωϋοηω
1459 856 1539 921 de
1602 856 1913 939 episcopis
1946 856 2019 921 in
2061 860 2296 921 eodum

324 1111 446 1235 (οἳ,
490 1111 831 1236 {autographo
867 1111 1000 1167 Ood.
1035 1111 1240 1167 Gener.
1276 1111 1396 1179 117,
1433 1112 1526 1166 sol.
1562 1110 1651 1165 46.
1724 1111 1926 1167 Exstat
1972 1127 2081 1181 quo
2123 1127 2191 1165 uc
2237 1112 2294 1165 in

746 1180 866 1247 119,
912 1181 1005 1235 sol.
1044 1179 1161 1246 loe,
1215 1181 1273 1234 in
1321 1180 1452 1236 eod.
1496 1181 1637 1250 Epp.
1686 1179 1846 1235 Bern.
1886 1180 1984 1235 VI.
2030 1178 2102 1233 94
2137 1221 2151 1247 ,
2206 1196 2296 1250 ap.

501 1248 715 1305 simler.
753 1249 879 1305 Vol.
917 1248 1035 1303 102.
1072 1276 1140 1289 —
1175 1249 1369 1304 Edidit
1402 1250 1578 1303 Baum
1613 1248 1681 1303 Π.
1716 1251 1862 1318 App.
1896 1266 1952 1319 p.
1990 1247 2136 1316 12⁷.)

502 1425 567 1487 A
611 1420 862 1487 Monsr.
909 1421 1160 1488 Monsr.
1216 1419 1624 1505 D’espeville

1572 1528 1612 1572 a
1648 1506 2118 1573 Villefranche.

507 1675 581 1743 S.
652 1676 762 1743 Ex
800 1678 1150 1761 postremis
1183 1677 1395 1744 literis
1429 1679 1702 1761 potuisti
1738 1678 2129 1762 intelligere,
2165 1699 2296 1763 quo

328 1764 403 1829 in
471 1771 656 1829 statu
720 1784 827 1829 res
885 1771 1149 1829 nostrae
1187 1774 1559 1830 versentur.
1650 1764 1828 1830 Veni
1871 1766 1938 1830 in
1984 1765 2214 1830 urbem
2242 1768 2295 1844 ¹)

328 1859 407 1915 ut
466 1848 752 1915 minanti
802 1848 1031 1915 morbo
1074 1869 1507 1916 occurrerem.
1597 1849 1879 1934 Sumpto
1942 1848 2298 1934 pharmaco

325 1935 462 2002 Dei
514 1933 733 2019 gratia
786 1934 1024 2000 melius
1082 1933 1327 2001 habere
1377 1937 1578 2020 coepi,
1646 1945 1714 2002 et
1770 1958 1919 2002 cras
1962 1936 2181 2020 cogito
2222 1937 2296 2000 in

328 2019 557 2086 milam
611 2022 876 2100 reverti,
939 2019 1007 2085 id
1051 2030 1152 2086 est
1195 2021 1278 2087 ad
1322 2020 1740 2105 quotidianas
1784 2043 1994 2100 curas,
2061 2022 2297 2105 quibus

328 2106 594 2172 utinam
648 2106 894 2190 possim
951 2106 1273 2173 sufficere.
1354 2107 1590 2174 Sentio
1654 2109 1831 2173 enim
1875 2107 2043 2173 mihi
2084 2107 2295 2172 multo

325 2192 481 2277 plus
546 2192 753 2257 animi
820 2211 962 2258 esse
1026 2213 1222 2275 qnam
1290 2194 1555 2259 virium.
1655 2193 1790 2260 Sed
1857 2194 2294 2259 inhumanum

328 2286 506 2348 oeset
567 2279 637 2344 in
688 2278 835 2344 istis
880 2278 1383 2362 tempestatibus
1439 2280 1672 2345 fratres
1717 2279 2020 2346 deserere
2063 2280 2178 2362 qui
2222 2279 2295 2343 in

326 2385 437 2429 me
502 2364 882 2446 respiciunt,
960 2370 1032 2428 et
1087 2363 1358 2430 absente
1416 2385 1523 2429 me
1580 2364 1776 2431 video
1829 2366 1960 2429 iam
2019 2365 2092 2430 in
2145 2364 2297 2429 aula

326 2449 577 2516 factum
612 2470 758 2514 esse
801 2447 975 2533 quod
1018 2448 1298 2516 fortasse
1341 2471 1655 2533 praesens
1690 2451 2010 2535 impedire
2045 2450 2293 2533 potuis·

328 2556 490 2601 sem.
573 2531 753 2602 Sunt
810 2544 985 2600 enim
1050 2545 1276 2601 coetus
1340 2538 1412 2601 in
1479 2536 1799 2602 suburbia
1863 2536 2085 2603 reiecti
2103 2538 2163 2617 ²)
2227 2544 2294 2601 et

329 2630 595 2688 cautum
651 2632 755 2686 est
807 2642 892 2686 ne
935 2621 1120 2686 festis
1163 2620 1393 2687 diebus
1434 2622 1887 2688 conveniatur.
1968 2622 2115 2687 Hoc
2158 2642 2292 2687 non

328 2707 615 2772 multum
659 2726 972 2784 morarer,
1016 2707 1146 2772 nisi
1190 2707 1484 2773 viderem
1530 2718 1787 2772 tantum
1831 2728 1976 2774 esse
2018 2729 2292 2774 concur-

328 2793 623 2859 rentium
679 2793 1004 2858 fervorem
1051 2802 1125 2857 ut
1184 2792 1337 2858 inde
1394 2792 1565 2858 nihil
1623 2793 1803 2858 aliud
1858 2794 2041 2860 nasci
2086 2794 2294 2877 possit

328 2899 528 2963 quam
573 2878 743 2944 illud
784 2880 1001 2962 ipsum
1036 2877 1214 2961 quod
1256 2880 1464 2943 nostri
1508 2890 1921 2963 praepostere
1964 2888 2293 2945 conantur

327 2966 645 3050 effugere,
681 2984 919 3048 nempe
940 2985 1258 3029 novorum
1284 2963 1690 3030 tumultuum
1720 2967 1995 3042 occasio,
2040 2966 2113 3030 in
2148 2966 2290 3049 qui-

328 3052 454 3118 bus
509 3049 707 3117 video
758 3059 1019 3115 tantam
1076 3070 1224 3117 esse
1268 3059 1649 3117 nostrorum
1695 3072 2042 3135 procerum
2086 3059 2188 3116 tre
2234 3051 2290 3117 i-

327 3138 666 3203 dationem
726 3144 805 3201 ut
854 3134 1116 3219 quidvis
1160 3135 1572 3203 'adversariis
1624 3137 2042 3204 concedendo
2085 3159 2170 3203 au
2218 3158 2289 3202 a-

326 3224 497 3288 ciam
533 3242 759 3287 eorum
794 3223 1206 3299 confirment,
1253 3243 1292 3288 a
1325 3222 1562 3307 quibus
1599 3223 1771 3287 nihil
1805 3244 2080 3308 prorsus
2116 3231 2291 3289 esset

325 3307 780 3385 metuendum,
854 3309 909 3373 si
965 3307 1200 3373 saltem
1263 3308 1526 3373 virilem
1570 3310 1889 3375 virtutem
1933 3310 2144 3375 nostri
2188 3309 2290 3373 illi

326 3394 739 3460 simularent.
828 3392 965 3459 Sed
1024 3392 1106 3457 de
1148 3393 1256 3458 his
1300 3394 1482 3460 alias.
1570 3395 1909 3461 Reversus
1953 3397 2024 3460 in
2067 3395 2289 3460 aulam

325 3481 431 3546 vel
510 3479 883 3563 impetrabo
946 3479 1345 3557 missionem,
1425 3482 1598 3546 sicut
1662 3482 2012 3563 postremis
2075 3480 2288 3546 literis

324 3567 492 3632 meis
538 3566 659 3631 tibi
699 3565 1088 3649 significavi,
1132 3564 1245 3630 vel
1288 3565 1524 3629 saltem
1569 3574 1645 3630 ut
1678 3567 2067 3632 retentionis
2101 3587 2288 3632 meae

324 3672 561 3719 causas
615 3649 698 3714 ad
753 3671 877 3716 vos
931 3648 1238 3730 scribant,
1305 3650 1388 3716 de
1445 3651 1682 3733 quibus
1724 3652 2044 3729 iudicetis,
2113 3651 2288 3735 quod

323 3737 597 3804 absente
630 3756 739 3801 me
773 3736 1214 3819 promiserant
1247 3756 1320 3800 se
1355 3736 1661 3804 facturos.

496 3822 767 3888 Interea
820 3821 1038 3886 delata
1089 3832 1191 3887 est
1245 3822 1327 3886 ad
1373 3842 1477 3886 me
1522 3822 1591 3887 in
1638 3823 1809 3889 hanc
1854 3825 2084 3889 urbem
2129 3846 2285 3891 con-

325 3909 651 3975 troversia
734 3926 1003 3991 prorsus
1094 3928 1271 3973 nova
1357 3918 1426 3972 et
1513 3909 1789 3972 maximi
1870 3913 2206 3976 momenti.
2230 3916 2283 3988 8)

322 3996 493 4061 Eam
552 4004 629 4058 tu
679 4013 1031 4078 cognosces
1089 4014 1175 4058 ex
1232 3993 1442 4076 ipsius
1497 3994 1577 4063 N.
1601 3999 1653 4073 ⁴)
1716 3995 1925 4060 literis
1974 4004 2043 4060 et
2083 4018 2280 4079 quam

320 4080 534 4146 multa
597 4081 668 4144 iu
732 4080 1181 4161 quaestionem
1262 4078 1504 4144 cadant
1565 4099 1685 4163 pro
1748 4090 1867 4145 tua
1930 4080 2282 4163 prudentia

318 4165 659 4233 indicabis.
749 4166 1035 4229 Tantum
1095 4172 1162 4230 te
1215 4161 1579 4231 admonebo
1637 4166 2051 4250 quorundam
2115 4188 2282 4251 quae

317 4272 554 4336 operae
588 4250 876 4334 pretium
911 4262 1015 4314 est
1056 4261 1136 4314 ιιι
1169 4252 1367 4315 noris.
1441 4250 1613 4331 Quis
1648 4262 1844 4317 antea
1875 4253 2077 4318 fuerit
2109 4254 2280 4337 epis-

318 4358 521 4422 eopus
555 4339 719 4403 satis
740 4336 932 4402 nosti.
988 4335 1073 4401 In
1094 4344 1427 4401 conventu
1452 4336 1862 4403 Possiacensi
1905 4357 2101 4403 nemo
2136 4360 2281 4406 sese

316 4425 654 4489 fortiorem
676 4431 747 4487 et
768 4421 1141 4487 liberiorem
1163 4422 1509 4505 praestitit.
1567 4421 1703 4489 Sed
1725 4425 1977 4489 interea
1998 4445 2281 4509 magnae

316 4529 555 4575 meae
621 4518 779 4573 sunt
828 4527 950 4572 cur
1003 4517 1305 4590 suspecta
1362 4510 1448 4573 sit
1506 4508 1791 4574 hominis
1848 4509 2103 4575 levitas.
2195 4511 2277 4576 In

318 4594 518 4680 Reyio
574 4595 707 4658 iam
760 4593 1013 4677 pridem
1057 4593 1402 4660 observavi
1446 4594 1783 4678 ingenium
1827 4594 2020 4678 paulo
2064 4616 2277 4661 moro·

314 4851 590 4919 annal)
624 4847 1018 4915 attam.

519 4919 586 4987 2)
636 4917 2278 4989 7ἑᾶιςιιωωῦακ9υαοοκκοωυόηιυιοάφ.ωοάο

517 5057 580 5125 3)
606 5029 683 5111 ’ἀι
715 5054 1029 5138 recipiendo
1045 5125 1057 5137 .
1073 5054 1424 5138 mmm-3
1453 5056 1709 5125 episcopo
1746 5050 2077 5137 Oaracoeblo.

519 5125 577 5209 -⁴'
617 5124 929 5250 W?
956 5139 1230 5248 ππ
1265 5124 1426 5263 {25¹¹
1444 5132 1604 5248 05³3?
1615 5125 1879 5262 2³:5²3
1904 5121 2275 5247 ammam

317 5195 973 5333 &inflamati
1003 5208 1376 5331 reciaco-dan
1397 5235 1721 5331 ’mamat-
1796 5258 1879 5328 Of.
1917 5260 1981 5311 N.
2019 5254 2175 5313 3569.

2033 345 2191 408 1561
2242 340 2662 450 Nemus.

4235 348 4366 414 110

2397 529 2538 596 sius
2580 548 2778 613 quam
2817 549 2941 612 par
2983 529 3088 609 sit,
3133 539 3201 596 et
3242 529 3575 614 quandam
3617 537 3895 597 naturae
3936 530 4357 600 acerbitatem

2399 634 2566 698 quae
2608 613 2801 682 facile
2844 614 2913 680 in
2948 636 3026 680 su
3111 615 3324 682 rbiam
3369 625 3682 683 transeat.
3755 617 4003 698 Quanti
4040 620 4359 685 momenti

2397 701 2694 767 futurum
2752 701 2844 768 sit
2897 722 2939 785 q
2990 701 3005 717 ⁶
3057 700 3215 786 quid
3272 701 3383 769 hic
3425 709 3769 782 statuetur,
3813 703 3977 770 satis
4019 704 4356 790 intelligis,

2396 795 2465 852 et
2498 807 2764 869 possum
2799 786 2921 852 tibi
2956 786 3305 867 affirmare,
3342 786 3511 853 alios
3546 788 3793 873 aliquot
3823 789 4158 874 episcopos
4194 812 4357 871 esse,

2397 873 2511 954 qui
2585 872 2802 955 parati
2881 872 3017 939 sint
3101 872 3226 941 hoc
3300 873 3676 958 exemplum
3755 876 3975 958 sequi,
4061 879 4117 942 si
4199 875 4357 961 quid

2398 957 2733 1023 moderate
2786 964 3141 1025 statuatur.
3230 958 3468 1042 Itaque
3516 980 3677 1045 rogo
3733 967 3810 1025 ut
3851 961 4048 1026 istam
4091 982 4358 1029 causam

2397 1059 2532 1109 non
2576 1044 2646 1108 in
2689 1044 3048 1128 hypothesi
3089 1043 3209 1112 sed
3239 1044 3508 1120 θετικῶς
3548 1054 3927 1129 pertractes,
3970 1056 4042 1112 et
4082 1048 4178 1113 ita
4210 1048 4357 1132 qui-

2399 1129 2551 1195 dem
2607 1138 2683 1195 ιιι
2734 1150 2960 1195 eorum
3015 1130 3385 1214 imperitiae
3429 1130 3674 1215 aliquid
3720 1132 4043 1199 condones
4085 1134 4198 1217 qui
4241 1156 4356 1200 ex-

2399 1222 2614 1282 actam
2692 1214 2877 1280 illam
2942 1224 3125 1282 tuam
3190 1216 3584 1282 brevitatem
3649 1237 3784 1286 non
3845 1218 4007 1286 satis
4072 1220 4356 1303 capiunt.

2399 1299 2615 1367 Orede
2667 1301 2853 1381 mihi,
2912 1301 3208 1384 proderit
3268 1302 3493 1368 multis
3538 1301 3665 1368 hoc
3707 1311 4003 1387 tempore
4047 1314 4204 1371 tuus
4247 1306 4357 1374 hic

2398 1386 2602 1452 labor.
2714 1387 2808 1451 Et
2884 1388 3194 1470 quoniam
3271 1390 3400 1454 tria
3479 1390 3824 1474 praecipue
3893 1389 4001 1455 hic
4065 1412 4106 1456 a
4169 1390 4358 1460 nobis

2399 1482 2747 1555 quaerunt,
2814 1494 3019 1538 unum
3079 1494 3206 1556 quo
3264 1474 3559 1541 adhibito
3616 1476 3920 1541 examine
3961 1478 4097 1542 sint
4134 1477 4357 1544 istius-

2398 1556 2580 1623 modi
2640 1559 2940 1625 homines
2994 1559 3403 1636 admittendi,
3464 1560 3743 1626 alterum
3804 1582 3971 1644 quae
4028 1562 4120 1627 sit
4159 1564 4230 1628 in
4274 1564 4358 1630 iis

2398 1642 2703 1710 habenda
2728 1645 3111 1728 episcopalis
3136 1645 3242 1709 vel
3289 1644 3562 1712 alterius
3606 1646 3947 1731 dignitatis
3991 1649 4177 1729 ratio,
4222 1658 4356 1715 ter-

2398 1730 2570 1795 tium
2624 1728 2785 1814 quid
2849 1732 2939 1796 sit
3003 1730 3132 1796 illis
3190 1731 3662 1798 consulendum
3731 1731 3812 1797 de
3877 1734 4355 1817 temporalium,

2398 1835 2563 1898 quas
2598 1824 2852 1896 vocant,
2889 1816 3274 1883 facultatum
3311 1816 3418 1883 vel
3452 1817 3815 1884 abiectione
3837 1818 3943 1884 vel
3968 1820 4359 1902 retentione,

2397 1921 2558 1985 rogo
2593 1909 2659 1966 te
2695 1912 2770 1967 ιιι
2805 1911 2988 1967 tuam
3023 1924 3219 1986 super
3255 1903 3362 1969 his
3395 1901 3703 1969 omnibus
3737 1906 4133 1970 sententiam
4169 1906 4359 1973 nobis

2398 2008 2730 2070 exponere
2800 2008 2935 2053 non
3000 1990 3301 2072 graveris
3368 1997 3436 2054 et
3500 1988 3762 2072 quidem
3829 1992 4043 2073 primo
4107 2013 4367 2077 quoque

2310 2099 2319 2116 ·
2400 2083 2713 2155 tempore,
2760 2072 2974 2156 quoad
3020 2072 3330 2140 valetudo
3375 2084 3493 2140 tua
3533 2075 3719 2141 feret.
3750 2080 3803 2155 ⁸)
3892 2075 4159 2143 Interea
4203 2077 4362 2143 dum

2398 2178 2785 2242 responsum
2820 2167 3007 2225 tuum
3046 2170 3523 2244 exspectamus,
3569 2163 3947 2227 censuimus
3991 2162 4179 2228 illum
4217 2185 4359 2230 esse

2397 2244 2471 2308 in
2513 2244 2786 2312 eeclesia
2828 2243 3297 2329 recipiendum,
3363 2244 3556 2312 modo
3613 2248 4003 2314 confessioni
4046 2259 4116 2314 et
4159 2249 4358 2315 disci-

2396 2329 2617 2413 plinae
2678 2331 3064 2397 subscribat.
3155 2331 3435 2416 Recepit
3492 2352 3748 2415 quoque
3808 2354 3880 2399 se
3935 2335 4116 2400 vitae
4159 2355 4354 2419 supe-

2399 2415 2590 2481 rioris
2627 2417 2891 2482 veniam
2927 2417 2999 2481 in
3035 2417 3297 2501 publico
3332 2428 3523 2484 coetu
3559 2418 3942 2502 petiturum,
3986 2418 4104 2486 sed
4137 2421 4355 2487 nescio

2396 2523 2486 2567 an
2540 2500 2847 2584 expediat
2903 2502 3028 2567 hoc
3071 2524 3324 2587 urgere.
3427 2503 3640 2569 Nutat
3695 2503 4091 2588 Saliqnacus,
4156 2505 4354 2573 homo

2395 2590 2691 2653 omnium
2734 2588 3012 2653 istorum
3049 2587 3462 2656 doctissimus
3521 2598 3591 2655 et
3623 2591 4109 2675 integerrimus,
4155 2611 4352 2675 quem

2394 2683 2691 2757 optarem
2759 2674 2968 2740 literis
3034 2675 3165 2740 tuis
3231 2675 3558 2759 instigari,
3578 2678 3636 2753 θ)
3701 2685 3777 2741 ut
3829 2676 4031 2742 semel
4086 2675 4351 2742 tandem

2393 2769 2620 2841 aperte
2655 2758 2995 2825 Christum
3031 2761 3122 2824 ita
3156 2762 3561 2844 profiteatur,
3601 2771 3675 2826 ut
3708 2762 4115 2845 impietatem
4148 2762 4351 2829 etiam

2393 2865 2570 2928 oppu
2666 2853 2734 2910 et
2776 2856 2845 2911 et
2886 2845 3199 2912 ecclesiae
3241 2869 3311 2912 se
3355 2850 3729 2932 coniungat.

2674 2930 2998 3014 pudenter
3054 2933 3239 3010 facio,
3307 2933 3414 2997 mi·
3452 2942 3662 3016 pater,
3730 2932 3888 2998 dum
3943 2933 4106 3000 haec
4147 2953 4356 3000 onera

2394 3016 2515 3082 tibi
2557 3017 2842 3101 impono,
2885 3015 3002 3083 sed
3034 3018 3415 3085 memineris
3449 3018 3635 3100 mihi,
3677 3019 3930 3084 homini
3963 3018 4119 3104 plus
4152 3039 4356 3103 quam

2393 3101 2621 3170 credas
2678 3104 3002 3187 imperite,
3061 3104 3321 3170 nullum
3379 3105 3585 3172 alium
3628 3126 3770 3171 esse
3813 3105 3896 3171 ad
3938 3127 4132 3188 quem
4173 3106 4356 3171 refu-

2393 3190 2590 3273 giam.
2680 3187 3026 3256 Succurrit
3081 3189 3347 3273 quidem
3406 3191 3573 3257 mihi
3625 3191 3964 3256 interdum
4014 3190 4186 3274 quod
4247 3211 4354 3255 re-

2392 3274 2772 3360 spondeam,
2818 3276 2945 3342 Dei
2989 3275 3224 3360 gratia,
3269 3276 3385 3343 sed
3427 3276 3595 3342 mihi
3638 3278 3938 3343 conscius
3982 3276 4356 3359 imperitiae

2391 3381 2595 3439 meae,
2661 3370 2858 3444 atque
2923 3363 3122 3427 etiam
3186 3362 3520 3428 facilitatis
3577 3362 3838 3439 nimiae,
3916 3361 4091 3427 malo
4154 3381 4356 3444 saepe

2389 3445 2893 3525 obmutescrere‚
2938 3468 3133 3530 quam
3176 3457 3425 3514 temere
3467 3451 3538 3513 in
3582 3448 3782 3514 rebus
3837 3455 3975 3512 tam
4019 3447 4210 3513 seriis
4243 3465 4355 3511 re-

2388 3532 2742 3616 spondere:
2831 3532 2946 3600 sed
3024 3533 3137 3599 ubi
3219 3535 3540 3599 autoritas
3613 3543 3730 3599 tna
3792 3533 4144 3599 accesserit
4205 3540 4356 3596 tum

2387 3619 2581 3701 plane
2641 3619 3079 3685 confidentem
3137 3639 3247 3683 me
3301 3620 3565 3686 senties.
3671 3618 4141 3685 Nos-manaim
4193 3635 4356 3681 nos-

2386 3714 2564 3770 trum
2611 3703 2891 3770 arbitror
2935 3703 3131 3769 hodie
3167 3701 3253 3769 ad
3292 3726 3446 3771 suos
3465 3710 3521 3782 ⁷)
3561 3705 3944 3786 profectum,
3989 3711 4069 3768 ut
4102 3711 4354 3768 statum

2387 3810 2610 3854 rerum
2689 3812 2958 3856 suarum
3039 3810 3352 3872 praesens
3429 3800 3797 3875 cognoscat.
3913 3788 4202 3855 Uxorem
4288 3792 4358 3849 et

2386 3874 2701 3941 familiam
2738 3877 2858 3942 tibi
2902 3878 3304 3942 commendo.
3377 3877 3565 3942 Bene
3601 3877 3766 3953 vale,
3823 3875 3919 3939 mi
3953 3885 4163 3956 pater,
4198 3891 4356 3935 cum

2384 3960 2655 4046 collegis
2699 3972 2768 4027 et
2810 3963 3040 4027 amicis
3085 3962 3411 4027 omnibus.
3501 3959 3830 4025 Dominus
3873 3960 4066 4025 Iesus
4109 3967 4176 4023 te
4219 3976 4359 4021 ser·

2388 4056 2513 4113 vet.
2594 4047 2871 4114 Parisiis
2917 4050 2975 4111 9.
3024 4046 3431 4113 Novembris.

3751 4180 3938 4245 Tuus
3984 4178 4181 4244 Beza.

2589 4406 2652 4469 5)
2705 4406 2839 4462 Viae
2880 4404 3128 4460 οοκεαιο
3169 4404 3331 4459 rom·
3361 4405 3430 4459 x
3471 4403 3643 4457 Pam
3677 4401 3721 4454 1.
3756 4400 3912 4455 aaa
3946 4416 4007 4467 ρ.
4043 4395 4163 4450 184.

2589 4475 2652 4610 ³1³3
2688 4473 3093 4600 ῧᾱξὲὲέι...
