4900 6125
359 424 400 485 9
2106 422 2271 486 1561
2308 416 2637 486 OO'I'OB.
4294 423 4374 485 10

354 615 499 676 tum
539 606 841 686 scribam,
884 608 1000 676 sed
1045 608 1288 693 paucis.
1362 609 1466 678 'ru
1501 630 1657 676 vero
1690 608 2202 677 communicabis
2246 607 2308 673 ei

352 693 1730 867 1888183883..11881
1754 693 2308 849 svffifflffi

523 866 780 950 Legato
863 864 1150 951 coquetio
1224 867 1459 934 curavi
1543 868 1905 953 significari
1981 888 2152 952 quae
2229 863 2310 930 de

348 950 696 1018 Rhaeticis
734 974 784 1018 n
866 953 1017 1019 otiis
1060 953 1140 1017 ad
1187 972 1296 1017 me
1339 954 1677 1037 scripsisti.
1747 951 2012 1020 Deinde
2046 952 2199 1018 nolo
2242 961 2311 1015 te

347 1036 569 1104 celare
607 1056 731 1104 888
773 1036 885 1106 luc
926 1038 1018 1104 ali
1061 1058 1194 1104 non
1252 1051 1524 1124 sumptu
1567 1040 1769 1125 regio,
1830 1039 1944 1104 sed
1990 1059 2073 1104 ex
2112 1037 2311 1105 colla·

346 1122 532 1190 11888
594 1122 1090 1191 Gallicanarum
1155 1122 1603 1203 ecclesiarum,
1663 1125 1838 1209 quod
1903 1124 2310 1210 ignorabam,

345 1208 467 1275 sed
509 1221 664 1275 ante
708 1208 875 1275 duos
915 1210 1027 1276 vel
1069 1218 1206 1277 tres
1250 1209 1389 1276 (1188
1428 1211 1724 1296 cognovi.

522 1292 631 1360 Ad
666 1298 747 1376 ¹¹)
794 1296 1124 1380 Reginam
1181 1316 1333 1361 raro
1391 1315 1704 1375 accersor,
1765 1307 1962 1380 atque
2004 1293 2076 1361 id
2118 1295 2308 1362 clam.

346 1379 650 1462 Quorum
707 1401 908 1465 opera
964 1381 1032 1447 id
1090 1384 1211 1448 fiat
1252 1401 1385 1447 non
1431 1390 1535 1449 est
1574 1382 1956 1449 obscurum:
2014 1379 2132 1448 sed
2188 1380 2310 1446 tibi

344 1466 516 1533 alias
556 1487 901 1551 exponam.
973 1467 1231 1542 Iterum
1264 1467 1413 1534 vale
1458 1488 1537 1534 ac
1581 1490 1687 1533 me
1729 1477 1808 1534 ut
1848 1469 2011 1534 facis
2056 1487 2223 1533 ama.

520 1552 674 1619 Rex
706 1554 794 1634 ¹²)
850 1554 1220 1639 aegrotavit
1282 1552 1365 1618 iis
1424 1553 1678 1619 duobus
1736 1553 1966 1620 diebus
2026 1563 2093 1618 et
2148 1553 2312 1619 88118

342 1638 733 1721 periculose.
807 1637 959 1721 Qua
995 1639 1076 1705 de
1111 1660 1185 1704 re
1228 1640 1460 1724 scripsi
1498 1639 1582 1705 ad
1617 1651 1939 1706 senatum.
2007 1636 2144 1706 Sed
2175 1639 2310 1703 iam

343 1722 768 1791 convalescit.
859 1723 1112 1790 Verum
1177 1732 1295 1804 est,
1362 1735 1435 1789 ut
1500 1726 1903 1810 praedicant,
1967 1725 2186 1790 tenuis
2243 1731 2314 1790 et

342 1810 654 1876 infirmae
676 1809 1093 1876 valetudinis.
1154 1811 1400 1877 Precor
1420 1819 1497 1876 ut
1526 1832 1757 1878 omnes
1791 1820 1944 1877 tuos
1980 1810 2062 1877 ad
2100 1831 2309 1876 unum

344 1915 497 1962 meo
552 1898 819 1963 nomine
877 1895 1124 1963 salutes
1168 1917 1293 1963 nec
1335 1918 1468 1962 non
1512 1918 1742 1965 omnes
1797 1905 2205 1982 symmystas
2246 1905 2314 1962 et

345 1980 725 2048 carissimos
758 1982 1015 2048 fratres.
1086 1983 1216 2048 Die
1243 1989 1303 2047 4.
1326 1982 1653 2051 Octobris.
1725 1983 1937 2050 Cures
1970 1992 2050 2049 ut
2083 1982 2313 2048 literae

345 2087 513 2152 quas
547 2065 633 2132 ad
667 2066 863 2152 ampl.
888 2078 1195 2134 senatum
1232 2068 1384 2135 dedi
1421 2067 1543 2134 tibi
1577 2069 1929 2137 tradantur
1971 2067 2312 2153 legendae,

342 2172 504 2217 nam
558 2150 653 2217 ibi
706 2153 900 2238 plura
951 2164 1110 2221 sunt
1152 2176 1352 2239 quam
1409 2156 1479 2220 in
1532 2156 1616 2222 iis
1671 2157 1801 2223 tuis
1844 2154 2310 2239 consignarim.

344 2237 445 2302 'l'e
480 2237 776 2304 salutant
818 2261 1050 2307 rursus
1093 2261 1322 2307 omnes
1366 2241 1498 2306 mei
1540 2241 1846 2327 collegae.
1872 2242 1957 2319 ¹⁸)

1234 2770 1435 2842 8545.

797 2922 1284 2994 BEAULIEU
1315 2928 1365 3006 ¹)
1409 2928 1472 2992 A
1516 2924 1854 2992 PAREL.

512 3095 776 3178 Aperpu
812 3096 1076 3180 qenes-al
1113 3098 1225 3164 des
1266 3100 1533 3184 proyrbs
1574 3100 1653 3165 (18
1704 3098 1771 3165 la
1823 3098 2095 3181 reforme
2134 3100 2303 3167 dans

339 3182 398 3248 le
430 3179 611 3247 Mida·
646 3185 704 3246 d
755 3181 920 3249 dans
977 3181 1148 3249 z’Est
1186 3184 1265 3251 de
1306 3183 1372 3250 la
1407 3183 1655 3250 Hence
1699 3189 1757 3249 et
1807 3184 2027 3251 discite
2067 3190 2300 3271 reyra-

338 3265 499 3334 table
538 3268 963 3351 aspa-etms.

343 3438 724 3510 (Δεήσει-88118
757 3440 829 3495 (18
862 3441 920 3494 la
944 3438 1333 3510 Bibliotheque
1366 3442 1466 3496 des
1500 3448 1752 3511 pestem-s
1784 3440 1856 3496 (18
1890 3442 2172 3499 Neuchate
2195 3482 2208 3495 .
2232 3472 2300 3484 —

891 3511 1064 3565 Baum
1100 3509 1226 3565 Vol.
1260 3510 1335 3566 11.
1370 3513 1510 3582 App.
1545 3527 1599 3581 p.
1634 3508 1750 3579 91.)

1643 3704 1753 3750 ere
1787 3684 2067 3751 Maistre
2102 3683 2299 3752 Guil-

1615 3769 1944 3837 esuchrist

1633 3879 1674 3922 a
1715 3855 1779 3922 N
1782 3855 2124 3923 eufchatel.

509 3684 575 3748 A
608 3702 769 3748 mon
812 3681 1111 3750 trescher
1152 3694 1221 3749 et
1264 3683 1561 3751 honnore

337 3767 557 3834 laume
600 3766 800 3834 Farel
845 3768 1038 3835 fidele
1080 3770 1411 3836 serviteur
1453 3769 1534 3837 de

608 4024 807 4093 Salut
848 4047 971 4111 par
1010 4026 1379 4095 Iesuchrist
1418 4035 1644 4093 nostre
1688 4047 1991 4094 sauveur.

506 4162 694 4230 Pom·
748 4162 1076 4230 satisfaire
1120 4187 1162 4231 a
1202 4175 1432 4231 vostre
1474 4165 1606 4231 bon
1650 4163 1845 4244 desir,
1892 4164 2189 4231 trescher
2230 4173 2300 4231 et

338 4244 635 4314 honnore
751 4270 843 4327 re,
877 4250 944 4315 ie
976 4271 1111 4335 nay
1141 4251 1346 4317 voulu
1381 4250 1584 4317 faillir
1609 4272 1771 4316 vous
1792 4252 2036 4317 escrire
2057 4250 2141 4317 de
2174 4272 2299 4316 888

337 4334 599 4400 affiires
640 4269 873 4420 ‹ffiuis
915 4345 1143 4436 nostre
1185 4336 1481 4421 departie
1523 4334 1730 4402 davec
1772 4357 1959 4412 vous,
1999 4338 2111 4436 qui
2145 4346 2301 4404 sont

332 4418 522 4487 telles
580 4432 893 4505 questans
961 4442 1217 4489 arrives
1280 4444 1368 4489 en
1431 4433 1605 4490 ceste
1671 4423 1920 4489 saincte
1963 4434 2092 4490 cite
2108 4426 2166 4500 ²)
2210 4443 2298 4491 88

330 4504 442 4592 ioy
496 4514 566 4572 et
620 4526 704 4572 88
762 4514 953 4573 88818
1003 4507 1069 4573 18
1110 4508 1544 4592 888811188818
1588 4506 1669 4574 (18
1711 4509 2099 4591 septembre,
2153 4508 2295 4576 fus·

511 4798 605 4867 11>
635 4798 795 4856 Haec
826 4814 1028 4855 mm
1061 4801 1124 4854 in
1154 4799 1451 4870 immensis.

511 4868 537 4921 1
636 4868 797 4925 Haec
825 4884 997 4923 manu
1025 4870 1264 4939 propn’a
1297 4869 1507 4937 scripta
1538 4866 1744 4924 abunt
1773 4866 1845 4924 ab
1878 4865 2002 4923 edd.

334 5004 522 5061 8848.
588 4940 1215 5073 ›mugaefiffoaloqoeea
1256 5004 1364 5074 (N.
1398 5002 1566 5087 342β)
1609 5019 1681 5061 aa
1712 5003 1833 5061 doit
1911 5019 1982 5089 88
2022 5003 2292 5062 ἀει-88811·

334 5074 1623 5215 ΕἪέΥιέἏῗᾉΨῶΡἺὲκ.
1713 5140 1875 5209 ea.)
1944 5074 2295 5213 1ιὲῒὲἐὲΐὲ

336 5207 1726 5342 mhmdmoemreodtcomrffiudd
1935 5213 2292 5268 erlem‘euae

541 5286 605 5421 g)
614 5283 1004 5409 agazi-‘endu
1036 5285 1087 5339 le
1106 5298 1314 5355 vome
1345 5282 1481 5339 dont
1512 5283 1558 5337 a
1588 5296 1716 5336 sem
1747 5284 1996 5351 question
2030 5281 2159 5348 pluo
2174 5282 2291 5338 bas.

2406 625 2549 675 mes
2611 608 2742 674 fort
2785 607 3282 675 humainement
3323 628 3553 675 receua
3596 606 3680 674 de
3720 628 3848 674 noa
3888 628 4095 695 amys,
4140 628 4217 676 ce
4258 606 4375 692 qui

2407 691 2630 760 donna
2661 693 2912 780 grande
2944 694 3096 779 ioye
3128 704 3198 761 et
3230 701 3720 763 contentement
3751 714 3793 759 8
3823 714 3935 762 ma
3968 695 4373 779 compagnie,

2407 779 2691 863 laquelle
2750 779 3056 846 entendit
3111 800 3361 846 mesme
3405 779 3487 846 de
3529 779 3783 846 bouche
3825 780 3889 845 18
3930 790 4204 867 rapport
4245 801 4374 864 que

2408 865 3008 932 honnorablement
3027 868 3226 933 flrent
3244 866 3327 933 de
3349 887 3515 932 nous
3538 888 3658 932 noz
3681 868 3772 933 sei
3869 887 4023 932 eurs
4057 873 4126 933 81
4158 866 4370 933 freres

2411 950 2494 1017 de
2537 952 2753 1037 Lyon‚
2805 952 2920 1035 qui
2954 959 3449 1038 expressement
3481 951 3773 1018 sassemb
3800 959 3991 1018 erent
4022 972 4194 1036 pour
4226 951 4371 1020 cela

2412 1057 2499 1102 en
2553 1048 2732 1104 ceste
2774 1039 3031 1104 maison
3076 1036 3158 1104 de
3199 1039 3267 1105 18
3307 1047 3472 1105 18818
3514 1058 3739 1123 noyre,
3768 1040 3823 1122 8)
3878 1038 4096 1119 811888,
4141 1058 4372 1122 graces

2411 1143 2452 1188 a
2500 1124 2697 1201 Dieu,
2743 1122 2880 1189 fort
2924 1125 3256 1190 contra-ire
3304 1145 3435 1190 aux
3472 1123 3784 1207 oprobres
3819 1131 3890 1189 et
3925 1123 4206 1189 vilenies
4239 1145 4370 1208 que

2411 1230 2553 1274 mes
2597 1210 2896 1275 ennemis
2937 1229 3058 1293 par
3101 1209 3250 1276 dela
3290 1217 3481 1276 mont
3526 1209 3774 1290 faictes,
3810 1209 4096 1293 lesquelz
4128 1229 4204 1276 ce
4238 1209 4372 1275 bon

2409 1295 2587 1361 Dieu
2607 1294 2849 1362 vueille
2870 1295 3184 1380 regal-der
3204 1317 3289 1362 en
3311 1295 3487 1381 pitie.
3534 1297 3646 1362 Au
3667 1303 3841 1362 reste
3861 1294 3910 1361 11
3932 1303 4082 1363 8881
4100 1293 4371 1381 besoing

2456 1401 2541 1447 ue
2600 1402 2766 1448 vous
2811 1382 3062 1448 escrive
3107 1381 3222 1449 des
3266 1401 3492 1467 graces
3536 1381 3980 1447 inestimables
4024 1402 4150 1465 que
4194 1382 4370 1449 Dieu

2440 1468 2568 1532 aict
2611 1467 2692 1531 de
2735 1467 2881 1533 iour
2922 1489 3007 1533 en
3055 1468 3202 1534 iour
3246 1488 3287 1535 a
3328 1477 3504 1534 ceste
3558 1467 3809 1552 Eglise,
3866 1467 4141 1533 dautant
4198 1488 4375 1553 quen

2413 1552 2555 1618 cela
2576 1553 3158 1639 ientreprendroys
3176 1554 3377 1620 chose
3393 1554 3542 1637 plus
3556 1552 3808 1639 grande
3822 1574 3950 1638 que
3966 1574 4122 1619 mon
4147 1561 4375 1620 enten-

2413 1637 2684 1704 dement
2737 1640 3041 1723 pourroit
3093 1651 3331 1722 portet.
3419 1641 3492 1705 Ie
3533 1661 3713 1706 veux
3768 1639 3920 1706 bien
3979 1639 4374 1706 seullement

2412 1743 2582 1789 vous
2605 1734 2910 1791 raconter
2936 1745 3062 1809 que
3081 1724 3163 1790 de
3190 1726 3518 1809 plusieurs
3553 1723 3903 1804 endroictz,
3923 1732 4375 1791 nommement

2413 1809 2496 1876 de
2531 1810 2746 1896 Lyon‚
2793 1811 3039 1886 Nimes.
3078 1810 3312 1895 Gap‚⁴)
3359 1811 3661 1894 Grace,⁸)
3706 1808 3795 1876 du
3839 1812 3983 1897 pais
4023 1809 4372 1889 dOrleans,

2413 1894 2496 1961 de
2530 1897 2836 1981 poictiers
2869 1905 2938 1963 et
2970 1897 3296 1981 plusieurs
3329 1908 3552 1963 autres
3585 1897 3931 1976 endroictz,
3968 1896 4015 1962 il
4051 1919 4096 1982 y
4133 1917 4174 1960 a
4205 1917 4373 1981 gens

2412 1981 2522 2068 icy
2558 1984 2669 2068 qui
2706 1982 3106 2049 demandent
3138 1984 3439 2049 ouvriers
3475 2004 3639 2067 pour
3672 1996 3849 2049 ceste
3872 1984 4158 2049 moisson
4204 2003 4373 2048 nou-

2414 2067 2621 2148 velle,
2702 2090 2816 2135 sur
2879 2077 3029 2135 tous
3099 2068 3292 2135 ceulx
3355 2067 3438 2134 de
3503 2070 3815 2135 Tournon
3882 2090 3966 2135 88
4031 2069 4372 2153 Agennois

2412 2154 2557 2220 font
2598 2154 2848 2240 grande
2888 2154 3184 2220 instance
3233 2175 3405 2238 pour
3450 2176 3529 2220 en
3570 2155 3781 2220 avoir:
3817 2175 3932 2221 car
3964 2174 4048 2219 88
4083 2174 4192 2219 888
4224 2154 4371 2239 8818

2411 2240 2480 2306 18
2523 2239 2568 2305 11
2615 2262 2660 2325 y
2706 2262 2747 2305 a
2788 2260 3058 2307 encores
3100 2241 3250 2325 plus
3293 2239 3377 2307 de
3420 2252 3603 2326 troys
3658 2261 3813 2307 cens
3848 2239 4214 2325 parroisses
4256 2240 4372 2324 qui

2411 2335 2531 2391 ont
2573 2327 2701 2391 mis
2743 2326 2862 2393 bas
2904 2326 2972 2392 la
3015 2348 3227 2394 messe
3271 2338 3337 2392 et
3380 2335 3546 2391 nont
3585 2328 3777 2411 point
3818 2347 4051 2392 encore
4096 2326 4178 2392 de
4341 2362 4372 2376 -

2411 2419 2624 2478 teurs:
2661 2411 2724 2477 le
2758 2433 3010 2496 pauvre
3045 2412 3281 2496 peuple
3316 2413 3450 2479 crie
3486 2410 3567 2478 de
3601 2421 3753 2477 tous
3788 2419 4002 2479 costez
4037 2432 4078 2475 8
4111 2411 4176 2476 18
4277 2412 4373 2477 im

2410 2504 2478 2563 et
2513 2519 2599 2563 nc
2641 2518 2713 2564 se
2748 2508 2983 2564 trouve
3018 2500 3202 2582 point
3234 2499 3346 2582 qui
3381 2499 3530 2564 leur
3563 2520 3814 2582 oouppe
3848 2497 3911 2563 le
3934 2498 4090 2583 pain
4111 2497 4367 2564 celeste.

2409 2583 2485 2649 Ie
2551 2604 2638 2649 ne
2702 2583 2810 2650 fus
2875 2605 2994 2668 pas
3061 2584 3118 2651 si
3185 2596 3314 2650 tost
3371 2586 3592 2650 arrivs
3651 2605 3777 2668 que
3821 2586 3928 2650 fus
3969 2583 4246 2650 sollicite
4288 2583 4371 2649 de

2408 2668 2756 2754 plusieurs,
2817 2670 3103 2753 lesquelz
3156 2690 3326 2753 pour
3379 2670 3525 2735 leur
3576 2669 4008 2754 importunite
4064 2690 4171 2733 me
4213 2689 4370 2734 ren-

2409 2753 2661 2839 doyent
2714 2765 2859 2822 tout
2913 2755 3210 2821 honteux
3266 2771 3333 2821 et
3394 2756 3575 2822 aussi
3617 2756 3930 2822 conti-iste
3971 2776 4098 2838 que
4141 2756 4371 2821 navois

2409 2838 2476 2907 le
2531 2862 2774 2926 moyen
2827 2841 2926 2907 les
2978 2842 3269 2909 secourir
3329 2862 3413 2908 en
3469 2842 3620 2908 leur
3678 2849 3971 2907 extreme
4013 2841 4368 2908 necessite:

2407 2933 2599 2993 entre
2654 2933 2876 2992 autres
2937 2927 3130 2993 oeulx
3185 2925 3377 2993 dudit
3421 2928 3735 2993 'Pournon
3791 2926 3946 2993 ville
3988 2925 4076 2991 du
4120 2947 4240 3011 roy
4286 2924 4370 2990 de

2411 3012 2712 3082 Navarra
2767 3021 2973 3099 ayant
3022 3033 3270 3080 mesme
3327 3011 3567 3099 charge
3621 3011 3703 3079 de
3758 3012 3905 3079 leur
3959 3012 4284 3097 Evesque,
4308 3009 4366 3100 ⁶)

2407 3099 2864 3186 employerent
2920 3106 3136 3166 toutcs
3180 3099 3360 3166 leurs
3402 3100 3612 3167 forces
3657 3120 3827 3183 pour
3869 3100 4123 3165 mavoir
4166 3112 4236 3165 et
4275 3119 4364 3164 ne

2405 3206 2525 3251 sen
2590 3206 2631 3250 8
2691 3184 2907 3251 faillut
2960 3186 3219 3270 guieres
3274 3186 3449 3269 quilz
3503 3207 3589 3252 ne
3647 3192 3882 3272 soyent
3936 3206 4107 3250 venu
4164 3185 4368 3251 about
4483 3250 4490 3255 .

2406 3270 2488 3336 de
2551 3271 2702 3337 leur
2764 3270 3099 3356 pretendit
3118 3276 3187 3334 *t
3243 3272 3410 3336 mais
3468 3272 3807 3338 monsieur
3863 3270 3946 3337 de
4006 3270 4257 3355 138887)
4325 3292 4366 3336 a

2403 3365 2744 3424 sui-monte
2893 3378 2976 3423 81·
3029 3378 3199 3425 ceux
3251 3356 3335 3422 (18
3390 3355 3604 3424 88881
3655 3378 3743 3424 88
3799 3355 3979 3424 Otho
4034 3376 4075 3422 8
4131 3363 4367 3441 quatre

2402 3443 2611 3508 lieues
2658 3441 2740 3508 de
2855 3463 3048 3528 royes
3104 3464 3185 3509 en
3244 3442 3694 3529 champagne.
3785 3441 3946 3509 Oest
3991 3441 4365 3510 merveilles

2402 3527 2519 3595 des
2554 3528 2894 3595 auditeurs
2929 3528 3045 3595 des
3078 3528 3299 3597 lecons
3334 3527 3416 3595 do
3465 3530 3809 3596 Monsieur
3847 3528 4074 3595 Calvia
4107 3529 4365 3595 iestime

2444 3614 2576 3680 uilz
2624 3622 2778 3681 sont
2823 3615 3330 3682 iournellement
3375 3614 3523 3701 plus
3566 3614 3648 3681 de
3682 3614 3879 3680 mille.
3902 3618 3956 3687 ⁸)
4019 3615 4364 3680 Monsieur
4495 3614 4499 3623 ’

2471 3702 2594 3768 ird
2620 3701 2791 3766 11881
2818 3699 2886 3766 18
2903 3720 3265 3786 campagne
3300 3700 3386 3766 du
3424 3708 3601 3767 coste
3629 3701 3712 3766 de
3734 3700 3980 3767 Nimes.
4038 3698 4365 3768 Beraldus

2401 3808 2442 3853 8
2484 3786 2732 3852 obtenu
2787 3786 2869 3852 de
2913 3787 3274 3854 Messieurs
3328 3808 3447 3853 son
3509 3787 3743 3887 congie
3796 3787 4106 3872 gracieux
4150 3791 4217 3852 et
4260 3794 4365 3851 est

2401 3894 2484 3939 en
2547 3871 2977 3939 deliberation
3027 3873 3241 3958 partir
3299 3873 3451 3958 dicy
3508 3893 3782 3938 environ
3835 3870 4000 3939 Noel
4059 3894 4101 3938 8
4163 3890 4363 3939 88888

2401 3957 2521 4025 (188
2576 3960 2952 4043 frequentes
2993 3958 3311 4025 maladies
3364 3957 3447 4024 de
3501 3958 3618 4043 luy
3659 3966 3727 4024 et
3769 3956 3850 4024 de
3893 3979 3969 4024 88
4009 3957 4251 4024 femme
4296 3964 4364 4023 81

2400 4044 2655 4111 enfans.
2744 4044 2820 4110 Ie
2876 4064 3039 4110 vous
3098 4066 3267 4111 envo
3317 4066 3355 4109 e
3404 4044 3470 4109 la
3511 4043 3852 4129 harangue
3896 4043 3978 4110 de
4019 4043 4363 4109 Monsieur

2398 4130 2479 4198 (18
2543 4129 2748 4197 Besae
2812 4150 3180 4216 prononcee
3291 4130 3734 4197 ernierement
3776 4130 4027 4197 devant
4082 4129 4145 4195 le
4188 4129 4361 4215 Roy‚

2397 4215 2681 4301 laquelle
2715 4237 2908 4300 apres
2942 4215 3156 4283 lavoir
3190 4236 3360 4283 veue
3398 4237 3567 4282 vous
3601 4215 3746 4316 prie
3779 4215 4011 4282 bailler
4052 4237 4093 4282 a
4137 4225 4362 4282 nostre

2398 4300 2528 4367 bon
2572 4323 2724 4388 amy
2773 4302 3120 4369 Monsieur
3161 4301 3224 4370 le
3282 4301 3670 4369 Ohastelam
3704 4300 3958 4368 Claude
3993 4301 4166 4369 clerc.
4231 4300 4361 4367 Bo-

2399 4389 2569 4456 lotus
2591 4391 2645 4463 ⁹)
2704 4395 2809 4454 est
2861 4395 3122 4474 envoye
3177 4410 3218 4454 a
3264 4388 3538 4453 Mascon
3583 4409 3703 4453 sur
3745 4384 3988 4454 Saune.
4077 4386 4200 4473 Iay
4244 4407 4360 4453 en·

2603 4593 2662 4655 3)
2699 4591 2992 4648 Hdtellcn'e
3020 4609 3120 4648 sm·
3141 4593 3200 4648 la
3218 4589 3360 4648 Bina
3393 4597 3621 4649 88888111
3652 4591 3951 4649 mmmdcc)
3975 4598 4108 4649 com
4142 4592 4357 4663 ἐροφιο.

2393 4661 2648 4733 (Galim,
2690 4662 2903 4718 Ombos
2933 4663 3063 4717 hist.
3099 4670 3152 4717 et
3184 4662 3335 4718 arch.
3370 4661 3521 4731 259.)

2603 4730 2640 4783 4
2694 4731 2879 4799 patrio
2911 4731 2982 4786 de
3014 4730 3204 4787 Farol.

2602 4799 2639 4922 ἓ
2699 4798 3146 4938 ἳῖἒοτεῖἦερωο,
3181 4867 3387 4938 d'onqs’
3374 4868 3454 4924 'ne
3485 4870 3677 4924 1181188·
3599 4871 3612 4883 ’
3675 4884 3760 4924 κε.

2695 4936 2746 4990 J
2903 4936 3151 5007 Θριῖαιιισ
3171 4937 3260 4994 Sr.
3278 4938 3347 4993 de
3369 4938 3565 5010 Paean,
3599 4940 3796 4993 ancien
3818 4933 4014 5005 deeque
4037 4934 4105 4988 de
4120 4934 4352 5004 Neron,

2393 5007 2741 5061 adamat
2851 5006 3080 5063 Genese.

2601 5074 2660 5139 8)
2699 5074 2915 5157 Ilfaut
2946 5090 3216 5145 uppem
3248 5075 3381 5145 φθῆ
3697 5073 4185 5212 gandam
4198 5073 4354 5199 «1²35.-

2391 5142 2578 5199 asum·
2578 5159 2608 5200 s
2649 5144 2925 5200 benevoles
2972 5150 3026 5200 st
3064 5160 3180 5228 11811
3224 5083 3683 5200 *noym-mxu

2393 5212 2721 5268 ata-deum
2754 5213 2902 5268 dans
2933 5212 2981 5269 10
3016 5214 3186 5268 Imm
3220 5214 3296 5267 du
3338 5213 3587 5268 Rectam.

2600 5280 2663 5352 9)
2708 5281 2886 5353 Voyes
2917 5280 2996 5339 N.
3035 5281 3190 5336 85³6.
3225 5280 3368 5336 3545
3408 5296 3532 5336 vers
3575 5280 3814 5352 Pepoqus
3856 5281 3926 5336 ds
3968 5282 4026 5336 18
4069 5297 4265 5352 auem
4309 5281 4353 5336 il

2391 5350 2532 5407 droit
2563 5352 2602 5406 ὰ
2635 5352 2932 5421 Annonay.
3004 5350 3179 5417 (11181.
3215 5352 3340 5409 ecel.
3373 5350 3466 5405 111.
3503 5348 3650 5418 187.)
