4900 6125
604 421 692 484 '11

602 606 750 674 ‘nisi
806 606 993 673 Deus
1044 625 1171 673 sua
1224 604 1575 674 clementia
1639 605 1774 673 illis
1846 604 2151 683 adfuerit,
2216 603 2574 670 immanem

612 692 780 760 dissi
866 693 1117 757 tionem
1160 691 1468 759 ecclesiae
1510 690 1685 776 apud
1725 693 1889 758 istos
1934 691 2282 757 imminere
2323 697 2573 773 putem.

882 798 920 843 0
961 777 1344 844 1011011011ηο
1367 781 1423 855 ⁸)
1467 798 1666 863 quem
1709 778 1955 860 scripto
1996 787 2114 842 tuo
2147 797 2281 842 non
2318 777 2412 842 ita
2448 775 2578 858 pri-

618 862 775 930 dem
818 863 1087 929 nomine
1130 884 1481 948 suppresso
1524 863 1941 941 admonuisti,
1986 862 2149 928 adeo
2191 860 2306 928 illo
2346 881 2580 928 accen-

618 969 736 1015 sus
777 957 899 1026 est,
943 949 1107 1014 furit
1146 957 1215 1013 et
1257 949 1499 1014 callum
1542 948 1892 1015 obduxisse
1936 947 2218 1026 videtur,
2263 957 2340 1013 ut
2387 967 2575 1014 mon·

615 1042 837 1101 strum
902 1034 1067 1099 mihi
1131 1033 1308 1100 alere
1372 1034 1692 1114 videatur,
1770 1034 2265 1117 infaustumque
2328 1033 2574 1099 foetum

617 1120 970 1204 parturire.
1077 1120 1282 1187 Hunc
1345 1121 1637 1185 maxima
1698 1119 2150 1186 ministrorum
2214 1128 2284 1185 et
2345 1125 2577 1185 eorum

618 1206 737 1289 qui
776 1206 915 1271 fere
957 1206 1257 1287 primarii
1296 1215 1453 1272 sunt
1493 1204 1861 1272 eruditione
1903 1203 2099 1270 turba
2140 1205 2454 1287 sequitur,
2500 1224 2577 1270 ac

616 1291 684 1356 ei
739 1291 1214 1358 succenturiari
1259 1291 1539 1370 videtur,
1600 1292 1696 1358 sic
1747 1299 1843 1364 ut.
1901 1291 1960 1357 si
2002 1291 2117 1374 qui
2160 1289 2376 1356 adhuc
2420 1309 2577 1355 vere

616 1376 714 1460 pii
757 1396 834 1442 ac
877 1376 1230 1442 orthodoxi
1272 1377 1425 1456 sint,
1472 1376 1850 1444 huiusmodi
1891 1377 2211 1443 factiones
2254 1395 2331 1442 ac
2372 1376 2577 1440 furio-

614 1483 727 1528 sos
769 1470 1047 1527 conatus
1092 1462 1199 1529 hic
1241 1483 1498 1529 mecum
1540 1484 1675 1528 non
1730 1464 1874 1528 sine
1914 1462 2229 1548 lacrymis
2270 1462 2578 1528 intuean-

614 1559 747 1614 tur.
837 1547 1141 1613 Dolenda
1196 1549 1482 1631 profecto
1532 1547 1817 1614 hominis
1873 1548 2052 1613 illius
2109 1569 2151 1613 a
2205 1567 2369 1613 vera
2426 1568 2578 1612 sen·

614 1634 833 1698 tentia
871 1632 1164 1713 defectio,
1229 1635 1343 1717 qui
1385 1635 1542 1699 olim
1567 1637 1604 1673 ¹⁸
1701 1655 1861 1700 uum
1903 1634 2105 1699 fuerit
2147 1634 2244 1698 tui
2289 1633 2578 1699 nominis

616 1718 1136 1786 studiosissimus
1198 1728 1267 1784 et
1328 1740 1413 1785 ex
1476 1720 1610 1785 tuis
1702 1719 2238 1787 ucubrationibus
2294 1718 2576 1784 multum

614 1813 724 1882 (ut
766 1804 878 1869 ille
919 1824 1389 1887 saepenumero
1435 1806 1500 1869 in
1561 1806 1890 1890 frequenti
1933 1804 2293 1870 multorum
2338 1824 2580 1870 corona

614 1897 904 1956 testatus
944 1891 1071 1968 est)
1114 1889 1479 1973 profecerit,
1538 1901 1675 1957 tam
1719 1894 1849 1958 cito
1891 1893 1960 1957 in
2004 1891 2403 1957 contrariam
2460 1910 2577 1955 00·

614 1995 763 2040 ram
805 1997 878 2041 se
920 1976 1129 2059 abripi
1172 1996 1406 2058 passus
1441 1978 1546 2043 sit.
1958 2047 1965 2056 ,

792 2061 890 2127 Co
935 2061 1254 2127 iosissime
1297 2082 1372 2129 ac
1430 2062 1762 2129 fusissime
1820 2063 1987 2128 mihi
2032 2060 2130 2128 ‘de
2186 2061 2335 2128 istis
2377 2061 2578 2127 rebus

489 2189 501 2203 ·
612 2145 872 2214 001-11100
922 2168 1031 2211 1110
1076 2155 1267 2224 00001,
1310 2149 1438 2213 nisi
1474 2169 1803 2231 sperarem
1849 2170 1955 2214 me
1976 2150 2121 2214 Deo
2167 2147 2427 2214 volente
2470 2165 2577 2212 co-

613 2252 761 2300 ram
827 2231 1174 2314 aliquando
1245 2233 1407 2299 haec
1487 2235 1989 2318 explicaturum.
2101 2231 2299 2315 Quod
2364 2233 2576 2297 tutius

614 2317 985 2400 meliusque
1029 2318 1169 2384 fore
1211 2339 1401 2401 spero
1443 2341 1640 2403 quam
1680 2340 1798 2403 per
1838 2320 2068 2386 literas
2109 2321 2237 2387 ista
2280 2318 2575 2402 singilla-

612 2403 738 2468 tim
782 2405 1047 2469 referre.
1132 2402 1360 2485 Quum
1403 2405 1623 2488 itaque
1667 2415 1856 2470 tanta
1896 2406 1985 2472 sit
2028 2406 2135 2470 hic
2188 2405 2261 2469 in
2305 2404 2578 2469 ecclesia

613 2487 838 2567 ἀταξία
883 2497 959 2553 01
1000 2498 1161 2571 quot
1203 2490 1418 2572 capita
1462 2500 1560 2555 tot
1603 2512 1870 2558 sensus:
1940 2493 2106 2556 mihi
2162 2491 2414 2556 iustum
2473 2491 2576 2556 vi-

611 2572 809 2639 detur
851 2574 978 2639 alio
1022 2574 1174 2640 vela
1214 2584 1493 2656 vertere,
1555 2586 1622 2641 et
1672 2579 1740 2641 in
1786 2578 2087 2660 patriam,
2146 2577 2260 2642 ubi
2304 2573 2575 2642 Christo

608 2669 881 2742 apertae
946 2671 1103 2725 sunt
1166 2663 1359 2738 fores,
1424 2661 1834 2728 contendere.
1935 2662 2402 2743 Quamobrem,
2467 2661 2576 2725 vir

610 2745 997 2824 clarissime,
1041 2755 1120 2810 ut
1160 2759 1343 2811 tuam
1389 2746 1511 2812 bac
1552 2746 1635 2812 do
1669 2769 1742 2813 re
1776 2750 2170 2814 sententiam
2194 2747 2574 2813 consilium·

610 2851 747 2913 que
790 2828 1105 2910 audirem,
1175 2831 1328 2897 data
1380 2851 1578 2915 opera
1635 2855 1856 2899 meum
1925 2834 2103 2901 hunc
2158 2832 2571 2898 tabellarium

610 2915 774 2983 illuc
826 2917 1095 2982 mittere
1141 2938 1273 2982 non
1332 2917 1649 2997 dubitavi,
1703 2939 1833 3002 quo
1889 2919 2056 2985 bene
2101 2940 2175 2984 re
2233 2925 2372 2984 tota
2414 2918 2572 2984 sub·

611 3001 816 3070 ducta
860 3024 900 3068 a
967 3011 1030 3069 te
1073 3003 1406 3087 percipere
1450 3005 1716 3089 possim,
1775 3004 1935 3089 quid
1991 3004 2158 3071 mihi
2215 3003 2408 3070 modo
2471 3003 2571 3069 fa-

608 3088 921 3154 ciendum
965 3109 1251 3169 censeas,
1295 3099 1615 3174 tuumque
1658 3090 1781 3155 hac
1824 3090 1906 3158 de
1947 3113 2021 3157 10
2061 3091 2377 3157 1011101010
2420 3110 2571 3173 per-

610 3173 864 3240 scribas
919 3174 1137 3240 velim.
1242 3173 1441 3256 Quod
1510 3187 1577 3241 te
1637 3178 1966 3243 facturum
2024 3198 2142 3260 pro
2196 3186 2312 3242 tua
2367 3196 2572 3259 quum

608 3259 863 3411 {State
927 3270 1070 3325 tum
1137 3261 1335 3325 etiam
1404 3283 1565 3346 erga
1619 3283 1726 3329 me
1792 3261 2250 3329 benevolentia
2290 3261 2569 3328 confido.

716 3366 805 3411 ne
844 3345 1012 3424 vale,
1057 3347 1163 3413 vir
1206 3345 1581 3412 clarissime.
1642 3348 1968 3415 Dominus
2010 3350 2196 3415 Deus
2252 3356 2320 3412 te
2377 3367 2572 3430 qnam

612 3430 986 3497 diutissime
1064 3431 1457 3499 incolumem
1535 3443 1883 3500 conservet
1958 3434 2040 3499 ad
2120 3431 2575 3516 amplificatio·

608 3538 771 3582 nem
814 3518 1004 3602 regni
1049 3515 1300 3583 Christi
1344 3520 1674 3601 totiusque
1738 3528 1999 3587 vestrae
2043 3519 2305 3587 Galliae
2346 3538 2431 3583 ex
2478 3525 2575 3583 tot

610 3603 1077 3669 afflictionibus
1199 3603 1675 3687 aliquantulum
1762 3606 2151 3689 respirantis
2242 3603 2571 3670 solatium.

610 3691 853 3754 Amen.
942 3688 1301 3755 Pinczovia
1364 3689 1600 3773 oppido
1642 3690 1954 3757 Poloniae
1999 3696 2099 3756 21.
2166 3689 2325 3755 Iulii
2388 3691 2572 3753 1563.

893 3824 1043 3892 Tibi
1087 3832 1398 3908 tanquam
1441 3827 1610 3910 patri
1656 3827 1727 3893 in
1772 3827 2041 3894 Christo
2083 3824 2572 3892 addictissimus

1189 3910 1473 3978 loannes
1517 3913 1922 3980 Thenaudus
1967 3913 2330 3998 Biturigas.

691 4235 704 4247 ⁶
817 4165 879 4248 ᾇ)
899 4164 1092 4290 ἕπευ·
1115 4167 1217 4249 ,hie
1250 4172 1397 4223 notet
1429 4185 1543 4226 non
1561 4171 1920 4240 assequimur.
1971 4166 2572 4292 Quinum&

606 4235 858 4304 epsuolu
945 4236 1123 4290 alum·
1173 4244 1405 4292 01111011ιο
1452 4245 1693 4302 venerat,
1742 4239 1840 4294 0οᾰ
1885 4240 2119 4306 prtdem.
2189 4237 2279 4292 De
2450 4252 2571 4291 ono

607 4306 1955 4440 mtmfflawstmmmamarw
2007 4305 2574 4430 1010103011

610 4443 908 4508 rariorum,
950 4458 1089 4513 quoa
1121 4442 1529 4499 Pimovianoa
1562 4445 1721 4512 vulqo
1768 4461 1805 4501 a
1987 4392 2227 4514 haffu(
2240 4443 2576 4500 Wissowatii

608 4508 884 4597 {Verrucio
916 4512 1193 4582 compend.
1230 4528 1321 4582 ap.
1363 4511 1536 4568 Sana.
1570 4513 1717 4581 211.)

2130 413 2652 484 EPISTOLAE
2696 418 2864 483 8985
2875 418 3123 483 —3986
4536 420 4604 481 ‘12

3553 601 3758 674 8⁹8⁶.

2885 753 3361 824 CALVINUS
3407 755 3927 825 FRIDERIOO
3970 754 4444 825 ELEOTORI

3398 858 3897 926 PALATINO.

2849 1030 3184 1099 Dedicatio
3230 1029 3729 1098 Prudeaionum
3768 1033 3839 1097 in
3883 1031 4239 1098 larentiam.

2747 1202 2860 1271 (Ex
2895 1202 3136 1258 editione
3170 1202 3419 1272 principe
3453 1203 3658 1258 Gener.
3694 1219 3782 1272 ap.
3817 1202 3896 1258 Io.
3934 1202 4244 1274 Crispinum
4279 1201 4419 1258 1563
4451 1204 4562 1272 fol.)

2678 1373 3135 1441 Illustrissimo
3182 1372 3478 1456 Principi
3539 1393 3615 1439 00
3657 1374 3945 1439 Domino
3986 1374 4071 1439 D.
4119 1373 4464 1441 Friderico
4505 1375 4620 1442 Pa·

2680 1459 2886 1525 latino
2929 1460 3153 1526 Rheni
3195 1480 3273 1525 ac
3321 1459 3493 1526 sacri
3533 1458 3820 1525 Romani
3861 1459 4134 1543 Imperii
4176 1460 4470 1527 Electori
4510 1471 4616 1527 etc.

2680 1547 2971 1612 Domino
3026 1566 3143 1612 suo
3187 1545 3694 1611 clementissimo
3736 1545 4021 1612 Ioannes
4064 1543 4388 1613 Calvinus
4429 1546 4620 1632 pluri·

2678 1652 2861 1697 mam
2903 1631 3184 1699 salntem
3225 1638 3552 1716 precatur.
4583 1669 4592 1678 -

2851 1805 3076 1885 Quum
3120 1823 3162 1868 a
3203 1802 3365 1868 viris
3417 1800 3637 1885 probis
3689 1809 3758 1867 01
3813 1802 4066 1868 idoneis
4125 1804 4409 1870 testibus
4473 1803 4626 1869 cele-

2679 1889 3028 1957 brarentur
3067 1888 3366 1954 heroicae
3419 1896 3573 1952 tuae
3615 1888 3915 1966 virtutes,
3959 1888 4282 1972 Princeps
4324 1888 4626 1955 illustris-

2681 1977 2863 2056 sime,
2909 1973 3212 2058 inprimis
3256 1973 3612 2057 singularis
3650 1974 3877 2057 pietas,
3988 1994 4063 2038 ar
4119 1974 4448 2041 fovendae
4490 1995 4628 2060 pro·

2680 2059 3153 2147 pagandaeque
3195 2079 3395 2125 verae
3435 2058 3774 2143 religionis
3817 2067 3925 2125 stu
3978 2061 4111 2124 'um
4158 2069 4226 2125 et
4273 2060 4626 2144 aequabilis

2678 2148 2749 2212 in
2793 2155 2931 2212 tota
2973 2147 3117 2212 vita
3159 2145 3549 2210 moderatio:
3622 2145 3998 2211 humanitas
4041 2166 4221 2223 vero,
4265 2146 4486 2230 qualis
4527 2145 4628 2212 vel

2678 2234 2750 2298 in
2795 2232 3060 2299 homine
3103 2231 3361 2314 privato
3405 2231 3522 2296 vix
3564 2230 3836 2314 reperiri
3892 2241 4129 2314 posset,
4195 2251 4330 2297 11011
4375 2241 4626 2298 tantum

2678 2340 2763 2384 ex
2806 2318 3087 2384 aliorum
3131 2316 3343 2381 relatu
3388 2316 3671 2400 cognita,
3716 2316 3830 2383 sed
3874 2317 4137 2400 proprio
4180 2318 4628 2401 experimento

2679 2404 2844 2469 mihi
2884 2411 3227 2488 perspecta
3269 2402 3452 2481 foret,
3498 2400 3754 2485 pridem
3796 2403 4040 2486 optavi,
4094 2403 4248 2486 quia
4289 2403 4465 2468 mihi
4507 2405 4630 2486 pri·

2678 2499 2835 2556 vata
2897 2510 3027 2573 qua
3070 2497 3137 2553 10
3203 2487 3494 2554 colebam
3537 2488 3956 2554 observantia
3997 2509 4128 2554 000
4173 2489 4630 2566 satisfaciebat,

2680 2596 2825 2641 eam
2880 2574 3138 2660 publico
3197 2581 3621 2639 monumento
3678 2573 3761 2638 ad
3815 2581 4110 2656 posteros
4161 2583 4482 2640 testatam
4544 2574 4630 2639 fa-

2678 2682 2843 2728 cere.
2903 2658 3013 2726 ,Id
3057 2659 3249 2726 novit
3291 2677 3650 2744 generosus
3693 2659 3775 2724 D.
3812 2657 4248 2726 Ethrardus·
4282 2659 4532 2726 Comes
4561 2660 4634 2725 ab

2677 2745 2954 2830 Evpaeh,
3021 2766 3218 2829 quem
3283 2744 3409 2810 hac
3468 2744 3549 2809 de
3612 2764 3686 2809 10
3729 2745 4049 2812 consului.
4075 2749 4128 2821 ¹)
4215 2745 4420 2811 Nunc
4466 2766 4630 2818 vero.

2676 2842 2753 2897 ut
2818 2833 2942 2898 hoc
2996 2830 3212 2897 officio
3266 2828 3612 2914 defungar,
3679 2850 3813 2894 non
3871 2839 4134 2895 tantum
4192 2831 4422 2897 oblata
4479 2831 4630 2897 mihi

2677 2917 2943 2984 videtur
2986 2919 3162 2982 iusta
3204 2915 3473 2994 occasio,
3521 2914 3636 2981 sed
3691 2916 4000 3001 imposita
4039 2915 4366 3000 quaedam
4419 2937 4632 2983 neces·

2675 3005 2854 3073 sitas.
2945 3003 3121 3070 Nam
3179 3003 3331 3086 quia
3388 3021 3619 3068 sanam
3678 3010 3746 3067 et
3816 3001 4253 3068 orthodoxam
4310 3002 4396 3069 de
4458 3023 4634 3071 saera

2675 3090 2927 3156 Christi
2980 3108 3184 3156 coena
3236 3085 3618 3168 doctrinam,
3678 3108 3877 3169 quam
3932 3097 4316 3155 reverenter
4385 3088 4632 3173 ample-

2674 3197 2802 3241 xus
2846 3195 3013 3252 eras,
3072 3175 3141 3239 in
3202 3180 3318 3239 tua
3374 3172 3622 3238 ditione
3677 3172 3882 3240 libere
3928 3183 3996 3239 et
4038 3173 4300 3241 cordate
4341 3194 4634 3241 asserere

2674 3282 2810 3327 non
2868 3260 3203 3339 dubitasti,
3261 3256 3531 3342 perinde
3584 3267 3813 3324 contra
3865 3266 3930 3325 te
3981 3260 4327 3326 insaniunt
4407 3260 4632 3326 turbu·

2672 3347 2841 3413 lenti
2884 3354 2951 3412 et
2993 3345 3353 3429 importuni
3398 3344 3696 3410 homines
3739 3366 3816 3412 ac
3855 3346 3911 3411 si
3954 3352 4162 3411 totam
4197 3345 4632 3412 Germaniam

2673 3432 3153 3499 labefactasses.
3243 3429 3417 3496 Cum
3460 3431 3597 3496 suis
3662 3450 3819 3515 ergo
3865 3431 4288 3498 tumultuosis
4332 3432 4632 3497 clamori·

2675 3518 2797 3584 bus
2841 3516 2926 3584 ad
2970 3525 3151 3583 tuam
3188 3514 3668 3581 Celsitudinem
3713 3517 4222 3600 oppugnandam
4256 3518 4630 3601 prosiliunt,

2672 3613 2739 3670 et
2779 3605 2934 3689 quia
2978 3603 3328 3668 autoritate
3390 3610 3457 3667 et
3510 3603 3809 3684 potentia
3854 3613 4210 3686 nequeunt,
4259 3605 4634 3669 temeritate

2673 3699 2742 3756 et
2784 3689 3115 3773 protervia
3157 3687 3462 3754 instructi
3507 3686 3853 3752 maledicta
3899 3708 4204 3754 evomere
4249 3710 4388 3754 non
4452 3687 4632 3754 dubi·

2673 3784 2835 3855 tant,
2868 3794 3145 3858 quorum
3181 3774 3431 3838 sobrios
3465 3770 3767 3839 homines
3801 3773 4035 3856 pudet:
4081 3795 4292 3857 neque
4332 3775 4403 3841 id
4429 3774 4630 3851 modo,

2672 3861 2788 3927 sed
2833 3862 2987 3945 quia
3027 3868 3095 3925 te
3139 3856 3433 3925 occidere
3475 3879 3609 3923 non
3653 3871 3754 3924 est
3793 3859 3866 3924 in
3912 3879 4139 3925 eorum
4184 3881 4416 3939 manu,
4465 3861 4630 3945 puti-

2673 3947 2789 4013 dos
2833 3947 2914 4011 de
2957 3952 3170 4010 morte
3214 3952 3329 4010 tua
3371 3964 3670 4010 rumores
3684 3943 3743 4030 ²)
3786 3945 4194 4029 confingunt,
4241 3947 4440 4029 quasi
4475 3946 4636 4013 scili·

2671 4041 2775 4100 cet
2846 4030 2930 4097 ad
3004 4030 3204 4097 solem
3286 4028 3767 4096 obscurandum
3846 4032 4178 4097 sufficeret
4255 4052 4630 4099 muscarum

2671 4119 3079 4201 conspiratio.
3169 4118 3271 4181 Ac
3326 4124 3402 4180 tu
3458 4114 3744 4199 quidem,
3802 4114 4247 4182 illustrissime
4291 4118 4632 4201 Princeps.

2670 4212 3047 4272 constanter
3090 4222 3207 4284 pro
3250 4201 3454 4266 animi
3498 4201 3595 4266 tui
3637 4202 4110 4286 magnitudine,
4156 4212 4226 4267 et
4269 4224 4394 4286 pro
4433 4204 4634 4269 hono-

2670 4287 3302 4457 3322333310232131?
3347 4286 3640 4437 ‘2333
3681 4286 3944 4456 {12⁰5ssss
3989 4288 4634 4441 {zmffffaffi

2673 4461 2834 4528 adeo
2877 4462 3232 4545 ⁸,ferventer
3297 4465 3624 4543 satagunt,
3690 4457 4020 4542 simulque
4086 4459 4169 4524 ad
4239 4468 4305 4525 te
4383 4459 4634 4525 invidia

2674 4546 3085 4633 gravandum
3151 4565 3393 4610 nomen
3446 4565 3669 4609 meum
3726 4544 4105 4623 admiscent,
4180 4546 4312 4611 mei
4375 4564 4632 4631 quoque

2673 4632 2868 4699 officii
2947 4652 3089 4697 esse
3150 4628 3311 4695 duxi
3379 4629 3462 4694 ad
3528 4630 3906 4696 refutandas
3972 4650 4202 4696 eorum
4268 4631 4632 4696 calumnias

2674 4717 2847 4803 quod
2889 4726 3027 4783 tam
3072 4716 3371 4782 odiosum
3426 4736 3569 4782 esse
3624 4715 3856 4783 volunt
3919 4736 4161 4781 nomen
4216 4716 4442 4801 clypei
4500 4717 4632 4783 1000

2674 4824 3021 4889 opponere.
3108 4803 3281 4868 Nam
3332 4810 3510 4867 certe
3564 4802 3821 4886 indigni
3874 4812 4028 4868 sunt
4082 4822 4365 4885 quorum
4435 4822 4632 4867 cansa

2675 4890 2780 4956 vel
2824 4889 3173 4955 minimum
3240 4886 3524 4971 digitum
3588 4887 3797 4965 tollat,
3864 4888 3973 4953 vel
4032 4888 4236 4953 etiam
4281 4888 4628 4954 verbulum

2674 4977 2964 5060 proferat
3004 4986 3121 5041 tua
3163 4971 3518 5040 Celsitudo.
3608 4973 3778 5040 Mihi
3822 4973 4108 5056 quidem,
4176 4974 4234 5040 01
4278 4973 4361 5041 110
4403 4994 4626 5039 001-0111

2673 5268 2857 5323 8986.
2879 5266 2944 5405 {3
2974 5266 3408 5392 §almietda
3441 5282 3554 5321 non
3588 5270 3785 5322 exstat.
3843 5265 3928 5334 CI.
3961 5271 4142 5322 ἰσίκια
4162 5264 4418 5330 Maeffl,
4453 5266 4628 5322 nat-l.
