4900 6125
299 409 403 474 ⁶29

578 595 689 664 (lh
724 595 1064 668 autographo
1100 596 1231 653 Coti.
1258 595 1472 672 stenar.
1509 595 1628 663 112,
1662 597 1756 654 tol.
1790 596 1906 666 55.)

292 767 338 832 A
367 766 688 833 Monsieur
721 775 788 834 et
823 768 1254 836 treshonnore
1289 790 1444 854 pere
1477 770 1824 838 Monsieur
1858 769 2213 838 Passelius.

440 936 507 1004 S.
568 938 818 1024 Nuper,
864 939 1108 1024 optime
1142 949 1347 1025 pater,
1391 949 1653 1008 coortus
1688 949 1792 1009 est
1827 962 2111 1040 magnus
2145 942 2217 1008 in

290 1044 382 1089 me
420 1024 754 1102 tumultus,
809 1033 1154 1109 propterea
1198 1024 1372 1111 quod
1416 1027 1747 1111 frequenti
1790 1047 2100 1094 concione
2145 1028 2219 1093 in

290 1117 586 1176 amatores
626 1111 933 1178 invectus
984 1112 1256 1190 fueram,
1312 1112 1496 1180 nullo
1552 1123 1774 1179 tamen
1828 1113 2218 1180 nominatim

288 1193 585 1279 appellato
639 1216 716 1262 ac
772 1218 858 1262 ne
912 1196 1255 1282 designato
1309 1198 1591 1283 quidem.
1671 1199 1781 1265 Ex
1837 1199 1944 1266 his
1986 1200 2101 1284 qui
2157 1200 2220 1266 ei

288 1281 556 1347 concioni
601 1281 878 1348 aderant
934 1284 1255 1366 nonnulli,
1322 1284 1448 1351 sibi
1511 1286 1788 1352 fortasse
1852 1306 1986 1350 non
2049 1286 2219 1352 bene

287 1366 520 1445 conscii,
565 1376 855 1434 nostram
893 1368 1262 1436 libertatem
1286 1371 1703 1439 acerbissime
1735 1372 2022 1438 ferentes
2045 1369 2219 1457 apud

286 1450 775 1520 illustrissimam
820 1455 1046 1522 Princi
1095 1477 1197 1521 em
1256 1458 1595 1540 conquesti
1644 1462 1801 1523 sunt
1860 1457 2043 1541 quasi
2084 1477 2220 1523 ma-

287 1537 477 1605 culam
540 1539 971 1623 turpitudinis
1062 1541 1324 1609 amiliae
1379 1544 1524 1609 eius
1584 1543 1994 1622 inussissem,
2055 1543 2221 1610 alios

284 1622 586 1707 perfidiae,
648 1625 809 1693 alios
862 1627 1040 1707 furti,
1093 1628 1255 1694 alios
1296 1627 1591 1695 libidinis
1634 1627 2056 1696 traducendo.
2128 1628 2222 1694 Et

285 1711 569 1794 quoniam
624 1712 844 1794 palam
887 1732 1315 1794 accusassem,
1371 1715 1594 1800 palam
1645 1736 1901 1799 quoque
1954 1736 2061 1781 me
2103 1714 2220 1780 ad·

284 1793 572 1880 igendum
616 1818 760 1864 esse
817 1797 901 1864 ad
961 1797 1382 1882 palinodiam,
1437 1810 1703 1867 autores
1746 1808 1956 1868 erant.
2025 1800 2223 1866 Eius-

284 1880 439 1946 modi
481 1884 752 1950 vocibus
795 1885 1043 1950 mirum
1085 1885 1157 1950 in
1202 1884 1475 1952 modum
1515 1888 1767 1954 exarsit
1808 1887 1881 1952 in
1926 1908 2033 1953 me
2077 1907 2222 1952 mu·

282 1964 405 2044 lier,
448 1968 611 2034 mihi
655 1968 897 2053 alioqui
930 1990 1167 2055 parum
1201 1972 1507 2056 propitia.
1573 1972 1736 2039 Infit
1758 1993 2072 2056 quaerere
2094 1992 2225 2057 qua

285 2050 353 2118 de
390 2074 582 2120 eausa
613 2054 935 2139 postridie
969 2056 1263 2123 eiusdem
1300 2068 1434 2124 tam
1473 2059 1886 2125 amarulento
1920 2077 2223 2126 sermone

282 2137 341 2204 iu
379 2137 694 2207 familiam
748 2162 941 2208 suam
983 2141 1470 2210 declamassem.
1547 2144 1807 2230 Negavi
1849 2165 1956 2211 me
2010 2143 2224 2228 magis

282 2225 491 2293 aulicis
532 2248 730 2310 quam
784 2227 1130 2311 oppidanis
1173 2250 1251 2297 ac
1302 2228 1642 2313 quibusvis
1684 2230 1832 2296 aliis
1873 2229 2224 2313 loquutum

285 2329 439 2377 esse:
481 2313 727 2397 ubique
770 2315 950 2379 enim
993 2335 1139 2381 esse
1181 2315 1346 2382 satis
1389 2336 1625 2383 causae
1669 2314 1754 2384 ad
1797 2314 2222 2401 expostulan-

282 2395 436 2463 dum.
508 2397 738 2482 Quum
782 2398 958 2466 ultro
1001 2400 1297 2484 citroque
1331 2402 1540 2469 multa
1575 2402 1778 2469 verba
1821 2401 2220 2482 fecissemus,

281 2484 525 2551 tandem
570 2506 649 2550 eo
702 2485 981 2568 perveni
1035 2498 1112 2552 ut
1166 2485 1472 2567 dicerem,
1527 2488 1727 2554 etiam
1772 2489 1841 2553 in
1887 2508 2037 2555 arce
2082 2507 2220 2552 non

280 2566 482 2637 deesse
514 2572 629 2655 qui
673 2571 755 2636 ob
798 2572 999 2637 nimis
1054 2572 1441 2640 familiarem
1487 2571 2028 2640 consuetudinem
2072 2593 2220 2658 pes-

279 2654 421 2721 sime
464 2655 787 2723 audirent.
862 2656 1092 2724 Sensit
1132 2658 1308 2727 illico
1353 2660 1435 2726 de
1479 2661 1718 2743 quibus
1760 2658 2216 2744 intelligerem.

276 2739 429 2806 Nam
481 2751 678 2808 antea
734 2743 878 2810 eius
935 2744 1032 2809 rei
1089 2744 1410 2813 iudicium
1459 2745 1544 2811 ad
1601 2766 1746 2811 eam
1803 2753 2219 2829 pervenerat.

280 2824 696 2896 Confirmavit
752 2827 905 2895 dato
968 2828 1230 2897 cuidam
1289 2853 1374 2897 ex
1431 2831 1761 2898 nobilibus
1825 2832 2089 2916 negotio
2149 2851 2221 2897 se

278 2912 429 2977 nihil
481 2915 645 2981 mali
703 2916 1115 3000 comperisse.
1185 2917 1386 2999 Quid,
1442 2917 1731 3001 inquam,
1787 2916 1847 2983 si
1899 2915 2006 2984 cui
2051 2936 2222 2982 com-

278 2999 459 3066 missa
490 3000 787 3085 quaestio
829 3009 932 3068 est
973 3022 1040 3068 m
1133 3003 1187 3069 ‘s
1219 3002 1684 3070 admonitionis
1725 3001 1977 3088 indiget
2019 3023 2219 3088 quam

278 3081 361 3150 illi
401 3086 468 3152 in
510 3108 679 3171 quos
721 3086 1066 3171 inquisivit
1185 3090 1279 3156 Et
1335 3089 1625 3174 profecto
1678 3089 2035 3156 ridiculum
2077 3096 2222 3155 erat

277 3169 687 3239 adolescentis
730 3174 1018 3240 feminae
1062 3175 1391 3242 avunculo
1431 3175 1774 3260 negotium
1826 3173 2221 3242 observandi

277 3253 415 3323 dare
454 3259 513 3324 si
554 3258 717 3342 quid
761 3260 843 3326 ab
887 3281 967 3326 ea
1020 3272 1423 3345 peccaretur,
1480 3282 1684 3345 quum
1740 3260 1968 3343 procul
2022 3259 2220 3327 dubio

275 3342 583 3409 celaturus
642 3345 843 3411 fuerit
903 3348 960 3412 si
1016 3346 1177 3431 quid
1233 3347 1463 3431 culpae
1520 3345 2075 3431 deprehendisset,
2133 3367 2219 3412 ne

273 3428 577 3582 3333.ss
581 3431 1641 3585 ⁰3¹3a0ffl12'02ffi0252505313
1675 3432 2031 3585 ssfflffl.
2062 3452 2219 3584 2¹32

272 3599 620 3680 picionibus
673 3604 890 3687 stupri
943 3604 1283 3670 laborabat
1326 3624 1525 3687 quam
1568 3605 1788 3687 neptis
1831 3602 2218 3670 avunculus.

272 3681 483 3770 Itaque
526 3688 887 3754 suadebam
936 3698 1012 3755 ut
1052 3711 1171 3774 per
1213 3710 1285 3755 se
1327 3691 1351 3755 i
1400 3709 1474 3756 sa
1517 3689 1867 3773 dispiceret
1910 3697 1987 3754 ut
2026 3688 2218 3754 fami-

272 3768 411 3837 liam
454 3795 586 3840 non
633 3783 895 3841 tantum
939 3777 1205 3842 nomine
1263 3797 1333 3842 se
1423 3774 1623 3841 etiam
1666 3796 1739 3841 re
1783 3775 2215 3841 castissimam

272 3852 540 3926 haberet.
594 3861 806 3944 quue
850 3862 918 3927 in
962 3863 1174 3928 officio
1218 3881 1362 3927 esse
1404 3868 1474 3925 et
1516 3860 1828 3944 principis
1871 3870 1940 3925 et
1982 3860 2216 3925 matris

272 3938 535 4012 familias
579 3954 648 4011 et
690 3947 832 4012 eius
866 3968 1037 4030 quae
1080 3949 1151 4014 in
1195 3967 1456 4013 summa
1498 3945 1850 4030 pudicitiae
1892 3944 2088 4011 laude
2130 3944 2215 4011 ad

274 4025 427 4095 hano
482 4040 765 4097 aetatem
834 4034 1260 4115 pervenisset.
1340 4030 1759 4116 Quapropter
1822 4032 2213 4116 interrogati

273 4112 421 4179 elam
464 4116 769 4184 hostiarii
812 4128 880 4182 et
922 4120 1035 4202 qui
1078 4128 1234 4185 sunt
1268 4117 1596 4183 Dominae
1633 4138 1674 4182 a
1717 4116 2033 4182 cubiculis
2069 4117 2213 4182 alii-

273 4218 383 4281 que
409 4203 732 4283 nonnulli,
776 4205 894 4288 qui
927 4206 1050 4271 etsi
1087 4225 1223 4270 non
1258 4204 1506 4270 fuerint
1540 4204 1751 4287 stupri
1789 4210 2211 4288 spectatores,

273 4292 471 4352 tamen
506 4289 733 4356 oscula
769 4288 1196 4369 clandestina,
1226 4289 1621 4374 papillarum
1644 4288 2210 4367 contrectationes,

273 4378 648 4441 secessiones
702 4375 959 4459 aliaque
1012 4377 1386 4442 meretricia
1439 4375 1827 4441 referebant.
1914 4375 2213 4441 Accessit

274 4456 366 4523 his
415 4462 612 4612 (33οᾶ
670 4461 911 4527 rescivi
964 4472 1224 4547 postea,
1289 4470 1436 4526 tum
1491 4467 1710 4527 autem
1770 4481 1877 4525 me
1934 4459 2211 4541 latebat)

273 4544 439 4611 cuius
524 4569 591 4613 m
636 4548 848 4612 ornati
896 4548 1023 4613 viri
1076 4547 1545 4623 testimonium,
1601 4546 1717 4630 qui
1760 4567 1831 4612 se
1874 4546 2213 4611 oculatum

275 4636 491 4697 testem
544 4633 1016 4700 amatoriorum
1072 4642 1377 4719 gestuum
1436 4633 1704 4712 ferebat,
1762 4630 2211 4715 colloquiaque

277 4716 587 4785 audivisse
632 4719 961 4785 asserebat
1003 4721 1246 4785 sororis
1289 4728 1451 4784 natu
1486 4718 1754 4784 maioris
1796 4738 1943 4783 cum
1981 4716 2212 4783 eodem

276 4803 372 4882 qui
414 4825 836 4871 consuescere
893 4803 1234 4872 dicebatur
1284 4824 1434 4869 cum
1494 4813 1658 4870 natu
1710 4803 1985 4882 minore,
2043 4823 2211 4886 quae

274 4885 423 4952 nihil
484 4898 745 4975 praeter
809 4889 1064 4958 foedam
1125 4889 1465 4957 libidinem
1525 4891 1870 4974 spirarent.
1942 4890 2037 4954 At
2089 4909 2211 4974 ego

275 4970 492 5040 adduci
535 4997 787 5060 nequeo
843 4985 920 5043 ut
975 4977 1235 5043 credam
1296 4986 1549 5042 tantam
1606 4977 1895 5042 incestus
1936 4974 2211 5041 foedita-

274 5064 413 5123 tem.
489 5061 971 5129 Verumtamen
1036 5071 1110 5128 ut
1172 5082 1401 5129 omnes
1465 5062 1837 5129 occasiones
1889 5060 2211 5144 Princeps

274 5145 533 5224 provida
574 5148 998 5231 praecideret,
1055 5169 1207 5215 eum
1263 5149 1333 5213 in
1393 5168 1585 5232 quem
1632 5146 1938 5212 adulterii
1994 5147 2207 5232 suspi-

275 5229 479 5300 ciones
542 5233 1009 5301 incumbebant
1073 5242 1564 5301 exauctoratum
1625 5233 1871 5299 dimisit
1925 5231 2209 5298 domum.

274 5312 425 5382 Mox
466 5320 661 5386 etiam
717 5342 871 5388 cum
913 5321 1151 5387 marito
1206 5341 1351 5387 eam
1397 5341 1567 5404 quae
1612 5321 1901 5407 primum
1946 5339 2208 5387 accusa-

1974 412 2139 478 1563
2181 409 2565 479 IANUAB.

4154 417 4285 484 630

2316 600 2531 678 batur,
2598 598 2814 682 specie
2872 597 3136 682 quidem
3200 598 3655 665 exonerandae
3719 599 4025 681 familiae,
4092 602 4281 671 cuius

2318 693 2656 770 sumptum
2699 684 3021 768 Princeps
3076 686 3250 751 ferre
3293 691 3594 768 nequeat,
3653 705 3728 750 re
3771 707 3931 754 vero
3976 708 4063 755 ne
4105 709 4279 756 sem-

2399 794 2436 836 r
2480 769 2562 836 ab
2605 770 2881 836 istorum
2925 770 3193 837 timeret
3234 769 3588 837 amoribus.
3660 771 3765 837 Ea
3799 793 3906 837 res
3940 774 4280 859 ingentem

2317 855 2610 924 mvidiae
2673 857 3011 922 flammam
3076 855 3252 940 apud
3326 855 3850 942 consanguineos
3916 866 3985 924 et
4049 860 4280 928 affines

2319 962 2549 1009 eorum
2592 942 2706 1026 qui
2763 941 3014 1008 dimissi
3071 948 3231 1008 sunt
3273 942 3439 1007 mihi
3494 943 3884 1023 conciliavit,
3928 945 4281 1030 praecipue

2319 1027 2497 1112 apud
2539 1028 2854 1094 maritum
2889 1027 3318 1094 adolescentis
3360 1027 3663 1109 feminae,
3709 1049 3905 1113 quem
3947 1031 4282 1098 insontem

2318 1114 2549 1180 uxoris
2591 1112 2871 1199 culpam,
2915 1114 2974 1179 si
3018 1134 3151 1197 qua
3193 1120 3354 1194 orat,
3411 1113 3594 1179 luere
3637 1135 3760 1200 ego
3803 1137 4061 1200 quoque
4105 1116 4283 1184 dole-

2318 1200 2492 1266 bam.
2566 1198 2705 1267 Sed
2757 1199 2815 1265 is
2859 1198 2943 1263 ab
2996 1220 3202 1265 uxore
3246 1197 3557 1266 delinitus
3601 1207 3719 1280 est,
3781 1213 3848 1265 et
3899 1201 3972 1267 in
4015 1223 4123 1269 me
4181 1203 4283 1270 in·

2321 1287 2700 1352 flammatus
2777 1284 2950 1349 nihil
3028 1284 3210 1351 aliud
3277 1304 3477 1368 quam
3553 1285 3821 1352 caedem
3886 1288 4281 1357 minabatur.

2323 1370 2539 1452 Quem
2585 1392 2785 1455 quum
2832 1370 3003 1437 binis
3044 1370 3253 1438 literis
3307 1369 3391 1437 ad
3434 1370 3828 1455 colloquium
3873 1372 4282 1454 invitassem,

2323 1457 2494 1522 nihil
2554 1454 2736 1522 aliud
2791 1477 2989 1540 quam
3047 1456 3343 1523 convicia
3398 1457 3883 1525 exsecrationes
3938 1467 4008 1524 et
4066 1460 4284 1526 minas

2323 1542 2542 1610 retuli.
2614 1542 2745 1608 His
2790 1563 2830 1608 a
2871 1540 3165 1608 Domina
3207 1541 3575 1623 intellectis,
3622 1563 3741 1625 per
3784 1544 4016 1610 affines
4059 1545 4284 1624 huius,

2324 1650 2492 1713 quos
2554 1649 2630 1695 eo
2688 1628 2958 1693 nomine
3013 1628 3292 1694 Lutetia
3348 1627 3479 1695 huc
3537 1628 3827 1710 miserat,
3887 1632 4149 1697 curavit
4208 1637 4287 1697 ut

2324 1715 2490 1780 mihi
2543 1715 2912 1782 cautionem
2967 1713 3390 1797 chirographi
3447 1712 3785 1780 traderent
3841 1736 3972 1799 qua
4014 1736 4120 1782 me
4175 1723 4285 1782 tu-

2324 1807 2470 1866 tum
2515 1820 2556 1865 a
2597 1820 2669 1866 se
2724 1798 3193 1884 pollicerentur
3244 1811 3313 1864 et
3354 1800 3633 1867 maritus
3687 1807 3758 1866 et
3809 1801 3868 1867 is
3925 1802 4038 1886 qui
4095 1801 4282 1869 adul·

2324 1886 2477 1952 terii
2520 1884 3047 1951 insimulabatur.
3136 1884 3304 1951 Eius
3347 1885 3774 1970 chirographi
3816 1886 4156 1972 exemplar
4199 1886 4287 1953 ad

2323 1979 2391 2036 te
2457 1972 2680 2052 mitto,
2759 1992 2843 2037 ex
2909 1991 3040 2054 quo
3104 1970 3486 2037 thrasonica
3561 1972 3633 2035 in
3680 1971 3833 2038 enia
3909 1973 4287 2057 perspicias.

2325 2056 2679 2140 Quorsum,
2737 2056 3012 2140 inquies,
3067 2055 3232 2123 haec
3274 2054 3541 2122 omnia?
3679 2078 3764 2123 on
3810 2057 4025 2141 placet
4064 2060 4290 2125 virum

2326 2142 2735 2228 gravissimis
2778 2141 3015 2209 studiis
3059 2142 3639 2225 occupatissimum
3683 2143 3831 2211 istis
3876 2146 4130 2211 naeniis
4174 2145 4292 2212 ob-

2326 2228 2622 2295 tundere.
2698 2226 2836 2295 Sed
2878 2228 3184 2312 quoniam
3230 2228 3312 2294 ab
3356 2227 3502 2294 istis
3547 2227 3920 2294 calumniae
3964 2230 4290 2311 traducor,

2324 2335 2659 2399 quumque
2699 2314 2994 2380 Domina
3050 2322 3118 2380 te
3173 2312 3672 2397 disceptatorem
3727 2321 3923 2398 atque
3968 2315 4290 2382 arbitrum

2326 2400 2483 2466 huic
2538 2420 2777 2468 causae
2842 2399 3105 2478 dixerit,
3169 2400 3540 2466 necessario
3605 2399 4056 2468 admonendus
4121 2422 4288 2470 eras.

2325 2485 2683 2552 Caeterum
2743 2506 2829 2551 an
2882 2484 3333 2552 illustrissima
3387 2485 3711 2570 Princeps
3764 2495 3940 2553 recte
4000 2487 4293 2571 patiatur

2325 2592 2432 2638 me
2493 2573 2575 2639 ab
2634 2570 2781 2638 istis
2837 2592 3135 2637 mearum
3192 2571 3579 2639 concionum
3635 2592 3852 2652 causa,
3913 2581 4032 2638 aut
4074 2571 4157 2640 de
4209 2573 4293 2641 iis

2324 2658 2523 2724 rebus
2566 2657 2649 2723 de
2691 2656 2927 2741 quibus
2970 2678 3117 2723 eam
3152 2658 3499 2723 summotis
3534 2657 3803 2724 arbitris
3842 2656 4171 2738 admonui,
4217 2659 4291 2725 in

2324 2742 2431 2809 ius
2477 2743 2673 2824 trahi,
2718 2744 2891 2810 sicut
2927 2743 3073 2809 istis
3105 2743 3442 2822 concessit,
3489 2754 3606 2807 aut
3647 2741 3732 2808 ad
3776 2742 3942 2809 alias
3985 2745 4291 2813 ecclesias

2325 2826 3308 2982 {effioesstdffieooeiffezmffffi
3343 2827 4292 3002 affiissiffissssotissmssffisatrffig'

2324 3001 2510 3070 nosci
2551 3009 2770 3086 potest
2812 3020 2889 3067 eo
2926 3000 3272 3067 deflectere
3314 2998 3430 3066 ubi
3469 2998 3799 3068 difficilius
3840 3009 4289 3087 cognoscatur,

2324 3093 2393 3154 et
2460 3108 2592 3173 qua
2656 3086 2915 3154 ratione
2980 3085 3049 3151 id
3105 3086 3242 3167 fiat,
3310 3086 3512 3154 velim
3576 3108 3696 3172 pro
3761 3095 3883 3154 tua
3936 3089 4292 3172 prudentia

2325 3174 2652 3240 aestimes.
2730 3172 2879 3259 Ego
2932 3171 3182 3239 nullius
3240 3171 3552 3239 ecclesiae
3609 3193 3985 3254 censuram,
4044 3174 4291 3242 nedum

2324 3259 2692 3327 consistorii
2749 3259 2976 3338 nostri,
3042 3258 3362 3337 recusavi,
3420 3278 3587 3343 quae
3641 3259 3867 3325 omnia
3921 3259 4033 3326 isti
4099 3261 4288 3328 fasti-

2323 3344 2518 3411 diunt
2558 3351 2629 3411 et
2661 3346 2850 3429 quasi
2883 3365 2969 3410 ex
3003 3343 3136 3410 alto
3173 3343 3559 3429 despiciunt.
3639 3344 3704 3411 N
3786 3366 3872 3411 ue
3914 3344 3986 3410 id
4028 3367 4105 3413 eo
4143 3346 4289 3414 dico

2320 3429 2496 3514 quod
2561 3439 2629 3496 te
2693 3430 3020 3497 arbitrum
3082 3429 3358 3496 moleste
3419 3429 3648 3497 feram.
3807 3431 3912 3497 uis
3976 3432 4155 3498 enim
4221 3439 4288 3499 te

2320 3514 2486 3581 mihi
2529 3516 2817 3600 optatior
2850 3515 3174 3599 potuisset
3208 3513 3593 3601 obtingere?
3666 3514 3804 3584 Sed
3839 3522 3918 3583 ut
3950 3517 4287 3604 intelligas

2316 3601 2483 3669 haec
2525 3609 2900 3687 comparata
2942 3621 3087 3668 esse
3129 3610 3206 3667 ut
3248 3601 3415 3668 mihi
3448 3600 3623 3685 apud
3666 3609 3735 3668 te
3767 3602 4137 3688 statresque
4181 3625 4288 3672 re·

2319 3686 2531 3771 liquos
2563 3687 2991 3754 Genebenses
3025 3686 3350 3754 iuvidiam
3383 3687 3649 3754 faciant.
3712 3687 4073 3755 Rimantur
4108 3692 4285 3757 enim

2315 3773 2452 3838 iam
2497 3773 2613 3838 diu
2658 3783 2855 3857 atque
2890 3793 3089 3839 ansas
3125 3782 3559 3857 aucupantur,
3604 3773 3846 3858 quibus
3879 3795 3987 3840 me
4031 3775 4113 3841 ab
4159 3775 4285 3844 hae

2316 3857 2573 3925 familia
2630 3867 2919 3938 arceant,
2977 3857 3093 3924 sed
3149 3878 3302 3924 cum
3347 3858 3566 3944 aliqua
3621 3860 3680 3925 si
3731 3867 4012 3943 possunt
4067 3863 4283 3945 specie

2316 3941 2673 4011 dedecoris.
2757 3943 2945 4027 Quae
2987 3965 3192 4028 quum
3247 3944 3886 4025 animadvertissem,
3944 3955 4278 4015 accurate-

2315 4051 2445 4113 que
2506 4052 2546 4097 a
2613 4029 3010 4114 quibusdam
3075 4029 3303 4096 amicis
3367 4031 3803 4097 commonitus
3863 4031 4134 4098 fuissem
4201 4042 4279 4099 ut

2314 4115 2481 4181 mihi
2524 4136 2847 4195 caverem,
2902 4114 3133 4194 multa,
3187 4114 3354 4181 mihi
3397 4115 3591 4183 crede
3633 4118 3879 4201 optime
3922 4124 4129 4201 pater,
4173 4119 4278 4183 in·-

2315 4201 2708 4286 dignissima
2748 4201 3015 4286 pertuli.
3106 4201 3279 4266 Nam
3324 4223 3529 4286 quum
3589 4202 4039 4270 illustrissima
4080 4203 4277 4270 Prin-

2314 4308 2471 4370 ceps
2515 4309 2647 4353 non
2691 4287 3035 4371 vulgarem
3080 4306 3348 4371 operam
3394 4287 3579 4354 civili
3623 4288 3793 4355 bello
3882 4289 3964 4355 iis
4008 4288 4277 4372 quibus-

2313 4394 2442 4456 que
2487 4371 2957 4440 conservandis
3003 4374 3367 4453 navaverit,
3413 4380 3482 4438 et
3524 4373 3818 4441 officiosa
3943 4375 4276 4459 nignaque

2313 4458 2386 4523 in
2430 4459 2849 4526 calamitosos
2904 4459 3255 4538 exstiterit,
3313 4459 3575 4526 etiamsi
3632 4466 3823 4528 erant
3865 4459 3936 4525 in
3981 4481 4060 4526 ea
4098 4461 4275 4528 eius-

2313 4566 2439 4628 que
2475 4544 2728 4610 familia
2747 4565 2917 4629 quae
2952 4544 3302 4610 emendata
3334 4564 3660 4630 cuperem,
3683 4554 3905 4611 tamen
3943 4566 4028 4611 ne
4062 4545 4275 4613 linum

2311 4629 2643 4715 fumigans
2685 4631 3175 4716 exstinguerem
3219 4651 3350 4697 non
3393 4651 3605 4714 pauca
3640 4629 4052 4697 dissimulavi
4091 4641 4161 4699 et
4202 4634 4274 4699 in

2312 4714 2591 4782 meliora
2655 4725 2955 4801 tempora
3019 4715 3265 4783 distuli.
3354 4716 3460 4783 Ad
3528 4717 3869 4783 lenitatem
3926 4738 4035 4785 me
4100 4717 4270 4801 dedi,

2310 4823 2526 4952 3¹³0
2569 4801 2653 4903 ad
2706 4803 3124 4953 sever-litataem
3169 4802 3314 4901 nisi⁴
3349 4810 3615 4954 coficaes
3658 4802 3982 4955 dssscendg.
4075 4801 4273 4955 ngd

2453 4909 2479 4952 1
2542 4908 2806 4954 crimini
2916 4909 2955 4954 a
3172 4908 3354 4954 aucis
3468 4910 3507 4954 a
3589 4938 3603 4953 .
4016 4909 4124 4955 me
4235 4910 4272 4955 e

2312 4972 2511 5073 culpa
2552 4973 2687 5039 ulla
2729 4973 2815 5075 ad
2830 4908 3203 5076 ‘Dominai‘n
3248 4974 3495 5040 referre
3537 4910 4270 5127 debuisQriusquam

2310 5081 2632 5213 {aaa
2652 5060 3922 5231 qxssdaszassnfflrzffi...
3941 5060 4271 5232 aaz?

2312 5239 2570 5297 runtur.
2673 5233 2997 5311 Pr0fecto,
3065 5233 3194 5298 nisi
3258 5252 3366 5297 me
3429 5233 3723 5299 Domina
3785 5233 4266 5315 antevertisset,

2312 5317 2545 5385 ultimo
2588 5317 2729 5384 loco
2773 5339 2918 5386 eam
2964 5316 3423 5385 admoniturus
3476 5340 3657 5386 eram
3716 5324 3784 5385 et
3824 5327 4141 5404 tanquam
4186 5320 4268 5387 ad

3749 5418 3862 5476 400
