4900 6125
332 387 418 452 57
2158 388 2325 455 1568
2362 385 2549 457 ΪΠΙι.
4276 382 4364 449 58

1226 573 1423 648 ³976.

961 731 1203 799 BEZA
1242 729 1712 798 PARELLO.

526 903 730 969 Varia
770 923 933 970 noea
974 923 1053 969 ex
1093 903 1315 970 Gallia
1357 908 1414 969 et
1455 899 1815 987 reyionibus
1855 902 2300 985 septentriona-

331 987 526 1056 libus.
618 987 873 1056 Calvini
914 988 1184 1056 morbus.
1257 987 1698 1055 Controversia
1740 1008 1883 1055 cum
1926 986 2296 1056 Castalimoe.

650 1161 762 1227 (Ex
798 1159 1136 1215 bibliotheca
1170 1165 1455 1230 pastorum
1491 1158 1990 1226 Neoccmeusinm.)

511 1334 583 1401 S.
670 1330 904 1399 Habeo
968 1329 1231 1414 quidem
1297 1331 1510 1397 multa
1572 1351 1739 1415 quae
1806 1328 2108 1407 scribam,
2184 1330 2300 1396 sed

331 1419 651 1506 pleraque
693 1440 778 1484 ex
822 1418 949 1483 hoc
991 1426 1221 1482 nostro
1265 1415 1472 1482 fratre
1516 1436 1888 1502 cognosces.
1977 1415 2300 1502 Lugduni

330 1508 469 1572 tria
513 1505 759 1590 templa
800 1503 1202 1570 obtinuimus
1246 1511 1316 1567 et
1358 1502 1815 1587 gubernatoris
1857 1503 1943 1569 D.
1996 1503 2074 1568 de
2119 1501 2303 1569 Saus:

330 1593 669 1675 aequitate
710 1590 961 1656 factum
1001 1597 1104 1655 est
1144 1597 1220 1654 ut
1276 1586 1637 1655 tolerabilis
1680 1588 1814 1655 illic
1858 1589 1945 1655 sit
1988 1587 2301 1656 ecclesiae

329 1689 568 1745 status.
595 1680 647 1758 ¹)
683 1675 766 1741 In
809 1674 1195 1757 Campania,
1215 1675 1275 1758 ²)
1319 1674 1475 1740 solis
1509 1674 1946 1741 'trecensibus
1989 1675 2297 1758 exceptis,

328 1785 447 1830 res
489 1762 651 1830 satis
693 1769 849 1827 sunt
891 1759 1306 1844 compositae.
1396 1757 1501 1825 De
1523 1760 1918 1845 Burgundia
1948 1763 2002 1840 ³)
2045 1780 2302 1844 quoque

328 1848 553 1916 multa
626 1847 900 1913 meliora
981 1846 1112 1911 iam
1196 1845 1382 1912 nobis
1457 1847 1875 1912 nunciantur.
1998 1847 2082 1911 In
2148 1848 2303 1911 aula

326 1936 531 2002 multi
572 1939 1066 2017 conqueruntur
1110 1930 1477 2014 Principem
1520 1941 1817 1997 nostrum
1864 1953 1996 1997 non
2039 1933 2136 1998 ita
2170 1932 2300 1997 fer-

332 2041 498 2087 vere
561 2028 642 2085 ut
704 2019 997 2104 oportuit
1061 2025 1130 2083 et
1192 2025 1447 2084 certum
1512 2024 1616 2083 est
1679 2017 1975 2083 nondum
2021 2017 2302 2083 domitos

328 2127 484 2174 esse
526 2106 954 2182 Parisienses,
1015 2104 1319 2187 quamvis
1374 2101 1568 2168 multi
1627 2106 1758 2168 iam
1815 2124 1900 2168 ex
1945 2105 2187 2170 nostris
2228 2104 2300 2168 in

328 2193 570 2259 urbem
629 2200 790 2258 sunt
848 2190 1147 2275 regressi.
1229 2187 1366 2255 Sed
1424 2210 1508 2254 ex
1575 2188 1659 2255 iis
1724 2189 1837 2273 qui
1903 2190 2300 2274 magistratu

326 2277 797 2362 fungebantur,
842 2274 1140 2360 plerique
1174 2294 1346 2356 suos,
1392 2294 1557 2359 quos
1596 2283 1847 2355 vocant,
1895 2282 2106 2342 status
2144 2295 2303 2342 ven-

328 2364 668 2440 diderunt,
713 2362 904 2446 pauci
950 2369 1107 2427 sunt
1142 2368 1539 2438 constantes,
1584 2358 1850 2444 quidam
1889 2362 2087 2426 etiam
2124 2361 2300 2426 ultro

327 2449 739 2517 Serbonicae
803 2446 1213 2524 confessioni,
1297 2446 1602 2530 quamvis
1666 2448 1933 2512 nemine
1997 2456 2296 2530 cogente,

324 2537 884 2619 subscripserunt,
950 2542 1026 2598 ut
1087 2542 1345 2598 constet
1410 2553 1568 2598 vere
1615 2531 1960 2599 Christum
2029 2531 2295 2610 dixisse,

326 2622 602 2689 difficile
636 2640 782 2687 esse
816 2618 1090 2685 divitem
1127 2619 1199 2682 in
1282 2618 1389 2683 edi
1424 2638 1703 2703 regnum
1741 2618 2092 2685 coelorum.
2159 2617 2296 2684 Sed

326 2709 415 2775 ab
465 2705 842 2772 hominibus
883 2724 1020 2769 non
1075 2724 1204 2787 pen
1252 2724 1457 2782 emus,
1515 2715 1585 2769 et
1642 2702 1816 2787 quod
1861 2704 1943 2770 ad
1986 2724 2097 2769 me
2140 2706 2294 2768 atti-

324 2803 469 2871 net,
514 2795 685 2858 sicut
727 2789 944 2856 adhuc
987 2791 1130 2867 feci,
1177 2810 1356 2856 nunc
1399 2810 1658 2873 quoque
1702 2789 1949 2874 optime
1992 2810 2206 2873 spero.

509 2879 774 2944 Bellum
834 2877 1046 2944 fervet
1101 2876 1278 2940 inter
1324 2876 1579 2942 Daniae
1634 2883 1701 2941 et
1756 2875 2026 2941 Suetiae
2083 2896 2295 2960 reges,

323 2964 507 3051 quod
560 2961 788 3047 procul
842 2961 1059 3040 dubio,
1124 2961 1253 3027 nisi
1302 2961 1484 3027 Deus
1548 2960 1913 3028 remedium
1978 2961 2296 3040 attulerit,

320 3070 647 3138 magnam
691 3048 1095 3116 Germaniae
1137 3057 1391 3131 partem
1438 3068 1661 3114 secum
1704 3048 1946 3127 trahet,
1990 3048 2146 3132 quia
2179 3068 2298 3113 ne-

329 3159 467 3223 que
532 3138 826 3202 futurum
907 3154 1101 3200 suum
1177 3153 1496 3218 generum
1561 3134 2014 3219 Lantqravius,
2083 3155 2298 3218 neque

328 3224 570 3291 uxoris
611 3222 885 3287 fratrem
928 3220 1259 3304 Λυρκείας
1302 3218 1577 3297 deseret,
1624 3228 1689 3286 et
1732 3220 1900 3286 mihi
1944 3220 2300 3287 nunciatur

328 3328 657 3395 magnam
700 3307 994 3389 equitum
1038 3316 1415 3371 nostrorum
1458 3313 1712 3389 partem
1759 3315 1942 3373 recta
1984 3306 2303 3372 adversus

328 3398 612 3464 Danum
645 3392 1062 3460 contendere.
1130 3390 1357 3457 Habes
1395 3392 1476 3456 de
1512 3391 1617 3457 his
1651 3393 1848 3459 rebus
1886 3392 2300 3477 pluraquam

382 3490 665 3549 utaram.

328 3504 381 3568 P
515 3564 733 3631 Venio
797 3562 928 3626 iam
991 3560 1075 3627 ad
1139 3583 1220 3628 ea
1281 3582 1448 3645 quae
1513 3563 1776 3645 proprie
1839 3572 2066 3629 nostra
2125 3569 2300 3627 sunt.

333 3654 650 3721 Calvinus
717 3658 940 3713 noster
1014 3649 1221 3715 eiecto
1287 3668 1528 3733 magno
1599 3647 1849 3715 calculo
1916 3648 2304 3733 gravissime

330 3738 859 3813 excruciatus,⁴)
920 3734 1056 3799 fere
1111 3735 1245 3799 iam
1299 3755 1386 3798 ex
1443 3754 1519 3799 eo
1573 3731 1836 3817 quidem
1880 3735 2129 3812 morbo,
2174 3732 2302 3799 Dei

329 3825 578 3911 gratia,
623 3820 963 3888 convaluit
1026 3828 1095 3883 et
1152 3832 1220 3884 te
1281 3819 1641 3904 plurimum
1686 3819 1947 3885 salutat.
2041 3820 2307 3885 Remen-
2405 3820 2543 3873 ⁰⁰8⁰

328 3914 466 3979 das
490 3914 545 3991 ⁵)
602 3929 687 3973 ex
740 3905 975 3971 dextra
1030 3905 1194 3970 tibia
1251 3905 1601 3984 decumbit,
1652 3904 1887 3971 Portus
1908 3910 1960 3984 ⁶)
2026 3927 2305 3990 graecus

328 3997 671 4083 professor
714 3991 1078 4075 periculose
1122 4000 1439 4075 aegrotat,
1484 3992 1723 4058 caeteri
1766 3992 2016 4075 optime
2062 3992 2306 4057 habent

332 4096 408 4150 et
456 4078 721 4165 egregie
757 4077 985 4143 schola
1038 4088 1270 4143 nostra
1326 4089 1768 4161 promovetur.
1860 4077 2010 4144 Non
2074 4098 2305 4162 possu-

332 4188 498 4235 mus
557 4163 896 4230 mittendis
953 4162 1276 4228 ministris
1341 4163 1737 4229 satisfacere.
1828 4164 2064 4247 Itaque
2129 4164 2307 4229 hunc

330 4256 615 4321 fratrem
662 4270 871 4332 nuper
917 4247 1417 4334 Mompelgardc
1476 4249 1755 4315 eiectum
1778 4252 1835 4325 ⁷)
1902 4249 2185 4315 libenter
2227 4270 2306 4315 eo

332 4492 529 4549 88⁷0.
557 4493 616 4556 1)
668 4488 805 4545 Vide
838 4490 1062 4544 cassino
1099 4488 1180 4545 N.
1214 4488 1367 4542 3974.

554 4564 589 4615 2
650 4558 797 4613 Hist-
832 4557 954 4614 ecel.
999 4558 1072 4612 11.
1106 4557 1211 4613 376
1246 4572 1319 4613 ss.
1375 4556 1525 4613 Hist.
1561 4557 1655 4613 des
1688 4557 1876 4613 choses
1908 4556 2063 4613 meet.

555 4629 619 4755 Ξ)
650 4626 953 4751 ssfflaeff·
990 4626 1087 4682 ΠΙ.
1112 4626 1233 4681 430.
1288 4628 1438 4682 Hist.
1473 4626 1569 4681 des
1602 4626 1789 4683 choses
1824 4625 1974 4682 nem.
2002 4644 2063 4696 p.

557 4766 619 4901 23
650 4764 912 4888 m:

560 4901 975 4984 7)·Ducernoy,
1031 4898 1466 4983 Hylaea-1563.
1515 4901 1601 4955 14.
1640 4902 1774 4958 Man·
1806 4902 2046 4999 9178.-
2099 4903 2181 4957 La
2226 4922 2311 4958 re-

340 4972 1158 5100 ffl.v‘322012·2⁰3;¹:{52.2⁰3
1186 4977 1689 5106 »ἳὲἒέιέυέἒῖᾚ
1726 4989 1815 5095 ἑὲῗ
1832 4972 2137 5096 Θὲἒηιῗὸῗὲ.
2238 4990 2311 5095 ἐξ

346 5110 545 5170 Pascal
591 5111 661 5163 de
696 5109 1107 5170 Vandcnconrt‚
1151 5109 1293 5162 Jean
1342 5108 1514 5180 Biney
1550 5110 1621 5164 de
1656 5110 2035 5181 Valentigney,
2082 5110 2310 5165 Benaud

342 5185 554 5307 ...mnu
597 5179 677 5301 1¹33
708 5178 780 5301 5².-
813 5176 1605 5301 ffisflzfascffeesst
1621 5178 1693 5302 52
1737 5178 2312 5304 {wimmssmbffi

344 5330 479 5376 tons
514 5264 643 5386 ceinq
677 5331 737 5370 se
771 5321 899 5370 sont
932 5317 1126 5370 retires
1161 5314 1357 5384 supi-es
1394 5316 1461 5371 de
1498 5318 1618 5370 lenr
1653 5266 1797 5373 idcfle
1834 5322 1868 5375 a
1899 5318 2138 5373 Geneve.
2164 5289 2179 5313 ⁹
2216 5267 2254 5320 q

2136 4600 2151 4616 .
2190 4557 2309 4613 169.

2136 4628 2203 4681 76
2237 4642 2310 4684 ss.

2399 574 2843 655 misissemus,
2904 574 3036 641 nisi
3093 594 3282 641 suam
3337 578 3744 640 senectutem
3795 576 3863 637 et
3920 569 4052 637 alia
4105 569 4360 637 incom-

2399 660 2598 727 moda
2639 671 2814 728 emet
2854 667 3177 728 causatus.
3243 657 3322 727 Si
3364 656 3648 743 placebit
3679 657 3830 724 istic
3864 678 4015 724 eum
4052 657 4357 738 retinere,

2399 753 2580 814 recte
2622 746 2908 814 feceritis
2951 747 3008 813 si
3053 746 3258 814 alium
3301 766 3421 830 pro
3463 765 3539 810 eo
3580 743 3913 824 miseritis,
3971 741 4088 809 sed
4131 741 4361 809 indus-

2400 834 2607 899 trium
2650 839 2718 899 et
2760 832 3036 901 alicuius
3093 830 3467 898 autoritatis
3523 836 3593 896 et
3645 828 3981 897 doctrinae
4022 828 4361 896 hominem

2402 918 2518 1004 qui
2563 918 3118 986 Matisconensem
3173 917 3511 985 ecclesiam
3584 917 3927 983 instauret.
4028 914 4358 1000 Cuperem

2400 1004 2601 1071 etiam
2641 1004 2843 1071 alium
2909 1004 3192 1089 aliquem
3256 1002 3570 1071 caelibem
3634 1001 3949 1080 nancisci,
4015 1021 4212 1085 quem
4276 998 4362 1065 ad

2402 1091 2749 1242 optimusst
2766 1090 3095 1175 quendam
3140 1105 3210 1190 et
3251 1089 3451 1241 pritgsii
3515 1087 3765 1238 ordilililis
3804 1086 4095 1188 nobilem
4139 1087 4362 1152 mitte-

2402 1197 2564 1242 rem.
2791 1197 2867 1243 ro
2995 1198 3040 1242 u
3133 1197 3190 1243 si
3421 1226 3437 1253 ,
3482 1194 3605 1241 nos
3720 1195 3758 1241 c
3800 1193 4008 1240 iuves.

2578 1260 2776 1329 Nunc
2841 1186 3203 1347 rigagposs’doo
3233 1196 3648 1328 pgastalionis
3704 1257 4109 1337 Defensioni,
4127 1256 4188 1343 ⁸)
4252 1256 4360 1322 vel

2402 1349 2622 1433 potius
2679 1349 3096 1429 accusationi,
3177 1367 3344 1433 quae
3398 1347 3671 1414 absente
3722 1365 3833 1410 me
3874 1343 4179 1411 Basileus
4234 1344 4365 1408 fuit

2404 1454 2668 1501 excusa.
2762 1434 2981 1501 Audio
3040 1435 3181 1501 fore
3236 1441 3314 1500 ut
3355 1433 3760 1500 Lausannae
3818 1430 4149 1515 professor
4203 1448 4362 1494 con-

2404 1520 2739 1600 stituatur,
2757 1523 2816 1596 ⁹)
2882 1541 3014 1605 qua
3078 1519 3159 1585 de
3227 1540 3298 1585 re
3365 1528 3438 1584 tu
3503 1519 3781 1585 fortasse
3832 1515 4120 1618 ’liberius
4164 1535 4366 1599 quam

2404 1601 4062 1777 35⁰..Mw30’313mffimfflffifflais
4063 1601 4368 1752 ᾶωῗωξιὲ

2403 1777 2741 1876 hominem
2811 1785 3247 1862 excepturum
3314 1783 3391 1843 ut
3457 1774 3699 1862 dignus
3762 1782 3878 1842 est.
3967 1775 4154 1841 Bene
4196 1772 4366 1872 gale,

2402 1870 3110 2017 ffiuss‘ff'sssssvi'ffffss
3148 1860 4369 2044 3303⁰z.23”5²323i²53’b¹.?5333333

2404 2033 2831 2102 Gubernator
2869 2035 3346 2122 Lugdunensis
3390 2041 3716 2101 vestrates
3757 2054 3877 2117 pro
3912 2052 4032 2098 sua
4068 2029 4368 2099 custodia

2402 2121 2694 2201 retinuit,
2739 2122 3017 2207 papistis
3057 2122 3307 2190 frustra
3349 2119 3864 2188 reclamantibus
3909 2122 3977 2183 3·
4018 2116 4195 2182 Iulii.

3767 2256 3951 2322 Tuus
3994 2255 4191 2321 Besa.

3295 2804 3493 2874 3977.

2814 2959 3170 3027 GALVIN
3209 2965 3271 3027 A
3320 2958 3883 3028 SASSENAGE.
3920 2962 3974 3040 ¹)
4091 2983 4106 2994 “

2578 3130 3035 3200 Exhortations
3075 3134 3118 3198 ὰ
3161 3154 3251 3200 un
3293 3155 3578 3201 nouveau
3619 3133 3909 3199 converti.

2609 3389 2668 3457 8)
2704 3389 3007 3459 Responsio
3065 3390 3134 3443 ad
3204 3391 3548 3446 defensiones
3617 3396 3676 3444 et
3735 3388 4186 3459 reprehensiones
4240 3389 4368 3445 Seb.

2402 3459 2753 3514 Castellionis
2807 3460 3006 3529 quibus
3058 3476 3210 3513 susm
3271 3459 3340 3514 N.
3388 3459 3455 3516 T.
3505 3461 4018 3529 interpretationem
4071 3458 4367 3514 defendere

2402 3528 2526 3583 adv.
2563 3527 2760 3582 Besam
2806 3534 2864 3581 et
2910 3528 3027 3583 eins
3075 3530 3382 3583 versionem
3416 3529 3656 3584 vicissim
3701 3528 4103 3597 reprehendere
4137 3536 4367 3582 conatus

2404 3602 2510 3652 est.
2563 3596 2702 3652 Gen.
2760 3594 2912 3652 1563.
2965 3595 3017 3651 8.
3069 3595 3290 3662 (Tr-aet.
3343 3596 3498 3653 theol.
3554 3598 3595 3653 1.
3640 3595 3748 3651 425
3779 3601 3881 3662 ss.)
3953 3597 4368 3653 Praecesserat:

2403 3663 2527 3721 Seb.
2564 3665 2895 3721 Castalicnis
2939 3664 3198 3721 Defensio
3244 3683 3463 3720 suarum
3505 3666 3924 3721 translationum
3959 3666 4262 3721 Bibliorum
4307 3671 4368 3719 et

2404 3734 2642 3789 maxime
2713 3734 2782 3789 N.
2846 3734 3125 3790 Foederis.
3207 3736 3338 3792 Bas.
3403 3734 3557 3790 1562.
3628 3734 3679 3791 8.
3784 3737 4094 3804 Antequam
4162 3735 4368 3789 iudices

2545 3819 2688 3858 osce.

2552 3942 2562 3953 ·
2615 3871 2673 3936 9)
2711 3871 2789 3926 Ν.
2833 3869 2988 3995 3738.
3025 3870 3181 3927 3861.
3259 3871 3513 3928 Gasteueo·
3566 3872 3776 3928 dudum
3830 3874 4164 3928 eoeatwnevn'
4215 3871 4368 3927 alatus

2539 3958 2561 3993 ι
2592 3954 2884 3996 recusaver-
2945 3980 2959 3994 .

2576 4049 2589 4062 .
2617 4009 2674 4075 1)
2711 4011 2807 4064 Au
2856 4009 2958 4064 dos
3006 4008 3086 4064 du
3122 4008 3252 4064 MS.
3289 4009 3390 4065 107
3437 4026 3513 4066 on
3557 4011 3657 4065 lit.-
3707 4011 3851 4066 Pour
3904 4027 4015 4079 ung
4067 4011 4239 4064 beron
4291 4010 4368 4062 du

2408 4077 2712 4149 Dauphine.
2769 4078 2851 4132 M.
2871 4078 3090 4134 Bonnet
3123 4094 3357 4148 suppose
3387 4079 3523 4162 gu’il
3552 4079 3716 4149 s'aoit
3748 4079 4013 4135 deLouis
4045 4079 4114 4134 de
4137 4078 4367 4144 Marcel,

2407 4148 2586 4202 baron
2621 4147 2698 4201 du
2735 4147 2906 4225 Poe't„
2927 4147 3044 4202 Pan
3078 4148 3176 4203 des
3203 4149 3549 4217 principata-e
3583 4149 3734 4215 cleers
3766 4148 3844 4203 du
3875 4148 4033 4216 parti
4062 4152 4367 4216 protestavit

2408 4215 2553 4271 dans
2578 4218 2637 4311 ’le
2670 4214 2992 4299 Dauphme.
3068 4214 3231 4272 Noas
3263 4234 3341 4299 ne·
3365 4232 3592 4273 somnes
3617 4233 3729 4287 pas
3761 4217 3830 4273 de
3873 4223 3955 4271 eet
3987 4218 4130 4297 aci-93
4214 4215 4371 4270 Vcici

2408 4301 2489 4409 ἵε
2501 4287 2981 4409 Ἧηιῗιοοτουι
3013 4355 3082 4410 de
3118 4285 3420 4426 Smoflnfgto
3432 4282 4368 4435 azggogiesumgagmqnihmk

2409 4424 2493 4477 les
2527 4428 2864 4491 protestante
2898 4423 3034 4478 dans
3080 4440 3180 4479 eon
3227 4425 3455 4479 chatean
3488 4424 3559 4478 de
3595 4425 3740 4480 Lsns
3774 4425 3828 4477 le
3861 4422 3913 4476 7.
3947 4424 4177 4477 Janvier
4214 4370 4369 4485 1523,

2409 4492 2534 4615 guis
2569 4491 2797 4546 ccndnit
2830 4495 2864 4547 a
2899 4492 3152 4549 valence.
3222 4493 3270 4547 11
3322 4499 3504 4564 parsit
3539 4511 3646 4564 que
3693 4509 3794 4548 son
3839 4492 4020 4561 sejonr
4062 4506 4135 4546 au
4179 4492 4368 4545 milien

2446 4576 2508 4616 es
2551 4560 2815 4616 reformes
2857 4562 2910 4616 le
2955 4578 3135 4632 gsgna
3167 4561 3201 4615 a
3246 4562 3368 4616 leur
3412 4563 3577 4632 parti.
3646 4561 3802 4629 Noel,
3957 4566 4083 4614 tenr
4124 4560 4192 4614 de
4230 4560 4367 4615 Gre-

2409 4629 2593 4692 noble‚
2643 4630 2780 4684 dans
2836 4647 2907 4684 nn
2959 4630 3212 4699 post-scri
3253 4636 3368 4685 tum
3423 4630 3583 4685 d’nne
3634 4634 3802 4685 lettre
3889 4646 3924 4683 n
3971 4628 4054 4682 19.
4093 4628 4204 4683 Mai
4256 4646 4366 4682 aux

2409 4699 2687 4753 ministres
2720 4698 2790 4754 de
2825 4700 3046 4755 Geneve
3077 4698 3161 4767 (Β
3300 4700 3414 4756 Vol.
3439 4699 3595 4763 197⁸)
3631 4700 3743 4754 dit:
3780 4700 3887 4753 Les
3921 4699 4207 4768 presentes
4240 4698 4370 4766 deja

2410 4768 2607 4822 acrites
2644 4776 2728 4821 est
2760 4767 2936 4822 arrivs
2969 4768 3079 4822 l’un
3114 4768 3209 4822 des
3243 4769 3523 4824 ministres
3555 4769 3626 4823 de
3660 4770 3733 4823 Η.
3773 4769 3826 4823 le
3859 4769 4035 4822 baron
4076 4767 4147 4821 de
4183 4767 4368 4820 Sasse·

2408 4851 2566 4959 ἓξὲξ
2586 4836 3428 4961 {efflfflzhffiffizvffiffi
3445 4836 4192 4978 fflffihassffiffitffiffl‘ffi
4212 4834 4368 4957 “35¹2

2410 4974 2648 5044 quelque
2681 4982 2797 5029 mot
2830 4973 3232 5030 d'exhortsticn
3268 4977 3302 5029 a
3335 4976 3459 5031 bien
3495 4975 3834 5046 perseveret,
3868 4991 3962 5029 csr
3995 4975 4036 5028 il
4070 4980 4156 5027 est
4188 4972 4368 5041 grand

2410 5043 2612 5097 terrier
2672 5049 2731 5097 et
2764 5042 2880 5097 faut
2913 5044 3150 5109 (comme
3184 5046 3224 5099 il
3259 5045 3370 5112 dit)
3409 5044 3477 5099 14
3510 5046 3788 5100 ministres
3821 5060 3890 5099 en
3933 5059 4021 5097 ses
4055 5048 4247 5096 terres.
4320 5041 4368 5095 11

2407 5112 2513 5165 fait
2558 5083 2822 5181 diligente
2865 5113 3216 5169 reformation
3260 5131 3363 5184 per
3408 5120 3593 5170 tout-es
3635 5130 3723 5169 ses
3769 5120 3964 5168 terres.
4036 5112 4200 5167 Aussi
4245 5109 4368 5163 font

2412 5180 2706 5235 Messieurs
2753 5197 2843 5235 ses
2889 5182 3121 5237 enfants.
3193 5183 3333 5237 Mais
3368 5200 3431 5237 sa
3474 5183 3673 5237 femme
3708 5189 3769 5238 et
3801 5198 3889 5237 ses
3923 5186 4107 5235 autres
4141 5187 4368 5250 parents

2412 5249 2719 5305 s'efl'orcent
2759 5249 2829 5305 de
2876 5251 2928 5304 le
2971 5251 3283 5307 detonrner.
3355 5252 3511 5306 Vous
3591 5253 3726 5307 lsise
3768 5250 3959 5306 l’svoir
3993 5266 4131 5319 pour
4165 5265 4370 5304 recom-

2412 5319 2625 5372 msnde.
2697 5318 2773 5373 Oe
2809 5320 2893 5374 snt
2925 5320 2982 5375 la
3015 5338 3075 5375 cc
3112 5321 3205 5391 qni
3241 5338 3526 5392 prcvoqua
3581 5339 3613 5376 s
3648 5323 3812 5376 lettre
3847 5322 3916 5376 de
3950 5318 4157 5374 Oslvin.
