4900 6125
619 401 738 465 171
2285 392 2754 466 mmm
2791 399 2961 466 3649
4492 386 4601 463 1⁶12

609 604 830 653 essem
871 584 1134 669 iniquus
1176 581 1286 652 vel
1327 583 1638 653 ecclesiae
1679 585 1809 653 Dei
1848 585 2150 651 iniurius.
2231 585 2377 652 Imo
2419 595 2574 653 tuae

613 670 990 739 autoritatis
1066 677 1137 735 et
1211 670 1635 738 ecclesiarum
1825 672 1838 686 ‘
1941 670 2193 739 habens
2254 672 2571 738 maiorem

615 756 939 824 rationem
984 776 1180 840 quam
1225 766 1493 823 centum
1537 755 2068 823 Blandratarum.
2144 755 2576 826 Blandratom

615 842 808 909 miris
849 840 1061 908 modis
1123 841 1198 907 in
1240 841 1455 909 officio
1493 843 1820 910 continui:
1873 864 2009 911 non
2050 863 2208 929 ergo
2251 842 2576 911 Blandi-a-

611 933 718 995 tae
760 947 944 993 amor
985 948 1092 993 me
1127 927 1524 1005 excaecavit.
1568 937 1644 995 ut
1683 928 1937 1008 scribis,
1981 927 2097 994 sed
2132 949 2265 996 non
2299 928 2573 1013 puerilis

615 1011 817 1113 zelus,
857 1034 984 1097 quo
1027 1021 1096 1078 et
1135 1020 1202 1079 te
1242 1022 1311 1080 et
1353 1012 1694 1081 ecclesiam
1737 1015 1866 1080 Dei
1908 1013 2159 1081 sincere
2200 1035 2580 1099 prosequor,

613 1097 785 1165 milii
860 1098 1187 1184 persuasit
1263 1120 1348 1165 ne
1411 1120 1562 1166 cum
1630 1098 1996 1167 Blandrata
2059 1121 2247 1167 secus
2310 1122 2573 1186 agerem

661 1205 816 1251 uam
860 1184 986 1269 egi.
1074 1181 1152 1251 Si
1196 1205 1455 1267 possem
1499 1206 1719 1253 coram
1761 1186 1833 1251 in
1876 1186 2098 1253 sinum
2136 1194 2325 1252 tuum
2359 1187 2574 1253 effun-

661 1292 776 1337 ere
837 1291 1006 1354 quae
1069 1270 1356 1337 scribere
1409 1279 1627 1337 tutum
1686 1292 1818 1338 non
1875 1280 1995 1351 est,
2060 1271 2268 1356 pluris
2324 1272 2575 1339 faceres

616 1376 829 1423 unum
872 1354 1227 1422 verbulum
1272 1356 1640 1424 Lismanini
1682 1378 1880 1442 quam
1922 1357 2120 1443 longa
2153 1359 2397 1442 scripta
2430 1380 2576 1424 nes-

615 1443 720 1510 cio
783 1442 973 1510 cuius
997 1445 1050 1517 ⁸)
1113 1442 1226 1526 qui
1291 1442 1415 1508 sub
1479 1442 1672 1510 titulo
1737 1444 2053 1510 ementito
2116 1443 2575 1511 Oracoviensis

665 1528 1465 1613 astorisperMartinum
1511 1527 2035 1596 &echoniumad
2077 1538 2145 1596 te
2187 1528 2576 1597 einflat-

657 1614 671 1628 ‘
752 1633 932 1681 erum
985 1615 1355 1698 scripserat,
1409 1620 1635 1699 tuque,
1692 1614 1806 1681 ubi
1849 1616 2240 1702 perlegisses
2276 1617 2573 1684 omnium

620 1697 705 1766 ad
742 1708 809 1765 te
842 1699 1088 1779 literas,
1128 1698 1354 1765 dixisti
1388 1700 1580 1766 illum
1601 1701 1939 1786 scripsisse
1960 1702 2171 1787 magis
2239 1700 2573 1769 rudenter.

618 1784 1081 1852 circumvenit
1171 1786 1275 1854 vir
1359 1785 1572 1853 bonus
1648 1788 1733 1853 D.
1812 1787 2103 1855 Felicem
2346 1788 2360 1803 ⁶
2397 1808 2577 1854 erum

618 1871 1729 2042 wafflffff⁰ffifftffiffi
1762 1874 2096 2027 31‘03030‘31‘3'
2099 1874 2576 2027 ἓῑὼοωηᾙὲἳ

619 2044 801 2109 viros
842 2044 1142 2127 optimos,
1185 2052 1252 2108 et
1291 2064 1443 2111 cum
1487 2045 1615 2111 alio
1661 2045 1965 2112 ministro
1999 2043 2292 2113 eiusdem
2324 2010 2578 2111 farinae

619 2130 810 2196 cuius
866 2141 933 2195 et
976 2132 1114 2214 ipse
1157 2140 1273 2195 est.
1363 2128 1646 2214 Scripsit
1686 2130 1770 2197 ad
1813 2152 1934 2198 vos
1975 2131 2205 2198 literas
2246 2130 2577 2215 quandam

619 2215 1090 2281 confessionem
1111 2214 1521 2282 continentes
1544 2217 1811 2285 nomine
1844 2216 2269 2285 ecclesiarum
2301 2217 2580 2284 minoris

619 2299 958 2381 Poloniae,
990 2321 1158 2384 quae
1191 2321 1302 2367 res
1323 2321 1365 2367 a
1395 2310 1537 2367 tota
1570 2302 1826 2387 synodo
1860 2304 2214 2383 seniorum,
2257 2303 2578 2371 nobilium

619 2394 691 2453 et
731 2386 1182 2453 ministrorum
1214 2387 1467 2471 primae
1499 2400 1713 2468 notae,
1757 2409 1920 2475 quos
1954 2388 2314 2456 distinctim
2347 2411 2426 2456 su
2475 2410 2578 2455 er-

622 2470 1039 2539 intendentes
1070 2480 1327 2553 vocant,
1363 2472 1790 2540 vehementer
1810 2484 1913 2541 est
1929 2475 2023 2540 im
2070 2475 2317 2542 robata.
2449 2474 2579 2541 nde

617 2558 903 2644 permoti
945 2558 1029 2625 ad
1072 2579 1195 2626 vos
1237 2580 1415 2626 nunc
1456 2560 1757 2626 scribunt
1797 2581 1883 2626 ne
1927 2560 2080 2626 ullis
2114 2559 2395 2627 credatis
2430 2560 2578 2627 lite·

619 2646 731 2723 ris,
793 2650 1103 2728 tanquam
1164 2644 1245 2710 ab
1302 2644 1594 2712 ecclesiis
1650 2646 1924 2712 minoris
1980 2644 2294 2713 Poloniae
2336 2646 2576 2724 missis,

617 2729 750 2797 nisi
790 2728 1160 2814 subscripta
1193 2732 1462 2797 nomina
1495 2730 1847 2810 seniorum,
1882 2731 1997 2816 qui
2030 2753 2209 2799 nunc
2244 2732 2579 2816 subscrip·

616 2826 870 2894 serunt,
924 2825 1042 2881 aut
1095 2814 1369 2881 totidem
1422 2815 1722 2881 aliorum.
1742 2815 1799 2901 ⁷)
1886 2821 2173 2883 Antores
2234 2815 2576 2883 literarum

702 2923 739 2967 r
771 2900 1144 2967 Martinum
1183 2899 1584 2969 Grechovium
1625 2900 1709 2966 ad
1753 2921 1874 2967 vos
1916 2904 2273 2968 missarum
2313 2903 2579 2969 fuerant

713 2986 1010 3054 nnislaus
1040 2987 1095 3071 ⁸)
1144 2984 1489 3066 Sar-nitius,
1546 2987 1852 3054 minister
1893 2986 2201 3054 ecclesiae
2234 2987 2578 3054 Aulorzis-

617 3072 967 3152 lawiensis,
1011 3093 1144 3139 non
1178 3081 1405 3157 pastor
1436 3074 1749 3142 ecclesiae
1775 3073 2252 3155 Oracoviensis,
2295 3081 2366 3141 et
2407 3074 2579 3140 alter

619 3159 898 3225 Iacobus
957 3157 1220 3242 Sylvius
1274 3159 1580 3226 minister
1621 3158 2187 3227 Krmczieczensis
2243 3159 2574 3226 ecclesiae.

619 3243 885 3311 Horum
927 3242 1213 3310 duorum
1256 3264 1456 3328 opera
1499 3243 1754 3311 inducti
1796 3246 1881 3311 D.
1927 3244 2126 3311 Felix
2169 3243 2470 3328 Oruciqer
2510 3252 2579 3310 et

619 3329 956 3396 Martinus
993 3327 1314 3396 Grovitius
1354 3330 1893 3414 subscripserant,
1927 3351 2177 3414 vosque
2209 3329 2578 3398 credidistis

618 3416 888 3482 nomine
925 3415 1227 3482 omnium
1268 3416 1695 3483 ecclesiarum
1727 3415 2006 3483 minoris
2025 3416 2337 3484 Poloniae
2369 3415 2577 3500 scrip-

619 3509 726 3569 tas
767 3502 986 3568 fuisse.
1070 3500 1168 3565 Hi
1203 3500 1352 3582 duo,
1396 3501 1480 3567 ab
1522 3522 1600 3568 eo
1643 3509 1938 3588 tempore
1975 3522 2108 3587 quo
2149 3501 2418 3569 fuerant
2461 3522 2578 3568 ex·

621 3587 909 3654 autorati
954 3584 1202 3664 (officio
1235 3587 1603 3655 senioratus
1637 3587 1817 3653 enim
1851 3595 2048 3654 antea
2084 3588 2580 3673 fungebantur),

619 3673 826 3742 variis
881 3671 1092 3739 modis
1145 3673 1413 3739 turbare
1466 3682 1828 3757 coeperunt
1867 3672 2194 3754 ecclesias,
2250 3672 2368 3740 sed
2407 3672 2583 3743 mira

620 3766 765 3825 arte
807 3757 1020 3824 zelum
1063 3757 1557 3841 praetexebant.
1629 3758 1828 3826 Nunc
1849 3759 1964 3826 ubi
1999 3759 2257 3827 detecta
2288 3768 2392 3826 est
2431 3759 2581 3826 illo·

620 3865 772 3910 rum
826 3843 1098 3910 ambitio
1154 3851 1222 3910 et
1274 3843 1542 3924 invidia,
1607 3865 1782 3911 unus
1840 3843 2073 3912 relicta
2128 3865 2253 3912 sua
2306 3844 2582 3913 ecclesia

620 3929 844 3996 latitat
859 3928 1149 4008 Paduae,
1184 3950 1227 3995 a
1259 3951 1388 4015 quo
1422 3929 1612 3997 vobis
1646 3930 2014 3998 cavendum
2047 3938 2153 3996 est
2187 3951 2322 3997 non
2353 3931 2581 3998 minus

665 4034 821 4081 uam
853 4035 896 4080 a
919 4014 1241 4095 Stoncaro,
1287 4015 1497 4083 donec
1531 4014 1614 4081 de
1656 4015 1802 4083 eius
1842 4017 1976 4083 resi
2021 4016 2297 4083 iscentia
2335 4017 2418 4083 ab
2451 4017 2584 4084 ista

730 4102 780 4166 ti
821 4100 1081 4166 fueritis
1121 4101 1307 4181 certi,
1352 4109 1699 4186 postquam
1744 4108 1812 4167 et
1844 4103 2035 4169 vobis
2077 4103 2411 4187 imposuit,
2456 4102 2583 4167 im-

620 4187 928 4272 ponendo
993 4184 1117 4253 sibi
1194 4185 1463 4253 titulum
1542 4186 1856 4254 ecclesiae
1918 4186 2146 4256 Oarco.
2160 4191 2221 4270 ⁹)
2297 4187 2584 4272 pastoris

621 4277 783 4357 (quo
841 4270 1036 4338 titulo
1092 4273 1453 4358 insignitus
1493 4282 1596 4339 est
1630 4273 1709 4338 D.
1746 4273 1813 4340 G
1933 4274 2116 4340 orius
2164 4273 2433 4354 Peukes,
2478 4275 2586 4341 vir

622 4358 856 4425 doctus
918 4363 988 4424 et
1041 4358 1196 4441 pius
1258 4366 1330 4425 et
1391 4357 1492 4425 tui
1550 4357 2098 4443 studiosissimus)
2151 4368 2223 4426 et
2275 4360 2584 4427 omnibus

620 4443 811 4512 nobis
877 4442 1116 4528 quibus
1179 4443 1353 4509 dixit
1408 4464 1480 4510 se
1535 4444 1607 4510 in
1663 4444 1978 4512 Russiam
2045 4465 2235 4513 suam
2300 4446 2585 4531 patriam

623 4530 825 4609 abire,
877 4549 1085 4613 quum
1137 4548 1260 4614 per
1301 4530 1672 4596 Moraviam
1724 4530 2083 4598 eructando
2127 4530 2370 4600 multas
2413 4530 2585 4600 blas-

803 4767 1420 4853 ,mmor-1⁵(-
1470 4767 2587 4854 ⁸⁶⁰⁸).2·9⁸··,S*0ffl⁶·⁸vss91⁹·

629 4836 2129 4990 wwmawmw
2239 4911 2250 4922 -
2430 4839 2585 4923 Μ

625 4974 2300 5099 mafficcmgopebablmynubiobfitlbw.
2377 4976 2586 5046 (Sond-

623 5042 2588 5199 w.“12ubmp.)damwfiauccounqoeoeoo

839 5178 2476 5384 Ξξὲῗιάὲεοῳώκὴιειᾶᾶωω,ωώφηᾶήιᾶι

2551 4840 3486 4923 ‚matacensi-rept-

2669 585 2973 671 phemias
3015 583 3368 654 Patavium
3425 582 3515 647 sit
3568 582 3917 666 profectus.
4001 582 4196 649 Alter
4238 600 4394 649 vero
4440 581 4603 652 illius

2670 672 2942 774 collega,
2998 671 3276 739 Iacobus
3332 666 3612 753 sylvam,
3677 686 3885 752 quum
3947 676 4124 735 emet
4187 667 4272 734 ab
4333 666 4607 737 ecclesiis

2672 768 2915 826 nostris
2966 758 3207 824 missus
3265 753 3545 822 nuncius
3602 753 3689 820 ad
3744 753 4176 839 magnificum
4217 753 4304 820 D.
4349 752 4606 823 Petrum

2675 842 3061 924 Sborovium,
3086 845 3174 923 ¹⁰)
3217 839 3599 909 Palatinum
3639 840 4160 907 Posnaniensem
4218 845 4375 924 (quo
4432 838 4607 907 Stau-

2669 950 2864 1032 carus
2901 950 3053 1032 cum
3095 928 3233 995 suis
3286 936 3355 993 et
3404 924 3770 1026 fautoribus
3817 934 3884 991 et
3925 923 4263 1026 discipulis
4305 927 4607 1012 venerat),

2672 1037 2922 1169 333³}
2956 1012 3697 1181 ¹323&ssssssss
3724 1009 4466 1198 fflssstssdffizss‘
4476 1032 4612 1182 ..¹2

2674 1186 3073 1254 clancularia
3114 1206 3265 1253 cum
3312 1183 3617 1250 Stuncaro
3656 1182 3980 1267 colloquia
4021 1190 4298 1250 conatus
4340 1191 4439 1248 est
4474 1204 4611 1267 per-

2674 1272 2950 1341 suadere
3013 1293 3131 1340 suo
3194 1270 3481 1356 collegae
3544 1267 3630 1335 D.
3686 1266 4019 1336 Stanislao
4088 1268 4507 1335 Luithomioeio
4536 1266 4613 1355 ’ἦ

2673 1359 2932 1512 3531:
2936 1358 3436 1512 ⁰35000020ffl3'05303
3440 1352 4329 1508 ”ifflttssssdifflnfflhfflss
4358 1354 4615 1506 ῗῒὲῗζ

2675 1530 2902 1614 Quum
2950 1530 3298 1597 Stancarus
3354 1527 3593 1594 habeat
3640 1526 4065 1611 purissimam
4123 1526 4489 1593 doctrinam
4542 1525 4617 1593 de

2674 1617 2992 1696 trinitate,
3052 1634 3408 1700 sequamur
3450 1633 3621 1679 eum.
3703 1611 3788 1678 Id
3843 1611 4018 1695 quod
4061 1613 4170 1678 vir
4220 1612 4506 1695 optimus
4557 1616 4621 1676 et

2674 1703 3097 1770 fidelissimus
3149 1700 3462 1768 ecclesiae
3516 1698 3824 1764 minister
3884 1699 3958 1763 in
4014 1697 4322 1781 proxima
4381 1694 4620 1782 synodo

2676 1790 3011 1856 seniorum
3047 1787 3268 1871 palam
3302 1784 3640 1852 confessus
3673 1796 3792 1850 est.
3862 1785 4130 1851 Pariter
4164 1783 4394 1850 literas
4426 1782 4620 1867 ipsius

2675 1874 2899 1942 Iacobi
2945 1873 3153 1958 Sylvii
3194 1870 3499 1950 ostendit,
3556 1870 3793 1954 quibus
3846 1869 3946 1935 illi
4003 1867 4239 1936 suadet
4280 1876 4359 1936 ut
4399 1886 4439 1933 a
4478 1868 4621 1934 doc-

2674 1963 2856 2027 trina
2907 1981 3078 2045 quae
3130 1957 3323 2025 nobis
3376 1956 3715 2024 vobiscum
3769 1957 4138 2023 communis
4194 1964 4298 2022 est
4353 1952 4438 2021 ad
4479 1974 4623 2021 con·

2675 2048 3029 2114 sessionem
3052 2048 3509 2130 Augustanam
3532 2041 3934 2108 transferat·
3955 2041 4028 2108 Β.
4047 2042 4132 2107 D.
4146 2040 4618 2118 Luithomi'riao,

2677 2133 2763 2200 ad
2826 2131 3000 2217 quod
3075 2130 3304 2199 scribit
3365 2149 3438 2195 se
3504 2127 3934 2195 inducturum
3996 2134 4315 2212 quotquot
4325 2126 4620 2279 οὲοωπὶῐ,

2676 2217 3202 2303 subterfugitque
3235 2213 3525 2301 synodos
3546 2214 3801 2280 veritus
3834 2233 4201 2294 censuram,
4233 2233 4322 2296 qu
4433 2228 4624 2278 ausus

2676 2305 2879 2371 fuerit
2918 2304 3322 2389 inaugurare
3343 2302 3742 2380 ministrum,
3785 2319 3990 2382 quum
4026 2300 4115 2365 sit
4148 2297 4456 2364 minister
4486 2304 4625 2361 mn-

2676 2399 2820 2457 tum
2864 2401 2933 2456 et
2972 2410 3108 2457 non
3166 2384 3735 2471 superintendens,
3792 2404 4074 2468 quorum
4129 2385 4406 2450 interest
4444 2383 4626 2448 inau-

2985 2474 3071 2541 ad
3126 2472 3571 2539 ministerium
3635 2471 3870 2537 fratres
3932 2469 4222 2537 idoneos.
4294 2468 4473 2536 Dese
4510 2468 4525 2482 “

2676 2563 2797 2630 tibi
2840 2570 3066 2628 utrum
3111 2581 3215 2639 ue,
3275 2557 3390 2625 sed
3434 2578 3569 2623 non
3612 2577 3768 2623 cum
3821 2557 3959 2622 suis
4001 2555 4328 2623 coloribus
4372 2574 4483 2621 eos

2682 2648 2889 2733 pinxi,
2926 2669 3013 2732 qu
3132 2647 3250 2712 fiet
3283 2643 3464 2722 alias,
3510 2644 3567 2710 si
3605 2663 3741 2708 non
3776 2641 4206 2725 resipuerint:
4250 2640 4426 2726 qnod
4460 2648 4629 2705 uter-

2681 2754 2809 2818 que
2850 2732 3077 2799 turbat
3117 2732 3240 2798 has
3282 2728 3591 2796 ecclesias
3621 2725 4090 2878 <praedicetque
4130 2748 4283 2794 cum
4332 2725 4630 2826 &anqqro

2679 2840 2801 2886 nos
2865 2839 3011 2885 esse
3077 2816 3426 2894 Arrianos,
3491 2835 3620 2898 quo
3725 2813 4093 2880 diceremus
4155 2835 4308 2881 cum
4368 2810 4628 2889 Basilio,

2681 2905 3096 2972 Nazianzeno
3150 2902 3426 2985 aliisque
3480 2900 3781 2983 patribus
3821 2908 4078 2983 patrem
4122 2899 4258 2965 fflio
4299 2895 4630 2983 praeponi.

2681 3012 2816 3057 non
2872 2998 3132 3068 natura,
3196 3008 3331 3053 non
3389 2994 3551 3066 arte,
3620 3005 3754 3052 non
3805 2985 4078 3063 honore,
4142 2984 4260 3052 sed
4302 2982 4533 3051 ordine
4570 2986 4635 3048 et

2679 3077 3044 3144 secundum
3106 3072 3563 3142 habitudinem
3624 3092 3972 3139 causarum
4036 3071 4120 3138 ad
4180 3093 4263 3138 ea
4324 3090 4495 3156 quae
4555 3089 4634 3135 αι

2676 3162 2843 3247 ipsis
2884 3167 3057 3229 sunt.
3127 3158 3539 3227 Oonfitemur
3578 3157 3793 3224 filium
3826 3177 3973 3224 esse
4015 3153 4637 3225 consubstantialem

2680 3247 2873 3333 pati-i,
2916 3253 3342 3315 coaeternum
3384 3255 3452 3310 et
3485 3243 3902 3328 coaequalem
3943 3243 4019 3309 in
4053 3244 4360 3325 essentia,
4402 3244 4477 3309 in
4509 3241 4637 3308 vir-

2679 3340 2843 3412 tute,
2887 3340 3048 3412 arte,
3091 3331 3305 3417 gloria
3346 3337 3414 3397 et
3456 3327 3725 3408 honore,
3770 3336 3839 3395 et
3882 3338 4103 3396 tamen
4147 3336 4217 3396 et
4258 3349 4301 3394 a
4339 3327 4638 3425 &onemo

2679 3425 2750 3485 et
2791 3418 2874 3485 ab
2915 3418 3063 3485 istis
3092 3416 3268 3483 male
3306 3415 3562 3482 feriatis
3594 3414 3970 3481 hominibus
4012 3424 4336 3499 tanquam
4374 3414 4639 3481 Arriam

2680 3505 3043 3571 dicamur!
3115 3503 3208 3568 Et
3249 3511 3327 3568 ut
3370 3499 3589 3567 Iacobi
3640 3501 3922 3567 stultitia
3977 3500 4100 3567 tibi
4143 3502 4233 3568 sit
4270 3507 4636 3585 perspecta,

2679 3588 3042 3656 describam
3083 3587 3195 3653 liic
3237 3589 3378 3655 eius
3420 3586 3762 3652 encomion
3797 3606 3927 3670 quo
3968 3586 4235 3652 ornavit
4268 3608 4460 3654 meas
4502 3585 4641 3650 lits-

2678 3696 2791 3742 ras
2846 3674 2932 3741 ad
2988 3674 3075 3740 D.
3127 3672 3538 3741 stanislaum
3582 3671 3876 3751 Ivamm,
3904 3672 3990 3750 Β)
4052 3670 4178 3737 tibi
4230 3691 4357 3756 per
4419 3671 4638 3738 litei-m

2680 3768 2934 3839 notum,
2991 3761 3063 3826 in
3119 3758 3359 3844 quibus
3412 3757 3683 3824 ostendo
3739 3778 3861 3824 nos
3916 3777 4052 3823 non
4109 3776 4255 3824 esse
4296 3759 4639 3832 Arriaca,

2859 4015 2954 4152 lg
2986 4014 3064 4138 2¹1²
3094 4012 3620 4152 81215W
3656 4087 3738 4138 ut
3769 4083 4428 4167 melaithmrius.
4494 4081 4641 4138 Tm

2688 4152 2904 4210 Sandan
2931 4169 2992 4223 p.
3027 4150 3100 4206 42
3218 4221 3231 4235 .
3446 4156 3584 4233 mx·
3625 4150 3779 4208 stan.
3812 4152 4227 4236 Ifutomrscius.
4298 4151 4435 4236 Fuit
4548 4166 4641 4206 uns

2684 4219 3858 4366 ἓξῗὸἒὲῗῗηῗὲἕοιωὸᾝὲἲέ
3877 4222 4156 4345 am
4180 4239 4295 4346 ⁸2²>-
4389 4229 4640 4346 ..ωηο-ω’*
4547 4235 4639 4274 ⁶⁰⁸

2685 4359 3013 4442 pontificius,
3055 4359 3180 4440 'imo
3205 4357 3668 4441 ‘archiepiscopus
3711 4356 4047 4413 Gnesnensis
4114 4360 4457 4442 designatus,
4508 4371 4640 4413 un-

2685 4447 2757 4555 33¹:
2778 4425 3398 4566 ssffiwmffl‘ss
3426 4433 4057 4577 εἶ’ἱὲᾞξἜῗωῗω·
4091 4429 4355 4484 Μ
4388 4429 4641 4499 ‘¹⁰⁹⁸‘

2728 4635 2743 4649 .
2853 4563 2957 4649 ⁸12)
2993 4563 3257 4687 mist
3287 4563 3386 4620 85:
3412 4563 3747 4646 ⁸Iiismanini
3780 4564 4082 4648 literae-ad
4115 4566 4197 4621 St.
4234 4566 4469 4622 Inuum
4502 4566 4641 4622 Kar-

2686 4634 2961 4717 nimbum
2996 4635 3049 4688 d.
3084 4633 3139 4688 d.
3217 4648 3496 4688 incaoviae
3530 4631 3613 4688 10.
3631 4633 3782 4716 Sept.
3817 4632 3953 4688 1561
3988 4651 4046 4690 in
4083 4636 4282 4718 quibus
4312 4641 4643 4691 sonuum

2688 4704 2953 4828 {mgni-o
3004 4707 3534 4827 mlix?
3558 4717 3888 4852 iii-iopufftm
3911 4701 4009 4825 ..b
4070 4771 4158 4855 ᾼΙ)
4224 4774 4330 4829 hoc
4356 4843 4371 4857 .
4397 4779 4644 4844 mpor-

2689 4909 2865 4992 riensi
2898 4909 3096 4992 fortius
3145 4923 3345 4979 urgere
3378 4847 3729 4991 eminentialitn
3751 4839 4419 4991 ῗωΡρῗιιιήῃωαῖωιιοῐτι-ι.
4454 4909 4644 4966 Badti-

2687 4975 4478 5114 fflqmd'mssbwsswmmnqoep'mm
4526 4977 4645 5033 Ru-

2694 5114 2824 5172 sca·
3114 5117 3127 5129 .
3276 5116 3293 5129 .
3384 5116 3396 5129 .
3594 5115 3608 5129 .
3626 5044 3945 5103 Dmffi'u
