4900 6125
584 409 712 475 527

583 601 850 660 tantum
883 593 952 658 in
973 591 1302 676 baptismo
1322 592 1781 660 ministrorum
1815 592 2079 660 illorum
2115 613 2156 658 6
2239 614 2318 659 ra
2349 599 2553 659 utun-

583 689 716 758 tur,
781 678 980 764 idque
1035 678 1231 744 modo
1296 679 1485 763 prius
1541 677 1734 746 dicto.
1866 681 1945 744 4⁶
1998 678 2109 761 Qu
2251 699 2412 745 vero
2467 680 2556 746 de

582 767 751 832 falsa
791 767 964 832 circe
995 765 1400 848 baptismum
1434 763 1736 832 doctrina
1767 764 2010 832 dicitur
2050 787 2189 832 non
2230 766 2396 832 satis
2437 768 2555 832 fir-

583 873 772 917 mum
828 859 948 918 est.
1033 851 1373 935 Principio
1428 859 1685 919 constat
1727 851 2079 917 Lutherum
2131 872 2333 936 super
2376 851 2550 918 Gen.

581 958 724 1022 cap.
775 942 852 1002 17
909 936 1200 1003 infantes
1255 938 1503 1021 absque
1555 938 1880 1022 baptismo
1938 935 2346 1004 discedentes
2397 958 2553 1023 pro·

579 1023 902 1089 nunciare
957 1024 1203 1089 beatos.
1286 1023 1474 1089 Idem
1532 1023 1688 1089 flacit
1744 1025 1964 1089 Lucas
2019 1024 2289 1090 Lossius
2352 1044 2555 1107 super

581 1110 815 1176 Ioann.
860 1108 1024 1193 Cap.
1070 1113 1129 1173 3.
1227 1110 1335 1175 1)6
1392 1110 1658 1175 Brentio
1713 1124 1783 1175 et
1824 1108 2077 1175 Bucero
2128 1122 2281 1192 post
2337 1110 2554 1193 ipsam

582 1195 1130 1281 subscriptionem
1205 1195 1836 1280 Wittembergensis
1914 1195 2299 1261 concordiae
2375 1194 2552 1261 idem

583 1280 801 1349 dicere
843 1302 1208 1365 possumus.
1272 1280 1627 1348 Praeterea
1671 1280 2207 1348 concionatorum
2240 1280 2351 1348 1116
2388 1301 2555 1346 666-

583 1367 753 1433 nulli
793 1377 1019 1451 aperte
1053 1388 1184 1433 non
1221 1365 1700 1451 baptizatorum
1745 1367 2073 1433 infantum
2108 1367 2392 1433 salutem
2431 1388 2556 1451 pro

582 1453 893 1520 concione
935 1465 1378 1519 asseruerunt.
1449 1454 1794 1519 Postremo
1830 1474 1950 1518 nos
1992 1453 2151 1537 quid
2197 1452 2278 1518 de
2323 1453 2446 1518 hac
2484 1473 2557 1518 re

583 1540 980 1606 sentiremus
1023 1540 1282 1605 senatui
1324 1538 1614 1623 ipsisque
1658 1538 2097 1618 exhibuimus,
2152 1538 2265 1623 qui
2311 1537 2556 1605 doctri-

585 1646 741 1692 nam
799 1625 1108 1709 baptismi
1168 1646 1301 1689 uno
1364 1623 1563 1690 dente
1627 1646 1971 1708 nunquam
2036 1623 2343 1690 arrodere
2409 1625 2557 1690 ausi

584 1712 874 1788 fuerunt,
931 1723 1008 1776 ut
1048 1721 1194 1776 acta
1237 1719 1464 1777 nostra
1512 1711 1963 1777 testabuntur:
2022 1732 2226 1794 quare
2283 1717 2557 1794 apparet

585 1798 736 1864 illos
793 1798 876 1864 de
933 1796 1258 1880 baptismo
1313 1796 1513 1881 paulo
1570 1797 1910 1863 dexterius
1970 1818 2168 1880 quam
2214 1795 2296 1862 de
2352 1816 2558 1862 coena

585 1883 865 1961 sentire,
923 1882 1182 1948 etiamsi
1235 1881 1660 1949 obstetricum
1718 1881 2119 1965 baptismum
2184 1881 2558 1949 defendant.

587 1969 812 2048 Adde,
877 1968 1138 2035 etiamsi
1202 1968 1501 2035 doctrina
1557 1968 1640 2035 de
1697 1969 2022 2052 baptismo
2082 1988 2292 2033 naevo
2357 1970 2558 2034 etiam

586 2055 808 2139 aliquo
851 2053 1214 2121 deformata
1255 2065 1447 2132 esset,
1504 2076 1589 2120 an
1633 2063 1980 2138 propterea
2022 2074 2290 2136 peccare
2334 2053 2559 2120 dicen-

589 2142 717 2207 dus
759 2151 862 2207 est
917 2141 975 2206 is
1031 2141 1145 2224 qui
1185 2140 1557 2207 ministerio
1611 2140 1879 2205 illorum
1919 2140 2134 2205 utitur
2188 2161 2340 2207 cum
2385 2140 2559 2205 veri·

585 2228 745 2294 tatis
809 2226 1217 2294 confessione
1283 2247 1360 2293 ac
1424 2226 1951 2310 corruptelarum
2029 2224 2557 2310 improbatione?

587 2312 826 2380 Notius
868 2321 973 2377 est
1014 2333 1213 2395 quam
1256 2322 1333 2378 ut
1385 2313 2010 2379 commemoratione
2063 2309 2360 2396 indigeat
2402 2309 2563 2394 quid

587 2398 1007 2484 Augustinus
1053 2398 1134 2463 de
1191 2397 1555 2463 infantibus
1609 2398 1856 2480 absque
1902 2397 2227 2482 baptismo
2272 2398 2560 2462 morien-

588 2485 767 2552 tibus
810 2484 1110 2565 senserit,
1163 2481 1323 2567 quid
1366 2483 1651 2567 denique
1695 2482 1778 2549 de
1820 2504 2027 2550 coena
2068 2483 2293 2567 pueris
2338 2481 2561 2547 distri-

587 2570 848 2637 buenda
889 2571 1247 2653 scripserit.
1320 2569 1460 2635 Nec
1492 2578 1851 2635 caruerunt
1886 2568 1996 2635 alii
2033 2570 2385 2652 scriptores
2420 2568 2559 2634 suis

587 2657 804 2722 vitiis:
849 2656 997 2722 ideo
1043 2665 1268 2720 tamen
1303 2675 1418 2720 eos
1452 2676 1756 2739 peccasse
1791 2675 1927 2719 non
1963 2655 2402 2738 consequitur,
2447 2653 2562 2737 qui

586 2742 854 2810 illorum
888 2741 1254 2808 ministerio
1291 2741 1394 2807 usi
1430 2749 1607 2807 sunt.
1698 2742 1775 2805 δ’
1816 2740 1927 2807 Ad
1961 2740 2349 2808 scandalum
2385 2737 2561 2824 quod

589 2831 845 2907 attinet,
911 2827 1173 2893 nullum
1230 2826 1554 2894 hactenus
1610 2828 1682 2892 in
1736 2825 2103 2893 Germania
2169 2825 2562 2905 audivimus,

587 2915 850 2981 nullum
907 2913 977 2980 in
1031 2912 1367 2992 Helvetia,
1424 2911 1775 2993 Sabaudia,
1834 2911 2057 2978 Gallia
2113 2919 2270 2990 tota,
2316 2911 2564 2996 Anglia

589 3011 706 3068 aut
746 3000 1042 3085 Phrysia
1083 3008 1312 3066 nostro
1354 2999 1529 3066 facto
1573 2999 1900 3065 offensum
1946 3018 2111 3078 esse,
2170 2996 2288 3064 sed
2331 3005 2564 3063 contra

588 3085 1198 3172 Heydelbergensis
1273 3085 1501 3152 schola
1577 3086 1823 3151 factum
1888 3094 2192 3151 nostrum
2259 3082 2563 3168 probavit

588 3195 667 3241 ac
700 3174 945 3256 scripto
968 3171 1054 3238 ad
1087 3171 1262 3238 hanc
1285 3171 1731 3254 quaestionem
1770 3171 1903 3236 iam
1923 3168 2281 3256 respondit.
2337 3168 2563 3250 Quare

590 3281 725 3326 non
780 3256 1008 3324 datum
1066 3256 1182 3324 sed
1238 3266 1581 3340 acceptum
1637 3254 2024 3323 scandalum
2080 3277 2224 3322 esse
2284 3255 2563 3322 dicimus

590 3343 675 3412 ab
718 3340 854 3410 illis
887 3343 1126 3428 quibus
1161 3341 1312 3427 plus
1356 3343 1478 3408 zeli
1524 3363 1724 3426 quam
1767 3341 1995 3409 iudicii
2029 3352 2149 3408 est.
2222 3338 2302 3408 Si
2338 3347 2561 3407 tamen

587 3429 902 3498 ecclesiae
936 3427 1119 3495 aliud
1152 3450 1240 3494 ex
1262 3429 1463 3496 verbo
1486 3427 1616 3494 Dei
1639 3427 1998 3507 docuerint,
2034 3427 2292 3511 culpam
2324 3447 2562 3512 agnos·

587 3538 740 3585 cere
783 3537 861 3583 ac
895 3515 1234 3599 deprecari
1276 3536 1411 3581 non
1454 3512 1924 3580 recusabimus.

763 3606 824 3667 9.
870 3601 1048 3667 Ν616
1115 3600 1229 3666 1116
1287 3622 1458 3685 quae
1526 3600 1637 3665 alii
1697 3598 1778 3665 de
1842 3598 2140 3665 clavibus
2183 3606 2251 3664 et
2314 3600 2563 3665 iniusta

589 3689 968 3756 exclusione
1003 3686 1086 3751 ab
1127 3686 1404 3754 ecclesia
1438 3686 1667 3753 dicunt
1707 3685 2017 3751 instituto
2050 3683 2205 3751 huic
2247 3686 2560 3762 serviant,

588 3796 712 3843 nec
754 3796 859 3854 ne,
903 3773 1030 3840 hoc
1074 3774 1205 3858 piis
1246 3771 1672 3839 iudicandum
1714 3770 2169 3855 relinquimus.

770 3865 864 3926 10.
911 3858 1020 3925 Ad
1063 3858 1134 3925 id
1152 3879 1281 3943 quo
1303 3858 1662 3943 quaeritur,
1707 3855 2031 3941 quomodo
2076 3857 2134 3924 is
2171 3855 2561 3942 professioni

590 3967 749 4014 suae
814 3946 1012 4013 faciat
1075 3946 1240 4012 satis
1293 3945 1407 4029 qui
1471 3943 1828 4011 sectarium
1892 3953 1960 4009 et
2023 3950 2561 4028 persequutorem

588 4033 864 4099 fratrem
907 4031 1205 4116 agnoscit
1246 4040 1391 4108 etc„
1435 4030 1921 4115 respondemus,
1976 4052 2111 4097 non
2154 4030 2396 4096 habere
2441 4049 2563 4095 nos

589 4118 700 4186 hic
741 4116 916 4203 quod
961 4117 1044 4182 de
1101 4117 1605 4201 persequutione
1662 4137 2038 4201 queramur,
2094 4137 2301 4200 quum
2344 4114 2561 4182 omni-

588 4205 715 4272 bus
780 4203 889 4271 hio
953 4203 1314 4269 etiamnum
1379 4202 1679 4270 habitare
1737 4202 2111 4270 volentibus
2173 4202 2299 4269 1166
2363 4201 2562 4268 116661

589 4290 886 4357 maxima
929 4308 1082 4355 cum
1126 4289 1674 4356 conscientiarum
1716 4288 2041 4369 libertate,
2087 4288 2384 4373 nullique
2428 4288 2560 4354 nisi

590 4388 825 4462 sponte
879 4375 1319 4455 discesserint,
1378 4384 1454 4442 ut
1496 4375 1922 4443 vernaculam
1974 4375 2274 4461 linguam
2329 4374 2563 4442 audire

589 4474 662 4530 et
679 4462 966 4546 pristino
1001 4461 1367 4527 ministerio
1390 4463 1842 4548 repurgatiore
1865 4462 1964 4527 uti
1994 4472 2280 4546 possent.
2346 4460 2562 4528 Porro

589 4550 649 4616 si
691 4549 808 4632 qui
850 4555 1012 4614 sunt
1031 4547 1143 4631 qui
1186 4547 1524 4614 ministros
1545 4549 1922 4616 Germanos
1963 4546 2365 4614 reclamante
2407 4567 2562 4613 con-

590 4634 869 4703 scientia
926 4634 1166 4699 fratres
1208 4634 1654 4718 appellarunt,
1713 4634 1810 4700 illi
1867 4656 1940 4702 se
1995 4634 2174 4717 ipsos
2231 4640 2560 4710 accusent,

591 4742 727 4787 non
750 4727 970 4786 autem
994 4719 1247 4786 alienae
1281 4721 1716 4787 conscientiae
1736 4720 1992 4787 iudices
2026 4740 2097 4785 se
2132 4719 2559 4785 constituant.

593 4808 742 4893 Ego
799 4814 1025 4889 aperte
1083 4814 1308 4885 testor,
1365 4827 1471 4873 me
1513 4807 1851 4874 ministros
1909 4806 2298 4872 lutheranae
2354 4802 2562 4871 eccle-

594 4893 734 4959 siae
796 4890 1130 4976 appellare
1193 4891 1464 4969 fratres,
1528 4914 1664 4959 non
1729 4894 1883 4977 quia
1946 4893 2235 4958 fraterne
2301 4909 2562 4956 mecum

596 4985 818 5061 agant,
877 4975 994 5042 sed
1037 4976 1192 5059 quia
1248 4977 1531 5044 eundem
1574 4988 1831 5062 patrem
1920 4977 2178 5044 etiamsi
2221 4976 2560 5042 caritatem

598 5064 954 5127 fraternam
1022 5064 1314 5146 graviter
1374 5063 1676 5148 laedant)
1741 5064 1814 5128 in
1944 5063 2003 5127 'o
2059 5083 2319 5128 mecum
2372 5061 2562 5128 invo-

600 5156 771 5212 cant.
857 5148 952 5213 Et
1003 5147 1129 5213 hac
1179 5150 1435 5215 ratione
1501 5149 1787 5215 arbitror
1837 5149 1922 5215 D.
1968 5146 2434 5232 Bullinqenm,
2491 5148 2564 5212 in

603 5238 888 5296 tractatu
951 5253 1149 5315 super
1206 5235 1455 5301 verbis:
1522 5235 1608 5301 In
1666 5234 1862 5299 domo
1924 5233 2132 5317 patris
2197 5234 2347 5311 mei,
2413 5232 2562 5300 illos

603 5316 962 5382 clamantes
1017 5318 1252 5385 fratres
1306 5319 1696 5403 appellasse,
1761 5317 1935 5404 quod
1987 5319 2190 5386 etiam
2239 5320 2326 5387 D.
2371 5318 2562 5386 Ana·

2108 401 2643 472 EPISTOLAE
2683 407 3114 475 3852—3853

4490 408 4595 473 528

2656 596 2905 747 {casius
2968 595 3215 681 aliique
3280 595 3407 663 viri
3473 595 3645 662 docti
3711 596 3781 664 iu
3850 595 4113 682 scriptis
4174 593 4316 664 suis
4378 596 4599 681 passim

2687 681 2933 749 aciunt.

2836 773 2934 833 11.
2981 767 3178 850 Quod
3221 767 3303 835 de
3344 768 3760 854 separatione
3793 768 4117 851 repetitur
4156 768 4349 834 iuxta
4388 765 4605 834 doctri·

2656 874 2813 919 nam
2857 853 3101 921 Matth.
3151 860 3251 935 18,
3302 859 3356 918 l.
3399 857 3550 921 Cor.
3600 859 3637 918 5
3682 865 3752 920 et
3793 855 3986 921 Rom.
4040 858 4117 919 16
4170 853 4327 937 (161(1
4382 856 4605 920 sentia·

2655 959 2807 1004 mus
2864 938 3175 1007 diximus.
3268 941 3352 1006 In
3410 961 3534 1007 usu
3599 947 4165 1008 sacramentorum
4219 938 4495 1023 quilibet
4542 961 4607 1006 se

2656 1026 2877 1108 ipsum
2934 1027 3185 1111 probet,
3252 1037 3321 1092 et
3382 1025 3570 1110 impii
3634 1027 3759 1092 sibi
3816 1026 4095 1092 exitium
4159 1035 4436 1092 sumunt
4484 1047 4605 1092 non

2656 1111 2822 1177 aliis.
2906 1112 3145 1178 Anima
3187 1132 3355 1195 quae
3398 1112 3773 1196 peccaverit
3814 1111 4152 1177 morietur.

2837 1201 2933 1262 12.
2978 1197 3174 1279 Quod
3219 1199 3330 1264 alii
3374 1207 3718 1281 quaerunt,
3778 1218 4002 1263 annon
4045 1197 4241 1265 liceat
4282 1198 4444 1282 ipsis
4484 1217 4611 1262 ces-

2658 1292 2848 1348 sante
2891 1284 3161 1350 ecclesia
3210 1286 3281 1349 in
3325 1283 3953 1351 excommunicando
3996 1283 4081 1349 ad
4123 1282 4287 1350 alias
4327 1284 4613 1369 puriores

2658 1367 2965 1435 ecclesias
3008 1370 3292 1436 transire
3334 1383 3477 1447 etc.,
3525 1370 3647 1435 hoc
3669 1391 3805 1435 non
3840 1370 4355 1438 controvertitur
4391 1371 4613 1446 (nemi-

2657 1475 2814 1519 nem
2856 1455 3012 1522 huic
3054 1455 3198 1521 loco
3241 1456 3592 1539 alligamus
3636 1458 3746 1539 qui
3803 1476 4034 1520 omnes
4092 1454 4177 1521 ad
4234 1456 4614 1539 commigra-

2658 1541 2906 1607 tionem
2930 1541 3324 1623 hortamur),
3370 1541 3485 1607 sed
3529 1562 3692 1605 num
3727 1561 3896 1624 quae
3938 1541 4133 1625 culpa
4174 1541 4247 1606 in
4292 1541 4431 1606 illis
4472 1541 4615 1605 hae-

2658 1637 2805 1691 reat
2855 1628 2971 1709 qui
3029 1626 3157 1692 6116
3199 1626 3567 1692 16161616116
3623 1626 3928 1692 destituti
3985 1627 4389 1710 baptismum
4445 1647 4619 1710 prae-

2658 1712 2792 1776 fato
2828 1711 3021 1778 modo
3057 1712 3233 1797 apud
3270 1735 3380 1779 eos
3403 1714 3514 1796 qui
3536 1712 3913 1779 Lutherum
3949 1713 4019 1777 16
4056 1713 4356 1778 doctrina
4390 1734 4619 1779 coenae

2659 1807 2998 1864 sectantur
3040 1811 3495 1882 perceperunt.

2843 1888 2941 1949 13.
3003 1883 3114 1950 Ad
3158 1884 3372 1949 locum
3416 1884 3660 1950 Matth.
3708 1889 3791 1949 23
3835 1883 4052 1951 multa
4107 1882 4502 1950 adferuntur
4548 1885 4623 1950 ad

2660 1971 3040 2035 institutum
3087 1970 3256 2034 nihil
3295 1971 3623 2036 facientia.
3711 1969 3906 2051 Quod
3960 1990 4119 2036 vero
4163 1969 4429 2048 dicitur,
4486 1970 4621 2036 illos

2660 2055 2802 2121 loco
2846 2058 3249 2139 temporibus
3284 2067 3350 2121 et
3373 2057 3670 2139 personis
3711 2056 3917 2123 fuisse
3951 2056 4270 2141 alligatos,
4316 2078 4444 2123 nos
4473 2078 4623 2122 vero

2663 2162 2799 2207 non
2843 2153 2984 2220 616.,
3030 2139 3520 2224 respondemus,
3581 2162 3702 2207 nos
3757 2142 4085 2226 pendente
4126 2164 4349 2212 coram
4401 2155 4626 2210 senatu

2661 2226 2779 2292 lite
2823 2249 2900 2294 ac
2944 2227 3311 2293 ministerio
3356 2236 3581 2293 nostro
3625 2226 3815 2294 nobis
3858 2229 4226 2298 interdictis
4266 2243 4337 2299 et
4382 2234 4529 2301 1666
4566 2241 4629 2296 et

2661 2313 2961 2397 personis
3022 2312 3157 2378 illis
3233 2313 3437 2379 fuisse
3510 2312 3832 2397 alligatos.
3938 2315 4087 2381 Nisi
4163 2319 4344 2384 enim
4432 2321 4629 2385 bonae

2663 2418 2899 2463 causae
2943 2397 3310 2463 desertores
3368 2419 3445 2464 ac
3488 2400 3792 2464 veritatis
3850 2400 4217 2484 proditores
4258 2404 4481 2472 videri
4522 2426 4630 2471 vo-

2663 2483 3033 2561 luissemus,
3079 2485 3427 2549 stationem
3464 2496 3761 2551 nostram
3805 2484 3922 2550 lite
3962 2487 4295 2571 pendente
4330 2491 4631 2559 deserere

2664 2590 2799 2635 non
2860 2571 3209 2652 potuimus.
3293 2567 3556 2636 Deinde
3609 2569 4056 2651 Christianos,
4114 2577 4228 2658 qui
4284 2578 4361 2642 in
4426 2579 4631 2662 aliquo

2668 2654 2991 2721 tolerabili
3035 2664 3224 2722 coetu
3268 2666 3443 2734 sunt,
3488 2657 3559 2720 in
3594 2677 3724 2739 quo
3746 2655 4027 2724 verbum
4069 2671 4261 2727 sonat
4305 2673 4377 2728 et
4422 2686 4633 2732 sacra·

2665 2751 2893 2807 menta
2933 2741 3499 2817 administrantur,
3556 2762 3692 2807 non
3736 2744 3958 2809 minus
4000 2744 4086 2810 ad
4129 2747 4449 2832 baptismi
4495 2772 4635 2834 per-

2667 2826 3035 2911 ceptionem
3080 2827 3338 2911 alligari
3382 2848 3579 2911 quam
3624 2826 3903 2894 Iudaeos
3961 2829 4045 2895 ad
4099 2854 4299 2900 usum
4354 2837 4635 2903 circum·

2666 2913 2950 2979 cisionis.
3028 2913 3386 2979 Praeterea
3426 2914 3569 2978 1666
3612 2914 3858 2979 Μ61111.
3907 2918 3989 2980 23
4033 2938 4166 2984 666
4210 2927 4480 2988 tantum
4530 2921 4635 2988 do-

2668 3009 2854 3065 cetur
2909 2998 3189 3065 Iudaeos
3247 3000 3391 3083 pios
3448 3009 3749 3083 tempore
3803 2999 4058 3069 Christi
4117 3003 4637 3076 Pharisaeorum

2668 3086 3035 3151 ministerio
3093 3106 3231 3150 non
3285 3086 3487 3152 fuisse
3529 3086 3830 3170 pollutos,
3888 3087 4007 3153 sed
4065 3091 4133 3156 in
4191 3113 4447 3175 genere
4503 3097 4637 3179 pios

2667 3171 2997 3237 auditores
3033 3172 3388 3254 impiorum
3413 3193 3577 3254 puro
3612 3171 3977 3240 ministerio
4012 3196 4146 3242 non
4180 3182 4638 3255 contaminari,

2668 3256 2840 3339 quod
2861 3267 2930 3322 et
2950 3262 3211 3323 veteres
3232 3265 3299 3323 et
3332 3257 3727 3324 recentiores
3748 3279 3978 3325 omnes
4012 3282 4274 3329 summo
4308 3286 4638 3335 consensu

2666 3350 3015 3409 testantur.
3099 3341 3294 3423 Quod
3359 3352 3580 3408 autem
3646 3343 3759 3407 alii
3824 3344 4075 3411 cultum
4137 3346 4268 3415 Dei
4336 3362 4641 3437 tempore

2666 3428 2916 3495 Christi
2952 3449 3194 3511 purum
3227 3429 3431 3495 fuisse
3453 3427 3682 3495 dicunt
3704 3430 4085 3513 probatione
4118 3433 4402 3521 indiget.
4472 3440 4641 3505 Nam

2663 3535 2866 3597 quum
2903 3515 3137 3580 vitiata
3177 3514 3376 3580 fuerit
3420 3513 3741 3593 doctrina,
3785 3525 3864 3580 ut
3897 3538 3979 3582 ex
4018 3518 4246 3585 Matth.
4288 3526 4347 3589 5.
4400 3530 4505 3592 15.
4548 3528 4639 3590 16.

2664 3601 2828 3666 Luc.
2882 3604 2953 3663 11
3004 3608 3206 3682 patet,
3262 3620 3468 3683 quum
3509 3598 3792 3683 denique
3835 3600 4069 3669 domus
4110 3607 4444 3677 orationis
4502 3632 4643 3694 sps-

2663 3685 2863 3750 lunca
2905 3684 3240 3751 latronum
3284 3685 3461 3751 facta
3499 3686 3721 3763 fuerit,
3759 3687 3973 3769 qualis
4004 3692 4221 3772 potuit
4254 3714 4411 3762 esse
4434 3696 4641 3762 divini

2663 3770 2883 3838 cultus
2948 3770 3242 3853 puritas?
3329 3769 3466 3837 Sed
3531 3770 3656 3836 hoc
3721 3773 3887 3837 nihil
3954 3774 4038 3840 ad
4102 3798 4276 3843 rem:
4344 3803 4521 3849 nam
4582 3794 4645 3847 et

2665 3856 3030 3940 baptismus
3086 3856 3194 3921 hic
3247 3877 3413 3939 pure
3470 3868 3537 3920 et
3592 3857 3984 3940 simpliciter
4036 3860 4250 3928 forma
4302 3885 4343 3930 a
4392 3868 4645 3935 Bucam

2663 3943 2821 4010 olim
2868 3941 3130 4018 tradita,
3184 3940 3326 4007 siue
3368 3943 3773 4020 exorcismis,
3818 3944 3981 4021 oleo,
4026 3946 4181 4025 sale,
4226 3958 4451 4033 sputo,
4495 3976 4643 4023 sm

2663 4029 2792 4112 piis
2870 4026 3357 4110 precationibus
3434 4029 3810 4112 sanctisque
3880 4030 4468 4106 exhortationibus
4533 4038 4643 4105 ad·

2662 4114 3098 4181 ministratur.
3204 4113 3559 4179 Praeterea
3632 4114 3807 4197 quod
3886 4116 4258 4186 sacerdotes
4325 4121 4644 4193 dicuntur

2662 4200 2870 4266 fuisse
2911 4198 3522 4282 irreprehensibiles
3576 4201 3739 4264 satis
3791 4203 4058 4267 firmum
4101 4226 4235 4270 non
4279 4216 4429 4275 est:
4492 4233 4645 4279 oon·

2663 4294 2797 4353 stat
2853 4286 3031 4351 enim
3076 4305 3187 4350 eos
3230 4283 3573 4350 Christum
3628 4295 4060 4370 persequutos
4116 4290 4339 4373 fuisse,
4400 4317 4645 4381 eosque

2662 4391 2891 4439 omnes
2945 4391 3289 4521 synaggga
3342 4370 3731 4450 exclusisse,
3785 4371 3900 4455 qui
3954 4372 4301 4443 Christum
4355 4383 4643 4450 confusi

2662 4468 2842 4525 sunt.
2929 4455 3148 4537 Quom
3235 4477 3275 4522 o
3329 4456 3534 4542 igitur
3576 4456 3649 4523 hi
3693 4456 3822 4524 dici
3864 4467 4169 4542 poterant
4210 4461 4641 4549 irreprehen-

2660 4542 2929 4612 sibiles?
2996 4542 3226 4620 Porro,
3270 4544 3399 4607 etsi
3442 4563 3523 4608 ea
3562 4543 3696 4608 iam
3739 4565 3874 4610 non
3917 4546 4322 4614 concedatur
4362 4550 4642 4620 libertas

2661 4629 2922 4715 publice
2988 4625 3423 4712 protestandi,
3488 4627 4045 4711 quemadmodum
4125 4633 4195 4697 16
4274 4639 4639 4725 synagogis

2660 4717 2910 4782 factum
2954 4712 3158 4780 fuisse
3200 4714 3314 4779 alii
3366 4722 3689 4795 asserunt,
3743 4723 4054 4799 putamus
4106 4726 4335 4786 tamen
4376 4725 4479 4806 pii
4526 4724 4643 4791 ho-

2660 4802 2860 4869 minis
2894 4800 3360 4868 conscientiam
3396 4800 3559 4865 satis
3591 4802 3883 4951 pulxigari,
3920 4822 4128 4885 quum
4163 4804 4451 4874 liberam
4489 4831 4641 4876 con·

2661 4887 3014 4953 sessionem
3070 4883 3211 4952 edit
3266 4906 3389 4951 nec
3443 4904 3592 4951 eam
3748 4908 3787 4952 6
3843 4889 4048 4954 verbo
4105 4900 4465 4974 retractat,
4524 4894 4643 4962 sed

2660 4981 2950 5039 testatur
2991 4991 3064 5038 se
3108 4982 3332 5054 aperte
3374 4972 3902 5039 coniunctionem
3958 4973 4172 5040 colere
4227 4996 4380 5043 cum
4429 4981 4639 5047 cccle-

2661 5059 2779 5127 siis
2812 5057 2949 5123 illis
2983 5057 3290 5123 omnibus
3310 5078 3478 5140 quae
3512 5058 3692 5124 idem
3724 5061 4042 5138 sentiunt,
4078 5063 4639 5144 quemadmodum

2661 5165 2784 5211 nos
2838 5144 3132 5223 fecimus,
3190 5144 3305 5226 qui
3358 5143 3833 5210 confessionem
3890 5145 4320 5213 ecclesiarum
4363 5149 4639 5217 Galliae

2662 5231 2925 5298 senatui
2989 5238 3214 5294 nostro
3278 5229 3548 5295 nomine
3614 5229 4057 5297 exhibuimffl.
4149 5231 4368 5318 Igitur
4437 5255 4641 5322 argu·

2660 5324 2964 5384 mentum
2998 5336 3082 5381 ex
3104 5314 3345 5381 Matth.
3368 5318 3451 5380 23
3474 5335 3612 5399 cap.
3639 5315 4062 5402 desumptum
4081 5324 4309 5386 manet
4340 5319 4641 5390 fimum.
