4900 6125
611 337 743 403 583

611 523 694 589 in
745 531 1034 591 mentem
1091 523 1317 590 veniat
1373 545 1574 608 quum
1636 523 1882 608 aliquid
1926 544 2010 590 ex
2054 532 2122 589 te
2166 533 2356 608 opto,
2416 523 2582 592 alias

571 635 576 641 ·
613 629 778 676 vero
820 630 1178 692 nunquam.
1250 609 1395 675 Nae
1440 631 1559 694 ego
1604 609 2045 694 negligentiae
2089 610 2205 677 abs
2250 621 2316 675 te
2346 610 2583 676 merito

609 695 912 761 accusari
951 694 1200 778 possim
1236 696 1346 778 qui
1382 696 1576 762 annis
1610 697 1740 761 iam
1777 695 2016 761 abhinc
2050 716 2168 761 sex
2206 695 2585 761 humaniter

615 780 737 845 abs
780 788 845 845 te
888 791 1195 865 acceptus
1238 801 1315 846 ac
1356 781 1583 847 multis
1626 781 1856 847 officiis
1900 780 2274 846 cumulatus
2308 801 2396 846 ne
2429 801 2581 847 ver·

613 865 772 932 bum
819 864 1084 949 quidem
1129 864 1213 931 ad
1257 874 1325 931 te
1360 876 1585 932 tamen
1621 888 1705 933 ex
1741 887 1818 933 eo
1854 875 2166 949 tempore.
2231 865 2582 950 Equidem,

615 964 695 1018 ut
737 951 907 1034 quod
947 973 1055 1018 res
1098 963 1199 1017 est
1239 953 1524 1036 ingenue
1567 953 1802 1032 fatear,
1848 951 2033 1037 (quid
2075 952 2253 1018 enim
2295 951 2585 1019 mentiar

619 1035 796 1119 apud
851 1043 988 1104 tam
1046 1037 1229 1120 pium
1283 1037 1505 1104 virum
1521 1037 1586 1123 2)
1640 1059 1776 1104 non
1834 1058 2102 1123 possum
2146 1036 2351 1103 ullam
2393 1057 2582 1103 meae

618 1123 1090 1190 taciturnitatis
1132 1124 1623 1189 excusationem
1665 1143 1892 1189 veram
1956 1123 2232 1189 adferre.
2323 1124 2581 1189 Verum

618 1208 747 1274 scis
791 1206 949 1291 quid
993 1209 1192 1275 huius
1237 1208 1378 1275 loco
1413 1229 1732 1291 reponere
1765 1208 2264 1276 constituerim?
2330 1208 2581 1275 Multas

618 1303 689 1358 et
742 1294 1126 1376 percrebras
1182 1294 1411 1360 literas
1467 1294 1700 1379 quibus
1744 1304 1811 1360 te
1855 1296 1949 1359 ita
1991 1296 2265 1378 posthac
2307 1295 2580 1361 obruam

616 1391 692 1444 ut
735 1380 1254 1445 taciturnitatem
1301 1381 1587 1463 priorem
1632 1380 1726 1446 sis
1768 1379 2275 1447 desideraturus.

791 1463 927 1532 Sed
972 1474 1045 1530 ut
1087 1466 1172 1531 ad
1215 1464 1283 1529 id
1327 1464 1499 1548 quod
1543 1487 1626 1531 ex
1670 1474 1738 1531 te
1780 1466 1948 1532 scire
2004 1475 2348 1548 tantopere
2391 1466 2581 1549 cupio

616 1551 914 1618 veniam:
969 1550 1204 1616 incidit
1245 1572 1461 1634 nuper
1504 1551 1681 1617 inter
1722 1551 1950 1618 fideles
1993 1554 2313 1635 quosdam
2358 1572 2579 1617 verae·

616 1657 744 1718 que
813 1635 1151 1721 religionis
1222 1636 1546 1703 amanteis
1616 1637 1942 1720 quaestio:
2042 1637 2286 1704 Utrum
2350 1637 2582 1704 liceret

615 1721 796 1787 fideli
853 1719 1186 1789 infidelem
1241 1720 1479 1787 ducere
1538 1722 1857 1788 uxorem?
1948 1723 2115 1788 Erat
2169 1722 2346 1788 enim
2403 1723 2580 1788 inter

614 1827 730 1873 eos
773 1806 1039 1889 quidam
1082 1808 1188 1873 cui
1231 1829 1304 1873 se
1359 1809 1609 1874 occasio
1668 1807 2004 1876 ducendae
2046 1807 2369 1873 eiusmodi
2411 1828 2581 1873 uxo-

615 1895 709 1958 ris
754 1892 1111 1958 obtulerat.-
1152 1914 1483 1977 quumque
1519 1902 1780 1959 caetera
1812 1894 2036 1959 omnia
2068 1893 2165 1958 illi
2203 1893 2577 1972 convenire,

617 1989 686 2044 et
726 1998 944 2043 mores
987 1988 1053 2044 et
1095 1979 1305 2045 forma
1362 1988 1429 2044 et
1482 1981 1784 2045 fortunae
1826 1980 2086 2063 puellae
2101 2031 2118 2058 ,
2175 1978 2578 2057 viderentur,

616 2084 775 2129 vera
818 2074 1041 2129 tamen
1076 2064 1401 2148 evangelii
1436 2065 1722 2148 cognitio
1758 2063 2032 2143 deesset,
2080 2086 2153 2131 se
2187 2064 2359 2130 nihil
2393 2063 2579 2147 prius

617 2157 919 2217 acturum
982 2150 1232 2216 iuravit
1290 2158 1396 2228 (ut
1439 2158 1542 2215 est
1582 2150 1760 2233 pius)
1823 2172 2021 2235 quam
2065 2151 2265 2217 sciret
2305 2170 2468 2215 num
2506 2149 2578 2214 id

616 2234 740 2301 sibi
773 2256 892 2319 per
934 2235 1294 2319 scripturas
1329 2256 1550 2302 sacras
1585 2235 1827 2301 liceret.
1899 2237 2032 2302 Hic
2071 2236 2265 2301 multi
2301 2235 2497 2301 licere
2522 2240 2575 2312 ¹)

613 2319 1069 2387 adfirmabant.
1159 2319 1339 2402 Quid
1386 2320 1607 2386 enim?
1655 2321 1939 2400 aiebant,
1958 2325 2016 2402 2)
2075 2341 2160 2387 an
2206 2322 2254 2385 ii
2298 2341 2575 2387 numero

609 2404 972 2473 infidelium
1020 2415 1179 2471 sunt
1219 2407 1508 2473 habendi
1552 2408 1664 2491 qui
1689 2407 2033 2473 Christum
2069 2408 2328 2474 venisse
2361 2408 2576 2472 faten-

609 2499 723 2557 tur
738 2543 755 2570 ,
819 2492 889 2557 in
934 2493 1477 2575 interpretatione
1522 2501 1782 2558 tantum
1826 2491 2236 2576 quorundam
2284 2491 2573 2558 locorum

610 2575 1053 2644 dissentiunt?
1142 2578 1278 2643 Alii
1337 2579 1685 2662 negabant.
1786 2579 1932 2662 Ego
1988 2598 2145 2645 vero
2208 2577 2276 2643 id
2333 2578 2451 2643 abs
2509 2587 2576 2643 te

613 2671 967 2730 tractatum
1014 2663 1298 2747 quodam
1340 2664 1482 2730 loco
1526 2684 1634 2729 me
1677 2671 1911 2747 putare
1956 2664 2112 2729 dixi.
2187 2663 2578 2730 Arbitrabar

613 2749 794 2814 enim
838 2757 904 2815 te
949 2750 1019 2814 in
1063 2749 1527 2816 commentario
1572 2749 1747 2815 sexti
1788 2751 2023 2833 capitis
2068 2753 2106 2813 2
2154 2750 2236 2814 ad
2273 2748 2573 2814 Corinth.

611 2834 776 2913 fuse,
823 2847 897 2901 ut
940 2835 1119 2901 locus
1158 2834 1494 2919 postulare
1527 2834 1894 2915 videbatur,
1938 2834 2010 2900 id
2053 2834 2364 2901 docuisse.
2438 2832 2576 2900 Sed

612 2920 807 2986 aliter
848 2942 990 2986 rem
1031 2919 1272 2986 habere
1314 2921 1610 2986 intellexi
1664 2920 1776 2986 ubi
1841 2921 2384 2987 commentarium
2423 2941 2574 3003 per-

610 3005 763 3090 legi.
853 3005 1043 3089 Quae
1101 3026 1209 3072 res
1265 3007 1467 3075 efficit
1523 3027 1704 3073 nunc
1746 3015 1822 3073 ut
1865 3007 1982 3074 abs
2025 3014 2091 3074 te
2133 3008 2320 3073 miris
2361 3004 2576 3072 modis

615 3094 969 3178 efflagitem
1015 3114 1099 3158 ne
1142 3093 1438 3176 graveris
1477 3093 1665 3160 nobis
1708 3093 1884 3159 hunc
1919 3114 2227 3176 scrupum
2266 3093 2574 3157 eximere.

612 3178 695 3243 Id
758 3178 931 3262 quod
998 3188 1063 3244 te
1119 3179 1509 3245 effecturum
1563 3178 1752 3245 facile
1807 3198 1892 3244 ex
1947 3200 2025 3244 eo
2088 3179 2360 3246 coniicio
2401 3177 2573 3261 quod

614 3265 947 3330 neminem
1006 3284 1298 3348 unquam
1357 3263 1631 3330 viderim
1689 3265 1800 3348 qui
1843 3285 1915 3329 se
1957 3263 2108 3348 plus
2151 3264 2297 3330 aliis
2341 3273 2572 3329 natum

615 3349 1027 3416 existimaret
1082 3370 1280 3433 quam
1334 3360 1400 3414 te
1458 3371 1684 3416 unum.
1770 3349 1981 3416 Dabis
2038 3351 2243 3435 igitur
2285 3370 2574 3433 operam,

617 3438 675 3501 si
776 3435 967 3513 lacet,
1032 3444 1110 3501 ut
1167 3456 1286 3500 nos
1342 3455 1463 3518 per
1519 3456 1669 3502 eum
1728 3436 1840 3520 qui
1897 3435 1980 3500 ad
2037 3446 2105 3501 te
2162 3435 2284 3501 has
2341 3435 2570 3513 adfert,

612 3543 723 3587 mo
768 3542 808 3586 o
849 3542 968 3604 per
1011 3521 1141 3587 alia
1182 3524 1447 3604 negotia
1488 3520 1825 3586 commode
1868 3520 1936 3585 id
1993 3521 2233 3605 possis,
2292 3521 2447 3603 quid
2493 3519 2574 3586 de

614 3607 741 3673 hac
782 3607 1166 3691 quaestione
1208 3606 1622 3672 sentiendum
1668 3627 1828 3673 vere
1862 3607 1951 3671 sit
1984 3607 2232 3673 doceas.
2304 3607 2574 3672 Efficies

613 3693 794 3760 enim
838 3693 961 3758 hae
1004 3694 1129 3772 via,
1172 3704 1347 3758 certo
1390 3692 1544 3769 scio,
1587 3692 1763 3776 quod
1809 3702 1883 3757 tu
1927 3693 2217 3758 maxime
2251 3693 2454 3776 cupis,
2500 3700 2573 3756 ut

616 3780 743 3845 hac
800 3780 868 3843 in
928 3788 1112 3862 parte
1169 3777 1397 3844 fideles
1440 3800 1575 3843 non
1619 3785 1884 3843 tantum
1941 3778 2064 3844 sibi
2109 3777 2381 3862 posthac
2421 3797 2572 3861 per-

489 3874 496 3883 '
614 3865 884 3930 mittant
925 3885 1121 3948 quam
1165 3864 1462 3930 fecerunt
1503 3863 1797 3947 plerique
1841 3863 2179 3930 hactenus.

787 3949 977 4029 Vale,
1026 3950 1130 4016 vir
1169 3950 1431 4032 optime,
1476 3961 1542 4014 et
1584 3948 1922 4015 ecclesiam
1961 3952 2316 4029 vestram&
2349 3959 2575 4015 nostro

615 4037 885 4102 nomine
949 4035 1008 4101 si
1073 4035 1287 4118 placet
1351 4035 1581 4100 saluta.
1670 4035 1917 4101 Nostra
1958 4057 2146 4115 sane,
2212 4044 2287 4100 ut
2340 4056 2410 4100 se
2453 4035 2574 4101 tibi

663 4122 977 4187 lurimum
1022 4119 1256 4187 debere
1299 4120 1573 4199 fatetur,
1614 4121 1712 4185 ita
1752 4122 1951 4186 etiam
1996 4142 2189 4187 suum
2238 4118 2576 4191 Calvinum

664 4208 734 4273 iu
778 4208 1201 4290 superstitem
1246 4216 1441 4288 atque
1481 4205 1881 4272 incolumem
1924 4207 2062 4272 fore
2104 4214 2289 4291 optat
2331 4214 2398 4272 et
2431 4226 2576 4291 pre-

617 4302 825 4361 catur.
912 4292 1222 4359 Lutetiae
1266 4298 1325 4356 4.
1370 4290 1711 4358 Kalendas
1755 4292 2055 4358 Martias.
2074 4296 2133 4375 ⁴)

791 4376 942 4459 Quo
985 4379 1053 4443 in
1097 4388 1276 4444 statu
1320 4377 1455 4443 sint
1496 4377 1605 4443 hic
1648 4398 1757 4442 res
1808 4398 2037 4443 omnes
2081 4396 2214 4443 non
2258 4397 2578 4462 gravarer

617 4464 1052 4546 perscribere,
1120 4464 1247 4529 nisi
1317 4472 1386 4529 et
1440 4484 1558 4529 vos
1614 4463 1748 4527 iam
1809 4463 2010 4548 probe
2063 4483 2293 4528 omnes
2350 4472 2578 4528 tenere

620 4549 1086 4629 existimarem,
1131 4561 1199 4614 et
1241 4550 1297 4615 si
1339 4547 1497 4633 quid
1542 4558 1881 4632 praeterea
1922 4547 2378 4616 desiderabitis
2415 4549 2580 4614 satis

613 4957 814 5014 4208.
833 4957 894 5021 1)
930 4957 1140 5011 licitum
1173 4955 1248 5013 L.

826 5024 863 5079 2
920 5026 1176 5080 dicebant
1215 5025 1286 5080 L.

826 5093 862 5148 3
922 5111 1107 5149 veram
1144 5093 1213 5147 L.

827 5163 863 5217 4
929 5165 1080 5219 Anni
1113 5163 1336 5219 omnino
1370 5163 1583 5219 incerti.

2133 333 2665 404 EPIS'I'OLAE
2704 337 3128 404 4268-4271

4486 341 4579 406 tt«

2682 525 3094 677 ῗῗωῖῗηφιέι
3121 524 3245 591 has
3303 524 3549 607 adfert,
3607 525 3973 612 intelligere
4024 545 4216 610 posse
4267 525 4581 598 arbitrtu.

2982 632 3022 679 v
3092 631 3148 676 e.

2932 747 3063 814 'rui
3105 747 3597 816 amantissimus
3639 746 3889 901 tikiqge
3932 747 4587 836 obsequentissimum

2854 1038 3224 1107 Medicinae
3242 1038 3301 1123 ⁶)
3357 1048 3685 1123 quantum
3728 1060 3997 1124 possum
4038 1060 4309 1125 operam
4350 1061 4503 1106 navo
4534 1051 4590 1104 ut

2680 1125 2911 1279 §aare
2967 1125 3307 1192 vobiscum
3364 1124 3546 1192 brevi
3602 1147 3754 1192 eum
3807 1125 4025 1210 aliquo
4083 1128 4369 1210 proximi
4418 1127 4589 1193 froeu

3462 1504 3876 1519 ———

3548 1756 3748 1828 4269.

2990 1911 3560 1979 AUBE'PERRE
3586 1910 3638 1997 ι)
3682 1914 3746 1977 A
3791 1909 4326 1979 common.

2853 2080 4597 2166 Izsollicitelacompayniedeprocedermdad

2676 2168 2720 2233 ὰ
2760 2168 3069 2234 Pexamen
3109 2169 3265 2234 d’un
3306 2169 3606 2236 candidat
3645 2167 3917 2235 reclame‘
3947 2189 4080 2250 par
4117 2188 4244 2234 une
4286 2168 4483 2251 &yle-se.

2674 2338 3059 2409 (Autographe
3087 2339 3158 2393 de
3204 2340 3259 2393 la
3294 2337 3682 2407 Bibliotheque
3698 2339 3768 2392 de
3803 2337 4041 2393 Geneve.
4077 2337 4196 2393 Vol.
4226 2336 4349 2405 197,
4382 2339 4467 2392 fol.
4488 2335 4599 2400 lm)

3074 2511 3139 2575 A
3184 2510 3525 2577 Monsieur
3564 2509 3909 2576 Monsieur
3950 2507 4268 2576 Ooladon.

2853 2680 3215 2760 Monsieur,
3259 2680 3379 2747 Mt.
3418 2679 3644 2746 Calvia
3682 2701 3793 2745 me
3827 2680 3958 2746 dist
3999 2681 4097 2745 ier
4127 2700 4259 2764 que
4291 2679 4513 2745 ialasse
4539 2677 4601 2742 dn

2679 2785 2832 2832 vers
2872 2786 3042 2833 vous
3084 2785 3254 2850 pour
3292 2786 3459 2834 vous
3513 2767 3692 2850 prier
3750 2765 4019 2830 danrole
4073 2787 4165 2830 un
4221 2765 4462 2833 ecolier
4508 2761 4600 2827 du·

2678 2850 2831 2936 quel
2872 2851 2938 2917 ie
2978 2851 3099 2936 luy
3142 2872 3228 2936 ay
3271 2850 3455 2936 parle
3497 2873 3664 2935 pour
3707 2850 4007 2917 lanvoier
4048 2851 4358 2918 ministre
4400 2871 4479 2917 en
4506 2867 4599 2914 nu

2679 2936 2955 3003 cartiers
3008 2939 3070 3003 ie
3127 2938 3305 3004 fusse
3363 2937 3466 3003 ale
3520 2938 3619 3002 ier
3661 2937 3743 3002 de
3786 2956 3938 3002 vers
3980 2956 4149 3002 vous
4191 2937 4367 3003 mais
4406 2956 4487 3001 on
4521 2955 4599 3000 ns

2680 3019 2813 3089 dict
2867 3042 2995 3107 que
3052 3041 3219 3089 vous
3282 3024 3481 3091 esties
3533 3020 3792 3089 malade
3832 3032 3904 3088 et
3943 3042 4140 3106 parce
4182 3019 4599 3103 cauiourdhuy

2675 3110 2739 3175 ie
2796 3130 2882 3174 ne
2940 3110 3080 3175 suis
3133 3110 3323 3194 point
3376 3109 3539 3176 sorti
3595 3107 3678 3175 de
3718 3107 3786 3174 la
3828 3107 4136 3175 chambre
4193 3129 4235 3173 a
4279 3129 4471 3174 cause
4504 3126 4600 3191 qm

2675 3195 2788 3279 iay
2830 3202 2969 3261 este
3011 3196 3240 3280 seigne
3280 3195 3392 3281 iay
3435 3195 3587 3261 bien
3632 3194 3834 3260 voulu
3877 3215 4039 3260 vous
4084 3195 4327 3260 envoie
4368 3215 4441 3261 ce
4470 3192 4600 3277 pe&

2676 3288 2818 3345 mot
2873 3301 3039 3364 pour
3092 3302 3260 3347 vous
3311 3281 3561 3364 suplier
3623 3280 4076 3346 humblement
4118 3281 4461 3346 monsieur

2676 3387 2842 3433 vous
2898 3365 3103 3450 plaise
3160 3373 3400 3433 mettre
3459 3364 3625 3432 dans
3677 3372 3901 3433 vostre
3954 3366 4183 3451 papier
4239 3366 4310 3431 le
4372 3386 4497 3431 non
4533 3362 4597 3427 dn

2674 3472 3087 3536 personnage
3131 3451 3299 3517 donc
3341 3460 3442 3519 est
3482 3452 3786 3536 question
3829 3452 3962 3516 afin
4000 3471 4123 3517 cau
4167 3453 4456 3535 premier
4487 3451 4599 3514 ium

2675 3537 2726 3602 il
2784 3538 3010 3621 puisse
3059 3557 3374 3621 proposer
3431 3537 3513 3603 de
3570 3545 3737 3602 vant
3793 3557 3956 3602 vous
4011 3547 4081 3602 et
4123 3537 4477 3603 messieurs
4510 3552 4599 3599 vm

2674 3642 3122 3707 compagnons
3184 3644 3351 3689 vous
3415 3624 3714 3706 suplians
3780 3621 4091 3689 derechef
4148 3623 4486 3689 monsieur
4536 3617 4597 3683 d·

2676 3716 2820 3775 tout
2873 3728 2948 3774 ce
3003 3729 3132 3791 que
3187 3706 3381 3775 desus
3437 3717 3507 3774 et
3562 3716 3751 3774 outre
3806 3729 3935 3792 que
3988 3709 4160 3773 feres
4202 3728 4345 3773 une
4388 3709 4597 3774 heum

2675 3801 2811 3860 tres
2873 3793 3235 3860 cheritable
3300 3814 3464 3860 vous
3526 3793 3917 3878 mobligeres
3971 3815 4012 3859 a
4073 3793 4313 3860 iamais
4374 3814 4417 3859 a
4468 3809 4595 3856 m

2673 3880 2839 3944 faire
2884 3878 3137 3945 service
3179 3879 3242 3945 le
3301 3879 3455 3964 quel
3496 3879 3559 3944 ie
3601 3899 3769 3945 vous
3811 3879 4103 3965 randray
4146 3888 4337 3945 toute
4378 3899 4481 3943 ma
4512 3876 4595 3939 vie

2676 3964 2758 4030 de
2816 3963 3031 4030 bonne
3088 3964 3398 4045 affection
3438 3984 3605 4031 vous
3648 3972 4033 4048 presantant
4072 3985 4158 4031 en
4200 3985 4279 4030 ce
4320 3966 4451 4030 lieu
4487 3979 4595 4026 nu

2674 4049 2979 4116 humbles
3035 4049 3711 4117 recommandassions
3764 4069 3804 4114 a
3856 4058 4081 4116 vostre
4136 4050 4363 4116 bonne
4412 4064 4597 4134 granu

2678 4144 2746 4201 et
2800 4136 3012 4218 suplie
3070 4135 3134 4200 le
3177 4134 3508 4221 Seigneur
3549 4136 3893 4202 Monsieur
3943 4156 4110 4203 vous
4162 4157 4205 4202 a
4256 4136 4491 4203 moine
4535 4129 4597 4194 dn

2677 4220 2826 4306 plus
2870 4240 2976 4287 ses
3017 4221 3303 4287 sainctes
3343 4221 3804 4287 benedictione.

2852 4306 3223 4385 Monsieur‚
3287 4306 3553 4372 lecolier
3605 4306 3737 4373 don
3790 4307 3854 4372 ie
3906 4326 4075 4372 vous
4123 4307 4335 4373 escris
4393 4300 4595 4387 sepe&

2680 4394 3019 4458 monsieur
3060 4389 3143 4458 de
3186 4394 3485 4473 Ζεεέαποῖ)
3529 4401 3597 4458 et
3638 4391 3786 4477 loge
3828 4412 3917 4459 au
3952 4412 4107 4476 pres
4146 4391 4228 4458 de
4274 4412 4437 4459 vous
4472 4386 4596 4454 cho

2680 4478 2845 4545 Msr.
2904 4477 2985 4544 de
3042 4479 3109 4544 la
3149 4478 3486 4546 barsonnoe
3542 4478 3605 4543 ie
3660 4498 3827 4544 vous
3890 4480 4031 4561 prie
4086 4498 4194 4543 me
4250 4475 4513 4543 mandet
4552 4490 4594 4535 ι

2887 4767 2923 4821 5
2983 4767 3492 4850 obsequiosissimus
3524 4765 3597 4823 L.

2683 4904 2876 4959 sace.
2897 4903 2955 4970 1)
2982 4835 3438 4974 ’ὅθέεωριέιὶειη
3480 4904 3529 4959 ιι
3558 4904 3935 4972 namma
3965 4902 4101 4958 aaut
4131 4903 4177 4959 α
4209 4918 4251 4958 α
4280 4900 4363 4985 εις

2679 4976 2963 5099 Ξῐρνὲἷθοε
2995 4973 3074 5029 ἀοι
3108 4974 3187 5029 Ν.
3226 4971 3380 5027 1⁷45.
3415 4970 3602 5042 Gon-p.
3641 4971 3723 5029 N.
3760 4970 3913 5027 1496.
3976 4971 4031 5027 V
4187 4986 4345 5027 ου.
4374 4970 4423 5024 k

2889 5106 4497 5249 mvnmmffwdimdehmkoergam-

4534 4898 4545 4907 n

4391 4902 4593 5022 ti

4366 5104 4587 5168 ff

2685 5178 2911 5319 {w
2935 5176 4069 5318 mermi-155⁴·

4148 5872 4754 6038 Α
