4900 6125
271 401 449 480 ‚485

328 592 408 658 de
449 589 598 673 plus
638 609 724 654 en
768 588 919 674 plus
962 609 1003 654 a
1044 610 1163 656 son
1209 590 1511 657 honneur
1567 599 1637 654 et
1679 587 1888 673 gleire
1928 597 1997 654 et
2040 587 2121 655 de
2167 608 2289 655 vos

327 677 529 744 ireres
570 674 769 742 aussi.
838 672 938 741 Oe
978 681 1038 740 4.
1085 674 1381 743 d'Aoust.
1452 673 1559 741 De
1601 675 1889 742 Lavaur.
1918 676 1975 755 ²)

1192 811 1434 879 Vostre
1477 810 1747 878 humble
1791 812 2118 879 serviteur

1460 898 1536 963 Τ.
1582 898 1810 964 Barta.

1203 1411 1406 1483 42⁰8.

321 1564 839 1634 GRENEYUS
875 1570 926 1644 ¹)
991 1564 1480 1634 MINIS'PRJS
1540 1564 2287 1634 GENEVENSIBUS.

497 1737 999 1825 Bao-demumst
1038 1737 1293 1806 ecclesia
1324 1758 1451 1822 pro
1485 1743 1756 1821 tempore
1787 1738 2082 1823 dispersa
2115 1738 2292 1822 apud

323 1822 742 1893 &saionem
782 1828 1075 1892 ver-saiw
1092 1876 1108 1904 ,
1153 1823 1382 1907 quibus
1422 1829 1495 1890 ut
1536 1825 1733 1890 misso
1763 1829 2024 1907 pastore
2064 1825 2293 1893 melius

305 1912 756 1995 prospiciatur
798 1913 981 1978 enixe
1020 1916 1215 1996 royac.

648 2080 762 2149 (Ex
796 2081 1139 2152 autogr-pho
1168 2080 1298 2136 Cod.
1325 2079 1533 2135 Genev.
1571 2079 1719 2150 127⁸,
1751 2080 1844 2137 fol.
1879 2079 1958 2149 7.)

598 2250 1241 2319 Observandissimis
1282 2252 1354 2317 in
1401 2250 1670 2319 Ohristo
1714 2252 2032 2337 patribus.

310 2422 740 2491 Reverendis
784 2424 854 2489 in
891 2420 1160 2489 Christo
1204 2421 1502 2506 patribus
1547 2424 1758 2508 gratia
1795 2432 1864 2490 et
1898 2445 2029 2510 pax
2073 2445 2114 2490 a
2147 2422 2292 2491 Deo

1001 2519 1336 2575 servatore
1379 2517 1624 2576 nostro.

495 2644 873 2713 Sebastiani
919 2644 1105 2712 ducis
1147 2645 1352 2711 furias
1403 2646 1618 2711 evasit
1661 2646 2071 2713 Athanasius
2111 2647 2291 2731 psal-

303 2731 501 2800 lente
545 2729 791 2816 populo
835 2731 990 2815 quia
1030 2729 1479 2798 misericordia
1520 2729 1652 2796 Dei
1692 2741 1920 2797 manet
1961 2732 2033 2799 in
2077 2739 2291 2800 aeter-

303 2840 503 2885 num.
592 2815 708 2884 Sic
751 2837 872 2882 nos
915 2815 1240 2901 singulari
1283 2816 1412 2882 Dei
1462 2816 1880 2901 providentia
1920 2826 1989 2884 et
2031 2818 2287 2886 miseri·

301 2901 566 2980 cordia,
609 2923 817 2986 quum
857 2903 929 2968 in
972 2922 1191 2969 casses
1232 2902 1585 2987 impiorum
1627 2902 2118 2983 incidissemus,
2185 2906 2288 2970 in-

301 2999 460 3057 star
541 2987 772 3076 Elysei
847 2987 1363 3055 caecutientibus
1438 2987 1833 3055 adversariis
1898 2991 2144 3058 nostris
2221 3000 2290 3057 et

300 3076 672 3162 vertiginis
707 3076 945 3160 spiritu
983 3075 1307 3159 percussis
1342 3075 1739 3160 aufugimus,
1779 3075 1912 3143 illis
1948 3098 2031 3143 ne
2052 3075 2286 3161 pedem

298 3162 586 3247 quidem
629 3160 772 3228 loco
814 3160 1252 3228 moventibus.
1341 3159 1594 3243 Quater
1636 3162 1769 3228 iam
1807 3162 1877 3229 in
1917 3164 2098 3230 vitae
2155 3164 2287 3231 dis-

295 3248 600 3316 crimine
654 3255 959 3313 versatus
1015 3267 1198 3325 sum,
1265 3245 1382 3313 sed
1427 3267 1533 3315 me
1576 3247 1762 3314 Deus
1819 3269 1943 3314 sua
1999 3248 2288 3316 bonitate

292 3333 593 3418 eripuit,
662 3331 839 3398 unde
894 3333 1096 3399 etiam
1151 3331 1250 3397 illi
1306 3352 1518 3399 meam
1565 3333 1634 3398 in
1678 3332 2012 3419 integrum
2057 3356 2285 3401 voveo.

293 3421 534 3489 Porro
576 3439 785 3503 quum
828 3418 1248 3503 Burdegalae
1482 3440 1551 3484 m
1588 3419 1956 3502 dispersum
1992 3419 2286 3488 viderem

291 3528 390 3573 ex
443 3505 780 3571 sententia
823 3503 1137 3572 ecclesiae
1179 3502 1263 3570 ad
1316 3509 1389 3569 16
1432 3503 1572 3570 dies
1615 3506 1874 3583 recessi,
1919 3504 2128 3574 donec
2160 3507 2287 3572 mi-

292 3601 529 3659 tescat
571 3591 862 3657 hostium
921 3589 1153 3656 rabies.
1243 3587 1457 3674 Spero
1510 3592 1717 3667 enim,
1773 3590 2089 3675 quidquid
2147 3613 2287 3659 mo-

289 3678 519 3745 liatur
562 3675 806 3756 Satan,
865 3676 1406 3761 persequutiones
1448 3676 1853 3761 irrigationis
1896 3688 1964 3742 et
2016 3678 2287 3744 seminis

289 3765 532 3831 instar
586 3782 849 3847 semper
897 3761 1407 3829 foecundaturas
1442 3762 1801 3830 ecclesiam.
1882 3763 1945 3828 N
1949 3784 2081 3829 unc
2115 3764 2287 3830 inter

289 3849 730 3918 Oastiloneos
747 3850 806 3927 2)
866 3847 1034 3933 dego
1076 3849 1219 3931 qui,
1291 3868 1494 3930 quum
1553 3869 1712 3947 erga
1767 3848 2094 3934 synodum
2152 3849 2285 3916 iam

287 3937 410 4003 bis
475 3945 748 4001 strenue
805 3932 1021 4002 officio
1079 3954 1198 4000 suo
1257 3934 1548 4000 defuncti
1607 3944 1776 4015 smt,
1833 3944 1910 4000 ut
1952 3946 2284 4019 pastorem

289 4022 697 4089 obtinerent
809 4043 922 4088 rae
986 4021 1263 4106 penuria
1328 4041 1367 4085 a
1431 4019 1619 4086 vobis
1683 4040 1874 4103 opem
1935 4041 2284 4104 exposcere

286 4117 661 4193 eoguntur.
759 4042 945 4173 &ate
1008 4128 1082 4171 er
1228 4106 1547 4172 famelicis
1618 4106 1853 4172 ovibus
1930 4107 2283 4190 suppetias,

341 4204 517 4259 tout
558 4192 888 4259 Dominus
931 4211 972 4256 a
1016 4213 1097 4257 vo
1141 4192 1199 4257 is
1242 4192 1430 4257 velut
1473 4214 1556 4258 ex
1601 4191 1810 4257 altera
1853 4192 2059 4258 Sione
2102 4193 2282 4258 rivu-

315 4301 404 4346 os
457 4298 615 4344 suos
658 4278 813 4343 facit
856 4276 1173 4343 diffluere.
1262 4276 1415 4342 Non
1458 4278 1586 4343 erit
1624 4277 1856 4342 irritus
1900 4278 2008 4344 hic
2051 4279 2280 4362 optimi

283 4364 603 4451 pastoris
655 4362 868 4441 labor,
923 4361 1245 4446 siquidem
1305 4362 1623 4427 exuberat
1674 4382 1901 4447 seges:
1969 4364 2158 4429 cuius
2217 4373 2284 4429 et

281 4472 429 4518 nos
480 4447 693 4514 indies
736 4469 964 4515 sumus
1007 4447 1250 4515 oculati
1295 4456 1526 4523 testes,
1583 4448 1894 4514 maiorem
1939 4458 2283 4533 sperantes

285 4577 326 4583 —.
379 4576 474 4583 „⁶-
529 4573 724 4580 ——-

523 4634 587 4703 2)
626 4635 686 4727 ᾳ.
731 4635 988 4700 Rabona,
1026 4634 1175 4717 Hjst.
1212 4634 1291 4691 du
1321 4641 1466 4704 prot.
1506 4635 1652 4719 dans
1687 4635 2018 4721 l'Albn'qeois.
2037 4638 2104 4692 P.
2144 4637 2282 4694 1873

275 4704 2280 4857 213⁶...ixxzstfflsszgffi‘ffl‘ffiriuraffsshztffissrztzt:

277 4846 364 4901 de
383 4842 758 4899 Montauban.
811 4843 889 4897 Le
919 4844 1171 4898 ministre
1198 4844 1252 4898 J.
1272 4842 1541 4897 Oonstant
1568 4844 1645 4897 lm
1678 4843 1908 4897 succede
1940 4845 1993 4900 le
2014 4844 2096 4899 12.
2117 4844 2278 4901 Fevr.

281 4910 452 4969 1562
474 4918 534 4966 et
548 4929 582 4981 y
616 4911 836 4965 installs
859 4912 898 4966 J
901 4929 1002 4966 ean
1027 4912 1298 4968 Fontaine
1333 4927 1542 4966 comme
1560 4916 1803 4982 pssteur.
1855 4912 1913 4967 11
1927 4929 2069 4968 nous
2080 4917 2280 4984 paruit

364 4980 1167 5050 obablequeceBmhefia
1211 4981 1460 5036 lemene
1501 4980 1822 5051 qaeBana
1865 4987 1916 5036 st
1962 4982 2280 5040 Punicae

389 5049 563 5105 kun
592 5050 786 5173 ραὶιαίε
818 5049 1014 5106 έεαὺὶίσ
1039 5050 1260 5132 pas-la.
1314 5050 1399 5105 Lo
1432 5065 1559 5104 nos·
1593 5048 1660 5104 dc
1678 5049 1864 5105 Bar-to
1894 5067 1964 5106 ue
1996 5066 2055 5107 se
2088 5058 2279 5108 vom

269 5186 718 5323 mnf&
749 5257 850 5313 1·oe
881 5228 1161 5312 αεωόεαι
1196 5254 1274 5311 N.
1310 5254 1466 5310 3286.
1501 5254 1658 5338 ³⁴⁷}-

521 5326 581 5392 2)
620 5324 922 5383 amalos
957 5341 1056 5380 ειη·
1088 5326 1146 5382 la
1181 5322 1485 5394 Dor-ame
1514 5324 1834 5394 (Grande).

1954 396 2740 468 SUPPLEMENTUM.

4229 406 4359 470 486

2388 587 2448 654 si
2512 586 2621 655 hic
2675 584 2848 653 fidus
2903 592 3127 670 pastor
3179 604 3219 651 a
3277 585 3467 653 vobis
3517 605 3640 671 per
3693 587 3872 656 hunc
3887 640 3904 669 ,
3971 589 4084 673 qui
4127 595 4233 657 est
4274 611 4361 658 ex

2389 679 2628 739 senatu
2669 671 2938 738 illorum
2980 671 3433 750 ecclesiastico,
3478 672 3803 740 mittatur.
3891 671 4091 757 Quod
4133 682 4204 743 et
4241 698 4361 744 vos

2389 758 2681 826 facturos
2739 756 2884 824 Deo
2949 757 3149 824 dante
3202 778 3563 842 speramus.
3637 758 3919 826 Interim
3976 781 4099 829 nos
4156 761 4359 830 etiam

2389 853 2587 929 atque
2622 844 2821 911 etiam
2855 844 3161 927 precibus
3194 845 3436 911 vestris
3477 843 4034 926 commendamus,
4076 868 4362 932 quarum

2390 931 2712 998 hactenus
2755 930 3045 997 fructum
3090 950 3254 997 sane
3297 950 3498 1014 quam
3540 931 3910 996 maximum
3954 934 4216 1018 experti
4250 955 4361 1001 su·

2391 1037 2560 1083 mus.
2603 1016 2859 1095 Valete,
2882 1016 3283 1082 ornatissimi
3305 1023 3376 1082 et
3393 1016 3976 1085 observandissimi
3996 1019 4068 1085 in
4087 1018 4362 1087 Christo

2391 1109 2634 1186 patres,
2680 1122 2927 1185 vosque
2968 1099 3299 1170 Dominus
3334 1102 3404 1168 in
3450 1109 3551 1169 tot
3592 1103 4018 1171 ecclesiarum
4061 1105 4364 1173 aedifica-

2393 1188 2638 1255 tionem
2683 1208 2881 1274 quam
2925 1185 3299 1255 diutissime
3342 1198 3567 1255 servet
3605 1189 3984 1257 incolumes.
4003 1192 4062 1271 ⁸)

2747 1324 3400 1409 obsequentissimus
3433 1332 3503 1391 et
3535 1324 3622 1392 ad
3655 1328 3876 1393 omnia
3907 1328 4363 1411 paratissimus

3241 1409 3604 1497 discipulus
3647 1421 3872 1479 vester

3023 1495 3409 1564 Philbertus
3453 1496 3560 1564 De
3599 1498 3668 1564 la
3709 1499 4089 1567 frementes.

3279 2042 3485 2114 42⁰9.

3016 2197 3265 2264 BEzA
3302 2196 3737 2266 OALVINO.

2573 2368 2901 2436 Nonnulla
2944 2368 3143 2435 tradit
3186 2369 3273 2435 αᾱ
3313 2369 3504 2436 initia
3547 2368 3697 2436 belli
3733 2370 3943 2438 civilis
3966 2373 4365 2454 ΡαῠίκΜία.
4500 2457 4513 2474 ⁶

2394 2541 2507 2608 (Ex
2560 2556 2631 2594 au
2793 2541 2904 2610 pho
2939 2538 3073 2595 cod.
3112 2539 3278 2596 Goth.
3329 2538 3464 2602 404,
3517 2540 3613 2596 fol.
3667 2539 3787 2595 ⁵122.
3840 2570 3909 2581 —
3961 2542 4132 2597 Liebc
4179 2562 4232 2614 p.
4270 2544 4369 2612 943

2395 2609 2822 2665 Bretschnsider
2872 2626 2924 2680 p.
2981 2607 3111 2676 1233
3185 2609 3384 2664 Simler
3436 2608 3500 2661 V.
3558 2608 3675 2664 104.
3758 2610 3960 2664 Exstat
4011 2629 4229 2682 quoque
4279 2632 4351 2686 ap

2393 2678 2664 2750 cypri-n,
2696 2678 2858 2750 ωηο
3063 2694 3127 2732 01·
3162 2677 3484 2733 natm-riom
3520 2693 3626 2732 von
3664 2678 4042 2817 Vmffiff'inf
4076 2682 4178 2737 der
4210 2655 4371 2739 Pro(

2740 2746 2966 2804 Franks.
3035 2745 3900 2816 mp.240.or.13mm11.6
3970 2790 3983 2804 .

2984 2917 3223 2985 Oarolo
3267 2918 3564 2986 Passelio
3608 2939 3776 2986 meo.

2566 3089 2638 3158 S.
2727 3091 2875 3157 Iam
2933 3090 3189 3175 pridem
3250 3091 3504 3157 invitus
3548 3098 3763 3171 taceo,
3821 3101 3890 3159 et
3930 3113 4110 3161 nunc
4151 3114 4362 3180 pauca

2392 3177 2606 3245 scribo
2621 3228 2637 3255 ,
2703 3176 3014 3262 quoniam
3072 3176 3264 3242 aliter
3305 3177 3449 3244 fieri
3492 3197 3622 3243 non
3668 3184 3900 3262 potest.
3990 3178 4200 3247 Recte
4243 3179 4360 3247 ad·

2391 3263 2522 3331 huc
2565 3265 2802 3330 omnia.
2889 3261 3246 3346 Oopiosum
3290 3270 3359 3328 et
3400 3261 3697 3329 validum
3743 3265 4112 3348 equitatum
4157 3265 4359 3333 habe-

2390 3370 2559 3416 mus.
2649 3348 2921 3415 Pedites
2978 3355 3138 3414 sunt
3181 3347 3500 3416 tardiores
3542 3350 3855 3432 quoniam
3914 3350 4146 3434 procul
4202 3352 4360 3419 mit-

2391 3444 2626 3501 tuntur
2641 3486 2656 3515 ,
2726 3434 2843 3501 sed
2900 3433 3102 3500 simul
3161 3442 3357 3518 atque
3409 3455 3565 3518 pars
3630 3434 3978 3504 advenerit
4032 3448 4213 3505 recta
4271 3437 4357 3505 ad

2389 3520 2645 3587 hostem
2697 3540 3066 3606 pergemus.
3154 3519 3341 3585 Nihil
3400 3540 3604 3604 aeque
3661 3542 3785 3588 nos
3841 3530 4107 3608 torquet
4158 3533 4357 3609 atque

2388 3607 2699 3673 ecclesiae
2742 3605 2969 3673 sordes
2988 3657 3003 3683 ‚
3071 3625 3156 3671 ne
3201 3606 3358 3690 quid
3401 3606 3700 3691 asperius
3743 3607 3974 3675 dicam.
4064 3610 4357 3677 Excurri

2390 3692 2792 3778 Andegavos
2819 3696 2868 3772 ¹)
2934 3712 3142 3774 usque
3206 3692 3440 3775 capitis
3586 3692 3816 3760 riculo.
3904 3694 4035 3760 Vel

2387 3779 2494 3845 vel
2553 3778 2721 3844 nihil
2780 3777 2998 3862 potius
3040 3777 3303 3860 profeci.
3395 3777 3487 3845 Se
3575 3778 3645 3843 in
3692 3778 4030 3847 diruendis
4073 3782 4207 3849 aris
4249 3784 4353 3849 in-

2387 3863 2720 3931 credibilis
2777 3865 3099 3947 impetus,
3158 3883 3352 3946 quem
3408 3885 3493 3929 ne
3552 3864 3660 3930 hic
3715 3865 3977 3949 quidem
4032 3868 4351 3951 impedire

2386 3949 2529 4016 ulla
2583 3951 2836 4016 ratione
2883 3951 3237 4033 potuimus.
3261 3951 3319 4032 ²)
3403 3949 3581 4015 Deni
3627 3970 3715 4015 ue
3767 3953 3990 4019 omnia
4044 3962 4203 4020 sunt
4244 3975 4350 4020 re-

2384 4045 2586 4120 pente
2626 4037 2992 4114 immutata,
3039 4044 3115 4100 ut
3158 4054 3427 4120 prorsus
3471 4034 3557 4101 ad
3645 4058 3722 4103 oc
3756 4038 4202 4121 spectaculum
4236 4040 4351 4107 ob-

2384 4132 2777 4206 stupescam,
2814 4122 3122 4206 quoniam
3161 4142 3246 4186 ne
3279 4130 3545 4188 centum
3583 4122 3844 4205 quidem
3881 4125 4070 4191 annis
4108 4125 4348 4205 hostes,

2385 4208 2646 4275 etiamsi
2690 4215 2915 4273 essent
2957 4206 3240 4273 victores
3259 4258 3275 4285 ,
3330 4227 3409 4273 ea
3450 4216 3721 4291 possent
3762 4210 4136 4277 instaurare
4179 4232 4352 4295 quae

2385 4293 2666 4359 duarum
2722 4294 3031 4360 horarum
3094 4292 3277 4358 labor
3320 4293 3427 4360 vel
3471 4293 3543 4358 in
3584 4293 3711 4359 hac
3752 4315 3887 4360 una
3920 4295 4083 4361 urbe
4126 4296 4349 4377 diruit,

2383 4388 2645 4444 tantum
2701 4380 2885 4445 abest
2941 4387 3015 4444 ut
3072 4377 3413 4445 meliorem
3472 4400 3663 4446 suam
3707 4378 4144 4448 conditionem
4189 4384 4348 4450 effe-

2381 4464 2615 4532 cerint.
2700 4464 2976 4532 Utinam
3031 4464 3284 4531 utinam
3327 4484 3587 4549 possem
3633 4465 3715 4532 ad
3762 4476 3829 4531 te
3869 4467 4135 4535 mittere
4177 4490 4346 4553 quae

2382 4551 2489 4616 his
2532 4549 2761 4617 diebus
2805 4551 2979 4616 ultro
3020 4550 3315 4633 citroque
3348 4550 3526 4618 dicta
3560 4552 3733 4619 facta
3774 4559 3843 4617 et
3883 4554 4128 4639 scripta
4166 4566 4344 4621 sunt.

2382 4635 2517 4704 Sed
2563 4656 2695 4702 non
2741 4656 3005 4720 possum
3052 4636 3119 4701 in
3165 4636 3299 4703 ista
3340 4637 3595 4703 viarum
3632 4635 3989 4717 obsidione,
4034 4643 4346 4724 quoniam

2585 4910 2782 4993 321?ae
2829 4907 3073 4978 epistolis
3118 4908 3278 4963 modo
3324 4909 3571 4966 ὶαυᾶαείε
3615 4910 3830 4982 colliqes
3873 4911 4097 4968 hence.
4132 4929 4343 4970 mm

2377 4980 2980 5117 &dommi
3024 5043 3177 5099 1562.
3244 5046 3456 5113 (Bau-
3504 5047 3572 5102 11.
3617 5046 3721 5102 607
3768 5064 3839 5103 ω.
3902 5048 4051 5106 Hm.
4100 5053 4222 5107 ced.
4268 5052 4339 5108 11.

2195 5120 2280 5178 Lo
2375 5118 2463 5173 22.
2498 5116 2619 5173 547.
2677 5114 2841 5172 ue...
2877 5114 2945 5171 de
2984 5114 3169 5171 eoo-ae
3204 5114 3276 5173 11.
3309 5113 3458 5183 359.)

2585 5183 4325 5313 2)Fadaatuthoeeadulciooendascaedesssotowt

2379 5254 2965 5381 mum
2989 5253 3225 5378 ἕιοῶιαιξι·
3235 5260 3615 5379 mmm.
3676 5252 3761 5322 of.
3788 5254 3938 5311 mse.
3959 5257 4082 5314 ωσι.
4118 5257 4189 5314 11.
4294 5232 4343 5316 ι’

3805 5410 3921 5465 31·
