4900 6125
587 383 673 446 ⁷1
2095 379 2624 450 EPISTOLAE
2668 384 3097 452 3582-3584
4512 392 4588 457 '12

592 565 1270 650 hanltepnsdessus
1324 565 1524 633 ladite
1578 566 2554 653 forteresseyfeustdelaisee

594 654 730 721 bon
796 651 1068 718 nombre
1132 651 1734 736 d’arcquebousiers
1749 704 1766 728 ‚
1830 653 2113 737 lesquels
2169 655 2556 722 traicterent

596 739 942 806 tellement
993 736 1139 803 leur
1194 739 1505 823 garnison
1549 738 1723 822 quilz
1767 751 2073 806 nocerent
2115 751 2445 807 monstret
2491 740 2556 806 le

594 845 743 890 nes.
812 820 1225 890 Lendemain
1254 822 1602 890 ‹limanche
1627 823 1722 909 jlz
1755 832 2045 892 mectent
2078 847 2208 892 une
2242 827 2556 909 enseigne

597 907 946 994 desployee
1008 929 1124 974 sur
1187 908 1364 975 leurs
1414 910 1765 977 crenesulx
1809 923 1876 976 et
1928 912 2428 996 accompsignee
2473 909 2556 978 de

596 994 927 1079 plusieurs
981 993 1200 1078 pieces
1258 1015 1301 1060 a
1352 995 1480 1074 feu,
1536 994 1877 1064 tellement
1929 1017 2058 1080 que
2112 996 2272 1063 d’un
2330 1005 2556 1063 couste

594 1091 670 1147 et
734 1078 990 1146 daultre
1054 1077 1355 1146 sembloit
1418 1101 1511 1146 un
1577 1089 1859 1148 tonerre.
1942 1091 2011 1147 et
2066 1081 2130 1149 le
2187 1082 2425 1167 peuple
2483 1103 2556 1149 se

594 1165 861 1232 mutina
901 1165 1035 1231 fort
1075 1184 1233 1232 aveo
1277 1185 1352 1231 ce
1394 1185 1520 1249 que
1554 1166 1749 1232 oeulx
1784 1165 1900 1233 des
1934 1165 2242 1234 habitans
2277 1188 2554 1252 passans

598 1249 844 1317 debers
886 1249 954 1315 18
1000 1249 1157 1316 ville
1197 1251 1464 1317 avoient
1505 1261 1645 1318 este
1687 1251 1935 1319 blesses
1978 1253 2060 1320 de
2102 1273 2301 1337 coups
2345 1253 2556 1321 d’arc-

596 1334 1038 1421 quaboumde,
1102 1335 1440 1403 tellement
1493 1358 1619 1421 que
1675 1346 1822 1404 tout
1873 1338 1937 1404 18
1992 1338 2227 1424 peuple
2278 1361 2349 1406 se
2393 1340 2556 1406 mict

596 1443 688 1508 ep
732 1440 967 1522 armes.
1056 1420 1159 1488 Or
1216 1422 1314 1488 les
1357 1433 1821 1508 moyeneteurs
1878 1423 1958 1491 de
2023 1425 2176 1525 paix
2236 1446 2396 1492 avec
2454 1425 2555 1493 les

594 1528 667 1659 ἶ
707 1517 982 1659 maino?
1002 1517 1349 1693 commune
1392 1603 1461 1659 et
1499 1506 1679 1661 guest
1690 1510 2554 1696 ucxbfficloultlszlbeglgeilnatlygtn

598 1676 1071 1831 {mmuh
1029 1699 1199 1831 ³⁰2².
1225 1677 2153 1835 Pmffloefflzssffie·
2167 1695 2554 1853 ,θὶρψραεωὲ

597 1849 755 1916 telle
811 1849 1054 1915 fureur.
1126 1849 1233 1916 De
1276 1861 1499 1917 nostre
1540 1863 1763 1919 couste
1806 1853 1869 1919 le
1912 1853 2148 1938 peuple
2201 1855 2376 1922 feust
2418 1863 2555 1921 tost

598 1935 801 2002 retire
840 1945 908 2000 et
950 1935 1216 2018 appsise
1260 1934 1411 2002 bien
1433 1957 1560 2020 que
1604 1958 1651 2002 u
1767 1937 1882 2006 des
1926 1951 2187 2006 nostres
2229 1947 2379 2008 eust
2412 1948 2554 2008 este

598 2030 772 2118 tue..
820 2020 915 2085 Et
978 2031 1226 2088 venant
1289 2020 1451 2088 ledit
1507 2022 1599 2088 St.
1659 2023 1714 2091 Ο
1808 2024 2049 2104 achion,
2124 2025 2223 2092 les
2288 2027 2554 2095 consuls

594 2113 981 2270 332⁶?
1022 2107 2320 2281 mmffl.?.’32052232.¹²1⁸.3231.53
2359 2111 2445 2265 2¹?
2472 2113 2554 2264 ἐξ

594 2278 772 2429 ζείι,
827 2276 892 2342 18
948 2279 1305 2362 guarnison
1361 2278 1508 2346 leur
1564 2282 1777 2348 auroit
1826 2283 1954 2348 tire
2006 2301 2208 2364 coups
2252 2284 2554 2369 d’arque-

684 2382 801 2428 use
834 2371 903 2429 et
939 2362 1189 2447 pierres
1209 2363 1339 2431 don
1379 2364 1477 2431 les
1511 2386 1762 2434 aucuns
1796 2368 2098 2436 auroient
2130 2376 2270 2437 este
2304 2369 2554 2437 blesses

598 2447 644 2514 d
724 2469 856 2532 noy
900 2447 961 2514 le
1002 2449 1240 2534 peuple
1283 2450 1542 2518 adverti
1586 2452 1928 2520 seecbaufa
1961 2453 2042 2520 de
2077 2453 2229 2539 plus
2272 2477 2358 2522 en
2402 2456 2553 2541 plus

713 2542 934 2600 ement
976 2533 1113 2618 quil
1171 2535 1419 2621 gaigna
1460 2536 1664 2604 ladite
1704 2537 1875 2606 forte
1919 2548 2069 2605 tour
2113 2539 2228 2608 des
2272 2541 2551 2609 Oarmes

592 2626 662 2686 et
706 2641 844 2705 ung
884 2627 1071 2687 autre
1119 2622 1429 2708 joignant
1482 2644 1760 2707 presque
1812 2625 1956 2692 leur
2007 2627 2371 2694 forteresse.
2444 2628 2552 2694 La

593 2705 741 2772 nuit
783 2705 895 2772 lon
935 2706 1095 2772 mict
1156 2706 1215 2775 le
1269 2708 1378 2775 feu
1428 2729 1468 2773 a
1518 2709 1586 2775 la
1628 2719 1815 2793 porte
1859 2710 1947 2777 du
2001 2710 2137 2779 clos
2181 2711 2262 2780 de
2304 2713 2371 2780 la
2414 2712 2551 2780 dite

589 2792 941 2858 forteresse
982 2800 1051 2857 et
1095 2793 1337 2862 brusla.
1407 2794 1740 2861 L'assault
1778 2797 1956 2865 feust
1998 2797 2214 2866 donne
2257 2808 2324 2866 et
2365 2800 2548 2884 quel-

593 2898 731 3031 3355.
788 2876 1865 3034 ⁸5333t⁰b⁰¹¹⁸⁰25⁰12⁹¹2¹213012⁰¹¹33
1923 2882 2037 2950 ¹⁰¹¹
2094 2892 2335 3036 ffl·
2362 2884 2553 3036 ’Ἢ

592 3049 660 3116 8
705 3015 839 3115 ait.
895 2984 1248 3118 fomgagnm
1291 3072 1377 3119 ou
1435 3053 1614 3121 faust
1645 2990 2093 3141 murdryffi
2122 3054 2203 3123 (ιο
2244 2992 2550 3125 ’100ῗῲ

594 3156 720 3202 res.
793 3134 1203 3203 Lendemain
1260 3159 1347 3205 on
1404 3140 1709 3206 travaille
1771 3162 1811 3207 a
1875 3163 2136 3226 rompre
2189 3144 2552 3210 murailhes

596 3222 921 3306 tousjours
981 3233 1443 3308 poursuyvant
1506 3223 1672 3293 dans
1736 3226 1804 3292 la
1847 3227 1982 3293 dite
2046 3229 2315 3295 maison.
2413 3229 2551 3296 Les

592 3327 877 3478 3⁸32?
881 3307 1257 3461 fflssffl‘ssit
1274 3310 1476 3463 ⁹3¹oe
1496 3313 2435 3485 Ἵὲἓωξηίῗὲωἷαῖἑίἔᾝΐ
2484 3315 2551 3467 {3

726 3480 951 3546 rnison
985 3479 1279 3546 sortiroit
1311 3479 1393 3548 de
1427 3480 1493 3546 18
1526 3480 1660 3549 dite
1694 3483 2059 3565 forteresse,
2102 3493 2172 3550 et
2204 3485 2299 3553 les
2334 3486 2550 3570 pieces

640 3564 973 3631 'artillerie
1014 3562 1229 3633 oste'es
1270 3574 1339 3632 et
1380 3575 1642 3651 portees
1686 3590 1726 3634 a
1766 3568 1836 3634 18
1878 3571 2134 3636 maison
2179 3570 2271 3636 du
2306 3572 2404 3636 dit
2439 3572 2548 3638 δι’.

597 3650 965 3733 OEefdebien
985 3671 1147 3718 avec
1178 3651 1520 3737 lenseigne
1555 3663 1625 3719 et
1644 3674 1772 3737 que
1804 3653 1901 3722 les
1927 3656 2307 3742 cheuoynes
2341 3658 2549 3724 conti-

593 3736 937 3802 nueroient
988 3736 1133 3804 leur
1183 3738 1437 3805 service
1476 3759 1633 3804 sans
1686 3742 2234 3824 empeschement.
2307 3744 2371 3807 Δ
2413 3750 2552 3809 cest

594 3820 826 3887 accord
894 3830 1037 3887 tant
1100 3821 1370 3889 bumble
1426 3823 1603 3889 Dieu
1667 3830 1964 3911 s’opposa
2021 3827 2360 3894 tellement
2423 3848 2549 3912 que

592 3927 681 3973 ne
724 3915 978 3973 restant
1009 3928 1135 3991 que
1178 3908 1259 3975 de
1303 3909 1559 3994 joindre
1593 3909 1690 3977 les
1729 3914 1975 3995 parties
2007 3933 2176 3996 pour
2208 3913 2353 3979 leur
2386 3914 2548 3979 faire

593 3992 757 4057 faire
799 3992 895 4059 les
933 4013 1301 4077 promesses
1345 4004 1414 4061 ct
1445 3997 1782 4080 jurement
1815 3999 2037 4081 requis
2071 4020 2212 4084 ung
2245 3997 2361 4065 des
2395 4021 2547 4065 nos-

596 4084 731 4143 tres
774 4076 873 4142 fut
913 4086 1023 4144 tue
1067 4078 1201 4145 dun
1247 4100 1411 4165 coup
1456 4079 1993 4165 darquebouzade
2035 4105 2156 4167 par
2196 4084 2315 4149 lun
2361 4082 2441 4150 de
2486 4084 2552 4150 18

595 4162 970 4247 guarnison.
1069 4163 1267 4250 Quoy
1330 4178 1582 4251 voyant
1645 4167 1874 4235 lesdits
1938 4190 2048 4234 mo
2097 4178 2402 4236 enateurs
2467 4170 2550 4236 de

594 4248 751 4333 paix
786 4248 1045 4314 feurent
1076 4271 1160 4315 en
1185 4252 1397 4335 grand
1420 4250 1710 4337 (langier,
1745 4255 2028 4336 prethen
2165 4264 2195 4320 t
2227 4255 2290 4321 le
2312 4255 2549 4339 peuple

594 4333 769 4418 quilz
823 4342 1088 4400 eussent
1142 4345 1419 4422 moyene
1474 4337 1542 4403 18
1608 4338 1937 4420 trahison,
2003 4349 2071 4406 et
2126 4342 2419 4406 converti
2476 4362 2548 4406 se

594 4439 717 4485 rue
771 4439 812 4484 a
868 4418 1138 4486 lassault
1180 4442 1222 4487 8
1262 4442 1450 4506 corps
1502 4423 1712 4507 perdu
1764 4445 1955 4508 passe
2009 4424 2174 4493 dans
2229 4448 2323 4492 un
2381 4427 2550 4511 petit

594 4516 749 4570 trou
812 4525 985 4589 quon
1051 4507 1226 4572 avoit
1288 4508 1443 4574 faict
1499 4529 1539 4573 a
1601 4510 1669 4576 18
1731 4510 2097 4591 forteresse,
2161 4511 2468 4578 suffisant
2510 4532 2550 4577 a

597 4589 775 4656 deux
832 4592 1125 4656 hommes
1178 4612 1346 4676 pour
1387 4592 1450 4658 le
1507 4594 1793 4679 guarder
1836 4608 2061 4664 contre
2102 4597 2300 4662 mille.
2373 4598 2549 4664 Mais

596 4674 694 4741 les
737 4674 1145 4742 adversaires
1203 4678 1460 4742 feurent
1515 4679 1852 4747 tellement
1896 4691 2334 4766 espouvantes
2376 4682 2549 4767 quils

599 4761 962 4843 quitterent
1002 4761 1064 4826 le
1106 4760 1237 4827 lieu
1281 4770 1349 4828 et
1379 4761 1444 4829 le
1486 4765 1723 4850 peuple
1765 4775 1957 4833 entra
2000 4776 2067 4833 et
2109 4768 2191 4835 de
2225 4769 2551 4852 premiere

602 4847 855 4912 arrives
898 4869 938 4913 a
980 4846 1045 4912 18
1084 4847 1278 4932 furye
1327 4848 1502 4914 feust
1555 4858 1669 4915 tue
1710 4874 1785 4919 ce
1829 4854 1943 4937 qui
1987 4853 2161 4921 feust
2200 4864 2550 4920 rencoutre

602 4937 675 4993 et
716 4951 799 4995 ne
855 4933 1027 4999 feust
1069 4953 1194 5015 que
1250 4932 1313 4999 le
1369 4935 1715 5019 magistrat
1756 4960 1802 5021 y
1842 4940 2038 5004 estait
2081 4960 2253 5005 venu
2307 4950 2377 5005 et
2419 4959 2550 5023 que

600 5012 703 5080 les
746 5015 891 5097 plus
934 5018 1343 5103 principaulx
1388 5019 1502 5086 des
1545 5032 1799 5088 nostres
1842 5044 1915 5088 se
1956 5024 2117 5090 mist
2153 5046 2236 5091 en
2274 5022 2552 5091 debvoir

602 5098 861 5166 chacun
923 5124 1005 5168 en
1069 5125 1187 5170 son
1264 5104 1561 5171 endroict
1622 5127 1693 5172 se
1758 5108 1913 5175 mist
1970 5130 2055 5175 en
2135 5108 2404 5176 debvoir
2469 5108 2552 5175 de

606 5183 875 5250 saulver
939 5186 1001 5251 le
1064 5198 1254 5267 reste,
1312 5191 1370 5274 ,il
1421 5213 1468 5276 y
1512 5200 1661 5258 eust
1711 5214 1793 5259 88
1858 5194 2110 5278 grande
2175 5195 2547 5262 boucherie.

601 5268 1087 5355 Ilyaeucle
1142 5273 1580 5344 huitaneuf
1628 5276 2146 5347 ‹lemurtrisde
2204 5280 2348 5347 leur
2400 5291 2552 5367 part

2657 590 2822 637 avec
2885 570 3210 656 plusieurs
3276 572 3543 640 blesses:
3612 573 3694 640 (le
3751 583 3978 641 nostre
4041 583 4194 674 part
4249 573 4298 640 il
4351 597 4397 661 y
4438 597 4478 642 a
4514 597 4590 645 eu

2656 659 3207 829 ffiygssm
3219 659 3736 830 eguagletiagtoge
3792 658 4034 727 blesses
4077 681 4190 744 qui
4249 668 4400 728 sont
4449 682 4591 731 8888

3516 1255 3730 1343 28588.

3069 1409 3741 1479 BULLINGERUS
3786 1411 4219 1480 GALVINO.

2831 1579 3045 1646 Rem
3104 1584 3532 1649 mationa„
3593 1583 3738 1667 leyit
3800 1589 3856 1649 d
3911 1583 4158 1664 probat.
4272 1582 4602 1651 Molim’na

2663 1665 3126 1732 Genuam-um
3180 1668 3352 1734 cirea
3392 1670 3842 1753 Auynaetanam
3901 1669 4116 1735 Gallis
4171 1670 4604 1736 mendam

2655 1757 2846 1818 notat.
2954 1751 3294 1818 Emserum
3367 1755 3720 1836 episcopum
3798 1760 4072 1821 ormnem
4148 1756 4420 1822 nunciat.
4509 1753 4604 1822 De

2657 1837 3031 1906 Blando-ato
3076 1837 3442 1906 Redsivilio
3484 1841 3756 1922 son-ipsit.

2657 2009 2772 2076 (8
2821 2009 3162 2134 ‘mss
3190 2009 3392 2134 880
3611 2010 3918 2135 3²2³.ss}-
3963 2011 4095 2135 88·
4122 2010 4265 2148 0185
4303 2011 4436 2066 «8
4469 2011 4605 2082 8·

2831 2247 3215 2315 Clarissimo
3271 2249 3417 2315 viro
3460 2250 3544 2315 D.
3588 2235 3828 2317 Ioanni
3872 2249 4153 2316 Calvino
4200 2251 4609 2318 Genevensis

2656 2334 2969 2400 ecclesiae
3013 2331 3393 2401 fidelissimo
3446 2337 3689 2419 pastori
3737 2335 3998 2402 domino
4058 2358 4177 2403 suo
4234 2337 4508 2405 colendo
4549 2345 4610 2402 et

2655 2420 2846 2486 fratri
2890 2419 3085 2504 longe
3128 2421 3421 2487 canss1m'
3334 2421 3348 2435 '
3422 2442 3480 2486 o.
4222 2508 4447 2574 Genffi

2830 2675 2903 2742 S.
2942 2676 3026 2742 D.
3099 2675 3252 2741 Non
3294 2675 3483 2743 licuit
3523 2678 3882 2744 rescribere
3923 2700 4041 2764 per
4082 2679 4438 2766 syndicum
4479 2700 4613 2746 ves-

2657 2769 2856 2840 trum,
2903 2761 3122 2827 virum
3166 2782 3325 2828 sane
3367 2763 3878 2841 ornatissimum,
3925 2765 4079 2849 quia
4120 2764 4464 2832 detinebar
4504 2764 4615 2830 ad·

2658 2849 2788 2915 huc
2833 2847 3118 2932 negotiis
3171 2855 3433 2913 nostrae
3486 2848 3737 2934 synodi.
3809 2849 4128 2931 Quinimo
4171 2871 4372 2936 cogor
4415 2851 4611 2917 etiam

2656 2954 2836 3000 nunc
2889 2954 3034 2998 esse
3086 2932 3318 2998 brevis
3401 2933 3653 3000 Verum
3712 2934 4019 3002 conducit
4073 2936 4196 3005 hoc
4253 2936 4382 3003 tibi
4425 2957 4611 3004 occu·

2654 3019 2897 3106 patiori
2953 3017 3325 3087 utilioribus
3379 3019 3575 3087 rebus
3619 3041 3816 3105 quam
3859 3021 4134 3106 prolixis
4177 3023 4346 3089 meis
4390 3023 4612 3108 legen·

2657 3106 2758 3172 dis
2814 3105 3041 3171 literis.
3127 3106 3490 3191 Exemplar
3547 3106 3883 3173 literarum
3926 3105 4141 3174 Besae
4175 3112 4224 3188 ¹)
4280 3109 4507 3193 aooepi
4550 3116 4615 3174 et

2656 3213 2777 3277 pro
2833 3212 2911 3256 eo
2975 3191 3278 3273 ingentes
3343 3213 3467 3277 ago
3530 3193 3794 3278 gratias,
3863 3194 4186 3261 maximas
4253 3215 4417 3261 vero
4472 3195 4615 3260 Deo

2654 3286 2881 3344 nostro
2945 3277 3194 3360 gratias
3267 3297 3390 3362 ago
3453 3298 3572 3360 pro
3634 3277 3955 3363 singulari
4019 3299 4141 3345 sua
4203 3281 4428 3364 gratia
4490 3298 4616 3364 qua

2654 3363 2975 3447 dignatur
2995 3361 3303 3428 Galliam.
3374 3362 3704 3448 Intelligis
3747 3383 3832 3429 ex
3875 3363 4008 3431 illis
4055 3363 4428 3432 actionibus
4463 3361 4618 3449 quid

2651 3449 3015 3514 moliantur
3076 3449 3282 3514 crassi
3345 3448 3444 3513 illi
3499 3448 3870 3514 Lutherani
3935 3457 4002 3516 et
4066 3471 4406 3535 quousque
4471 3470 4616 3534 pro-

2652 3534 2966 3600 vexerint
3005 3532 3078 3597 in
3123 3532 3346 3599 Gallia
3387 3554 3576 3599 suam
3620 3534 3801 3599 illam
3845 3538 4314 3620 Augustanam
4359 3536 4619 3603 confes-

2652 3620 2927 3698 sionem,
2993 3639 3192 3702 quam
3246 3639 3452 3702 quum
3507 3620 3800 3703 papistae
3861 3621 4034 3687 ferre
4091 3623 4350 3705 possint
4407 3622 4619 3706 qualis

2651 3705 2743 3855 {¹2²
2763 3712 3106 3873 02¹3&oe
3140 3703 3598 3873 ‹ff‘ssssefflffl
3610 3707 4388 3866 23¹⁰?Kf2assu‘32t‘1'1‘21'ffl22
4415 3706 4618 3858 ‘2233

2652 3896 2891 3942 sonum
2934 3895 3161 3941 voces:
3222 3874 3426 3941 Brevi
3484 3874 3839 3958 recipietur
3893 3888 4121 3943 nostra
4175 3879 4506 3946 confessio
4545 3878 4615 3942 in

2651 3960 2898 4039 Gallia,
2960 3959 3258 4026 eiicietur
3300 3959 3763 4027 Calvinismus.
3855 3961 4146 4028 Proinde
4203 3963 4620 4048 vigilandum

2651 4047 2955 4112 arbitror.
3028 4043 3182 4124 Qua
3220 4044 3302 4110 de
3345 4066 3418 4110 re
3461 4048 3692 4129 scripsi
3736 4054 3806 4113 et
3846 4047 3930 4113 ad
3955 4047 4332 4133 Manyrevn.
4406 4048 4619 4115 Video

2652 4151 3004 4216 perversos
3060 4129 3211 4197 illos
3265 4130 3566 4197 homines
3606 4131 3805 4197 malle
3856 4155 4006 4200 cum
4059 4135 4336 4218 papistis
4379 4134 4511 4202 hac
4553 4135 4624 4200 in

2652 4238 2854 4284 causa
2895 4218 3109 4283 facere
3153 4237 3352 4301 quam
3397 4217 3755 4283 nobiscum.

2828 4302 3294 4369 Narrationem
3352 4303 3546 4368 istam
3602 4301 3688 4368 D.
3734 4301 3949 4369 Besae
4000 4306 4492 4372 communicavi
4535 4305 4619 4372 D.

2653 4384 3001 4466 Blaurero,
3045 4388 3539 4454 communicabo
3573 4404 3641 4453 et
3678 4407 3832 4454 cum
3867 4389 4145 4455 Hauero.
4216 4391 4355 4457 Pro
4393 4412 4623 4458 exem-

2652 4472 2950 4556 plaribus
2992 4494 3222 4540 eorum
3265 4494 3430 4558 quae
3474 4474 3711 4539 misisti
3770 4474 3841 4539 in
3884 4474 4235 4541 Poloniam
4294 4498 4427 4562 ago

2655 4560 2801 4637 tias,
2861 4578 2938 4624 88
2991 4579 3070 4624 88
3121 4559 3232 4626 hic
3290 4560 3574 4625 remitto.
3595 4559 3656 4645 ⁸)
3739 4559 3825 4625 In
3885 4559 4161 4626 eandem
4216 4574 4620 4629 sententiam

2655 4644 2888 4728 scripsi
2934 4652 3004 4708 et
3045 4664 3188 4729 ego,
3234 4665 3308 4712 88
3354 4643 3610 4729 gaudeo
3654 4664 3738 4711 ex
3773 4665 3907 4711 uno
3950 4646 4188 4731 spiritu
4223 4647 4461 4714 eadem
4501 4668 4622 4713 nos

2652 4729 2855 4813 loqui.
2927 4730 3266 4796 Prolixius
3309 4740 3534 4797 tamen
3567 4731 3849 4815 principi
3874 4738 3936 4809 ⁴)
3980 4734 4258 4816 exposui
4291 4754 4472 4817 quae
4515 4733 4621 4798 hic

2651 5022 2924 5147 ῗγσωωιέ
2965 5020 3194 5087 vum,
3254 5008 3426 5090 quan·
3469 5020 3686 5092 quiae-
3740 5022 3911 5089 zeum
3953 5027 4242 5091 potuerat,
4297 5024 4464 5080 nobi·
4514 5024 4626 5087 ruit

2861 5160 2919 5221 2)
2955 5156 3036 5212 N.
3071 5155 3228 5210 3549.

2860 5226 2924 5363 ἒς
2959 5226 3034 5281 N.
3070 5223 3295 5350 866θὲ
3326 5240 3466 5296 seqq.
