4900 6125
598 369 736 435 455

602 553 819 622 nihilo
871 574 1130 639 semper
1188 553 1483 621 duxerit:
1529 554 1644 638 qui
1685 554 1894 638 Regis
1947 553 2238 630 clientes,
2283 552 2569 638 Regiam

605 641 839 707 urbem
907 641 1168 707 iniuriis
1237 640 1541 707 omnibus
1610 639 2169 722 incommodisque
2233 638 2567 703 afflixerit.

607 727 787 808 Quid
832 727 888 791 si
931 726 1061 792 alia
1102 727 1393 792 eiusdem
1441 727 1701 812 generis
1734 726 2059 791 maleficia
2099 723 2313 791 multa
2347 746 2569 790 cumu-

603 811 854 889 lavere,
920 833 1198 896 quornm
1263 812 1522 878 nullum
1581 823 1700 888 est,
1757 810 1931 895 quod
1983 821 2052 876 te
2100 810 2570 877 coniurationis

599 919 796 963 :rcum
844 919 975 964 non
1027 898 1392 965 arctissime
1449 896 1903 982 constringat?
1993 896 2222 963 Nescis
2265 895 2411 980 lege
2454 895 2569 960 Iu-

599 983 699 1049 lia
732 983 1099 1050 maiestatis
1143 985 1357 1062 (cuius
1406 984 1600 1050 hodie
1646 1004 1833 1051 usum
1878 982 2089 1048 multo
2132 983 2334 1047 etiam
2379 1002 2568 1047 seve·

599 1070 747 1136 :rius
791 1071 1182 1145 retinemus)
1226 1069 1503 1154 capitale
1547 1070 1767 1147 fuisse,
1814 1079 1890 1134 ut
1931 1068 2077 1153 quis
2122 1066 2300 1152 leges
2347 1068 2565 1145 ferret,

599 1154 1024 1238 disciplinam
1068 1165 1507 1239 componeret,
1553 1177 1771 1222 arcam
1822 1155 1925 1238 (ut
1957 1155 2316 1238 loquuntur
2355 1153 2566 1218 Iuris-

595 1241 915 1316 consulti)
936 1261 1351 1308 communem
1390 1242 1781 1319 institueret,
1821 1239 2061 1307 milites
2083 1238 2563 1307 conscriberet?

604 1326 783 1408 Quid
827 1327 885 1392 si
922 1341 1258 1410 praeterea
1292 1328 1552 1392 turbam
1595 1327 2011 1394 factiosorum
2044 1327 2264 1409 copias
2300 1335 2568 1391 aeterno

601 1412 864 1478 foedere
923 1412 1041 1477 tibi
1097 1412 1558 1479 obstrinxisti?
1659 1411 1839 1495 Quid
1894 1413 1952 1478 si
2009 1412 2282 1477 militiae
2346 1433 2566 1478 sacra-

601 1508 829 1564 mento
873 1519 989 1581 pro
1033 1499 1165 1565 tuis
1254 1497 1504 1564 artibus
1539 1511 1770 1564 contra
1810 1498 2060 1582 Regias
2104 1496 2367 1562 tuendis
2410 1497 2564 1562 ade·

603 1583 812 1668 gisti?
901 1581 1083 1665 Quid
1125 1585 1183 1650 si
1269 1585 1418 1650 uius
1452 1584 1633 1650 urbis
1679 1582 1816 1671 [tol.
1857 1588 1966 1664 20]
2003 1582 2397 1667 optimates,
2431 1583 2564 1650 lec-

603 1670 862 1736 tissimo
939 1690 1025 1735 ue
1078 1670 1517 1754 Magistratus
1598 1670 1682 1735 ad
1746 1669 2013 1736 caedem
2078 1670 2286 1736 oculis
2346 1668 2563 1754 desig-

597 1754 824 1822 nasti?
960 1753 1069 1819 uid
1112 1757 1170 1821 si
1209 1756 1703 1840 percussoribus
1745 1754 1940 1833 diem,
1983 1777 2113 1839 quo
2155 1753 2385 1821 caedes
2421 1757 2564 1820 fieri

605 1840 888 1918 deberet,
932 1841 1369 1907 constituisti?
1457 1840 1639 1924 Quid
1680 1842 1738 1908 si
1781 1853 2111 1925 postremo
2156 1841 2406 1908 nobiles
2441 1841 2561 1906 ali-

600 1936 764 2010 quot
805 1924 889 1993 ab
929 1927 1348 1993 observantia
1390 1928 1596 2011 Regis
1637 1925 2019 1993 abduxisti?
2109 1924 2290 2008 Quid
2335 1928 2392 1993 si
2427 1927 2563 1992 Re—

603 2014 707 2097 gis
765 2013 1204 2097 propinquum
1263 2014 1766 2098 integerrimum
1811 2013 2188 2096 Principem
2247 2013 2563 2079 militibus

601 2112 671 2165 et
708 2097 1021 2165 custodiis
1063 2108 1325 2182 septum
1361 2098 1674 2164 tenuisti?
1725 2106 1797 2164 ut
1841 2100 2054 2181 potius
2089 2112 2324 2176 tecum,
2361 2119 2562 2181 quam

601 2205 751 2250 cum
816 2185 955 2251 suis
1018 2193 1209 2262 esset,
1266 2183 1688 2268 compulisti?
1779 2182 1959 2266 Quid
2014 2184 2072 2250 si
2126 2185 2321 2251 urbes
2373 2185 2560 2250 inva-

601 2270 794 2337 sisti?
852 2268 1164 2337 coenobia
1221 2269 1598 2355 diripuisti?
1665 2270 1912 2353 templa
1985 2268 2303 2338 vastasti?
2394 2280 2561 2336 tem-

599 2355 861 2440 plorum
917 2354 1224 2422 custodes
1267 2356 1352 2421 ad
1396 2377 1545 2422 aras
1588 2354 1931 2421 mactasti?
1992 2357 2242 2439 aliquot
2285 2355 2560 2421 urbibus

594 2441 964 2508 sacerdotes
1021 2440 1295 2526 indigne
1354 2440 1667 2508 multatos
1715 2441 2007 2507 eiecisti?
2099 2440 2278 2524 Quid
2338 2445 2393 2508 si
2442 2440 2558 2507 ad-

596 2528 727 2594 huc
771 2526 876 2593 his
909 2529 1231 2594 atrociora
1273 2531 1341 2592 in
1388 2527 1527 2593 dies
1562 2528 2002 2604 comminaris,
2040 2529 2273 2612 agitas,
2308 2527 2558 2593 machi-

595 2612 822 2679 naris?
903 2613 1174 2680 Adeone
1232 2635 1352 2679 nos
1406 2612 1694 2691 hebetes,
1754 2625 1871 2678 aut
1905 2615 2085 2679 omni
2130 2613 2368 2680 iudicio
2413 2635 2558 2679 sen·

593 2719 806 2851 21:¹3⁶
835 2699 2556 2852 ffifflssss‘ss?13:⁶⁶⁰.2¹²3³.¹.’⁰.;2{2⁸⁸331³3.355.“5

591 2870 828 2955 Longe
888 2891 1046 2937 vero
1104 2882 1220 2936 tua
1273 2806 1581 2953 opinione
1641 2870 1911 2947 falleris,
1960 2871 2151 2948 Besa,
2211 2875 2265 2936 si
2321 2873 2414 2936 ita
2473 2870 2555 2938 de

591 2956 785 3023 nobis
859 2955 1124 3034 iudicas,
1203 2966 1270 3021 et
1334 2967 1401 3021 te
1460 2956 1676 3023 acrius
1751 2957 1834 3021 ad
1902 2956 2260 3040 perniciem
2315 2957 2556 3042 Regni,

593 3065 793 3127 quam
853 3064 970 3109 nos
1019 3041 1102 3109 ad
1157 3041 1457 3119 salutem,
1518 3041 1946 3128 vigilaturum
1993 3041 2284 3109 confidis.
2373 3041 2557 3110 Sileo

591 3128 766 3214 quod
824 3129 1133 3212 permulti
1185 3137 1575 3212 queruntur,
1632 3128 2067 3195 obedientiam
2114 3150 2235 3213 per
2270 3140 2337 3194 te
2378 3130 2556 3195 solu·

588 3223 748 3293 tam,
784 3212 1197 3297 disciplinam
1230 3215 1703 3297 perturbatam,
1751 3214 1990 3299 vulgus
2033 3213 2117 3279 ad
2161 3214 2408 3298 pileum
2449 3237 2556 3281 vo·

587 3312 833 3378 cutum,
875 3300 1007 3366 iam
1061 3301 1132 3365 in
1181 3301 1522 3384 plerosque
1572 3299 1821 3367 nobiles
1874 3303 2296 3378 concitatum,
2341 3299 2553 3366 homi·

585 3408 712 3454 nes
755 3396 1012 3453 nostros
1070 3385 1155 3451 ad
1192 3385 1596 3465 seditionem,
1653 3386 2145 3452 confoederatos
2188 3384 2274 3451 ad
2309 3386 2554 3453 bellum

583 3471 966 3551 solicitatos,
1018 3481 1404 3556 caeteraque
1461 3492 1660 3555 quam
1704 3472 1990 3555 plurima
2034 3471 2363 3538 hostiliter
2406 3493 2555 3558 per-

585 3568 867 3645 petrata,
958 3580 1083 3624 uae
1126 3567 1267 3624 tute
1310 3556 1663 3641 aliquando
1714 3558 1790 3622 in
1828 3557 2142 3624 iudicium
2187 3568 2557 3640 pertractus

589 3644 841 3711 audies.
995 3664 1082 3709 on
1137 3654 1240 3709 est
1290 3643 1466 3727 quod
1511 3643 1760 3710 diutius
1804 3654 2093 3709 mentem
2137 3653 2323 3708 tuam
2362 3641 2556 3709 dissi-

589 3730 825 3809 mules,
870 3751 1040 3813 quae
1083 3731 1215 3794 iam
1251 3729 1508 3812 pridem
1555 3750 1627 3794 se
1668 3728 1984 3812 prodidit:
2033 3727 2342 3806 Galliam,
2389 3750 2556 3812 quae

593 3816 777 3882 mille
821 3826 888 3880 et
926 3815 1225 3881 ducentis
1281 3816 1472 3881 annis
1513 3816 1635 3882 sub
1681 3814 1946 3899 Regum
1993 3815 2268 3897 imperio
2311 3815 2556 3892 floruit,

592 3901 679 3968 ad
710 3902 1025 3967 Genevae
1067 3900 1363 3985 regulam
1408 3912 1475 3966 et
1507 3899 1887 3983 exemplum
1931 3900 2230 3983 requiris,
2275 3900 2555 3984 Reipub.

595 4007 840 4053 novam
907 3986 1182 4052 formam
1250 3987 1472 4051 animo
1536 3988 1718 4053 conci
1767 3986 1842 4062 is,
1907 3986 1978 4051 in
2038 4007 2168 4068 qua
2223 4007 2557 4051 summum

593 4074 882 4156 aliquem
922 4082 1038 4138 aut
1068 4072 1506 4137 Tribunatum
1552 4081 1668 4136 aut
1769 4071 2137 4148 ictaturam,
2173 4092 2556 4155 assequare:

591 4160 668 4225 in
710 4179 840 4242 qua
882 4171 1140 4241 praeter
1183 4166 1248 4222 te
1284 4172 1351 4223 et
1394 4156 1644 4242 aliquot
1680 4159 1776 4223 tui
1820 4157 2088 4231 similes,
2133 4158 2376 4224 caeteri
2410 4160 2557 4240 pari

589 4245 660 4313 le
709 4266 744 4310 e
788 4265 864 4311 ac
907 4241 1296 4321 conditione,
1352 4242 1608 4325 aequali
1649 4243 1847 4307 etiam
1894 4244 2375 4326 possessionum
2422 4243 2557 4309 dis-

591 4330 979 4407 tributione,
1015 4328 1275 4411 qualem
1317 4328 1492 4393 inter
1535 4330 1770 4394 fratres
1815 4328 2232 4395 Christianos
2275 4331 2373 4395 ais
2415 4350 2559 4395 esse

596 4416 1054 4492 necessariam,
1116 4423 1481 4479 teneantur.
1583 4414 1815 4497 Itaque
1860 4424 1936 4478 ut
1977 4415 2313 4481 Ecclesiae
2354 4415 2451 4481 sic
2494 4425 2563 4480 et

595 4503 806 4587 Regis
849 4500 1315 4567 authoritatem
1359 4499 1605 4566 sensim
1649 4499 2017 4566 convellere
2060 4521 2419 4583 comparas.
2488 4500 2559 4565 Is

597 4589 658 4655 si
703 4587 861 4671 quid
906 4585 1022 4652 tibi
1069 4598 1182 4651 aut
1229 4586 1360 4651 tuis
1404 4585 1690 4661 mandat,
1746 4585 1880 4651 iam
1928 4607 2055 4652 non
2103 4584 2402 4651 absolute
2447 4607 2559 4669 pa-

597 4673 880 4741 rendum
927 4693 1186 4747 censes,
1245 4669 1650 4737 conditiones
1704 4671 2100 4754 obsequendi
2145 4671 2561 4755 praescribis,

599 4758 972 4843 imperandi
1014 4757 1193 4841 leges
1235 4756 1468 4822 dictas:
1535 4757 1590 4821 si
1636 4767 1702 4821 te
1744 4768 2100 4843 oppugnat,
2147 4757 2352 4824 habes
2386 4778 2562 4823 sem-

601 4868 724 4930 per
773 4847 848 4910 in
907 4854 1211 4928 promptu
1266 4841 1436 4926 quod
1489 4842 1809 4925 excipias:
1866 4855 1982 4908 aut
2022 4844 2313 4908 nondum
2358 4845 2560 4927 pube-

603 4952 767 5005 rem,
823 4940 941 4995 aut
996 4928 1292 4995 custodia
1348 4926 1747 5007 conclusum,
1802 4938 1916 4993 aut
1957 4929 2038 4995 ab
2083 4927 2380 4995 hostibus
2424 4931 2562 4994 suis

607 5018 1151 5100 circumseptum,
1214 5026 1331 5079 aut
1399 5035 1525 5078 non
1588 5024 1766 5079 recta
1820 5035 2029 5098 neque
2094 5016 2297 5081 sacris
2352 5014 2562 5080 literis

606 5102 1036 5185 congruentia
1113 5101 1545 5183 imperantem
1623 5101 2009 5167 criminaris.
2143 5101 2326 5168 Haec
2402 5101 2561 5166 dum

703 5188 918 5252 aviter
981 5196 1049 5253 et
1111 5185 1454 5263 audacter,
1522 5183 1636 5251 sed
1702 5193 1922 5251 tamen
1989 5187 2300 5253 scelerate
2363 5187 2559 5272 geris,

670 5272 927 5338 alvinus
971 5295 1007 5340 e
1053 5292 1171 5337 suo
1216 5270 1470 5355 tripode
1513 5269 1731 5336 reddit
1775 5272 2052 5351 oracula,
2099 5274 2334 5357 quibus
2380 5282 2445 5339 te
2491 5273 2558 5338 in

2289 359 2756 430 EPIS'POLA
2798 365 2966 429 3805

4490 371 4594 434 456

2675 552 2875 618 horas
2930 550 3087 635 qnid
3146 553 3497 636 agendum,
3555 552 3713 638 quid
3768 553 4194 620 metuendum
4252 555 4354 634 sit,
4398 556 4597 639 quibus

2672 638 2867 704 rebus
2910 638 3403 717 occurrendum,
3447 653 3691 706 monet.
3781 639 4059 706 Vestros
4100 642 4506 716 exercitus⁸¹)
4536 643 4600 707 li·

2673 725 2833 788 teris
2874 723 3265 804 consolatur,
3310 740 3379 792 et
3416 737 3489 791 ut
3533 726 3685 791 forti
3721 727 3941 792 animo
3983 747 4127 792 esse
4162 726 4401 802 iubeat,
4442 749 4601 812 pras·

2673 807 2826 874 dam
2869 811 3120 876 instare
3154 811 3497 894 pollicetur
3541 809 3675 899 [fol.
3716 809 3852 899 21].
3922 813 4103 896 Ergo
4148 823 4327 878 recte
4368 813 4601 897 quidem

2671 894 3032 961 officiorum
3079 907 3300 981 partes
3344 899 3437 962 ita
3480 899 3653 963 inter
3713 919 3825 963 vos
3868 897 4312 972 distribuistis,
4355 911 4428 964 nt
4466 921 4602 983 quo-

2671 981 2850 1046 niam
2908 980 3021 1046 ille
3076 984 3257 1048 senio
3316 981 3671 1066 morboque
3731 983 4104 1067 impeditur,
4140 985 4415 1050 consilia
4452 985 4603 1052 domi

2670 1065 3114 1133 administret:
3176 1081 3266 1145 tu,
3366 1071 3435 1134 ui
3492 1069 3685 1153 paulo
3740 1090 3812 1134 es
3857 1069 4198 1146 robustior,
4256 1085 4323 1136 et
4364 1071 4430 1136 in
4470 1072 4604 1138 ludo

2669 1151 3059 1236 gladiatorio
3130 1154 3332 1220 iandu
3379 1176 3492 1221 um
3553 1156 3958 1221 exercitatus
3982 1207 3997 1233 ,
4064 1156 4407 1223 classicum
4468 1159 4604 1224 foris

2668 1256 2884 1316 canas,
2930 1251 2997 1304 et
3031 1240 3278 1322 primos
3320 1240 3583 1306 ordines
3618 1241 3952 1324 aciemque
3987 1240 4207 1307 ducas.
4259 1240 4435 1324 Quid
4471 1265 4607 1310 vero

2669 1322 3114 1390 Ottomanus?
3176 1327 3403 1410 Neque
3447 1328 3621 1392 enim
3669 1326 3978 1393 credibile
4020 1341 4141 1406 est,
4186 1350 4337 1393 eum
4382 1331 4487 1412 qni
4519 1331 4607 1394 in·

2665 1417 2768 1475 ter
2790 1411 3119 1494 principes
3138 1413 3645 1495 conspirationis
3667 1413 4108 1479 Ambosianae
4143 1413 4610 1496 numerabatur,

2665 1494 2736 1560 in
2759 1506 3056 1562 extremo
3088 1495 3350 1563 fabulae
3393 1510 3542 1564 actu
3581 1498 3831 1563 nullam
3852 1520 4197 1581 personam
4222 1502 4606 1567 sustinuisse.

2664 1582 2811 1647 Imo
2868 1602 3045 1649 nunc
3086 1584 3397 1649 Aureliae
3452 1583 3669 1649 reddit
3716 1586 4056 1660 rationem,
4080 1587 4169 1662 ³²)
4211 1607 4409 1670 quam
4451 1590 4610 1652 omni

2664 1669 2880 1734 studio
2922 1681 2990 1733 et
3028 1690 3151 1752 ope
3185 1669 3609 1748 contenderit,
3648 1681 3725 1735 ut
3751 1670 4127 1738 Germanos
4169 1693 4209 1737 a
4234 1672 4438 1756 Regis
4475 1693 4611 1756 par·

2665 1752 2861 1831 tibus,
2884 1773 3049 1837 quas
3086 1753 3462 1821 fidelissime
3484 1757 3727 1833 fovent,
3764 1754 3850 1821 ad
3886 1767 4141 1823 vestras
4161 1757 4524 1823 abduceret
4535 1761 4611 1836 ⁸⁸)

2667 1839 2898 1906 Refert
2939 1861 3009 1905 se
3054 1840 3340 1924 primum
3387 1843 3526 1907 eius
3570 1842 3667 1906 rei
3712 1843 3923 1926 gratia
3956 1842 4037 1907 ad
4085 1843 4455 1909 Electorem
4498 1845 4613 1909 Pa-

2666 1926 2943 1991 latinum
3002 1925 3365 2004 divertisse,
3415 1948 3565 1993 cum
3621 1927 3740 1992 illo
3785 1928 3865 1993 de
3911 1927 4257 1994 Guisianis
4300 1928 4613 2012 Principi-

2666 2010 2790 2078 bus
2854 2013 3086 2095 egisse,
3153 2012 3361 2077 multa
3423 2015 3491 2078 in
3566 2013 3715 2078 illos
3779 2014 4129 2079 artificiose
4193 2017 4614 2081 confinxisse:

2665 2097 2820 2163 hinc
2877 2095 2960 2162 ad
3003 2096 3524 2182 Landgravium,
3582 2097 3818 2163 deinde
3860 2100 3942 2163 ad
3990 2099 4320 2165 Saxoniae
4377 2100 4615 2176 ducem,

2666 2191 2811 2248 tum
2866 2181 2950 2247 ad
2994 2183 3535 2262 Grombachium,
3572 2184 3845 2249 Petrum
3906 2184 4201 2262 Clarum,
4233 2189 4322 2262 ³⁴)
4383 2201 4453 2252 et
4495 2186 4619 2252 sin·

2665 2270 2857 2354 gulos
2901 2267 3110 2353 Regis
3152 2268 3632 2352 stipendiarios,
3692 2283 3759 2335 et
3801 2270 4353 2337 Germanicarum
4401 2291 4619 2356 suppo·

2665 2358 2905 2420 tiarum
2965 2354 3347 2438 praefectos,
3415 2367 3747 2438 postremo
3805 2355 3885 2421 ad
3947 2356 4144 2422 duces
4189 2357 4509 2422 Pontium
4560 2371 4622 2422 et

2662 2440 3317 2541 wirtembergicum·
3341 2443 3620 2518 venisse,
3658 2442 3956 2526 singulos
3991 2443 4345 2525 separatim
4390 2463 4620 2542 eonve-

2660 2546 2872 2678 3⁸⁸1..ss
2876 2525 4622 2697 „zfffflggz‘tzsstzfflffffimtztzt‘3233231

2660 2696 2928 2763 modum
2965 2717 3037 2764 se
3072 2699 3461 2780 magistrum
3497 2698 3870 2763 libellorum
3909 2699 4307 2782 supplicum,
4327 2704 4359 2739 ⁸
4370 2704 4426 2778 ⁸)
4462 2713 4527 2763 et
4559 2701 4619 2763 in

2660 2782 3026 2851 Germania
3083 2783 3289 2868 Regis
3354 2783 3646 2868 legatum
3704 2783 3867 2850 fitlso
3885 2786 3978 2862 ⁸⁸)
4036 2805 4179 2850 esse
4232 2786 4625 2858 venditaret,

2661 2883 2737 2935 ut
2795 2889 3027 2935 aureos
3081 2868 3525 2952 stipendiariis
3572 2879 3827 2935 montes
3871 2870 4206 2954 pollicens,
4250 2881 4329 2936 ut
4376 2870 4623 2937 Princi-

2660 2975 2818 3039 pum
2853 2954 3110 3020 animos
3145 2955 3741 3033 assentatiunculis,
3778 2957 4198 3040 confictisque
4234 2956 4629 3023 rumusculis

2661 3040 2972 3126 pellicens
3016 3050 3084 3106 et
3105 3039 3445 3117 deliniens,
3489 3043 3707 3108 sinon
3752 3040 3924 3125 quod
3943 3042 4346 3121 intendebat,
4396 3043 4626 3110 saltem

2659 3127 2832 3212 quod
2880 3147 2918 3192 e
2962 3147 3034 3192 re
3076 3128 3578 3209 conspirationis
3622 3128 3920 3193 futurum
3966 3128 4072 3206 sit,
4118 3150 4189 3194 se
4232 3150 4359 3195 sua
4408 3129 4627 3195 indus-

2658 3214 2789 3278 tria
2822 3222 2891 3278 et
2923 3212 3378 3279 criminatione
3412 3214 3780 3297 perfecisse,
3818 3225 3893 3278 ut
3914 3213 4239 3280 stabilitas
4272 3215 4623 3289 amicitiae,

2659 3320 2859 3382 quam
2916 3299 3092 3363 inter
3135 3297 3429 3365 Francos
3482 3308 3551 3364 et
3584 3299 3958 3366 Germanos
4016 3300 4365 3384 utriusque
4411 3302 4625 3386 gentis

2659 3385 2977 3469 cognatio,
3038 3394 3427 3469 perpetuum
3497 3384 3745 3463 foedus,
3788 3383 4143 3469 eademque
4189 3385 4627 3453 humanitatis

2658 3480 2727 3538 et
2792 3490 3048 3536 morum
3114 3468 3474 3535 similitudo
3547 3473 3893 3547 contraxit,
3960 3470 4271 3555 deinceps
4336 3472 4623 3538 vacillet.

2658 3555 2853 3639 Quod
2913 3575 3311 3638 quamquam
3367 3577 3498 3620 non
3543 3566 3643 3622 est
3691 3556 3881 3622 nobis
3923 3557 4379 3635 metuendum,
4430 3559 4515 3623 ab
4558 3578 4631 3623 es

2660 3642 2963 3708 videlicet
2996 3654 3211 3725 gente,
3257 3661 3424 3723 quae
3458 3644 3868 3708 constantiae
3904 3664 3980 3709 ac
4014 3642 4165 3708 fidei
4202 3646 4629 3728 praecipuam

2660 3727 2920 3793 laudem
2964 3746 3224 3810 semper
3258 3728 3599 3809 quaesivit,
3644 3749 4029 3812 semperque
4073 3728 4313 3812 adepta
4346 3745 4498 3795 est:
4538 3744 4631 3793 tv

2659 3836 2811 3879 men
2878 3811 3079 3877 velim
3150 3833 3265 3877 vos
3331 3812 3429 3888 (id
3477 3811 3651 3896 quod
3713 3811 3955 3879 leviter
4021 3836 4154 3880 non
4220 3816 4368 3881 sine
4440 3834 4632 3879 causa

2661 3906 3038 3984 praetereo)
3083 3897 3198 3962 diu
3264 3898 3678 3981 multumque
3743 3911 4090 3984 reputare.
4161 3922 4290 3983 quo
4357 3900 4631 3966 tandem

2661 3986 2899 4063 animo,
2941 3983 3044 4051 vel
3104 4004 3301 4065 quam
3358 3986 3574 4066 potius
3630 3986 3822 4068 gravi
3877 3986 4329 4069 intestinoque
4374 3987 4535 4052 odio
4568 3988 4631 4049 in

2661 4072 2766 4136 Re
2851 4089 2918 4134 m
2961 4080 3030 4135 et
3070 4070 3356 4151 patriam
3402 4081 3761 4151 raperetur,
3806 4073 3919 4154 qui
3963 4072 4291 4138 sociorum
4336 4092 4535 4137 arma
4568 4074 4633 4135 in

2661 4091 2951 4223 Gaffiam
2988 4174 3419 4232 commovere,
3464 4173 3531 4220 et
3575 4154 3659 4220 ad
3703 4155 3789 4231 id,
3836 4155 4006 4239 quod
4040 4158 4370 4223 coniurati
4408 4170 4635 4242 aperte

2661 4242 3071 4315 indixerunt,
3129 4241 3540 4305 teterrimum
3601 4240 3840 4308 bellum
3897 4242 4236 4325 impellere
4300 4244 4633 4308 connixus

2660 4328 2878 4403 fuisse,
2923 4347 3075 4392 cum
3121 4324 3608 4391 Germanorum
3646 4329 4035 4409 optimatum
4080 4328 4308 4407 literis,
4347 4350 4525 4412 quas
4559 4327 4635 4393 de

2663 4422 2797 4480 toto
2857 4412 3122 4496 negotio
3187 4411 3267 4475 ad
3340 4412 3679 4493 Principes
3747 4424 4004 4479 nostros
4074 4414 4419 4479 miserunt.
4494 4430 4631 4478 tum

2838 4736 2931 4797 31)
2968 4736 3221 4790 meletias
3254 4735 3545 4789 crudeliter
3580 4740 3823 4803 macas,
3857 4751 3971 4790 non
4004 4737 4197 4804 copias
4232 4745 4509 4792 m.

2837 4803 2932 4872 32)
2970 4804 3049 4857 Μ.
3090 4803 3249 4859 Maio
3294 4806 3555 4859 Aureliae
3606 4812 3725 4859 erat
3769 4805 3923 4873 apud
3971 4803 4301 4859 Condacum.
4382 4806 4533 4860 uos
4578 4808 4633 4858 n·-

2669 4875 3023 4931 omnian-
3063 4872 3344 4941 profectus
3388 4884 3468 4928 σεε
3494 4878 3861 4943 metumtot
3905 4874 3971 4927 οὺ
4005 4889 4167 4927 ama
4214 4881 4441 4944 sunm
4478 4892 4639 4929 esc·-

2665 4952 2841 5000 mus·
2881 4941 3149 5006 (Dm-este
3224 4984 3234 4994 .
3267 4940 3349 5003 8).

2835 5010 2926 5075 33)
2964 5027 2993 5066 c
3020 5050 3034 5063 .
3072 5009 3150 5066 N.
3224 5008 3255 5063 7
3329 5051 3341 5063 .

2835 5078 2905 5134 34
3283 5082 3473 5134 ι’ωκιοι
3507 5081 3868 5148 capitaneum.

2836 5148 2930 5209 35)
2974 5147 3181 5203 Maure
3217 5147 3310 5202 des
3346 5147 3598 5218 requam.
3653 5146 3918 5211 (Dav-este
3961 5164 4017 5216 p.
4054 5146 4101 5199 7.
4162 5146 4441 5202 Barthold
4488 5146 4637 5211 33⁶1.)

2836 5217 2931 5283 36)
2972 5216 3094 5271 Ιηιο
3142 5217 3349 5280 salsum
3390 5226 3469 5272 m
3620 5217 3657 5269 d
3702 5220 3802 5270 iste
3846 5216 4000 5281 doz-it,
4036 5233 4163 5271 nasu
4200 5232 4393 5271 reum
4432 5220 4637 5270 niun

2664 5288 2851 5353 fuerat
2886 5286 3171 5351 (Ro-tul,
3210 5285 3355 5340 Phil.
3392 5286 3445 5341 d.
3574 5326 3585 5337 .
3624 5286 3695 5340 11.
3732 5283 3880 5347 ⁵87).
