4900 6125
681 462 804 524 551

681 648 1190 728 crucifixerant,
1245 648 1360 732 qui
1415 647 1830 714 Christianos
1887 646 2480 730 persequebantur,
2540 644 2653 728 qui

682 753 819 800 non
889 735 1183 800 contenti
1251 735 1711 800 iustificatione
1774 732 1929 798 fidei
1993 732 2208 798 cultus
2272 731 2521 814 legales
2586 740 2653 796 et

682 820 1129 886 caeremonias
1172 821 1542 887 necessario
1586 819 1921 885 observari
1965 818 2295 893 volebant,
2341 837 2507 900 quae
2553 825 2653 881 ta-

679 925 840 970 men
885 927 1019 971 non
1063 906 1309 972 liberae
1353 920 1418 971 et
1470 904 1924 971 indifferentes
1980 904 2092 970 sed
2141 904 2334 987 plane
2381 901 2651 969 Christo

681 991 1053 1057 contrariae
1089 990 1508 1071 videbantur,
1550 1012 1751 1075 quum
1796 990 1949 1055 illae
1994 989 2263 1055 umbrae
2307 988 2445 1055 sint
2481 987 2652 1054 veri-

681 1076 806 1141 tati
852 1078 1049 1160 plane
1094 1075 1445 1153 adversae,
1504 1093 1570 1142 et
1627 1078 1723 1142 ita
1768 1074 2111 1143 Christum
2157 1087 2472 1158 tanquam
2519 1096 2653 1138 non

681 1163 1176 1228 manifestatum
1240 1162 1579 1248 sepeliant.
1672 1161 1827 1244 Qua
1886 1162 2140 1227 ratione
2197 1161 2460 1225 videtur
2517 1181 2654 1224 non

681 1257 943 1313 tantum
987 1249 1271 1315 Paulum
1318 1261 1387 1314 et
1443 1262 1734 1315 caeteros
1778 1248 2104 1331 apostolos
2164 1246 2496 1313 abstinere
2540 1245 2652 1311 de-

681 1332 904 1400 buisse
941 1333 1023 1399 ab
1067 1336 1366 1420 ingressu
1405 1334 1651 1418 templi,
1697 1356 1926 1399 verum
1963 1332 2310 1417 prohibere
2346 1332 2654 1398 debuisse

683 1441 770 1484 ne
828 1420 942 1485 alii
1000 1420 1083 1484 ad
1140 1421 1461 1485 orandum
1525 1433 1590 1484 et
1655 1419 2061 1485 adorandum
2124 1418 2651 1503 ingrederentur.

682 1503 880 1587 Quod
927 1504 1010 1571 ad
1054 1506 1251 1571 Pauli
1297 1505 1678 1589 exemplum
1726 1506 2010 1588 pertinet
2064 1506 2272 1571 citant
2314 1503 2488 1587 qued
2534 1502 2654 1568 ha-

681 1590 880 1656 betur
924 1594 1148 1658 Actor.
1205 1597 1279 1656 18
1327 1614 1385 1656 v.
1443 1595 1518 1655 18
1564 1611 1799 1674 nempe
1860 1591 2273 1657 totundisse’
2317 1602 2517 1672 caput
2584 1590 2653 1655 in

682 1675 1047 1756 Cenchrea,
1094 1685 1160 1742 et
1194 1698 1346 1743 cum
1382 1677 1694 1742 Nazareis
1739 1698 1881 1743 sese
1921 1678 1993 1741 in
2037 1676 2281 1760 templo
2329 1674 2654 1759 lerosoly-

681 1763 935 1827 mitano
991 1764 1373 1846 purificasse
1418 1765 1638 1828 Actor.
1687 1767 1787 1828 21.
1837 1786 1896 1829 v.
1940 1765 2043 1841 26,
2099 1762 2270 1846 quod
2317 1784 2451 1827 non
2510 1761 2654 1826 sine

679 1848 1003 1915 sacrificio
1062 1849 1288 1926 fiebat,
1350 1859 1425 1913 ut
1481 1858 1741 1914 constat
1798 1871 1882 1914 ex
1929 1853 2003 1912 60
2047 1849 2282 1933 Capite
2327 1848 2654 1913 Numero-

682 1954 834 1998 rum
874 1955 1045 1999 vers.
1095 1941 1188 2000 ll.
1227 1949 1290 1999 et
1340 1939 1433 2013 18,
1478 1955 1678 2016 quum
1725 1956 1852 1999 non
1898 1935 2118 2000 minus
2155 1933 2404 2001 Christi
2452 1935 2652 1998 sacri-

683 2020 833 2085 ficio
895 2021 1225 2084 contraria
1269 2020 1401 2085 sint
1445 2019 1684 2104 legalia
1720 2021 2040 2087 sacrificia
2075 2041 2276 2103 quam
2313 2020 2651 2103 papistica.

681 2104 858 2171 Nam
932 2115 1008 2169 ιιι
1070 2105 1394 2172 sacrificia
1456 2105 1695 2190 legalia
1753 2107 2026 2173 umbrae
2091 2116 2284 2172 erant
2352 2105 2655 2171 sacrificii

682 2189 940 2257 Christi
1001 2191 1295 2268 venturi,
1357 2213 1486 2274 quo
1541 2191 1929 2257 adveniente
1974 2193 2247 2258 umbrae
2306 2212 2654 2257 evanesce-

681 2274 880 2356 bant,
940 2276 1036 2341 ita
1077 2278 1396 2343 sacrificia
1441 2278 1758 2361 papistica
1803 2299 1843 2342 a
1884 2279 2159 2361 papistis
2217 2278 2491 2343 umbrae
2537 2277 2655 2342 ha-

681 2359 924 2428 bentur
978 2363 1108 2427 iam
1154 2363 1557 2428 manifestati
1603 2363 1890 2441 Christi,
1953 2385 2154 2447 quum
2216 2374 2437 2428 tamen
2485 2364 2655 2428 veri-

683 2455 818 2513 tate
863 2447 1259 2514 adveniente
1299 2449 1567 2514 omnino
1612 2470 1870 2515 cessare
1908 2450 2206 2515 debeant.
2278 2448 2468 2514 Istud
2508 2458 2655 2513 tan-

681 2543 827 2598 tum
866 2533 1217 2599 discrimen
1258 2544 1528 2600 notatur
1562 2534 1731 2618 quod
1774 2535 2094 2601 sacrificia
2136 2534 2306 2617 legis
2352 2535 2657 2600 instituta

677 2629 874 2686 erant
919 2644 958 2685 a
1001 2621 1319 2699 Domino,
1378 2621 1784 2703 papistarum
1831 2621 1913 2686 ab
1961 2620 2338 2686 hominibus
2381 2622 2658 2685 inventa

677 2713 750 2772 et
818 2704 1138 2772 fabricata
1201 2716 1373 2772 sunt.
1489 2705 1676 2788 Quae
1743 2706 2097 2772 diversitas
2163 2717 2265 2772 est
2331 2704 2658 2771 duntaxat

675 2789 1186 2944 gircgnstantiae
1255 2814 1385 2857 non
1455 2794 1546 2857 rei
1614 2793 1854 2874 ipsius,
1923 2814 2091 2875 quae
2159 2791 2372 2876 magis
2439 2800 2656 2857 atten-

724 2898 807 2943 en
858 2901 897 2942 a
941 2891 1057 2945 est.

855 2961 984 3029 His
1050 2972 1129 3028 ut
1191 2965 1379 3049 potui
1440 2963 1752 3046 respondi
1819 2970 2246 3048 (quamquam
2304 2962 2469 3029 mihi
2531 2962 2658 3046 ipsi

677 3071 815 3116 non
874 3049 1222 3131 satisfeci),
1291 3051 1623 3134 apostolos
1681 3049 1989 3118 adorasse
2048 3051 2118 3116 in
2177 3049 2423 3134 templo
2484 3048 2656 3132 quod

679 3134 1014 3211 oratione,
1075 3158 1242 3220 quae
1301 3138 1551 3219 species
1596 3148 1697 3202 est
1741 3136 2174 3217 adorationis,
2233 3157 2396 3221 opus
2441 3136 2528 3201 sit
2572 3132 2657 3200 ad

680 3222 1225 3288 annunciandum
1274 3224 1553 3288 verbum
1598 3223 1727 3287 Dei
1773 3223 1947 3305 quod
1991 3224 2065 3288 in
2110 3224 2355 3307 templo
2398 3218 2657 3305 praedi-

679 3308 975 3375 cabatur.
1067 3306 1259 3389 Quod
1306 3309 1470 3373 mihi
1517 3330 1648 3373 non
1708 3308 2036 3375 satisfacio
2078 3310 2248 3374 ratio
2294 3317 2426 3384 est,
2482 3305 2658 3390 quod

681 3393 985 3459 adoratio
1054 3403 1212 3460 tune
1277 3392 1607 3477 appendix
1674 3395 1907 3459 fuisset
1973 3394 2303 3460 concionis
2370 3394 2656 3460 habitae.

682 3478 914 3562 Quum
975 3492 1196 3545 tamen
1263 3481 1482 3545 Lucas
1541 3501 1777 3546 causae
1826 3480 2021 3546 istius
2077 3502 2209 3546 non
2254 3478 2660 3557 meminerit,

681 3588 884 3649 quam
944 3576 1048 3642 (ut
1107 3576 1252 3631 erat
1311 3567 1690 3650 praecipua)
1759 3587 1893 3631 non
1960 3565 2544 3650 praetermisisset,
2603 3563 2662 3629 si

681 3660 960 3737 propter
1015 3651 1558 3717 annunciandum
1604 3651 1879 3717 verbum
1926 3653 2056 3718 Dei
2110 3650 2436 3717 duntaxat
2478 3670 2660 3715 oras-

683 3748 808 3806 set.
898 3735 1050 3803 Scio
1096 3760 1227 3802 non
1274 3737 1498 3803 deesse
1543 3739 1657 3821 qui
1702 3739 1771 3802 in
1819 3738 2063 3821 templo
2105 3758 2326 3804 orasse
2369 3737 2658 3802 Paulum

684 3824 876 3888 aiunt
935 3834 1007 3888 ut
1061 3836 1610 3889 converterentur
1665 3823 1893 3887 Iudaei
1956 3823 2038 3888 ad
2084 3824 2463 3889 Christum:
2531 3843 2661 3906 quo

683 3910 859 3976 facto
903 3930 1196 3974 amorem
1257 3931 1451 3975 suum
1500 3930 1660 3994 erga
1703 3909 1983 3975 Iudaeos
2029 3909 2281 3974 Paulus
2324 3929 2659 3974 common-

685 4004 984 4073 strasset,
1022 4010 1091 4060 et
1125 3996 1218 4059 ita
1253 4017 1323 4060 se
1367 3996 1504 4060 illis
1538 3996 1966 4073 conciliasset,
2012 4003 2089 4060 ιιι
2123 3995 2354 4060 Iudaei
2390 4014 2661 4078 promp-

685 4082 890 4147 tiores
934 4102 1078 4146 esse
1115 4082 1447 4164 potuerint.
1481 4079 1564 4144 ad
1601 4079 2127 4163 amplectendum
2163 4081 2509 4146 Christum
2545 4102 2665 4164 per

685 4168 1130 4233 ministerium
1199 4166 1412 4232 Pauli.
1525 4165 1659 4232 Sed
1727 4166 1951 4232 dubito
2017 4189 2103 4232 an
2176 4167 2271 4233 ita
2337 4168 2662 4250 expositio

686 4253 995 4319 subtilior
1038 4273 1183 4318 esse
1226 4252 1534 4317 videatur
1578 4273 1776 4335 quam
1825 4266 1900 4317 ut
1943 4253 2145 4335 recipi
2188 4251 2438 4321 debeat.
2527 4252 2662 4334 Qui

687 4348 994 4404 asserunt
1038 4340 1108 4403 in
1155 4338 1401 4420 templo
1437 4337 1983 4421 lerosolymitano
2017 4338 2311 4403 Paulum
2346 4355 2414 4403 et
2451 4341 2662 4421 Apos-

687 4427 860 4490 tolos
902 4446 1051 4491 cum
1083 4423 1349 4489 Iudaeis
1390 4430 1656 4488 orasse·
1703 4426 1990 4505 potuisse
2035 4426 2102 4488 in
2148 4434 2338 4490 coetu
2383 4424 2665 4489 ludaeo-

690 4531 861 4587 rum,
908 4512 1061 4592 quia
1097 4511 1285 4575 venit
1331 4527 1593 4592 tempus
1629 4530 1757 4591 quo
1801 4510 1956 4574 licet.
1992 4511 2231 4593 ubique
2276 4530 2485 4588 orare,
2533 4531 2665 4574 non

691 4596 1124 4675 satisfaciunt,
1159 4617 1364 4679 quum
1401 4594 1630 4660 eadem
1669 4596 1919 4661 ratione
1962 4597 2027 4660 in
2067 4596 2329 4679 templis
2362 4605 2432 4662 et
2475 4608 2666 4661 coetu

691 4682 1018 4765 papistieo
1082 4682 1197 4763 qui
1266 4682 1537 4745 verbum
1609 4681 1732 4745 Dei
1816 4692 2064 4746 norunt
2126 4703 2315 4747 orare
2391 4684 2663 4765 possint.

689 4767 835 4833 Nee
880 4767 1177 4851 intelligo
1220 4789 1347 4849 quo
1392 4765 1584 4830 modo
1622 4787 1850 4849 preces
1887 4780 2034 4850 post
2071 4766 2409 4834 Christum
2453 4768 2665 4833 cruci-

691 4856 903 4919 fixum
972 4852 1041 4917 in
1089 4853 1336 4935 templo
1371 4852 1975 4935 Hierosolymitano
2022 4854 2282 4919 habitae
2328 4876 2368 4919 a
2403 4854 2668 4918 Iudaeis

693 4938 843 5003 Deo
880 4950 1187 5022 acceptae
1228 4938 1360 5003 ullo
1398 4937 1590 5003 modo
1626 4961 1768 5003 csse
1807 4942 2152 5021 potuerint,
2235 4962 2393 5005 uum
2431 4961 2665 5004 verum

695 5025 1044 5099 Messium,
1112 5024 1301 5089 cuius
1361 5025 1625 5088 nomine
1683 5023 1987 5091 accedere
2047 5025 2130 5090 ad
2260 5048 2410 5091 eum
2474 5025 2667 5090 debe-

695 5107 892 5187 bant,
961 5111 1366 5187 reiecissent,
1435 5124 1500 5174 et
1567 5109 1722 5173 idoli
1791 5112 2056 5176 nomine
2115 5110 2334 5177 Deum
2402 5120 2673 5175 orarent

697 5215 902 5276 quum
963 5195 1237 5260 alterius
1294 5217 1487 5278 quam
1534 5194 1783 5260 Christi
1844 5198 2138 5262 crucifixi
2195 5200 2337 5262 veri
2385 5196 2670 5262 Messias

699 5280 968 5344 nomine
1013 5282 1233 5346 Deum
1297 5282 1698 5347 invocarent.
1789 5280 1963 5346 Nam
2007 5284 2064 5346 si
2110 5304 2241 5348 uon
2288 5284 2357 5347 in
2404 5284 2670 5347 nominc

701 5364 990 5431 Messias
1034 5366 1329 5446 orabant,
1376 5388 1503 5433 non
1551 5367 1760 5448 magis
1803 5366 2044 5433 licebat
2087 5369 2399 5451 apostolis
2443 5389 2672 5452 preces

2193 455 2726 524 EPIS'POLAE
2771 459 3198 521 4248—4249
4549 462 4633 524 552

2765 663 3145 712 communes
3196 644 3437 712 habere
3491 669 3643 713 cum
3695 646 3977 713 Iudaeis.
4064 648 4330 732 Itaque,
4383 659 4639 736 uteunque

2762 729 2997 796 Iudaei
3038 742 3334 812 orarent,
3379 755 3581 817 quum
3627 753 3884 816 semper
3925 753 4155 799 eorum
4199 756 4412 818 preces
4448 737 4641 808 odiosae

2762 827 2830 882 et
2895 817 3054 883 mali
3116 817 3336 885 odoris
3401 829 3624 886 essent
3687 819 3867 897 Deo,
3947 840 4081 885 non
4146 820 4338 887 video
4434 827 4644 893 uomodo

2762 902 3037 985 apostoli
3081 926 3232 970 cum
3277 904 3540 970 Iudaeis
3599 925 3788 970 orare
3843 914 3911 969 et
3966 906 4037 969 in
4095 918 4279 972 coetu
4324 844 4643 977 Iudaeorum

2760 988 3032 1055 adorare
3098 991 3455 1074 potuerint.
3546 990 3686 1057 Nec
3745 1011 3901 1056 vero
3966 1003 4234 1074 propter
4297 992 4513 1060 electos
4563 1015 4647 1062 sut

2759 1074 3056 1141 infirmos
3115 1098 3201 1140 ex
3244 1076 3510 1143 Iudaeis
3571 1075 3812 1143 licebat
3870 1078 4181 1159 apostolis
4237 1083 4649 1148 communicare

2756 1161 3062 1242 precibus
3103 1161 3499 1228 Iudaeorum
3556 1184 3761 1245 quum
3816 1163 3986 1228 nihil
4040 1163 4196 1228 mali
4249 1165 4547 1249 agendum
4587 1170 4649 1233 sit

2760 1254 2834 1312 ιιι
2876 1246 3126 1331 aliquid
3174 1248 3326 1314 boni
3381 1249 3672 1315 eveniat:
3744 1269 3948 1332 quum
4008 1249 4238 1315 eadem
4294 1252 4527 1318 ratione
4560 1252 4651 1319 diti

2758 1334 2966 1417 possit
3006 1346 3273 1417 propter
3314 1335 3612 1401 infirmos
3651 1335 3943 1418 papistas
3999 1336 4073 1400 in
4119 1339 4377 1421 templis
4417 1351 4475 1403 et
4510 1355 4652 1406 coetu

2759 1419 3165 1503 papistarum
3249 1420 3525 1486 adorare
3586 1442 3800 1503 posse.
3910 1420 4040 1487 His
4106 1421 4338 1489 adiicio
4412 1423 4655 1492 ferenda

2760 1505 2923 1570 mihi
2949 1504 3161 1570 videri
3206 1508 3424 1590 potius
3461 1528 3688 1590 preces
3724 1507 4152 1591 papistarum,
4190 1511 4299 1591 qui
4340 1511 4407 1575 in
4448 1513 4655 1576 nemine

2760 1589 3018 1657 Christi
3075 1592 3377 1657 crucifixi
3431 1612 3657 1675 preces
3724 1593 4012 1658 fundunt.
4076 1594 4159 1658 ad
4203 1596 4448 1670 Deum,
4508 1619 4655 1680 qnam

2759 1698 2986 1760 preces
3044 1676 3443 1743 Iudaeorum
3498 1680 3610 1760 qui
3654 1676 3990 1745 Christum
4047 1682 4309 1763 penitus
4368 1684 4655 1765 negabant

2759 1763 2929 1828 Nam
2975 1763 3130 1829 licet
3172 1765 3468 1847 papistae
3504 1764 3609 1829 vel
3658 1785 3773 1846 per
3808 1764 3996 1830 divos
4032 1779 4255 1848 patere
4298 1766 4420 1833 sibi
4460 1767 4658 1834 aditum

2760 1861 2992 1931 putent
3036 1848 3118 1913 ad
3162 1850 3539 1926 Christum,
3597 1858 3666 1915 et
3717 1870 3839 1933 per
3881 1850 4221 1917 Christum
4276 1854 4571 1920 accedant
4602 1857 4659 1919 sd

2758 1936 3006 2012 Deum,
3052 1935 3162 2000 vel
3205 1936 3414 2001 socios
3457 1935 3848 2002 mediatores
3889 1936 4156 2003 Christo
4202 1939 4545 2023 affingant,
4580 1939 4659 2004 lu·

2759 2021 3072 2086 daeorum
3118 2031 3339 2086 tamen
3384 2022 3720 2104 impietas,
3773 2023 3886 2105 qui
3929 2025 4192 2106 penitus
4228 2024 4555 2091 Christum
4590 2048 4662 2091 re-

2759 2105 3116 2190 spuebant,
3182 2108 3391 2172 maior
3434 2118 3503 2172 et
3542 2107 4018 2173 intolerabilior
4061 2127 4177 2176 est.
4264 2109 4399 2178 Sed
4443 2112 4496 2177 si
4534 2112 4661 2177 dieo-

2758 2214 2982 2258 remus
3047 2192 3598 2275 praedicationem
3658 2192 3844 2259 verbi
3898 2192 4029 2260 Dei
4096 2205 4279 2272 (nam
4343 2197 4667 2281 praedicare

2760 2279 3036 2344 verbum
3080 2279 3209 2343 Dei
3256 2289 3360 2344 est
3399 2279 3611 2344 colere
3655 2277 3907 2357 Deum)
3962 2283 4246 2364 speciem
4304 2303 4447 2348 esse
4486 2283 4664 2348 aden-

2760 2365 2991 2442 tionis,
3051 2364 3337 2429 Paulum
3406 2366 3781 2448 ingressum
3848 2387 3989 2431 esse
4047 2380 4118 2432 ut
4184 2368 4573 2450 praedicaret
4622 2383 4667 2433 et

2761 2450 3195 2515 annunciaret
3255 2451 3709 2535 evangelium,
3770 2472 3854 2515 an
3908 2453 4314 2519 subtiliorem
4360 2476 4547 2538 quam
4582 2475 4667 2539 pst

2761 2537 2850 2601 sit
2893 2536 3372 2617 expositionem
3414 2535 3961 2602 admitteremus?

2933 2621 3151 2686 Venio
3215 2641 3392 2686 nunc
3452 2622 3535 2686 ad
3595 2622 3883 2687 Paulum
3962 2625 4073 2706 qui
4147 2647 4223 2690 se
4293 2627 4571 2691 totundit
4620 2628 4667 2689 in

2761 2707 3108 2773 Cenchrea
3163 2719 3229 2771 et
3273 2708 3386 2789 qui
3444 2728 3516 2772 se
3574 2709 3646 2771 in
3701 2708 3947 2792 templo
4004 2710 4412 2792 purificavit,
4474 2725 4533 2775 et
4582 2712 4669 2775 hae

2761 2793 3017 2858 ratione
3075 2794 3301 2856 omnia
3357 2793 3664 2859 omnibus
3718 2794 3929 2860 factus
3985 2807 4100 2861 est.
4191 2794 4425 2876 Quum
4470 2797 4671 2861 videm

2763 2899 2991 2944 omnes
3045 2879 3438 2962 interpretes
3490 2881 3933 2945 caeremonias
3978 2889 4125 2964 post
4167 2881 4426 2949 Christi
4478 2883 4669 2948 adven·

2763 2975 2905 3029 tum
2950 2963 3191 3029 liberas
3234 2965 3659 3044 constituere,
3717 2966 4057 3049 respondi,
4117 2966 4225 3032 his
4268 2981 4569 3053 tanquam
4604 2971 4673 3032 in-

2765 3048 3219 3117 differentibus
3286 3048 3482 3117 licere
3538 3052 3636 3115 uti
3696 3051 3780 3117 ad
3845 3052 4365 3120 aedificationem
4424 3055 4671 3141 proximi„

2762 3136 3177 3204 Libertatem
3220 3136 3293 3201 in
3337 3137 3767 3203 caeremoniis
3813 3138 4105 3223 probavi,
4148 3140 4327 3223 quod
4372 3141 4673 3225 quominus

2763 3235 2985 3289 essent
3026 3222 3269 3287 liberae
3313 3222 3487 3306 apud
3531 3222 3811 3289 Iudaees
3854 3226 4209 3292 necessitas
4252 3238 4545 3303 tantum,
4582 3244 4673 3308 qun

2765 3308 3350 3391 adstringebantur
3390 3308 3463 3372 in
3507 3308 3652 3393 lege
3689 3311 3980 3389 Domini,
4025 3315 4096 3375 in
4140 3333 4345 3379 causa
4379 3326 4547 3379 erat:
4584 3332 4676 3395 qu

2763 3396 3155 3462 necessitate
3198 3394 3456 3459 sublata
3498 3416 3618 3478 per
3659 3406 3939 3461 mortem
3976 3394 4229 3463 Christi
4272 3398 4543 3465 libertas
4575 3420 4673 3463 em·

2763 3479 3033 3546 nimoda
3074 3480 3612 3562 consequebatur.
3699 3481 3926 3563 Quum
3971 3486 4429 3549 caeremoniae
4470 3487 4536 3549 in
4572 3484 4675 3566 lege

2764 3567 3119 3633 institutae.
3164 3565 3299 3630 sint
3354 3587 3429 3630 eo
3475 3566 3669 3632 modo
3726 3578 3877 3651 post
3922 3568 4171 3634 Christi
4216 3584 4499 3636 mortem
4555 3570 4675 3634 acti-

2762 3651 3040 3737 piendae
3086 3661 3395 3734 tanquam
3441 3673 3782 3736 nunquam
3805 3666 4023 3719 essent
4066 3656 4429 3721 institutae.
4476 3657 4675 3719 Verum

2764 3760 2898 3803 non
2943 3737 3250 3803 satisfieri
3287 3759 3515 3802 eorum
3551 3740 3958 3822 argumentis
3998 3743 4110 3822 qui
4146 3742 4359 3819 aiunt,
4407 3758 4677 3824 quamn

2764 3823 3033 3890 umbrae
3092 3824 3355 3889 veritati
3412 3834 3572 3888 sunt
3629 3826 4023 3903 contrariae,
4082 3830 4525 3893 caeremonias
4576 3846 4677 3907 με

2764 3912 3019 3976 ratione
3078 3931 3220 3975 esse
3275 3909 3547 3975 Christo
3605 3912 3968 3976 contrarias
4012 3932 4139 3993 qua
4181 3928 4349 3977 sunt
4394 3914 4677 3979 sacrificia

2763 3997 3014 4063 scilicet
3055 4005 3381 4078 quatenus
3425 3995 3696 4061 veritati
3740 4007 4129 4081 repugnant.
4206 3996 4286 4063 Si
4336 3998 4679 4083 responden

2765 4083 3207 4148 caeremonias
3266 4082 3532 4146 umbras
3585 4103 3728 4148 esse
3785 4105 3868 4148 ex
3923 4082 4183 4149 decreto
4231 4084 4536 4159 Domini,
4584 4102 4677 4165 quo

2765 4168 2944 4234 cruci
2987 4167 3188 4232 affixo
3232 4167 3533 4248 sequitur
3576 4189 3708 4232 non
3754 4168 4039 4252 amplius
4092 4190 4235 4234 esse
4283 4171 4563 4247 umbras,
4608 4189 4677 4231 re·

2765 4252 3194 4336 spondebitur
3235 4251 3411 4317 idem
3455 4251 3802 4319 dicendum
3849 4276 3991 4320 esse
4034 4254 4114 4319 de
4167 4256 4481 4321 omnibus
4526 4276 4677 4320 setri-

2766 4340 2965 4413 ficiis‚
3026 4338 3262 4422 quibus
3307 4348 3529 4403 tamen
3573 4361 3707 4404 non
3761 4340 4023 4405 licuisse
4066 4342 4389 4423 apostolis
4442 4362 4573 4407 sese
4606 4342 4677 4402 is-

2766 4427 3142 4490 termiscere
3207 4434 3432 4490 censet
3478 4423 3707 4491 Petrus
3749 4425 4009 4508 Man-tyr
4070 4449 4151 4491 ex
4195 4430 4488 4578 ‘³:3⁰⁸‘
4542 4438 4677 4509 (11⁸3-

2767 4515 2916 4591 269,
2961 4511 3042 4575 fo.
3091 4514 3128 4573 2
3174 4510 3247 4573 in
3294 4509 3787 4576 Commentario
3830 4513 3901 4575 in
3942 4512 4219 4592 Epistol.
4402 4510 4679 4579 Corinthi

2770 4608 3083 4679 tanquam
3130 4617 3264 4660 non
3320 4595 3578 4661 liberis:
3642 4598 3880 4679 quibus
3938 4608 4161 4662 tamen
4208 4620 4411 4664 usum
4452 4598 4679 4664 Palu

2769 4681 3108 4766 probabile
3152 4692 3272 4758 est,
3324 4681 3495 4764 quod
3540 4683 3611 4746 in
3656 4683 4223 4765 purificationibus
4270 4704 4493 4750 essem
4530 4704 4683 4747 nm-

2773 4768 2921 4833 ficia
2966 4769 3266 4850 pacifica,
3325 4779 3399 4832 ut
3457 4767 3903 4850 appellantur,
3966 4778 4039 4831 ut
4082 4780 4269 4852 patet
4330 4792 4415 4836 ex
4456 4774 4527 4834 6·
4562 4770 4679 4845 Cap

2772 4855 3044 4919 Numer.
3092 4876 3150 4918 v.
3200 4860 3269 4916 11
3310 4870 3379 4916 et
3430 4860 3521 4917 le.
3590 4853 3759 4917 Item
3804 4855 4335 4937 respondebitur,
4386 4854 4679 4920 videnda

2772 4959 2917 5005 esse
2961 4938 3191 5022 quales
3235 4948 3302 5003 et
3345 4937 3707 5004 cuiusmodi
3751 4938 4010 5005 habitae
4056 4942 4307 5007 fuerint
4350 4944 4433 5007 ab
4476 4943 4569 5006 hi·
4600 4960 4679 5018 ῃ-

2772 5025 2908 5091 illis
2973 5024 3434 5090 abutebantur.
3540 5024 3765 5104 Quum
3833 5026 4007 5090 enim
4076 5026 4333 5110 duplex
4398 5028 4679 5093 honam·

2773 5132 2985 5195 genus
3021 5113 3091 5175 in
3130 5111 3445 5193 templum
3466 5109 4089 5195 Ierosolymitanum
4124 5115 4677 5189 confluerenm

2774 5218 3001 5262 eorum
3060 5198 3173 5279 qui
3218 5196 3561 5262 Christum
3606 5199 4071 5263 crucifixerant
4126 5208 4198 5263 et
4254 5200 4357 5264 illi
4412 5214 4677 5265 eum·

2774 5284 2919 5348 nias
2964 5292 3274 5365 tanquam
3313 5281 3581 5348 umbras
3624 5292 3689 5349 et
3729 5282 3979 5348 Christi
4020 5282 4343 5352 adventui
4378 5284 4677 5351 enum

2776 5368 3358 5452 amplecterentur,
3403 5369 3684 5434 alterum
3728 5391 3953 5436 corum
3996 5372 4107 5453 qui
4152 5392 4237 5436 ex
4274 5371 4589 5437 Inda?-
4618 5364 4673 5427 ss
