4900 6125
644 415 730 479 79
2154 406 2682 476 EPISTOLAE
2727 413 3153 478 sese—398⁷
4543 415 4613 480 80

644 598 920 684 adeptus
992 604 1137 665 erat
1207 619 1484 664 munere
1555 596 1916 666 honorifico
1975 597 2060 664 ad
2119 597 2345 665 hostes
2400 617 2601 664 verae

646 705 977 771 puraeque
1067 684 1402 770 religionis
1419 735 1434 762 ,
1522 683 1711 750 cuius
1797 705 1870 749 se
1945 684 2213 750 nomine
2303 683 2602 749 vendita-

644 779 854 848 πται,
911 771 1192 837 transiit.
1223 776 1306 846 ¹⁰)
1406 772 1508 836 Ac
1568 771 1782 852 primo
1845 769 2126 853 quidem,
2196 790 2273 836 ac
2329 769 2387 834 si
2444 768 2600 852 quid

647 854 1082 924 verecundiae
1154 854 1492 922 residuum
1568 856 1821 921 foveret
1836 906 1851 934 ,
1939 854 2366 921 clandestinis
2442 855 2603 920 arti-

644 944 768 1008 bus
846 942 1167 1026 obrepsit,
1245 952 1531 1009 secretas
1610 940 2012 1024 proditiones
2091 941 2372 1025 agitavit
2448 958 2603 1005 cum

644 1026 984 1095 Oardinali
1064 1026 1449 1112 Lothariuyo
1539 1028 1612 1091 in
1703 1026 1890 1093 cuius
2104 1028 2263 1091 tiam
2349 1046 2420 1093 se
2497 1025 2601 1090 iu·

645 1115 1037 1180 sinuaverat.
1143 1113 1423 1180 Summa
1491 1111 1623 1179 huc
1693 1112 2002 1180 tendebat
2076 1123 2154 1177 ut
2231 1111 2602 1177 adulterina

647 1198 982 1266 doctrinae
1038 1204 1107 1263 et
1162 1200 1724 1265 caeremoniarum
1785 1198 2079 1263 mixtura
2121 1196 2602 1281 dissiparentur

644 1284 957 1351 ecclesiae
993 1283 1307 1351 Gallicae.
1379 1285 1632 1350 Verum
1689 1284 1844 1368 quia
1901 1283 2084 1349 nulla
2132 1282 2603 1350 ostendebatur

645 1370 937 1437 occultae
978 1371 1365 1454 fucataeque
1406 1370 1720 1452 perfidiae
1762 1390 2032 1447 meroes,
2098 1389 2237 1434 non
2277 1367 2472 1434 modo
2516 1367 2602 1434 ad

645 1456 1074 1523 defectionem
1133 1466 1426 1539 apertam
1483 1455 1782 1538 prosiliit,
1838 1454 1956 1520 sed
2011 1457 2084 1521 in
2142 1453 2393 1538 flagitio
2439 1454 2602 1519 adeo

643 1563 714 1610 se
772 1542 1194 1625 impudenter
1246 1542 1449 1609 iactat
1504 1550 1581 1606 ut
1637 1549 1972 1624 apostatas
2029 1541 2132 1607 sui
2191 1539 2439 1606 similes
2497 1561 2602 1605 ca-

642 1629 806 1693 nina
848 1628 1181 1710 protervia
1222 1633 1503 1710 superet.
1593 1626 1780 1691 Bene
1838 1636 2059 1692 tamen
2116 1635 2219 1692 est
2262 1623 2439 1709 quod
2483 1645 2602 1690 ne·

646 1713 906 1780 bulonis
962 1713 1160 1779 unius
1223 1713 1607 1796 improbitas
1664 1721 1813 1778 tuae
1871 1733 2032 1797 erga
2087 1711 2251 1778 alios
2297 1712 2603 1776 humani-

644 1800 799 1865 tatis
857 1819 1125 1865 cursum
1181 1818 1311 1864 non
1367 1798 1649 1881 abrupit.
1723 1796 1929 1864 Ouius
1972 1798 2384 1864 constantiae
2428 1818 2601 1862 mer-

643 1906 753 1952 oes
796 1884 920 1950 tibi
962 1904 1247 1968 repensa
1305 1893 1407 1950 est
1462 1883 1636 1967 quod
1672 1883 1849 1949 inter
1905 1893 2297 1949 ornamenta
2340 1882 2602 1949 scholae

645 1979 802 2036 tuae
845 1969 1183 2036 numerari
1226 1982 1504 2053 possunt
1547 1970 1759 2036 exteri
1804 1968 2066 2053 quidam
2111 1970 2412 2035 homines
2461 1968 2603 2034 suis

643 2055 1001 2122 virtutibus
1044 2055 1204 2121 satis
1247 2056 1388 2120 noti
1433 2069 1501 2121 et
1542 2054 1846 2135 celebres,
1891 2056 2197 2139 quamvis
2241 2076 2283 2120 a
2324 2074 2431 2119 me
2465 2074 2602 2119 non

645 2143 1090 2208 nominentur.
1176 2142 1327 2208 Etsi
1401 2161 1557 2206 vero
1631 2161 1848 2224 neque
1906 2161 1991 2206 ex
2050 2162 2197 2206 meo
2254 2140 2604 2225 praeconio

646 2248 858 2328 neque
915 2249 999 2328 ⁰.¹
1021 2313 1035 2327 ·
1058 2227 1296 2327 operis·
1332 2227 1532 2293 huius
1576 2226 2001 2377 dedicatioiiffi,
2043 2227 2402 2324 quidquam
2446 2234 2603 2325 tuae

645 2312 1040 2465 fflffi
1082 2312 2603 2483 gfflzxssffigsmda‘mtguz

641 2485 1035 2552 lusti-issime
1077 2485 1414 2568 Princeps.
1473 2485 1661 2552 Deus
1695 2493 1762 2549 te
1797 2484 2011 2569 magis
2044 2504 2122 2550 ac
2155 2483 2369 2567 magis
2412 2481 2604 2548 donis

644 2571 782 2638 suis
824 2569 1278 2655 spiritualibus
1320 2570 1464 2636 locu
1510 2569 1686 2648 istst,
1745 2578 1812 2635 te
1855 2569 1969 2635 diu
2024 2568 2424 2636 incolumem
2467 2576 2602 2634 sta-

646 2669 916 2740 tumque
959 2656 1401 2739 amplissimae
1487 2656 1790 2741 ignitatis
1832 2654 1953 2721 tibi
1996 2675 2073 2721 ac
2107 2656 2239 2721 tuis
2272 2653 2604 2720 florentis·

646 2743 887 2809 simum
946 2752 1305 2809 conservet.

647 2828 827 2914 gusti
871 2828 967 2894 M.
994 2828 1070 2895 D.
1096 2827 1359 2894 LXIII.

1411 2741 1726 2809 Genevae
1784 2740 2034 2809 decimo
2091 2739 2421 2808 Oalendas
2465 2742 2606 2804 Au·

1537 3375 1741 3447 3987.

648 3529 1226 3611 munimur)
1264 3476 1467 3599 Aux‘
1499 3528 2011 3598 mmsmss
2049 3530 2177 3596 DE
2202 3513 2609 3597 GENEVE.

821 3700 1283 3769 anonoiation
1336 3704 1448 3770 des
1507 3702 1768 3786 mefaits
1807 3703 1885 3769 de
1930 3700 2146 3769 Gom
2202 3700 2449 3768 Brevin
2490 3703 2612 3767 mi-

648 3789 851 3855 nistre
890 3788 1172 3855 deame.

652 3959 1033 4030 (Autographe
1081 3960 1152 4014 de
1195 3960 1252 4014 la
1298 3959 1437 4014 Bibl.
1485 3958 1554 4015 de
1589 3958 1785 4013 Gotha.
1821 3959 1956 4015 Cod.
1992 3956 2097 4012 404
2131 3974 2186 4029 p.
2220 3956 2306 4012 30.
2347 3986 2410 3997 —
2449 3959 2615 4012 Bret-

1345 4028 1637 4084 schneider
1672 4046 1727 4098 p.
1760 4026 1910 4097 209.)

736 4200 792 4264 A
836 4221 960 4266 noa
1004 4198 1166 4266 bons
1202 4198 1301 4267 δ’·
1327 4209 1395 4266 et
1429 4219 1622 4284 peres
1659 4200 1885 4267 Mess‘·
1919 4202 2014 4267 les
2048 4201 2190 4267 ΜΨ
2236 4197 2319 4264 de
2354 4197 2524 4264 Gve.

1360 4370 1579 4438 Graes
1623 4380 1690 4437 et
1730 4373 1905 4456 paix.

822 4507 1074 4574 Messrs
1146 4514 1216 4572 et
1271 4507 1477 4575 freres
1535 4530 1618 4575 en
1700 4516 1923 4577 nostre
1978 4508 2056 4576 Β*
2113 4508 2303 4575 Iesus
2361 4507 2610 4587 Christ,

648 4614 902 4663 comme
946 4592 1186 4659 Hubert
1228 4612 1269 4657 a
1302 4593 1450 4659 ioue
1485 4615 1560 4660 sa
1592 4595 1915 4680 Tragedie
1950 4603 2138 4662 entre
2176 4615 2361 4671 nous,
2406 4601 2614 4659 avant

826 4850 922 4917 10)
964 4849 1289 4907 ffldericue
1326 4850 1551 4907 Elector
1597 4850 1677 4907 ad
1722 4850 1905 4908 Christ
2208 4849 2420 4906 Ducem
2467 4849 2520 4913 d.
2558 4849 2612 4903 d.

652 4918 737 4974 28.
788 4920 901 4975 Iul.
936 4917 1072 4973 1561
1120 4935 1212 4990 ap.
1250 4918 1580 4977 Kluckltohn
1614 4920 1656 4974 1.
1696 4919 1828 4974 191,-
1947 4938 2007 4975 as
2045 4921 2107 4975 1).
2147 4920 2468 4975 Balduinum
2516 4936 2611 4973 an·

650 4989 806 5111 1:35
840 4990 1041 5057 heom-g
1073 4989 1160 5043 ich
1183 5005 1243 5043 er
1277 4990 1353 5043 ist
1376 4990 1474 5044 der
1510 4990 1742 5059 religion
1770 4991 1854 5044 nit
1886 5006 2163 5060 gewegsn,
2199 4989 2275 5043 ist
2295 5006 2403 5059 ayn
2439 4988 2615 5042 christ

824 5057 1183 5179 {elsgenheyt
1216 5058 1327 5112 und
1362 5059 1437 5113 ist
1458 5059 1630 5113 wider
1647 5074 1878 5129 meynen
1897 5059 2080 5113 willen
2102 5059 2306 5129 hineyn
2329 5063 2614 5127 geaogen,

654 5126 763 5179 vile
802 5142 833 5179 e
872 5131 898 5179 t
932 5127 1173 5197 buberey
1207 5127 1577 5182 anzurichten.

653 5192 696 5246 8
825 5234 836 5246 .
863 5194 921 5275 1)
952 5208 1025 5249 ou
1060 5194 1346 5265 Diguaulx.
1417 5196 1529 5251 Les
1562 5197 1743 5252 lettres
1775 5195 1853 5250 da
1887 5211 2014 5251 non
2048 5200 2173 5252 sont
2205 5194 2530 5252 merdam·
2562 5198 2614 5249 et

652 5261 834 5384 gnua
876 5261 1154 5334 :aprina-6.-
1207 5263 1511 5319 DIGALX.
1589 5264 1785 5322 G'e'tat’t
1819 5281 1955 5321 sans
1988 5264 2149 5321 doute
2190 5280 2271 5320 un
2302 5264 2500 5321 ancien
2545 5262 2614 5318 de

717 5346 756 5399 9
802 5345 871 5384 se.

2703 619 2831 683 que
2864 598 3098 683 partir:
3143 599 3313 666 ainsi
3347 600 3587 667 Oosme
3621 600 3866 667 Brevin
3884 602 3943 685 ²)
3978 622 4020 667 a
4056 600 4205 667 ioue
4237 621 4314 667 sa
4345 600 4618 678 comedis,

2703 705 2958 751 comme
3000 705 3170 753 nous
3212 707 3489 753 verrons
3528 709 3612 773 cy
3654 707 3865 770 apres.
3950 687 4144 753 Ainsi
4186 686 4364 754 mila
4399 708 4618 754 comme

2703 770 3062 856 l’Enuemy
3104 793 3176 838 se
3218 772 3585 851 contrefaiu
3645 784 3716 838 et
3756 794 3828 839 se
3871 785 4008 837 met
4050 793 4135 839 en
4176 781 4392 839 tontes
4431 773 4617 857 guisoe

2702 876 2872 940 pour
2914 866 3205 942 tromper
3246 859 3343 923 les
3385 858 3686 941 simplos:
3746 868 3813 923 et
3870 867 4139 925 tourner
4197 880 4283 925 en
4325 860 4622 942 moquerie

2703 942 2768 1007 la
2839 942 3239 1025 predication
3299 943 3380 1009 de
3450 943 3845 1028 l’Evangile,
3917 943 4220 1022 tendant,
4289 953 4434 1009 tant
4490 943 4622 1026 qu¹il

2702 1041 2880 1111 peut,
2923 1027 3163 1095 odieux
3201 1050 3278 1096 ce
3321 1027 3553 1097 Christ
3593 1051 3723 1112 que
3765 1050 3932 1096 nous
3975 1050 4374 1113 annonqons.
4449 1028 4504 1094 Il
4541 1041 4625 1096 est

2702 1134 2869 1198 vray
2925 1135 3055 1197 que
3100 1113 3333 1194 Cosme,
3390 1117 3576 1180 aiant
3632 1119 3780 1182 este‘
3828 1114 4069 1198 depose
4127 1114 4210 1182 de
4265 1136 4388 1181 son
4421 1115 4625 1181 Minis·

2703 1210 2860 1278 tere,
2905 1200 3101 1266 estoit
3155 1201 3428 1286 indigue
3485 1201 3675 1285 qu’on
3718 1202 3794 1266 fit
3851 1200 4097 1265 recueil
4151 1200 4235 1266 de
4289 1222 4398 1267 ses
4434 1201 4628 1285 singe-

2704 1286 2852 1364 ries,
2908 1307 3075 1369 pour
3130 1309 3175 1372 y
3233 1306 3513 1371 occuper
3568 1286 3666 1353 les
3722 1286 3970 1352 saincts
4024 1307 4479 1370 personnagea,
4532 1286 4629 1368 qui

2703 1371 3138 1456 s’employent
3179 1394 3220 1437 a
3262 1371 3637 1438 meilleures
3692 1372 3955 1439 choses:
4015 1373 4182 1438 mais
4236 1391 4475 1455 pouree
4522 1391 4630 1454 qus

2703 1467 2842 1523 cest
2886 1457 3149 1523 homme
3191 1458 3260 1523 la
3302 1466 3345 1523 a
3388 1458 3586 1542 demy
3643 1467 3906 1543 enrage,
3965 1478 4134 1524 nous
4177 1469 4386 1544 ayant
4422 1457 4630 1522 mordu

2705 1540 2786 1607 de
2820 1551 2991 1625 pres,
3036 1548 3176 1609 s’en
3212 1551 3314 1609 est
3346 1543 3476 1609 alle
3509 1544 3681 1627 d’ioy
3716 1564 3877 1609 avec
3911 1542 4344 1609 deliberation
4377 1542 4460 1608 de
4489 1563 4632 1607 nous

2704 1625 2965 1694 mordre
3013 1627 3096 1695 de
3137 1628 3297 1708 loiu,
3341 1630 3516 1696 force
3560 1650 3727 1696 nous
3771 1641 3890 1704 est,
3936 1629 4224 1695 d’entrer
4265 1650 4354 1695 en
4397 1626 4634 1694 defense

2705 1714 2786 1779 de
2830 1723 3055 1780 nostre
3097 1715 3476 1793 innocense,
3518 1714 3586 1779 la
3619 1713 3833 1798 quelle
3870 1714 4045 1780 Dieu
4080 1715 4224 1780 sera
4257 1715 4634 1798 apparuistm

2704 1820 2955 1865 comme
2997 1799 3214 1866 l’aube
3256 1799 3343 1866 du
3387 1800 3552 1866 iour.
3640 1801 3905 1883 Parquo
3956 1851 3972 1879 ,
4015 1800 4266 1866 Messrs
4312 1811 4384 1866 et
4439 1800 4638 1874 fimes.

2701 1885 2754 1949 il
2797 1907 2962 1952 vous
3019 1885 3230 1969 plaira
3288 1885 3620 1952 adiouster
3675 1886 3828 1970 plus
3931 1907 3968 1951 e
4023 1885 4140 1970 foy
4183 1907 4322 1952 aux
4367 1884 4638 1951 defenso

2705 1969 2787 2036 de
2845 1979 3026 2037 toute
3083 1992 3216 2037 une
3272 1972 3762 2057 congregation,
3842 1972 4114 2039 escrites
4167 1992 4258 2037 en
4315 1971 4640 2054 simplicius

2703 2069 2771 2122 et
2827 2057 3062 2134 verite,
3118 2058 3364 2140 qu’aux
3412 2058 3766 2124 calomnies
3808 2056 3962 2122 d'un
4006 2058 4275 2123 homme
4318 2055 4635 2130 secanda

2702 2142 2920 2225 lequel
2964 2143 3027 2208 ie
3069 2163 3245 2227 croy,
3308 2164 3438 2209 non
3497 2144 3763 2210 obstant
3802 2163 3910 2208 ses
3953 2143 4438 2227 deguisemens,
4502 2161 4641 2206 vous

2704 2238 2878 2293 estre
2936 2237 3118 2294 asses
3174 2228 3563 2296 descouvert
3622 2227 3705 2293 de
3761 2249 4182 2313 soy·mesme.
4269 2228 4446 2294 Bien
4501 2247 4642 2292 vous

2705 2313 2850 2380 soit.
2922 2314 3028 2380 De
3071 2313 3487 2400 Praviglerm
3507 2316 3564 2392 ⁸)
3607 2336 3681 2380 ce
3726 2318 3807 2379 23
3856 2313 3938 2379 de
3981 2314 4209 2379 Iuillet
4257 2318 4448 2378 1563.

3427 2451 3566 2518 Vre
3609 2451 3783 2518 frere
3826 2462 3895 2515 et
3935 2449 4208 2517 humble
4252 2450 4577 2517 servitem·

3800 2536 4205 2601 DIGNAULX

3331 2641 3499 2705 pour
3539 2630 3606 2688 et
3649 2642 3736 2688 au
3778 2643 3933 2687 nom
3978 2622 4061 2687 de
4105 2632 4257 2688 tous
4302 2642 4416 2688 ses
4453 2621 4648 2688 nerea

2713 2915 3054 2997 Response
3088 2913 3496 2979 excusatoire
3531 2921 3758 2978 contre
3795 2912 3889 2980 les
3921 2913 4277 2980 calomnies
4314 2912 4405 2980 de
4439 2913 4650 2980 Gom

2907 2999 3178 3078 Brevin,
3224 3006 3267 3064 a
3308 2997 3436 3066 bon
3481 2997 3653 3065 droit
3695 2998 3932 3083 depose
3973 2997 4064 3064 du
4108 2999 4484 3067 Ministere.

2887 3169 3125 3238 Oosme
3168 3170 3430 3250 Brevin,
3474 3171 3522 3237 il
3563 3192 3610 3255 y
3673 3191 3716 3236 a
3755 3170 3822 3235 ia
3868 3171 4179 3255 quelques
4221 3181 4478 3239 annees
4517 3171 4652 3255 qu¹il

2714 3257 2860 3322 vint
2916 3265 3106 3323 entre
3160 3275 3362 3322 nous:
3433 3255 3646 3341 lequel
3712 3263 3858 3322 tant
3924 3257 4150 3322 mieux
4207 3256 4430 3323 fut-il
4487 3277 4650 3323 reos·

2715 3341 2796 3409 de
2839 3350 3003 3422 tous,
3060 3342 3196 3425 quil
3241 3342 3463 3411 faisoit
3504 3343 3905 3425 apparoistre
3947 3341 4107 3408 d'un
4172 3343 4351 3409 beau
4419 3342 4654 3411 temd-

2712 3449 2945 3513 gnage,
3004 3449 3132 3512 que
3190 3436 3416 3493 nostre
3467 3435 3606 3493 tres
3648 3427 3944 3494 honnore
3997 3448 4153 3511 pere
4209 3435 4280 3494 et
4342 3430 4520 3495 frere
4553 3427 4652 3497 12·

2718 3513 2946 3581 Calvia
2987 3512 3247 3581 rendoit
3290 3512 3372 3578 de
3413 3512 3549 3597 luy.
3627 3513 3738 3588 Et,
3781 3523 3968 3580 outre
4010 3533 4103 3592 oe,
4157 3534 4334 3580 nous
4377 3514 4654 3600 scavinus

2714 3598 2884 3677 bien,
2951 3620 3078 3683 que
3141 3599 3455 3666 l’hommo
3510 3600 3694 3665 avoit
3757 3607 3896 3666 este
3961 3601 4231 3665 maistre
4296 3599 4574 3667 d’eseole
4623 3606 4654 3662 t

2714 3685 2898 3750 Neuf
2923 3684 3215 3763 Chastel,
3261 3706 3344 3750 eu
3391 3686 3605 3750 bonne
3640 3685 4014 3769 reputation
4051 3684 4301 3751 devant
4347 3686 4448 3752 M.
4472 3683 4652 3753 Guill.

2716 3770 2931 3838 Farez.
3033 3772 3464 3853 D’avantage,
3546 3789 3712 3836 nous
3787 3772 4188 3855 n’ignorions
4267 3772 4478 3850 aussi,
4551 3788 4654 3853 qm

2712 3856 3110 3943 luy-mesme
3168 3861 3384 3922 u’eust
3426 3864 3566 3921 este
3610 3856 3918 3923 Ministre
3977 3863 4020 3920 a
4059 3856 4520 3923 Montbeliard
4557 3874 4652 3941 pst

2714 3942 2991 4026 l’espaoe
3033 3940 3116 4008 de
3158 3948 3199 4006 4
3245 3962 3397 4007 ans:
3458 3942 3611 4008 bien
3657 3943 3889 4008 estime
3931 3941 4014 4007 de
4058 3952 4242 4007 tous:
4305 3952 4384 4008 et
4431 3944 4654 4008 simut

2713 4027 2865 4111 plus
2929 4036 3100 4094 estre
3167 4026 3476 4094 dechasse
3539 4025 3620 4092 de
3682 4026 3754 4093 la
3815 4047 3977 4094 avec
4055 4048 4163 4093 ses
4225 4046 4652 4179 comp-w

2714 4114 3101 4197 qu'adherer
3179 4121 3221 4179 a
3285 4114 3640 4180 Pes-sanus:
3727 4122 3946 4180 toutes
4009 4112 4370 4196 loequelles
4449 4136 4487 4181 o

2714 4200 3143 4279 considerees,
3187 4199 3236 4264 il
3270 4207 3372 4265 est
3403 4198 3686 4273 advenu,
3727 4197 3922 4283 qu’on
3957 4198 4047 4264 l’a
4079 4207 4227 4282 trop
4263 4198 4434 4285 long
4467 4210 4654 4279 temp·

2714 4294 3045 4369 supporto,
3091 4305 3420 4368 esperans,
3467 4283 3626 4368 qu’il
3670 4304 3740 4349 se
3772 4285 4152 4369 corrigeast.
4223 4284 4410 4352 Mais
4455 4292 4498 4351 a
4535 4303 4654 4368 pm·

2713 4370 3511 4524 {esuriturus
3549 4390 3652 4521 ες
3691 4370 4652 4541 {atumem
4595 4387 4654 4432 ‘⁶

2761 4542 3076 4627 ubliques.
3179 4543 3271 4607 Et
3323 4562 3398 4609 ce
3456 4562 3541 4607 en
3600 4542 3842 4608 iettant
3899 4542 4015 4607 des
4072 4540 4426 4608 brocards:
4483 4550 4654 4608 unat

2713 4563 2796 4695 ge
2840 4628 3097 4712 paroles
3140 4629 3471 4694 affectees:
3514 4626 3758 4694 faisant
3801 4626 3918 4693 des
3960 4636 4178 4712 gestes
4229 4636 4302 4693 et
4344 4627 4649 4695 exulans·-

2714 4715 2887 4780 tione
2945 4736 3068 4799 par
3124 4724 3270 4796 trop
3329 4733 3601 4796 passans
3645 4734 3937 4779 mesure:
3983 4712 4067 4778 de
4117 4721 4322 4793 sorte,
4381 4719 4568 4798 qu’ou
4617 4732 4652 4773 a

2715 4821 2843 4866 veu
2909 4799 2971 4865 le
3027 4799 3263 4885 peuple
3319 4820 3392 4866 se
3448 4799 3726 4883 baigner
3783 4820 3914 4864 aux
3956 4798 4163 4865 risees
4204 4808 4278 4864 et
4319 4798 4650 4881 badinge-

2714 5125 2861 5193 aa,
2906 5055 3713 5193 Etemss‘ertffi?
3743 5052 4210 5180 ἕψω
4223 5053 4648 5195 “mh-‘2³:21

2716 5192 3262 5399 ἴαῦΐέἒζῗεωῷζα
3308 5277 3377 5318 ne
3420 5277 3477 5319 ne
3521 5268 3710 5319 trouve
3751 5276 3860 5332 pus
3907 5276 4007 5317 m
4039 5266 4198 5318 non-e
4228 5266 4385 5319 eeu
4415 5260 4644 5330 (Pr-
