4900 6125
498 316 593 380 39
2026 310 2557 383 ΕΡῙΒΤΟῙιΔ-Ἐ
2596 314 3023 381 8562—3564
4439 318 4524 385 40

500 501 677 571 *orie
716 501 1056 572 vobiscum
1098 519 1295 589 agere
1352 500 1611 581 vellem,
1671 500 2028 570 tacendum
2082 522 2219 570 non
2260 501 2466 569 fuisse

500 588 580 656 in
644 595 830 657 tanto
890 594 1112 656 vestro
1310 587 1496 656 ’culo.
1584 585 1664 656 Si
1726 587 1896 655 nibil
1961 586 2118 656 fidei
2182 587 2468 671 obtineo,

504 673 754 759 aliquid
797 681 1020 741 tamen
1064 681 1135 741 et
1214 674 1450 741 talicae
1491 694 1660 760 quae
1705 673 1881 776 apud
1926 695 2048 741 nos
2103 680 2206 741 est
2258 672 2466 741 eccle-

503 758 646 828 siae
711 759 1096 840 senioribus,
1151 768 1222 826 et
1286 759 1531 827 eximio
1591 759 1847 828 Christi
1905 780 2099 828 servo
2142 759 2230 826 D.
2278 758 2467 827 Petro

500 843 793 931 Hau-tyn·
856 843 1146 912 tribuite.
1174 849 1203 889 ⁴
1205 855 1234 924 j
1347 844 1685 930 Quidquid
1749 845 2120 914 statueritis
2179 846 2466 931 ingenue

500 931 715 998 fateor
756 930 923 998 mihi
964 951 1104 999 non
1148 951 1293 1000 esse
1349 931 1789 999 honorificum
1841 931 1936 998 ita
1986 931 2269 1000 conferri
2311 952 2466 999 cum

501 1014 903 1097 Blmtdrato,
958 1025 1038 1084 ut
1091 1038 1135 1084 a
1186 1017 1377 1086 vobis
1432 1018 1679 1085 factum
1734 1026 1854 1086 est.
1878 1021 1934 1099 ⁸)
2037 1016 2278 1084 Valete
2330 1017 2464 1084 fra-

496 1109 640 1169 tres
705 1123 791 1168 ex
855 1104 1079 1169 animo
1143 1101 1367 1171 dilecti
1432 1111 1500 1170 et
1563 1102 1840 1172 colendi.
1937 1102 2268 1170 Dominus
2342 1124 2466 1170 vos

488 1187 744 1271 spiritu
820 1209 940 1256 suo
1015 1188 1372 1272 gubernet,
1453 1190 1704 1258 virtute
1778 1191 2030 1258 invicta
2115 1189 2465 1267 sustineat,

498 1272 825 1426 ‹liginiilsque
867 1275 1175 1342 omnibus
1217 1276 1589 1360 locupletet.
1673 1276 2009 1357 Genevae,
2057 1279 2115 1341 9.
2154 1273 2465 1343 Octobris

1392 1908 1596 1981 35⁶8.

834 2061 1310 2131 CALVINUS
1356 2063 1485 2132 DE
1530 2063 2130 2132 BLAN‘DRA'PA.

672 2215 2464 2322 fflofiuminusumpolonmmmoeriptum,etap-

483 2320 780 2405 pendicis
824 2320 1383 2406 locopraoeedenti
1424 2323 1720 2406 epistolae
1760 2322 2178 2391 sabianam.

494 2491 705 2560 (Etiam
743 2493 801 2546 in
835 2491 1031 2548 Codice
1068 2491 1355 2548 Turicensi
1387 2499 1445 2548 et
1476 2495 1533 2548 in
1565 2495 1817 2549 omnibns
1839 2494 2173 2549 editionibus
2206 2495 2460 2566 seqnitur

855 2560 1103 2629 eandem,
1140 2561 1238 2616 sed
1272 2563 1534 2632 peculiari
1566 2564 1729 2618 titulo
1764 2563 2107 2632 praemineo.)

614 2729 1096 2816 compendium
1136 2754 1361 2799 eorum
1407 2754 1576 2818 quae
1611 2733 1722 2800 hic
1764 2735 1900 2820 egit
1941 2733 2329 2800 Blandrata.

665 2903 996 2987 Georgius
1060 2903 1430 2971 Blandrata
1486 2905 1780 2972 medicus
1821 2906 1992 2972 vixit
2036 2907 2208 2991 apud
2254 2929 2378 2975 nos
2401 2911 2452 2986 ¹)

488 2989 710 3091 quiete
752 2998 820 3054 et
844 2989 1100 3091 placide
1123 2990 1208 3056 ad
1242 2999 1519 3092 tempus,
1565 2999 1634 3057 et
1665 2990 2068 3094 christianae
2102 2992 2456 3095 docilitatis

487 3074 973 3262 ’,ἑῗὲὲἒθξὲὲα
1012 3076 1831 3262 ξθὲἕιζξέῗ“ἓθέἕὲἰξὲῗ”
1868 3078 2451 3249 ἓὲἓῗὲιῗζὲῗὲ

484 3247 614 3313 fuit
656 3266 780 3332 pro
822 3256 1051 3314 nostra
1093 3248 1511 3332 simplicitate
1555 3259 1870 3334 tanquam
1914 3271 2092 3317 unus
2148 3273 2231 3317 ex
2291 3252 2451 3318 alio-

486 3353 639 3399 rum
684 3353 978 3399 numero.
1068 3334 1304 3417 Coepit
1344 3333 1585 3402 deinde
1625 3355 1744 3419 per
1788 3333 2101 3420 ambages
2142 3339 2214 3402 in
2259 3358 2454 3421 quae-

487 3420 773 3486 stionem
818 3419 1085 3486 trahere
1135 3420 1291 3487 fidei
1334 3432 1600 3487 nostrae
1661 3420 2013 3487 articulum
2073 3422 2155 3487 de
2199 3421 2454 3490 Christi

488 3503 735 3607 deitate
750 3556 769 3585 ,
850 3513 917 3571 et
992 3526 1117 3573 sua
1194 3508 1451 3607 somnia
1527 3506 1772 3606 sparsit
1839 3507 2214 3607 clau-culum
2236 3595 2251 3610 .
2278 3508 2456 3593 apud

485 3589 1119 3777 ffiapssqutgeaestiffi
1147 3593 2101 3763 qdlssposlffigugptgdmssasstffgem
2183 3606 2453 3747 tlalfizru‘iii

488 3760 1042 3862 maximilianum,
1101 3784 1184 3829 ex
1244 3762 1503 3863 celebri
1531 3762 1869 3831 Comitum
1912 3765 2163 3833 familia
2221 3776 2454 3833 natum

487 3846 1716 4036 {fflffiffiossffiessfflssd
1757 3858 2454 4021 ffiaaewffiffiffi

489 4038 628 4084 nes.
717 4018 954 4104 Itaque
1004 4042 1311 4106 quamvis
1354 4020 1723 4089 Blandrata
1777 4020 2004 4089 sedulo
2057 4025 2273 4092 officia
2313 4045 2453 4091 me-

488 4102 618 4170 dici
663 4103 1043 4172 obtruderet
1083 4107 1157 4172 in
1202 4105 1494 4173 curanda
1534 4106 1713 4175 illius
1756 4107 2140 4175 valetudine
2184 4119 2253 4176 et
2287 4130 2453 4176 uxo-

488 4190 602 4271 ris,
654 4189 940 4258 hominis
982 4201 1206 4260 tamen
1262 4193 1759 4277 importunitate
1814 4195 2105 4262 offensus
2149 4217 2305 4262 eum
2348 4217 2451 4263 re·

488 4274 824 4427 pudia2bat.
934 4277 1127 4359 Quod
1182 4278 1434 4380 clarius
1498 4279 1620 4346 sub
1676 4288 1956 4383 mortem
2014 4303 2204 4348 suam
2270 4290 2452 4366 pate-

516 4374 663 4429 ecit.
714 4364 743 4447 )
851 4363 1104 4429 Eodem
1178 4384 1322 4449 ipse
1396 4372 1692 4450 tempore
1756 4389 1894 4434 suis

488 4447 813 4547 fatigabat
858 4447 1222 4516 Calvinum:
1282 4471 1489 4535 eoque
1532 4452 1777 4537 magis,
1834 4474 1923 4538 qu
2036 4474 2256 4553 ‘quum
2298 4453 2453 4521 sub—

488 4533 1137 4708 ῗῶΐίἑῗῗὲὲῑὲιζ
1164 4535 2459 4709 ξῖἴιῖἷᾚιῖἓθὶέξηέῗςέἑῗῗὲῒᾶξὶ

2002 4367 2453 4435 uacationibus

740 4897 875 4955 lN.
909 4894 1065 4953 2916.
1099 4894 1255 4953 3042.
1312 4897 1571 4962 Sela-odat,
1618 4898 1789 4955 Veni.
1823 4897 1944 4953 230.
1997 4897 2229 4955 Haterio
2260 4897 2458 4968 2166.

796 4966 1607 5024 Haemus-antestabant

495 5030 1340 5092 8⁶68.1A.1557et1558.
1422 5033 2452 5104 Vidooouadonp.8o,13mod.

904 5144 918 5157 .
991 5102 2454 5177 mh.n..1uq.1567xriptainstaa.

701 5211 949 5307 a‘ouet'
981 5257 1050 5298 ιι.
1085 5244 1231 5315 aas.
1266 5243 1403 5302 1557
1440 5244 1548 5312 (N.
1583 5241 1736 5299 asso.
1771 5240 1949 5311 2694)

2568 522 2647 568 ea
2687 502 2833 587 ipsa
2875 500 2958 568 de
3000 502 3240 587 quibus
3282 523 3478 592 saepe
3521 501 3819 578 audierat
3869 503 4205 571 sciscitari.
4293 503 4523 589 Itaque

2567 596 2828 656 coactus
2890 596 2992 654 est
3044 588 3110 655 ei
3167 587 3473 656 Galvioms
3524 590 3598 656 in
3662 589 3896 656 faciem
3939 588 4186 657 dicere:
4271 589 4522 657 Vultus

2567 681 2725 740 tuus
2786 672 3170 741 detestabile
3225 683 3599 742 monstrum
3659 674 3817 741 mihi
3873 674 4180 756 ostendit,
4238 675 4409 761 quod
4451 676 4520 742 in

2565 759 2763 828 corde
2803 760 3130 827 occultum
3172 761 3386 829 foves:
3431 781 3508 827 ac
3549 761 3809 846 saepius
3853 782 4007 827 eum
4040 782 4271 845 aspere
4303 760 4523 829 obiur-

2655 847 2770 926 vit,
2827 853 2903 912 ut
2945 847 3004 911 si
3047 847 3189 914 fieri
3232 856 3456 931 posset
3498 847 3860 932 corrigeret
3899 845 4248 932 perfidiam
4295 856 4362 913 et
4405 847 4523 913 fal-

2565 866 2770 999 ffoias
2849 931 3162 1017 dolosque
3241 939 3567 1001 tortuosos
3583 984 3601 1015 ,
3689 954 3966 1018 quorum
4045 933 4311 1001 fastidio
4387 941 4526 999 erat

2566 1015 3043 1102 quodammodo
3103 1017 3415 1086 defessus.
3503 1018 3645 1085 Nec
3707 1029 3932 1086 tamen
3999 1018 4253 1085 destitit
4316 1017 4526 1087 Blae·-

2565 1105 2823 1171 dratam
2889 1105 3161 1171 comiter
3224 1103 3512 1172 salutare
3576 1112 3644 1171 et
3709 1103 4093 1171 admitterre
4153 1103 4238 1170 ad
4279 1125 4524 1172 sermo·

2566 1211 2743 1255 nem.
2829 1189 2977 1255 Imo
3038 1189 3169 1256 huc
3211 1212 3419 1276 usque
3461 1189 3947 1275 obtemperavit
3986 1191 4268 1274 improbi
4313 1190 4524 1258 homi-

2566 1276 2674 1341 nis
2714 1276 2907 1355 votis,
2954 1287 3030 1342 ut
3069 1275 3257 1344 brevi
3300 1279 3544 1360 scripto
3561 1279 3618 1355 ⁸)
3653 1274 4043 1343 dissolveret
4076 1298 4307 1343 omnes
4344 1296 4526 1343 scru-

2567 1361 2762 1444 pulos
2836 1361 3079 1445 quibus
3155 1363 3448 1448 fingebat
3522 1360 3635 1428 ille
3710 1383 3996 1445 nequam
4063 1383 4136 1429 se
4199 1360 4524 1446 impediri.

2567 1447 2820 1513 Notare
2897 1457 3117 1515 autem
3195 1467 3433 1532 operae
3508 1449 3794 1532 pretium
3874 1454 3975 1514 est
4036 1468 4319 1533 pravum
4386 1448 4528 1515 eius

2568 1532 2935 1600 consilium.
3035 1532 3268 1618 Neque
3323 1535 3504 1600 enim
3561 1546 3694 1599 tam
3748 1536 4006 1618 optavit
4048 1533 4344 1618 expediri
4402 1534 4527 1600 sibi

2569 1617 3030 1699 dubitationes,
3092 1620 3164 1685 in
3218 1619 3455 1705 quibus
3519 1618 3778 1686 dicebat
3821 1640 3893 1685 se
3935 1619 4324 1704 perplexum
4368 1620 4529 1686 hae-

2569 1725 2738 1785 rere,
2790 1725 2988 1790 quam
3046 1704 3388 1771 contendit
3442 1726 3482 1772 a
3550 1703 3810 1772 Calvino
3867 1716 3940 1772 ut
3999 1705 4345 1772 damnaret
4386 1726 4528 1771 om-

2570 1790 2759 1856 nium
2811 1790 3091 1857 aliorum
3148 1793 3529 1859 sententias.
3632 1793 3733 1857 Ac
3789 1791 4056 1875 saepius
4109 1792 4389 1857 asseruit
4445 1789 4528 1856 ab

2568 1875 2874 1943 omnibus
2919 1876 3275 1943 Germanis
3316 1899 3389 1944 se
3431 1875 3712 1942 turbari:
3761 1876 3959 1943 unius
4001 1887 4226 1943 autem
4273 1875 4531 1943 Caluini

2569 1962 2870 2030 doctrina
2931 1983 3003 2029 se
3064 1961 3251 2028 reddi
3314 1962 3766 2045 tranquillum.
3876 1961 4102 2044 Quum
4167 1960 4531 2029 identidem

2568 2061 2838 2134 urgeret
2882 2057 2957 2114 ut
2996 2048 3303 2115 sedandis
3342 2048 3708 2114 multorum
3753 2047 4170 2115 conscientiis
4219 2046 4529 2117 Calvinum

2569 2134 2872 2201 reiiceret
2934 2155 3357 2217 quaecunque
3421 2134 3503 2200 ab
3570 2133 3719 2200 aliis
3784 2145 3975 2200 erant
4035 2133 4332 2218 prodita,
4402 2132 4528 2200 sibi

2567 2219 2768 2286 fidem
2825 2240 3088 2285 omnem
3148 2218 3453 2285 detraxit.
3555 2220 3650 2285 Et
3707 2242 3792 2285 ex
3850 2241 3926 2286 eo
3977 2229 4272 2304 tempore
4332 2218 4530 2285 desiit

2571 2305 2876 2372 Calvinus
2941 2326 3090 2371 eum
3156 2306 3537 2371 admittere:
3605 2307 3758 2388 quia
3812 2313 4077 2371 tantum
4135 2304 4408 2371 dissidia
4461 2313 4530 2371 et

2567 2391 2794 2458 turbas
2836 2390 3210 2474 quaerebat.
3292 2389 3618 2475 Serpebat
3654 2392 3910 2457 interea
3952 2392 4136 2457 virus
4170 2391 4528 2476 impiorum

2567 2477 2950 2562 dogmatum
2998 2476 3176 2562 apud
3211 2477 3435 2544 Italos.
3454 2482 3512 2553 ⁴)
3591 2475 3825 2561 Itaque
3859 2478 4149 2542 seniores
4190 2475 4526 2543 calvatum

2564 2575 2885 2647 rogarunt
2939 2575 3016 2628 ut
3073 2583 3340 2629 manum
3406 2561 3800 2629 auxiliarem
3855 2562 4242 2647 porrigeret.
4346 2561 4525 2629 Con-

2564 2648 2741 2715 dicta
2792 2663 2893 2715 est
2945 2649 3113 2713 hora
3168 2649 3366 2733 plebi.
3442 2648 3638 2715 Missi
3696 2654 3856 2715 sunt
3898 2647 4029 2713 duo
4072 2670 4161 2713 ex
4204 2648 4526 2714 senatori·

2562 2734 2703 2801 bus.
2803 2734 3128 2801 Calvinus
3188 2735 3389 2801 verba
3442 2733 3614 2800 fecit.
3717 2733 4046 2800 Hortatus
4104 2740 4206 2799 est
4255 2733 4526 2800 nomine

2562 2828 2831 2888 senatus
2888 2828 2964 2887 ut
3018 2820 3293 2904 quisque
3348 2819 3552 2886 libere
3621 2821 3946 2904 proferret
4010 2818 4170 2904 quid
4227 2819 4525 2886 sentiret.

2562 2908 2663 2973 Ac
2740 2918 3011 2973 senatus
3089 2907 3357 2971 nomine
3380 2905 3431 2991 ⁸)
3509 2899 3818 2989 promisit
3895 2904 4363 2989 impunitatem
4380 2956 4396 2981 ,
4468 2906 4525 2971 si

2559 2989 2715 3077 quid
2802 3011 3103 3076 erperam
3147 3000 3217 3056 et
3258 2989 3741 3058 inconsiderate
3775 2991 3879 3058 ela
3924 3011 4069 3057 sum
4106 2999 4294 3058 esset.
4375 2989 4527 3056 Illic

2558 3100 2693 3144 non
2779 3079 3062 3145 ubitavit
3103 3076 3472 3144 Blandrata
3512 3078 3794 3145 obiicere
3952 3078 4121 3144 lvino
4184 3075 4358 3160 quod
4402 3076 4525 3143 fal-

2558 3164 2897 3230 sissimum
2941 3172 3102 3243 erat,
3148 3164 3524 3246 iactareque
3567 3162 3734 3229 illud
3778 3184 3921 3229 esse
3964 3162 4282 3247 scriptum
4319 3184 4528 3229 manu

2564 3248 2841 3319 calvini.
2933 3248 3220 3317 Coactus
3256 3249 3547 3333 proferre
3581 3257 3649 3314 te
3734 3248 4010 3315 ‘versari
4045 3249 4278 3331 coepit.
4359 3248 4527 3315 Per·

2556 3335 2862 3402 tinaciter
2940 3344 3164 3401 tamen
3241 3336 3526 3401 asseruit
3713 3336 3931 3400 finum
3996 3336 4091 3399 ita
4164 3334 4526 3417 scripsisse,

2558 3419 2761 3488 donec
2805 3418 3036 3488 charta
3079 3421 3282 3487 allata
3323 3420 3450 3486 fuit
3490 3420 3562 3486 in
3621 3420 3964 3504 templum.
4050 3418 4527 3502 Deprehensus

2555 3507 2623 3573 in
2669 3507 3019 3574 manifesta
3053 3506 3386 3573 calumnia
3419 3506 3623 3572 miser
3658 3505 3771 3570 ille
3803 3525 3940 3571 non
3976 3513 4201 3572 tamen
4237 3505 4526 3585 erubuit,

2555 3614 2757 3678 quum
2804 3613 3035 3659 omnes
3077 3593 3251 3659 fuste
3355 3593 3368 3607 ⁸
3423 3612 3580 3657 num
3641 3601 4005 3657 censerent.
4096 3590 4246 3657 Etsi
4299 3600 4527 3658 autem

2557 3701 2693 3745 non
2728 3679 3004 3762 protulit
3041 3678 3182 3762 ipse
3216 3676 3603 3744 horribilem
3639 3675 4138 3761 blasphemiam,
4175 3697 4344 3759 quae
4368 3697 4525 3743 mox

2557 3773 2890 3848 sequetur,
2936 3773 3144 3830 totam
3186 3772 3410 3829 tamen
3454 3763 3601 3829 eius
3643 3761 3905 3846 culpam
3950 3763 4246 3829 sustinet.
4325 3762 4528 3828 Dixit

2558 3852 2733 3918 enim
2771 3851 3043 3916 intimus
3079 3850 3221 3916 eius
3254 3847 3497 3948 sodalis
3539 3848 3831 3913 Ioannes
3852 3848 4106 3915 Paulus
4127 3844 4448 3948 Aletium-s,
4469 3846 4523 3933 ⁸)

2556 3933 3997 4119 2⁰3a.²⁶.¹523.3‘3.3;·;203.233..h‡5513.
4033 3932 4526 4119 3333&

2557 4119 3000 4175 statueremus
3035 4118 3172 4173 tres
3207 4125 3541 4191 personas.
3600 4103 3677 4171 Si
3702 4105 4104 4171 exsecrabile
4127 4104 4292 4171 111ud
4315 4125 4524 4172 sacri-

2554 4195 2826 4279 legium,
2887 4202 2963 4259 ut
3019 4190 3310 4271 decebat,
3356 4191 3720 4269 exhorruit,
3764 4212 3884 4257 cur
3926 4190 4010 4257 ab
4055 4192 4198 4258 eius
4239 4190 4524 4256 familia-

2554 4281 2755 4346 ritate
2798 4299 2935 4345 non
2979 4277 3324 4345 discessit?
3371 4277 3511 4344 Imo
3546 4297 3699 4343 cum
3735 4296 3813 4343 eo
3851 4276 4048 4360 paulo
4085 4284 4234 4360 post
4267 4275 4522 4360 profec-

2557 4375 2668 4432 tus
2703 4374 2836 4433 est:
2877 4376 2945 4431 et
2979 4385 3058 4430 eo
3094 4365 3351 4442 comite,
3389 4361 3595 4428 sodali
3621 4370 3690 4428 et
3711 4363 3905 4441 socio,
3930 4362 4200 4429 molitus
4223 4372 4325 4428 est
4345 4363 4522 4429 scin·

2557 4451 2712 4519 dere
2757 4451 3082 4518 ecclesias.
3171 4450 3483 4535 Pepercit
3525 4460 3748 4514 tamen
3797 4446 4122 4528 Calvinus,
4165 4468 4242 4514 ac
4286 4448 4522 4532 depre-

2685 4832 2692 4837 ,
2763 4757 2820 4823 3)
2860 4756 3044 4813 0⁰&ae
3075 4757 3327 4827 praebet:
3370 4759 3622 4829 scriptos,
3667 4756 3816 4828 quod
3848 4760 4098 4811 nomm
4141 4754 4328 4820 fame
4358 4753 4522 4811 auu.

2557 4834 2754 4910 tasum.
2825 4825 3042 4882 Albula
3074 4842 3265 4896 nempe
3297 4826 3732 4896 adOpuseulun
3769 4843 3808 4881 a
3840 4826 4002 4881 nobie
4047 4823 4162 4879 Vol.
4193 4822 4305 4878 IX.
4335 4822 4516 4894 2321

2557 4898 2824 5048 εψζ)
2863 4964 3089 5089 3531th
3139 4964 3496 5088 Μοιεῗηοκορ
3541 4968 3828 5032 maora
3869 4962 4202 5018 Luctum·
4251 4960 4519 5085 W

2554 5034 2861 5160 m
2887 5048 3432 5184 ...m
3343 5037 3777 5157 ”m
3645 5048 3813 5101 w·
3845 5030 4109 5087 ‘m
4138 5030 4357 5097 a...
4433 5046 4516 5085 “-

2762 5173 2826 5310 33
2856 5178 3493 5298 ⁸13ff²⁸237⁰³c¹¹39m1¹3⁰23⁸i⁸a
3505 5169 3822 5295 “uffae-..1
3855 5236 3924 5293 11.
3958 5235 4077 5291 310.

4517 5850 4861 6078 *A
