4900 6125
302 326 405 391 81⁷

297 514 402 580 boc
437 518 680 577 avertat
716 508 1066 587 Dominus,
1118 513 1231 595 qni
1273 510 1662 579 mirabiliter
1700 511 2020 579 hactenus
2061 532 2215 579 nos-

293 608 520 665 trorum
560 596 814 696 animos
834 599 943 699 ‘in-
971 596 1187 666 officio
1227 598 1585 699 continuit.

289 682 764 869 longiffleqtalb
795 682 964 835 ⁸ilstlils
1014 769 1303 836 motibus
1353 769 1600 869 abesse,
1665 703 2214 836 &belz-affl

289 853 563 942 precibus
618 865 1038 938 expugnatus
1104 854 1323 921 adhuc
1389 856 1497 922 hic
1561 854 1801 922 haereo
1860 866 1930 921 et
1992 857 2217 922 omnia

289 940 562 1024 experior
611 948 690 1005 ιιι
742 947 1005 1008 nostros
1059 938 1145 1007 ad
1201 941 1590 1027 patientiam
1631 960 2038 1026 componam,
2093 963 2216 1009 nec

287 1027 512 1093 interea
552 1025 695 1091 sine
739 1026 1047 1093 maximis
1089 1026 1399 1110 periculis
1442 1027 1552 1094 hic
1594 1047 1839 1094 versor.
1908 1027 2018 1094 Ad
2052 1026 2217 1095 haec

287 1111 669 1178 incommoda
722 1112 972 1179 accedit
1030 1132 1266 1196 parum
1323 1132 1638 1199 prospera
1679 1111 2009 1193 valetudo,
2053 1114 2216 1181 assi-

287 1197 415 1264 duis
474 1198 647 1264 curis
702 1206 771 1264 et
823 1198 1157 1265 laboribus
1212 1200 1308 1265 ita
1365 1220 1472 1266 me
1521 1198 2082 1282 distorquentibus
2138 1207 2215 1267 ut

285 1292 438 1349 totus
477 1283 606 1348 iam
650 1292 718 1349 et
759 1305 1101 1351 canescam
1145 1294 1215 1351 et
1256 1305 1653 1352 marceacum
1695 1286 1912 1371 magis
1953 1305 2031 1351 ac
2072 1306 2212 1352 ma·

284 1370 386 1454 gis.
467 1367 703 1452 Itaque
757 1377 825 1435 te
880 1390 1039 1454 rogo
1097 1379 1189 1449 nt,
1256 1373 1312 1438 si
1357 1391 1654 1455 unquam
1707 1369 1889 1453 alias,
1956 1373 2082 1438 mei
2142 1372 2213 1438 in

284 1454 495 1521 vestris
535 1454 837 1538 precibus
878 1457 1328 1525 memineritis.
1421 1456 1648 1524 Habes
1691 1457 1957 1525 brevem
1997 1460 2214 1524 maxi-

279 1540 516 1607 min-um
559 1560 782 1607 rernm
827 1562 1174 1609 summam.
1263 1544 1435 1610 Nam
1480 1542 1842 1627 singularia
1884 1543 2095 1610 multa
2127 1565 2213 1611 ex

278 1647 344 1692 eo
379 1646 764 1712 cognoscere
784 1629 1031 1713 poteris
1075 1630 1186 1711 qni
1229 1627 1348 1695 tibi
1394 1629 1516 1696 has
1558 1629 1786 1697 literas
1819 1628 2055 1710 reddit,
2090 1629 2211 1696 ho-

275 1712 434 1777 mine
473 1720 540 1778 et
581 1713 689 1796 pio
731 1724 799 1779 et
830 1712 1175 1780 industrio.

425 1797 569 1863 Iam
591 1802 648 1871 ⁶)
690 1800 887 1865 venio
930 1799 1016 1866 ad
1057 1821 1138 1867 ea
1177 1821 1344 1885 quae
1378 1822 1496 1884 per
1536 1798 1872 1869 Galo-‘num
1904 1808 2211 1869 nostrum

274 1883 420 1948 mihi
460 1884 866 1969 significasti,
929 1906 969 1951 a
1033 1907 1165 1970 quo
1223 1888 1425 1954 etiam
1482 1896 1633 1953 tuas
1688 1887 1916 1954 literas
1970 1887 2211 1954 nudius

273 1970 489 2035 tertius
529 1971 769 2055 accepi.
850 1970 1063 2038 Crede
1108 1973 1289 2053 mihi,
1334 1974 1426 2038 mi
1470 1981 1679 2058 pater,
1722 1973 1896 2039 nibil
1937 1975 2208 2058 gratius,

271 2053 422 2120 nihil
474 2057 690 2141 magis
748 2060 1140 2143 tempestive
1205 2057 1393 2126 nobis
1435 2060 1737 2126 nunciari
1781 2062 2011 2143 potuit.
2099 2058 2211 2125 Da

268 2142 453 2224 igitur
495 2160 768 2242 operam
834 2153 914 2209 ut
978 2151 1202 2246 noster
1263 2144 1409 2221 iste,
1468 2146 1587 2246 qui
1647 2145 1831 2247 hanc·
1871 2166 2072 2211 unam
2127 2145 2210 2212 ob

265 2315 472 2412 qaum·
511 2237 773 2415 hals-cmiii·
798 2231 1966 2417 &mgfflfgringefflw’olfitwaalss
2006 2231 2210 2383 glag:

265 2418 414 2465 nme
453 2408 622 2466 certi
664 2400 1002 2486 qmdpiam
1058 2412 1257 2470 istinc
1315 2410 1524 2487 possit
1575 2404 1816 2482 afferri,
1871 2402 2045 2488 quod
2089 2425 2209 2468 nu·

265 2490 497 2551 tantem
554 2494 855 2552 nostram
912 2486 1333 2574 αότοκράτορα,
1354 2492 1411 2568 ⁷)
1471 2498 1539 2555 et
1589 2489 1869 2556 assiduis
1913 2510 2206 2573 quorun-

264 2568 398 2635 dam
461 2571 963 2654 perfidiosorum
1026 2576 1227 2642 minis
1301 2575 1645 2659 imparem,
1732 2574 1951 2659 aliquo
2016 2573 2208 2641 modo

261 2655 469 2723 fulcire
510 2677 593 2724 ac
631 2658 909 2742 proinde
948 2666 1201 2727 certam
1240 2661 1430 2728 nobis
1474 2660 1797 2728 adversus
1831 2659 2207 2727 Antichris-

261 2748 388 2808 tum
439 2744 791 2811 victoriam
847 2764 1084 2829 parare
1138 2746 1369 2831 possit.
1456 2745 1806 2813 Ourabunt
1857 2746 2067 2832 igitur
2106 2745 2207 2813 illi

261 2846 411 2911 quae
452 2827 538 2895 ad
585 2828 962 2898 Germanos
1275 2840 1322 2898 t.
1420 2833 1526 2899 'ru
1570 2853 1731 2899 vero
1771 2830 1921 2899 vide
1964 2852 2206 2916 quaeso

258 2914 438 2979 ctiam
476 2924 677 3068 ⁸3oe
719 2916 919 2983 etiam
954 2926 1033 2983 ιιι
1064 2938 1200 2984 ιιοιι
1234 2926 1564 2986 vestrates
1593 2917 1806 2997 modo,
1850 2916 1970 2984 sed
2003 2920 2207 2985 etiam

259 3019 493 3067 vicinos
623 3001 854 3070 eadem
875 3003 1148 3071 consilia
1168 3004 1488 3088 impellas,
1511 3024 1681 3090 quae
1704 3012 1772 3072 et
1791 3004 1984 3073 nobis
2004 3004 2212 3072 utilis·

258 3086 411 3153 sima
462 3096 532 3154 et
590 3087 777 3155 vobis
833 3109 1089 3174 quoqne
1147 3090 1177 3177 (
1218 3089 1704 3174 nandoquidem
1747 3090 1830 3157 de
1869 3091 2213 3157 communi

255 3191 438 3239 cansa
544 3175 560 3190 ’
721 3181 951 3254 tatur),
1006 3197 1142 3242 non
1198 3174 1610 3244 incommoda
1660 3176 1799 3242 fore
1860 3183 2003 3243 tute
2044 3177 2210 3243 satis

253 3255 581 3344 intelligis.
887 3269 1111 3328 autem
1133 3262 1373 3363 agendi
1395 3262 1722 3329 rationem
1743 3261 1971 3329 fideles
1990 3263 2207 3328 nostri

612 3347 900 3413 maxime
965 3347 1345 3431 expeditam
1410 3355 1482 3414 et
1543 3356 1982 3433 opportunam
2060 3367 2207 3414 esse

252 3427 552 3512 indicent„
597 3432 820 3497 omnia
861 3432 1140 3517 denique
1185 3432 1270 3500 ad
1305 3432 1432 3501 hoc
1465 3432 1831 3501 curandum
1866 3434 2208 3518 negotium

251 3516 667 3597 pertinentia,
722 3526 945 3584 noster
987 3519 1115 3584 iste
1158 3517 1419 3585 abunde
1461 3519 1585 3586 tibi
1626 3525 1914 3603 exponet
1955 3527 2030 3585 ut
2062 3518 2210 3603 plu·

252 3600 423 3667 ribus
463 3602 634 3669 hacc
677 3624 718 3668 a
759 3624 868 3669 me
908 3602 1108 3671 scribi
1141 3604 1421 3671 minime
1455 3606 1545 3671 sit
1578 3625 1859 3684 necesse,
1903 3623 2072 3688 quae
2099 3611 2232 3672 co-'

251 3706 383 3752 ram
423 3688 640 3754 multo
683 3686 946 3772 plenius
988 3710 1075 3755 ex
1119 3690 1262 3774 ipso
1304 3710 1678 3776 cognosces.

409 3773 601 3840 Bene
643 3774 811 3853 vale,
854 3775 950 3840 mi
993 3783 1199 3858 pater,
1243 3773 1576 3842 Dominus
1619 3774 1811 3841 Iesus
1851 3785 1919 3840 te
1952 3774 2206 3842 incolu-

249 3877 414 3955 mem
470 3866 704 3926 servet
753 3868 824 3926 et
879 3871 1110 3927 sancto
1166 3881 1286 3928 suo
1337 3882 1372 3927 s
1417 3861 1577 3926 iritu
1619 3861 1831 3945 magis
1874 3880 1952 3926 ac
1993 3860 2206 3961 magis

248 3954 1154 4098 mmmmsugbgzgmdgtlh
1209 3946 1653 4133 lgaeterosque
1716 3946 2206 4132 &cmg

246 4028 494 4268 ὴ
537 4117 1962 4289 ωπκιᾞὲἒξίειω
1855 4115 1970 4182 ““”
1996 4137 2204 4270 ιεῖεῑ

247 4286 385 4366 sias,
467 4287 754 4354 vixdum
796 4310 918 4372 per
957 4288 1256 4355 infinitas
1298 4254 1724 4375 tempestates
1766 4310 1873 4355 em
2079 4296 2200 4368 tes,

248 4370 518 4439 assiduis
590 4374 898 4458 precibus
975 4375 1265 4441 Domino
1345 4374 1836 4442 commendetis.
1982 4382 2201 4440 terum

248 4457 408 4525 vale.
496 4460 814 4527 Lutetiae
856 4469 1045 4525 sexto
1089 4461 1317 4528 Nonas
1358 4461 1657 4528 Martias.

1601 4598 1790 4664 Tuus
1831 4596 2025 4664 Besa.

335 4886 2202 4968 ’mrmmoeuauqumopopmpmm

445 5023 510 5094 7)
541 5025 808 5096 Rasin-m
841 5026 1298 5096 subm-tricem·
1367 5024 1545 5090 (Μ
1579 5027 1642 5080 ⁸·oe
1675 5026 1967 5096 mm.)

2031 324 2193 387 1562
2238 320 2522 391 MART.

4146 327 4271 392 318

2888 507 3305 595 Bau-sym·
3337 509 3713 595 adscripsit:

2486 681 2816 766 Requisiti
2857 681 3217 768 evangelici
3258 680 3332 747 in
3367 681 3607 761 Gallia,
3651 682 3999 766 qualenam
4043 696 4274 769 petant

2314 767 2687 846 concilium,
2730 767 3213 851 responderunt

2451 855 2518 936 1)
2561 853 2889 922 Nolumus
2941 875 3222 938 nsquam
3264 855 3618 921 convenire
3660 875 3745 919 ex
3787 856 4129 923 Pontificio
4170 857 4273 922 in-

2567 938 2849 1007 dictione
2892 939 3009 1007 sed
3050 961 3136 1007 ex
3178 938 3389 1007 nostri
3429 939 3761 1024 Principis
3794 939 4122 1008 mandato.

2444 1027 2518 1111 2)
2561 1025 2822 1094 Locum
2878 1025 3272 1111 requirimus
3327 1023 3413 1091 ab
3449 1027 3629 1092 omni
3687 1026 4014 1110 pontificis
4055 1036 4275 1112 potes—

2563 1120 2702 1178 tate
2762 1113 3129 1178 immnnem
3190 1122 3258 1179 et
3321 1112 3536 1197 quoad
3601 1112 3800 1178 etiam
3866 1114 4011 1180 fieri
4070 1114 4275 1198 possit

2445 1283 2519 1367 2>
2561 1205 2981 1385 ms
3134 1370 3148 1383 .
3520 1370 3585 1385 ..

2566 1377 2814 1437 tinuan
2852 1371 2969 1436 'fn
3016 1378 3316 1437 entmum
3351 1368 3875 1437 conciliabulum.

2444 1454 2517 1540 4)
2560 1454 3062 1524 Oontroversias
3143 1476 3372 1523 omnes
3449 1478 3532 1521 ex
3601 1456 3728 1522 Dei
3794 1455 3995 1523 verbo
4059 1454 4275 1524 decidi

2563 1542 2990 1626 postulamus.

2445 1626 2517 1711 5)
2559 1628 2941 1696 Pontificios
2995 1648 3129 1695 non
3175 1627 3585 1694 admittimus
3629 1648 3747 1712 pro
3786 1627 4113 1695 iudicibus
4156 1627 4271 1696 sed

2564 1733 2685 1797 pro
2739 1714 3177 1800 antagonistis
3231 1734 3308 1781 ac
3360 1712 3636 1798 proinde
3689 1714 3977 1797 petimus
4018 1721 4273 1781 certum

2562 1800 2873 1885 utrinque
2931 1821 3285 1866 numerum
3350 1799 3877 1884 colloquutorum
3941 1800 4272 1882 constitui,

2564 1886 2695 1970 qui,
2756 1887 3214 1971 praesentibus
3270 1886 3657 1971 Principum
3715 1885 3951 1970 legatis
4008 1885 4091 1951 de
4133 1885 4271 1953 sin-

2562 1971 2737 2057 gulis
2779 1973 3244 2041 controversiis
3287 1971 3674 2056 disceptent,
3729 1980 3799 2037 et
3839 1973 3897 2037 si
3938 1972 4084 2038 fieri
4128 1992 4273 2055 pos·

2565 2059 2656 2124 sit
2697 2059 3121 2127 constituant.

2442 2145 2514 2226 6)
2558 2143 2839 2211 Salvum
2904 2144 3300 2213 conductum
3346 2145 3635 2228 petimus
3678 2141 3985 2210 idoneum
4023 2144 4094 2210 in
4137 2162 4271 2228 quo

2562 2228 2806 2297 diserte
2863 2231 3266 2317 infringatur
3324 2230 3704 2297 constitutio
3749 2230 3830 2296 de
3873 2229 4005 2296 fide
4048 2229 4270 2297 haerc-

2560 2316 2728 2397 ticis,
2774 2325 2851 2383 ut
2894 2327 3151 2396 vocant,
3198 2337 3332 2383 non
3374 2314 3792 2401 praestanda.

2871 2454 3225 2538 Descripta
3266 2452 3430 2520 haec
3473 2475 3557 2519 ex
3601 2451 3833 2520 charta
3874 2453 4187 2537 imposita

2872 2539 2980 2607 his
3021 2539 3234 2608 Bam
3274 2539 3502 2606 literis.

2485 2710 2864 2780 Cardinalis
2928 2710 3377 2778 Fen-ariensis
3451 2710 3714 2796 legatus
3780 2710 4126 2778 Pontificis
4201 2710 4274 2778 in

2311 2795 2539 2865 Gallia
2578 2796 2751 2882 petit
2788 2798 3056 2863 nomine
3099 2798 3289 2883 regni
3310 2795 3572 2863 Galliae
3592 2796 3770 2863 mitti
3810 2798 3881 2863 in
3905 2795 4276 2864 Concilium

2311 2881 2609 3037 8.ξέΞὲ
2640 2882 3085 3036 &xxm
3107 2881 3507 2961 Gallicanos,
3550 2882 3645 2949 Et
3686 2889 3764 2949 ut
3806 2902 3878 2949 se
3922 2880 4273 2949 subiiciant

3062 1284 3264 1350 timus
3305 1284 3620 1365 inchoari,
3680 1304 3810 1349 non
3854 1292 4077 1351 autem
4118 1305 4274 1353 con·

3194 3478 3393 3556 8782.

2929 3636 3172 3704 ΒΕΖΔ
3216 3634 3651 3704 OALVINO.

2484 3808 2856 3876 Novissima
2873 3828 2952 3875 ex
2974 3808 3244 3876 mia.
3303 3807 3725 3892 Novaro-enus
3746 3807 4051 3890 perfidus.
4113 3810 4273 3876 Gui-

2303 3896 2471 4049 κιο
2486 3899 2828 3962 revocatur.
2934 3894 3171 3962 Variae
3212 3894 3654 3979 neqoviauones
3704 3892 4070 3961 subobscure
4111 3900 4271 3963 trac-

2300 4151 2414 4222 (Ex
2462 4152 2779 4223 apographo
2824 4152 3095 4207 Perizonii
3139 4150 3391 4288 ἰιιωῗοὲ.)
3425 4151 3694 4221 Lngdnno
3712 4150 3956 4203 ·Batavo
4004 4148 4177 4201 Poris.
4213 4147 4267 4212 5.

2475 4395 2541 4460 A
2576 4392 2920 4459 Monsienr
2963 4391 3294 4458 Monsieur
3330 4387 3728 4474 D’espeville

3543 4493 3584 4538 a
3628 4467 4093 4535 villefranche.

2475 4647 2547 4715 S.
2605 4647 2771 4727 Iam,
2815 4659 2896 4714 ut
2926 4666 3140 4733 spero,
3184 4643 3553 4732 cognovisti
3596 4663 3678 4706 ex
3842 4720 3855 4734 ·
4122 4637 4273 4703 lito-

2302 4735 2396 4800 ris
2439 4734 2608 4801 meis
2649 4735 2796 4818 quis
2837 4733 3041 4801 fuerit
3081 4741 3349 4800 nostrae
3389 4728 3896 4809 colloquutionis
3938 4729 4190 4788 entus.
4226 4720 4278 4822 Ι)

2303 4817 2503 4902 Quod
2581 4820 3000 4905 antiquitatis
3076 4816 3455 4886 *neumenia
3531 4829 3712 4905 oum,
3762 4823 4082 4903 apg-equo
4148 4805 4281 4871 Dm

2301 4906 2507 4973 verbo
2558 4906 3049 4986 coniunximus,
3106 4925 3239 4972 non
3295 4909 3397 4969 est
3424 4985 3440 5000 ⁸
3456 4917 3501 4963 α
3558 4892 3773 4968 nobss»
3828 4886 4001 4953 mh
4058 4888 4283 4968 ⁶10&-

2301 4999 2551 5059 temere
2608 4993 2872 5060 factum.
2961 4991 3137 5059 Nam
3196 4988 3445 5072 alioqm
3506 4993 3851 5058 nunqnam
3911 4973 4287 5040 mmm

2302 5247 2490 5308 swa.
2515 5249 2574 5318 1)
2604 5249 2669 5305 N.
2704 5247 2859 5304 sm,
