4900 6125
318 416 406 479 89
2068 418 2228 481 1561
2272 412 2601 483 ΟΟΤΟΒ.
4261 421 4345 484 90

319 599 547 668 licebit
600 601 914 669 fratribus
970 603 1043 669 in
1089 602 1361 670 aedibus
1415 605 1694 689 privatis
1737 602 1990 671 occulte
2033 602 2118 669 ad
2162 603 2285 669 du·

322 695 552 754 centos
596 708 808 772 usque
850 689 924 754 in
967 688 1247 775 singulis
1289 690 1586 757 coetibus
1628 689 1997 756 convenire.
2087 688 2285 772 Quod

322 773 383 838 si
448 772 889 841 tumultuetur
951 774 1249 860 populus,
1328 776 1688 841 autoritate
1740 774 2199 860 gubernatoris
2231 779 2284 855 ⁸)

321 868 794 943 compescetur.
874 860 1021 928 Hoc
1059 869 1141 927 ut
1172 861 1304 927 illis
1340 862 1726 928 nunciarem
1761 860 2011 929 nudius
2045 861 2285 927 tertius

320 963 404 1010 eo
440 965 589 1010 sum
625 946 953 1030 profectus
989 967 1073 1011 ex
1111 946 1415 1033 Reginae
1448 946 1781 1013 mandato.
1856 946 2285 1013 Gubernator

318 1031 547 1095 omnia
602 1052 673 1096 se
729 1032 1059 1098 facturum
1127 1033 1461 1116 promisit,
1528 1032 1719 1099 modo
1773 1052 1845 1099 se
1902 1033 2286 1100 contineant

316 1117 535 1182 nostri
588 1116 770 1183 intra
824 1137 976 1184 suos
1024 1119 1212 1185 fines.
1314 1118 1546 1185 Nostri
1601 1140 1859 1204 quoque
1921 1118 2087 1184 mihi
2152 1118 2284 1185 visi

316 1210 487 1267 sunt
526 1202 954 1288 acquiescere.
1043 1202 1122 1272 Si
1165 1204 1325 1287 quid
1368 1205 1726 1271 moliantur
1768 1204 2011 1280 hostes,
2091 1205 2284 1272 novis

316 1287 632 1354 remediis
691 1309 855 1375 opus
915 1290 1058 1356 erit.
1159 1290 1305 1375 Ego
1371 1312 1531 1358 vero
1587 1288 1744 1375 quid
1802 1290 1910 1357 hic
1980 1289 2282 1357 interea?

312 1372 673 1439 Remansit
735 1394 995 1440 mecum
1061 1376 1240 1442 solus
1310 1375 1643 1456 Gala-eius,
1708 1374 1824 1442 sed
1890 1373 1975 1440 ad
2039 1395 2284 1460 paucos

316 1457 483 1524 dies.
573 1459 746 1526 Nam
793 1460 1052 1545 Martyr
1106 1460 1305 1528 hodie
1364 1461 1668 1530 discedet.
1696 1467 1750 1536 ⁸)
1827 1460 2106 1528 Nullum
2149 1481 2283 1529 non

314 1545 507 1610 movi
540 1544 847 1630 lapidem,
884 1555 959 1613 ut
992 1547 1230 1614 saltem
1269 1547 1437 1614 mihi
1472 1548 1698 1615 liceret
1721 1548 1890 1615 istuc
1912 1569 2283 1628 excurrere,

316 1630 441 1696 sed
476 1631 770 1698 nondum
816 1633 1185 1718 impetravi.
1266 1634 1533 1702 Interea
1574 1654 1706 1700 non
1754 1636 1936 1700 deest
1971 1632 2144 1720 quod
2176 1655 2286 1701 me

314 1726 591 1783 strenue
645 1727 966 1785 exerceat.
1069 1720 1562 1788 Providendum
1613 1721 1796 1786 enim
1852 1730 1956 1786 est
2018 1729 2094 1786 ut
2156 1722 2286 1786 viri

314 1802 475 1868 boni
541 1824 627 1869 ex
686 1803 1132 1870 Parlamentis
1187 1814 1547 1873 evocentur
1601 1816 1669 1871 et
1712 1806 2004 1874 ecclesiis
2048 1825 2285 1872 consu·

312 1887 613 1964 lendum,
693 1910 860 1973 quae
906 1890 1254 1957 durissime
1297 1890 1689 1976 quibusdam
1733 1890 1892 1958 locis
1935 1901 2285 1971 vexantur,

313 1983 390 2039 et
429 1974 847 2057 quotidianas
891 1976 1192 2060 querelas
1235 1975 1316 2043 ad
1363 1996 1484 2044 nos
1528 1977 1852 2044 adferunt.
1940 1976 2287 2043 Praeterea

308 2059 660 2127 habendae
695 2061 1068 2146 frequentes
1092 2063 1457 2143 conciones,
1498 2071 1576 2129 ut
1596 2063 1945 2146 Principes
1978 2064 2045 2128 in
2067 2062 2285 2129 officio

312 2146 800 2213 contineamus.
880 2145 1112 2230 Itaque
1168 2157 1347 2214 totus
1406 2170 1585 2216 nunc
1642 2169 1785 2216 sum
1842 2149 1911 2214 in
1963 2169 2041 2214 eo
2082 2157 2159 2214 ιιι
2202 2170 2286 2214 ex

308 2230 526 2297 tribus
570 2231 837 2300 familiis
872 2253 1110 2317 nempe
1146 2254 1220 2299 re
1270 2236 1414 2300 ‘nae
1455 2235 1889 2314 Navarrenao,
1942 2233 2286 2302 Condensis

306 2316 632 2400 principis
705 2324 773 2383 et
834 2317 919 2383 D.
991 2320 1188 2385 Amir
1296 2322 1325 2386 i
1387 2341 1599 2386 unum
1661 2341 1896 2405 corpus
1974 2319 2285 2387 ecclesiae

307 2405 730 2479 constituam,
789 2406 926 2471 suis
968 2407 1271 2473 omnibus
1314 2406 1631 2490 partibus,
1690 2405 1904 2490 quoad
1951 2407 2094 2471 eius
2138 2407 2284 2472 fieri

306 2489 561 2573 poterit
601 2489 777 2555 inter
819 2491 978 2556 istos
1022 2491 1271 2558 aulicos
1313 2492 1661 2569 tumultus,
1720 2493 2172 2575 compositum.

494 2573 922 2654 Perooeliusu
958 2598 1157 2643 suasu
1187 2577 1426 2644 Sechezi
1469 2578 1678 2643 nostri
1714 2578 2071 2644 accersitus
2106 2587 2207 2643 est
2241 2599 2281 2644 a

356 2660 629 2743 rincipe.
734 2659 1048 2728 Ostendit
1104 2663 1292 2730 nobis
1353 2664 1745 2730 sententiam
1808 2663 2278 2729 absolutorium

404 2753 608 2812 natus
685 2746 1224 2816 Francfurtensis
1302 2760 1372 2815 et
1456 2749 1891 2816 honorificum
1969 2749 2280 2816 ecclesiae

308 2850 473 2897 suae
535 2833 1011 2912 testimonium,
1075 2836 1183 2904 cui
1249 2834 1783 2918 subscripserunt
1844 2839 1963 2899 112
2020 2835 2276 2900 fratres.

309 2915 499 2997 Quid
541 2917 751 3002 igitur
793 2918 1186 3004 ageremus?
1273 2920 1540 2987 Hortati
1577 2942 1806 2988 sumus
1847 2928 1928 2987 ut
1968 2941 2040 2986 se
2083 2921 2280 3005 placi-

311 3002 473 3069 dum
518 3015 589 3069 et
627 3003 998 3072 modestum
1064 3004 1374 3092 deinceps
1417 3008 1794 3074 ostenderet
1837 3015 1906 3074 et
1949 3005 2279 3074 Hebracho

310 3089 635 3155 scriberet
687 3089 769 3156 de
823 3093 1350 3160 reconciliatione
1406 3102 1606 3179 atque
1661 3094 1861 3161 etiam
1923 3114 2068 3160 sese
2124 3093 2278 3159 sub-

310 3174 614 3241 mitteret
654 3175 964 3243 ecclesiae
1008 3177 1272 3261 iudicio,
1316 3180 1375 3247 si
1417 3179 1575 3263 quid
1617 3179 1933 3247 adversus
1977 3200 2135 3245 eum
2167 3177 2280 3245 vel

310 3258 710 3327 Francfurto
785 3261 898 3329 vel
975 3262 1244 3331 aliunde
1320 3266 1683 3332 afferretur.
1796 3265 1992 3346 Quae
2054 3265 2280 3331 omnia

310 3346 507 3413 nobis
568 3346 935 3431 spopondit.
1038 3348 1448 3436 Subscripsit
1503 3351 1704 3417 etiam
1763 3351 2156 3418 confessioni
2213 3357 2281 3417 et

313 3429 704 3515 disciplinae
790 3442 1166 3501 nostrarum
1247 3437 1670 3503 oeclesiarum
1747 3446 1817 3503 et
1898 3436 2282 3503 Castalionis

313 3517 757 3601 blasphemias
791 3519 1035 3587 diserte
1069 3529 1136 3586 et
1169 3522 1565 3588 articulatim
1603 3522 1961 3589 damnavit.
2032 3521 2282 3604 Quam-

314 3602 429 3668 diu
470 3612 695 3669 antem
742 3604 849 3671 hic
892 3607 1205 3673 versabor
1246 3606 1477 3675 sedulo
1525 3607 1886 3675 observabo
1942 3607 2281 3673 hominem

312 3698 381 3753 et
420 3690 623 3755 officii
668 3690 1044 3758 admonebo.
1121 3693 1509 3760 Amiraldus
1557 3693 1730 3778 apud
1766 3714 1838 3761 se
1897 3692 2204 3760 Virdium
2219 3694 2281 3773 8)

313 3772 601 3854 habebit,
660 3778 983 3862 tantisper
1025 3775 1184 3845 dum
1229 3777 1618 3859 rescribatis,
1681 3779 1841 3863 quid
1886 3779 1968 3845 de
2011 3778 2283 3846 Merlim'

314 4098 711 4304 mappa}
730 4103 1228 4294 txmffdyss
1266 4104 1386 4230 get.
1422 4174 1646 4240 fadum.
1693 4104 2004 4244 {Luam
2041 4121 2276 4243 1508Ῡο-

523 4236 713 4373 ‘gne
745 4307 1323 4366 disccoeudusast
1455 4309 2282 4367 ortessfbashaechabevums‘-

314 4374 489 4432 ’ἔειπ’
519 4375 679 4431 urbis
712 4378 775 4431 ιἰι
810 4392 912 4431 suo
945 4377 1350 4448 Gegenbericht
1383 4380 1409 4447 (
1460 4378 1577 4444 Has.
1619 4379 1738 4434 Rez.
1788 4379 1965 4437 Hudz.
2004 4378 2093 4433 11.
2142 4379 2284 4436 Rea.

312 4444 410 4526 fio
437 4459 505 4513 p.
542 4441 701 4513 100).·
750 4446 826 4500 In
861 4447 1127 4517 colloquio
1161 4464 1283 4502 cun
1316 4448 1390 4502 iis
1435 4449 1621 4504 habito
1668 4449 1986 4515 declaraeoe,
2032 4464 2094 4502 er
2128 4448 2282 4503 hette

306 4528 443 4581 μου
492 4512 650 4567 mehr
693 4514 830 4569 nach
903 4516 1011 4569 ben
1054 4517 1201 4570 denn
1248 4533 1310 4570 er
1355 4517 1444 4570 fur
1490 4518 1671 4571 seiner
1713 4518 1939 4573 Gemein
1992 4516 2279 4572 bekennen

314 4581 537 4662 durfl'te.
608 4581 765 4636 Deun
798 4583 891 4637 die
913 4600 1061 4637 were
1096 4601 1203 4639 von
1240 4585 1450 4640 andern
1478 4585 1686 4640 Lerern
1713 4602 1816 4642 vor
1843 4587 1925 4657 jm
1960 4584 2281 4642 dermassen

320 4650 642 4721 abgencht,
693 4650 795 4704 das
843 4654 923 4706 sie
967 4654 1023 4706 in
1063 4654 1207 4707 allen
1252 4655 1441 4708 diesen
1517 4661 1713 4709 uncten
1750 4656 1881 4709 kein
1914 4660 2059 4709 πνοι-ι
2095 4656 2287 4709 veiter

318 4719 549 4772 vus-den
586 4720 916 4790 uaehgeben.
985 4722 1302 4777 Dei-halben
1338 4739 1401 4777 er
1435 4724 1589 4778 mcht
1622 4722 1841 4791 gleubte
1875 4725 1975 4778 das
2007 4724 2279 4779 swischen

316 4804 418 4841 vna
470 4787 581 4841 vud
622 4789 756 4857 jnen
803 4791 925 4844 eine
967 4792 1355 4863 vergleichung
1411 4793 1715 4862 geschehen
1772 4795 1881 4848 vnd
1926 4794 2008 4847 sie
2058 4810 2126 4846 an
2160 4793 2281 4862 jrer

316 4855 563 4910 Kirehen
608 4856 981 4914 viderkomen
1030 4859 1273 4915 werden.
1354 4860 1437 4915 Er
1480 4878 1627 4917 were
1670 4863 1730 4915 in
1775 4860 2141 4917 Franckreich
2188 4864 2280 4917 be·

319 4926 511 5007 milen,
548 4924 621 4978 da
655 4927 791 4981 volt
824 4945 887 4983 er
920 4928 1017 4984 hin
1052 4929 1263 4984 sichen.
1330 4930 1623 4986 Darneben
1659 4931 1823 4986 volte
1869 4947 1930 4986 er
1965 4930 2055 4984 die
2090 4931 2279 4984 seinen

320 5000 516 5048 venter
550 5010 845 5050 vermanen
882 4997 981 5051 das
1018 4998 1097 5051 sie
1134 4998 1248 5052 sich
1286 5000 1416 5053 vmb
1451 5000 1631 5054 dieser
1664 5016 1691 5052 s
1785 5005 1880 5054 tun
1954 5000 2139 5053 willen
2172 5014 2281 5053 von

320 5078 487 5116 vnser
520 5063 760 5118 Kirehen
796 5066 946 5120 nieht
991 5066 1305 5122 sonderten.
1385 5068 1467 5123 Ist
1510 5069 1629 5123 also
1695 5069 1976 5124 reundlich
2014 5085 2122 5122 von
2173 5068 2279 5123 den

322 5132 1055 5258 mmmmmdem'efilgemvnd
1079 5136 1500 5260 Oigngglgender
1541 5135 1888 5194 Herbstmess
1934 5138 1994 5191 iu
2037 5138 2279 5192 Franck-

988 5223 1042 5258 ν.
1298 5222 1555 5277 gesogen.

480 5268 840 5354 ‚me-jaetan-
892 5274 1073 5356 titisse
1124 5276 1479 5333 οοιιοόοηοιοο·
1535 5274 2280 5346 Ρσνᾶοὲοκοίιασοὶὶοςυίο

709 5358 769 5396 m
1025 5384 1036 5396 .

2383 604 2593 670 nostri
2637 602 2856 670 reditu
2899 603 3108 688 possit
3148 623 3430 687 sperare.
3450 607 3507 684 ⁹)
3601 604 3981 671 Navamna
4026 602 4347 672 destituta

2383 700 2505 769 est,
2549 710 2766 774 neque
2822 689 2920 755 illi
2963 689 3245 774 prospici
3286 696 3504 773 potest
3546 689 3872 756 Lutetiae.
3961 687 4190 775 Itaque
4230 710 4345 757 cu-

2384 773 2666 841 randum
2730 775 2917 842 nobis
2981 796 3217 844 censeo
3280 774 3495 841 modis
3541 776 3862 855 omnibus,
3924 783 4003 841 ut
4065 775 4345 844 idoneus

2385 861 2645 945 aliquis,
2704 860 2772 927 id
2815 869 2934 940 est,
3000 861 3164 928 satis
3207 858 3437 928 doctus
3480 871 3547 928 et
3589 860 3879 928 disertus
3921 869 3992 927 et
4042 870 4346 929 maturae

2384 947 2621 1013 aetatis
2698 947 3020 1013 mittatur.
3117 945 3252 1013 Ubi
3330 967 3492 1012 vero
3569 946 4069 1015 nanciscemur?
4147 947 4342 1015 dices.

2384 1031 2521 1098 Ubi
2577 1041 2646 1099 et
2695 1031 2957 1116 quando
3005 1032 3256 1098 dederit
3300 1031 3646 1101 Dominus.
3732 1031 3866 1101 Sed
3951 1033 4103 1100 lane
4147 1031 4349 1119 digna

2383 1116 2549 1185 haec
2584 1125 2685 1184 est
2719 1118 2905 1185 cuius
2938 1118 3230 1183 maxima
3262 1119 3431 1183 ratio
3466 1119 3804 1186 habeatur.
3885 1055 4103 1186 gimul
4150 1125 4348 1204 atque

2384 1223 2545 1269 vero
2589 1204 2769 1270 nacti
2807 1205 3085 1284 fueritis,
3143 1204 3456 1271 curabitis
3499 1227 3606 1271 me
3654 1205 4159 1282 admonendum,
4221 1204 4346 1288 vel,

2385 1290 2699 1373 quoniam
2744 1290 3044 1356 fortassis
3087 1290 3302 1369 abero,
3361 1290 3702 1357 ecclesiam
3744 1291 4209 1371 Parisiensem,
4268 1299 4349 1358 ιιι

2385 1374 2819 1442 accersendus
2862 1388 3130 1442 curetur
3172 1397 3366 1459 quem
3419 1375 3810 1462 delegeritis.

2557 1462 2665 1527 De
2698 1481 2847 1526 meo
2881 1459 3096 1527 reditu
3132 1461 3261 1528 scis
3296 1460 3454 1546 quid
3485 1462 3762 1546 cupiam.
3836 1460 4013 1544 Quid
4043 1459 4351 1545 expediat

2386 1546 2544 1613 dum
2611 1547 2846 1632 cogito,
2925 1547 3145 1613 nescio
3212 1547 3368 1632 quid
3439 1549 3839 1614 constituere
3894 1547 4160 1632 possim,
4237 1547 4351 1614 vel

2388 1633 2588 1700 etiam
2660 1632 2949 1699 debeam.
3038 1631 3174 1700 Sed
3234 1632 3405 1718 quod
3464 1632 3716 1700 dederit
3771 1633 3938 1698 mihi
4002 1631 4352 1699 consilium

2388 1719 2720 1787 Dominus
2763 1721 2833 1784 in
2879 1720 3007 1786 ista
3051 1719 3324 1783 ἐπιτάσει
3379 1718 3445 1783 id
3502 1741 3572 1786 se
3618 1741 3740 1785 uar
3783 1726 3850 1784 et
3891 1739 4049 1805 rogo
4105 1727 4172 1784 te
4213 1739 4351 1784 una

2389 1826 2540 1871 cum
2595 1805 2871 1872 caeteris
2925 1804 3258 1882 fratribus,
3314 1812 3390 1870 ut
3433 1825 3540 1871 me
3634 1825 3710 1872 oc
3756 1813 4067 1890 tempore,
4120 1805 4175 1870 si
4221 1825 4349 1871 un-

2388 1910 2584 1973 quam
2644 1891 2825 1972 alias,
2891 1889 3193 1975 precibus
3249 1891 3509 1958 iuvetis.
3599 1890 3820 1958 Pudet
3875 1912 3981 1957 me
4040 1899 4177 1957 tam
4232 1888 4350 1957 diu

2387 1974 2715 2059 stipendia
2757 1976 3051 2060 accipere
3096 2000 3136 2043 a
3181 1985 3407 2045 nostro
3450 1979 3861 2063 magistratu,
3888 1976 3972 2063 ¹⁰)
4029 1977 4132 2043 cui
4179 1974 4350 2042 nihil

2387 2083 2658 2147 prorsus
2699 2072 2979 2147 praesto,
3025 2069 3093 2128 et
3133 2064 3190 2129 si
3232 2084 3417 2148 meae
3461 2063 3804 2130 facultates
3840 2062 4109 2141 ferrent,
4153 2082 4350 2146 pecu-

2388 2148 2569 2213 niam
2614 2148 2804 2213 uxori
2850 2148 3200 2213 mitterem.
3287 2147 3420 2216 Sed
3465 2149 3598 2215 Dei
3639 2149 3957 2215 beneficio
4000 2149 4092 2213 ita
4135 2146 4348 2214 adhuc

2386 2233 2547 2313 vixi,
2614 2241 2693 2299 ut
2744 2233 2913 2299 nihil
2968 2235 3285 2317 pecuniae
3340 2256 3379 2300 a
3435 2255 3758 2319 quoquam
3825 2234 3935 2299 vel
3987 2234 4349 2316 acceperim

2385 2318 2499 2385 vel
2531 2319 2855 2405 petierim,
2919 2319 3034 2386 sed
3069 2321 3323 2386 interea
3357 2321 3528 2386 nihil
3563 2320 3847 2404 supersit
3880 2317 4052 2404 quod
4087 2317 4350 2385 mittam

2386 2405 2697 2488 quoniam
2741 2407 2812 2469 in
2856 2403 3020 2471 alios
3060 2414 3363 2489 sumptus
3407 2426 3482 2471 ac
3525 2405 3915 2490 praesertim
3956 2412 4174 2471 vestes
4216 2425 4351 2469 om·

2384 2491 2498 2557 nia
2541 2510 2750 2574 paene
2794 2492 3128 2557 consumsi
3169 2512 3337 2575 quae
3378 2491 3747 2557 attuleram.
3830 2490 3906 2558 Si
3963 2499 4186 2556 tamen
4251 2491 4349 2556 ita

2384 2577 2738 2656 censueris,
2776 2577 2993 2660 potius
3036 2577 3312 2661 accipiat
3343 2597 3517 2643 uxor
3558 2576 3640 2643 de
3684 2597 3782 2657 eo,
3828 2576 4000 2660 quod
4031 2576 4349 2660 magister

2386 2683 2471 2727 ex
2525 2683 2634 2727 me
2688 2660 2905 2741 habet,
2974 2682 3169 2747 quam
3230 2671 3545 2746 gravetur
3588 2662 3725 2729 ullo
3777 2669 4048 2816 sum&
4092 2661 4346 2741 civitas,

2384 2749 2573 2814 cuius
2608 2748 2741 2814 scio
2766 2747 3140 2814 decrescere
3160 2749 3400 2833 copias,
3452 2769 3584 2815 non
3610 2769 3828 2814 onera.
4033 2747 4349 2814 ravi-sium

2428 2842 2543 2899 uto
2606 2833 2736 2897 iam
2804 2831 2888 2897 ad
2956 2841 3018 2899 te
3083 2834 3480 2917 pervenisse.
3573 2834 3883 2900 Nondum
3939 2833 4166 2899 inveni
4230 2833 4346 2916 qui

2452 2918 2700 2985 aduella
2737 2927 2960 2984 nostro
2994 2919 3388 2987 succederet.
3451 2919 3745 2987 Saneuus
3779 2920 4075 2986 fortassis
4110 2920 4167 2984 is
4198 2918 4344 2984 erit.

2385 3003 2522 3073 Sed
2557 3003 2884 3071 nihildum
2919 3006 3084 3073 certi
3120 3026 3387 3092 possum
3408 3007 3819 3074 constituere.
3878 3003 4346 3073 Nor-mundium

2383 3100 2686 3159 nostrum
2753 3100 3058 3176 exspecto
3123 3091 3558 3178 cupidissime.
3671 3092 3994 3159 Germani
4054 3090 4346 3177 theologi

2384 3175 2600 3244 adhuc
2656 3177 2935 3244 haerent
2987 3178 3333 3245 Lutetiae:
3363 3182 3448 3256 ¹¹)
3515 3183 3826 3263 exspecto
3882 3177 4042 3244 dum
4099 3175 4343 3243 adhae-

2383 3273 2596 3343 reant,
2660 3283 3082 3348 quamquam,
3149 3270 3225 3330 ut
3282 3264 3585 3345 arbitror,
3653 3265 3873 3349 potius
3927 3269 4345 3330 revertentur

2381 3348 2599 3415 invisi.
2713 3346 3093 3416 Balduinus
3118 3353 3201 3430 ¹²)
3269 3370 3522 3435 quoque
3596 3351 3774 3416 intra
3833 3348 3948 3415 illa
4012 3347 4347 3433 pomoeria

2382 3455 2453 3500 se
2496 3442 2695 3513 tenet,
2742 3435 2882 3501 sive
2928 3456 3050 3501 nos
3093 3443 3364 3517 metuat,
3422 3436 3562 3504 sive
3604 3443 4000 3503 contemnat.
4091 3433 4347 3500 Navar-

2379 3540 2561 3600 rena,
2908 3521 2923 3536 ⁶
3008 3542 3160 3588 cum
3217 3543 3406 3588 soem
3430 3525 3514 3600 ι3)
3570 3530 3638 3588 et
3691 3543 3919 3598 uxore,
3964 3518 4346 3585 Amiraldua

2381 3626 2534 3671 cum
2581 3607 2828 3691 optima
2871 3627 2993 3673 sua
3035 3608 3313 3693 coniuge
3356 3607 3550 3674 hodie
3595 3608 3924 3692 expressis
3958 3614 4026 3672 et
4058 3604 4344 3672 solenni·

2380 3691 2505 3758 bus
2570 3690 2795 3759 verbis
2859 3692 3025 3758 mihi
3086 3692 3495 3776 imperarunt
3554 3700 3636 3759 ut
3697 3713 3815 3759 suo
3879 3690 4146 3758 nomine
4222 3690 4347 3757 tibi

2381 3778 2636 3861 totique
2714 3777 3024 3844 ecclesiae
3100 3779 3453 3861 plurimam
3532 3778 3815 3846 salutem
3881 3776 4343 3844 adscriberem.

2381 3863 2531 3947 Ego
2587 3884 2766 3943 vero,
2833 3863 2928 3929 mi
2983 3872 3192 3948 pater,
3255 3873 3323 3931 et
3379 3865 3582 3932 oculis
3634 3874 3703 3930 et
3754 3870 3895 3930 toto
3953 3870 4218 3948 pectore
4277 3869 4346 3929 te

2381 3947 2525 4016 fero
2568 3957 2634 4014 et
2672 3947 3028 4029 absentem,
3087 3958 3285 4035 atque
3325 3952 3584 4017 utinam
3626 3972 3758 4017 non
3801 3951 4123 4019 iacentem
4158 3969 4351 4016 oscu-

2382 4033 2489 4099 lor
2529 4044 2598 4100 et
2630 4035 3005 4119 amplector,
3048 4034 3403 4120 Deumque
3445 4057 3607 4122 rogo
3650 4046 3724 4103 ut
3768 4049 3832 4102 te
3867 4035 4056 4102 nobis
4090 4054 4349 4102 conser-

2386 4130 2498 4186 vet
2539 4127 2734 4204 atque
2778 4142 2916 4187 una
2957 4130 3178 4188 tecum
3237 4123 3475 4189 fratres
3519 4130 3588 4188 et
3630 4123 3874 4189 amicos
3918 4141 4147 4188 omnes
4196 4118 4348 4204 plu-

2384 4206 2632 4271 rimum
2700 4205 2956 4273 salvere
3021 4217 3090 4273 et
3145 4207 3369 4276 valere
3424 4210 3630 4275 iubeo.
3719 4208 3828 4273 Ex
3890 4206 4346 4291 Sangemano

2384 4292 2583 4358 tertio
2626 4290 2956 4359 Oalendas
3005 4294 3417 4360 Novembris.

3747 4446 3929 4513 'l'uus
3972 4445 4167 4512 Besa.

2589 4789 2651 4858 9)
2687 4788 2828 4861 Rea.
2864 4789 2944 4846 du
2994 4787 3209 4845 Gens&
3251 4786 3336 4843 23.
3379 4787 3466 4843 27.
3508 4786 3624 4844 Oct.
3705 4786 3802 4844 Ibo·
3843 4782 4113 4842 Διιόναῑιῖ
4153 4782 4344 4842 lituae

2810 4969 2822 4980 .
2929 4967 2944 4981 .
3044 4943 3128 4982 oc.

2557 4933 2656 5065 113
2690 4997 2947 5067 Lanam
2982 4997 3071 5053 11.
3107 4992 3227 5051 158.
3263 4993 3317 5050 d.
3353 4993 3407 5050 d.
3443 4992 3529 5048 10.
3565 4992 3743 5049 Nou„-
3775 4989 4156 5049 laaBurlinus
4193 5007 4338 5049 mor-

2382 5074 2510 5122 tuus
2538 5072 2627 5121 est
2660 5064 2746 5120 28.
2782 5066 2902 5120 Oct.
2940 5074 3000 5120 et
3033 5064 3253 5135 quidem
3291 5071 3446 5134 peste
3481 5069 3543 5116 ut
3588 5061 3785 5143 medici
3821 5060 4108 5141 affirmant.
4190 5060 4340 5115 Reli·

2384 5136 2481 5205 qui
2514 5134 2760 5204 theologi
2794 5135 3097 5189 Wirtembe
3356 5139 3416 5188 et
3448 5131 3686 5187 Palatini
3719 5147 3829 5183 iam
3865 5135 3993 5185 sunt
4025 5146 4084 5183 m
4120 5129 4245 5183 aula
4280 5131 4341 5184 et

2380 5203 2788 5329 mmnfflff
2798 5203 3188 5326 8[ἐισζιοξοιιθιίιιιι.
3259 5202 3485 5270 (ΒΜ.
3522 5198 3593 5254 ΙΙ.
3630 5197 3736 5253 422
3768 5200 3876 5269 sq.)

2557 5341 2627 5396 13
2687 5340 2848 5399 Mad.
2883 5340 2952 5399 dc
2989 5339 3158 5412 Roye.
