4900 6125
292 438 399 503 169

286 623 456 692 venit
498 632 633 688 tam
686 622 982 690 futilibus
1024 623 1382 696 mendaciis
1424 622 1738 690 credere?
1813 619 2010 705 Quod
2054 621 2233 687 solli-

288 711 440 777 citus
497 729 569 773 08
625 730 714 773 00
775 709 914 775 8018
981 707 1316 775 blanditiis
1373 730 1493 775 nos
1558 708 1864 774 irretiant
1908 707 2108 784 Galli,
2165 716 2236 772 et

286 801 635 881 praetorem
692 804 991 862 nostrum
1041 794 1340 862 Rosam
1394 794 1707 860 admones
1765 803 1846 858 ut
1901 792 2030 859 sibi
2085 814 2234 876 pro·

284 888 473 965 ponat
529 889 802 947 senatus
843 881 1244 947 Metensium
1305 880 1702 965 exemplum,
1763 880 1924 946 facis
1970 877 2233 963 quidem

322 986 394 1032 ro
433 965 645 1032 fidelis
691 966 885 1032 amici
928 966 1298 1050 sincerique
1343 967 1579 1044 officio,
1638 964 1753 1031 sed
1798 965 2075 1030 olfacere
2120 964 2233 1029 de-

320 1051 471 1118 uisti
514 1049 691 1117 unde
734 1051 1084 1136 prodiisset
1128 1051 1291 1117 haec
1333 1050 1576 1130 fabula,
1620 1051 1750 1116 nisi
1795 1049 1962 1116 forte
2002 1070 2123 1134 ego
2168 1060 2235 1115 et

282 1138 450 1204 Bm
491 1137 615 1203 tibi
658 1139 941 1221 suspecti
987 1139 1211 1203 simus.
1287 1138 1490 1220 Atqui
1533 1136 1724 1202 nobis
1767 1156 2030 1219 semper
2071 1135 2231 1200 libe·

276 1244 418 1289 rum
461 1224 591 1288 erit
630 1222 809 1289 clare
847 1225 1095 1299 testari,
1142 1243 1358 1306 neque
1391 1222 1515 1290 hoc
1560 1221 1904 1292 eonsilium
1942 1240 2233 1303 unquam

278 1310 380 1375 hic
448 1308 653 1374 fuisse
725 1317 1009 1392 captum,
1076 1328 1290 1392 neque
1354 1329 1476 1374 nos
1542 1329 1582 1374 a
1639 1306 1854 1374 Gallis
1918 1315 2228 1372 tentatos.

274 1394 461 1461 Ultra
540 1393 906 1478 rogredior:
953 1414 1086 1459 non
1123 1394 1318 1459 modo
1354 1393 1553 1459 huius
1591 1393 1685 1458 rei
1724 1392 1907 1458 nulla
1942 1411 2229 1475 unquam

274 1482 440 1547 facta
512 1480 606 1545 uit
651 1482 921 1559 mentio,
977 1479 1093 1545 sed
1137 1500 1223 1544 ne
1265 1480 1574 1564 cogitatio
1616 1478 1877 1562 quidem
1925 1477 2229 1561 obrepsit.

270 1565 589 1649 Equidem
634 1586 743 1630 me
796 1573 950 1631 ante
993 1565 1338 1631 biennium
1391 1586 1543 1631 cum
1587 1563 1973 1630 Admirazdo
2017 1563 2230 1646 egisse

270 1672 397 1716 non
443 1649 803 1731 dissimulo,
849 1662 925 1715 ut
967 1651 1023 1715 si
1067 1652 1210 1716 fieri
1253 1660 1473 1735 posset
1517 1647 1745 1716 foedus
1788 1669 1935 1714 cum
1972 1648 2227 1715 Berna-

269 1735 442 1802 tibus
486 1736 639 1802 Rex
701 1736 917 1814 iniret,
983 1735 1107 1802 hac
1173 1737 1320 1820 lege
1379 1744 1452 1801 ut
1515 1757 1586 1803 se
1650 1735 2087 1819 obstringeret
2144 1731 2227 1798 ad

266 1821 578 1887 tuendam
639 1842 836 1905 quam
896 1821 1091 1887 hodie
1154 1822 1492 1905 possident
1554 1821 1884 1886 ditionem.
1974 1818 2227 1883 Verum

265 1907 389 1973 hoc
432 1907 629 1972 modo
672 1927 904 1974 cavere
949 1907 1127 1971 volui
1175 1927 1259 1972 ne
1316 1907 1399 1972 ad
1446 1907 1618 1973 hanc
1662 1907 1887 1972 urbem
1936 1924 2225 1988 unquam

261 1993 655 2076 aspirarent,
701 2004 770 2058 et
810 1992 1059 2075 optima
1101 2001 1241 2057 erat
1287 1994 1475 2059 ratio.
1540 1992 1688 2058 Non
1726 2002 1828 2057 est
1870 1991 2076 2075 igitur
2107 2010 2227 2055 cur

260 2078 447 2144 inani
510 2086 693 2143 metu
750 2088 819 2144 te
883 2078 1161 2164 posthac
1224 2087 1547 2161 torqueas,
1615 2075 1823 2143 donec
1886 2096 1968 2140 ex
2035 2075 2225 2141 nobis

258 2164 672 2249 cognoveris,
742 2163 849 2229 vel
896 2163 1128 2230 Gallos
1195 2163 1440 2247 aliquid
1498 2163 1732 2238 moliri,
1800 2161 1905 2229 vel
1969 2168 2225 2226 nostroe

258 2250 421 2315 adeo
482 2248 813 2332 trepidare
876 2258 951 2315 ut
1006 2261 1254 2314 temere
1310 2248 1394 2315 ad
1438 2269 1664 2313 eorum
1710 2245 2027 2312 auxilium
2071 2265 2225 2311 oon·

256 2336 535 2419 fugiant.
627 2333 810 2416 Quin
877 2334 1078 2400 etiam
1145 2335 1554 2419 experientia
1616 2333 1805 2399 brevi
1861 2333 2218 2399 vanitatem

251 2421 440 2486 illam
500 2429 835 2505 coarguet.
924 2419 1193 2485 Interea
1248 2421 1437 2499 scias,
1490 2418 1742 2504 legatos
1786 2426 2039 2484 vestros
2093 2437 2222 2499 qua

254 2508 556 2572 maxima
598 2507 741 2572 fieri
784 2505 1005 2589 potuit
1047 2506 1467 2572 contentione
1524 2505 1894 2570 incubuisse
1935 2512 2011 2568 ut
2053 2502 2219 2567 Ber-

250 2605 450 2658 nates
492 2591 867 2658 libertatem
914 2601 982 2656 et
1024 2600 1269 2656 statum
1316 2592 1495 2657 urbis
1541 2598 1803 2656 nostrae
1838 2589 2219 2656 Cantonum

248 2677 501 2744 iudicio
569 2677 1041 2761 permitterent.
1146 2677 1296 2743 Hoc
1360 2686 1579 2742 autem
1645 2672 1799 2758 quid
1876 2673 2052 2738 aliud
2118 2681 2219 2738 est

247 2784 455 2846 quam
507 2783 625 2828 nos
681 2761 1072 2847 iugulandos
1131 2760 1435 2827 tradere?
1523 2762 1759 2844 Itaque
1821 2759 1944 2826 hoc
2000 2758 2218 2841 adepti

246 2859 410 2914 sunt
457 2860 539 2914 ut
582 2849 908 2914 Bernates
953 2847 1293 2931 superiora
1335 2848 1558 2913 omnia
1600 2847 1861 2911 decreta
1903 2854 2217 2910 retracta·

245 2943 422 3004 rent.
514 2934 711 3000 Nunc
776 2933 957 3000 dubii
1017 2933 1396 3018 pendemus.
1486 2930 1676 2999 Unde
1735 2930 1969 3014 colligo
2030 2941 2095 2994 te
2153 2942 2220 2994 et

244 3020 416 3088 alios
481 3021 625 3105 pios
667 3018 897 3086 multis
950 3018 1033 3086 de
1089 3019 1284 3086 rebus
1338 3018 1556 3085 celari.
1644 3016 1826 3100 Quin
1883 3017 2080 3082 etiam
2140 3036 2220 3081 ea

242 3107 377 3173 fuit
443 3105 815 3191 legatorum
876 3115 1251 3172 vestrorum
1316 3105 1697 3171 humanitas
1753 3105 1823 3168 in
1884 3111 2216 3169 conventu

236 3192 574 3271 Badensi,
618 3202 697 3257 ut
736 3190 1117 3276 fugitandae
1160 3190 1446 3256 invidiae
1488 3210 1686 3257 causa
1727 3196 1988 3255 nostros
2034 3188 2218 3253 iube-

238 3288 398 3344 rent
462 3280 549 3344 ab
626 3278 931 3343 omnibus
996 3278 1135 3342 suis
1199 3276 1535 3359 colloquiis
1599 3275 1945 3341 abstinere.
2028 3273 2215 3350 Vale,

235 3364 618 3431 clarissime
663 3363 771 3428 vir
815 3374 884 3428 et
926 3362 1092 3427 mihi
1141 3361 1497 3445 plurimum
1542 3359 1950 3426 observande
1994 3361 2215 3437 frater,

236 3470 378 3516 000
450 3472 607 3516 cum
670 3470 875 3515 uxore
953 3459 1020 3515 et
1096 3446 1346 3512 familia
1421 3445 1818 3531 collegisque
1895 3445 2215 3510 omnibus.

231 3534 592 3602 Dominus
658 3555 774 3601 vos
837 3554 1064 3600 omnes
1126 3533 1344 3599 salvos
1410 3542 1707 3608 tueatur,
1786 3530 2032 3597 virtute
2096 3551 2219 3595 sua

231 3623 585 3688 sustineat
653 3622 1039 3703 laboresque
1102 3630 1359 3684 vestros
1425 3617 1786 3683 benedicat.
1899 3615 2218 3683 Genevae

233 3712 291 3773 9.
346 3706 671 3775 Octobris
722 3712 904 3771 1563.

1137 3839 1471 3907 Iohannes
1516 3838 1832 3906 Calvinus
1875 3848 2047 3904 tuus.

1047 4134 1457 4146 ——-

1138 4387 1345 4463 4⁰35.

744 4541 1218 4614 GALV'INUS
1263 4541 1734 4609 MEROERO.

420 4721 641 4785 Instat
673 4716 1140 4801 quamcunque
1174 4719 1371 4798 potest
1402 4715 1696 4796 precibus
1735 4719 1793 4780 d
1832 4713 2219 4798 aryumentis

216 4814 297 4873 ut
342 4806 473 4873 ille
509 4804 962 4887 professionem
1005 4803 1260 4886 linquae
1300 4800 1622 4866 hebraicae
1664 4802 1735 4865 in
1776 4800 1984 4867 schola
2025 4802 2219 4867 Gene-

211 4894 421 4961 vensi
468 4894 775 4973 σφωιτέ-
804 4893 855 4966 ¹)

212 5066 345 5133 (Ex
408 5060 757 5131 apographi·
808 5060 1219 5114 Genevensibus
1272 5057 1402 5113 Cod.
1439 5055 1586 5124 107·‚
1638 5057 1730 5111 fol.
1778 5056 1898 5113 280.
1944 5057 2065 5112 281.
2112 5058 2218 5113 283

1324 5129 1391 5181 ἰε
1442 5127 1707 5181 Merme.
1776 5127 1909 5182 Cod.
1945 5126 2091 5194 111⁸,
2124 5128 2214 5182 fol.

212 5138 391 5189 cuim
432 5138 505 5183 te
641 5129 897 5183 Calvinus
932 5131 1050 5198 ipse
1084 5128 1253 5185 inecri

442 5197 527 5253 21
565 5237 578 5251 .
649 5197 791 5268 Bpp.
827 5199 994 5251 Bern.
1030 5197 1122 5253 vl.
1158 5214 1209 5267 p.

208 5357 441 5415 4000.
468 5353 538 5422 1)
572 5304 671 5419 ἆ
690 5350 757 5405 ιν.
793 5350 949 5406 3944.

1286 5194 1401 5250 130.
1470 5195 1683 5251 Simler.
1718 5195 1836 5249 Vol.
1874 5194 2021 5263 108.)

2033 439 2197 500 1563
2245 433 2572 502 OO'POB.

4174 444 4300 506 170

2514 622 2586 688 S.
2659 621 2829 688 Mihi
2869 641 3028 686 vero
3073 630 3187 686 tua
3233 623 3568 688 excusatio
3612 643 3746 688 non
3789 624 4129 705 satisfacit,
4189 628 4296 696 vel

2338 709 2493 791 quia
2532 709 2706 773 iusta
2748 729 2881 773 non
2924 715 3040 784 est,
3103 706 3210 772 vel
3251 709 3403 791 quia
3455 708 3526 772 in
3573 711 3840 793 propria
3893 730 4088 778 causa
4130 713 4296 779 mihi

2334 794 2688 859 minimum
2726 792 3044 871 blandior,
3089 792 3196 858 vel
3239 795 3393 875 quia
3426 796 3779 860 necessitas
3822 798 3890 860 in
3935 817 4133 880 quam
4178 808 4298 866 tua

2336 880 2533 964 culpa
2576 879 2852 944 coniecti
2892 899 3120 944 sumus
3155 878 3409 944 nullam
3454 881 3939 947 exeusationem
3987 882 4294 951 admittit.

2337 965 2444 1029 Au
2501 964 2765 1030 uberior
2822 963 3078 1029 fructus
3133 964 3284 1029 istie
3341 964 3603 1049 publice
3662 967 4025 1050 sperandus
4081 970 4168 1034 sit
4210 990 4295 1036 ex

2334 1057 2452 1115 tuo
2496 1049 2717 1116 labore
2777 1049 3071 1115 nondum
3129 1048 3420 1133 disputo:
3489 1052 3602 1117 sed
3662 1053 3816 1135 quia
3876 1061 3941 1119 te
3994 1062 4296 1121 nostrum

2335 1156 2480 1200 esse
2524 1135 2864 1218 promissis
2921 1136 3052 1200 tuis
3107 1135 3255 1200 freti
3301 1139 3697 1219 putavimus,
3741 1138 3850 1203 ubi
3896 1161 4016 1206 nos
4058 1159 4136 1204 ea
4177 1161 4295 1225 spe

2335 1220 2577 1299 deiicis,
2640 1222 2767 1286 nisi
2826 1220 3058 1287 saltem
3117 1221 3435 1286 iacturam
3481 1242 3885 1307 compensas,
3938 1226 4170 1291 merito
4212 1225 4295 1293 de

2334 1316 2401 1371 te
2444 1307 2628 1389 queri
2675 1306 2844 1372 licet.
2910 1306 3211 1390 Longius
3251 1317 3472 1372 tamen
3508 1307 3921 1393 progrediar:
3963 1309 4292 1379 utiliorem

2334 1391 2649 1457 ecclesiae
2691 1392 2822 1457 Dei
2864 1411 3128 1475 operam
3177 1403 3358 1456 tuam
3404 1392 3513 1459 hic
3556 1395 3709 1459 fore.
3776 1393 4050 1461 Ridebis
4093 1397 4289 1466 forte:

2334 1478 2448 1542 sed
2495 1476 2669 1560 quod
2712 1476 3092 1543 incredibile
3148 1478 3265 1542 tibi
3309 1477 3643 1545 videbitur
3685 1479 4104 1547 verissimum
4149 1504 4292 1550 esse

2333 1563 2743 1646 experientia
2798 1562 3069 1628 docebit.
3159 1562 3357 1628 Certe
3410 1564 3637 1630 schola
3680 1575 3909 1631 nostra
3951 1566 4146 1633 hodie
4188 1590 4291 1636 se·

2332 1648 2688 1713 minarium
2748 1658 2848 1715 est
2900 1669 3127 1714 eorum
3189 1662 3553 1732 pastorum,
3612 1651 3725 1734 qui
3768 1672 3840 1717 se
3893 1652 3964 1717 in
4009 1652 4290 1720 solidum

2332 1754 2408 1799 ac
2450 1734 2736 1818 ingenue
2783 1734 2925 1799 Deo
2968 1741 3369 1800 consecrant.
3451 1734 3705 1817 Quanti
3749 1738 4054 1803 aestimas
4098 1737 4292 1806 disci·

2328 1818 2518 1902 pulos
2562 1820 2847 1884 formare
2890 1821 3001 1902 qui
3044 1840 3196 1884 mox
3233 1840 3353 1903 per
3396 1829 3600 1886 totam
3639 1821 3927 1889 Galliam
3971 1844 4290 1909 spargan-

2329 1903 2486 1969 tur?
2558 1905 2756 1970 Multi
2816 1904 2981 1970 forte
3046 1903 3346 1970 libabunt
3404 1916 3663 1971 tantum
3721 1907 4115 1986 rudimenta,
4174 1910 4290 1977 sed

2328 2000 2530 2055 erunt
2585 1990 2694 2073 qui
2755 1992 3033 2056 maiores
3095 1990 3338 2057 facient
3391 2012 3806 2075 progressus:
3872 2005 3941 2059 et
3984 1995 4098 2078 qui
4154 2018 4289 2063 non

2326 2075 2524 2159 plane
2560 2076 2979 2158 expolientur
3012 2086 3208 2141 erunt
3242 2087 3463 2142 tamen
3501 2079 3605 2144 exi
3700 2100 3739 2143 o
3773 2089 3975 2164 gustu
4008 2081 4290 2165 aptiores

2326 2160 2408 2225 ad
2476 2160 2848 2227 obeundum
2918 2160 3194 2229 docendi
3260 2183 3523 2228 munus.
3609 2100 3760 2229 {alm
3818 2165 3874 2230 si
3933 2166 4047 2247 qui
4114 2168 4287 2234 serio

2327 2245 2623 2312 discendi
2666 2246 2989 2312 desiderio
3032 2248 3320 2332 flagrant
3364 2248 3494 2313 huc
3537 2256 3602 2314 te
3646 2258 4022 2333 sequentur.
4092 2251 4286 2334 Nam,

2325 2342 2403 2396 ut
2446 2332 2633 2410 scies,
2682 2334 2975 2398 Antonio
3014 2332 3348 2411 Gevazerio,
3394 2333 3507 2416 qui
3549 2355 3729 2401 nunc
3772 2334 4116 2402 hebraicae
4160 2338 4287 2403 lin-

2323 2437 2495 2501 guae
2537 2419 2869 2502 professor
2909 2429 3028 2496 est,
3075 2418 3455 2503 designatus
3500 2441 3569 2485 es
3613 2440 3964 2486 successor.
3983 2423 4042 2506 2)
4120 2423 4288 2490 Mis-

2323 2505 2575 2568 sionem
2634 2525 2794 2570 vero
2852 2505 3045 2588 petiit
3101 2524 3229 2569 non
3292 2504 3504 2569 taedio
3548 2508 3656 2569 vel
3714 2515 4113 2592 contemptu,
4171 2509 4287 2576 sed

2324 2589 2480 2672 quia
2537 2588 2865 2655 mediocre
2919 2589 3396 2674 patrimonium
3456 2591 3647 2656 aliter
3711 2611 4097 2676 recuperare
4153 2615 4286 2661 non

2323 2681 2536 2757 potest
2596 2696 2792 2758 quam
2860 2678 2914 2741 si
2978 2677 3046 2740 in
3101 2676 3379 2758 patriam
3450 2698 3520 2741 se
3585 2678 3873 2760 recipiat.
3943 2679 4285 2763 Exiguum

2323 2758 2586 2843 quidem
2654 2761 3056 2842 stipendium
3113 2782 3256 2826 esse
3311 2761 3538 2826 fateor.
3628 2761 3874 2828 Librae
3930 2766 4105 2830 enim
4163 2765 4283 2832 du·

2322 2857 2552 2911 centae
2598 2849 2994 2930 penduntur.
3085 2845 3302 2912 Aedes
3347 2845 3590 2912 dautur
3648 2850 3807 2913 satis
3863 2869 4174 2917 amoenae
4215 2859 4284 2918 et

2322 2933 2666 3013 spatiosae.
2736 2932 2987 2998 Verum
3032 2933 3246 3016 cogita
3289 2933 3617 3014 impensas
3659 2932 3768 2998 hic
3807 2935 4096 3001 minores
4137 2957 4284 3004 esse

2322 3037 2516 3099 quam
2586 3016 2759 3101 apud
2825 3037 2963 3083 vos.
3055 3019 3246 3084 Alter
3309 3017 3420 3083 ille
3487 3017 3671 3084 labor
3736 3026 3838 3087 est
3900 3020 4279 3092 suooisims.

2322 3101 2659 3186 Suspicor,
2726 3104 2880 3168 dum
2941 3103 3129 3169 audis
3173 3103 3416 3187 duplex
3482 3104 3603 3168 tibi
3657 3127 3825 3171 onus
3882 3108 4150 3191 imponi,
4215 3118 4282 3174 te

2323 3189 2676 3254 absterreri
2722 3188 3124 3255 difficultate.
3197 3190 3389 3271 Atqui
3443 3192 3512 3254 in
3558 3211 3637 3255 ea
3679 3212 3751 3256 re
3792 3190 4057 3258 falleris.
4138 3193 4282 3259 Pri-

2321 3294 2509 3338 mum
2569 3286 2796 3340 nostra
2841 3274 3109 3340 docendi
3180 3276 3346 3340 ratio
3412 3276 3531 3341 tibi
3585 3297 3807 3343 meme
3872 3278 3998 3344 erit
4063 3278 4276 3346 ludus.

2323 3358 2584 3424 Deinde
2629 3362 2700 3424 in
2744 3354 2967 3426 labore
3003 3359 3525 3427 extraordinario
3560 3362 3679 3427 tibi
3722 3360 3985 3429 dabitur
4019 3362 4280 3430 adiutor

2321 3446 2435 3528 qui
2493 3454 2560 3510 te
2605 3446 2902 3511 molestia
2961 3446 3277 3513 sublevet.
3363 3447 3610 3513 Desine
3654 3468 3812 3533 ergo
3870 3458 4118 3531 putare,
4166 3452 4278 3533 qui

2320 3529 2494 3612 apud
2539 3552 2660 3596 nos
2705 3532 3036 3597 sustinent
3080 3530 3349 3598 docendi
3430 3544 3605 3597 artes
3641 3534 3746 3599 vel
3780 3553 4046 3618 operam
4089 3557 4278 3602 suam

2319 3615 2632 3682 ecclesiae
2676 3616 2822 3682 aliis
2866 3618 3079 3683 modis
3136 3620 3355 3701 impen
3404 3628 3545 3695 unt,
3590 3620 3776 3702 quasi
3836 3620 4115 3702 pistrino
4161 3621 4277 3687 ad-

2320 3701 2466 3767 dici.
2547 3702 2695 3767 Non
2739 3703 2832 3768 ita
2876 3703 3224 3769 inhumani
3267 3725 3493 3770 sumus
3533 3704 3639 3770 vel
3683 3704 3877 3789 rigidi
3923 3715 4276 3788 exactores,

2319 3788 2477 3869 quin
2545 3787 2845 3854 hilariter
2910 3788 3180 3855 Christo
3259 3790 3553 3856 serviant
3631 3789 3932 3857 homines
4011 3792 4272 3859 literati.

2323 3872 2769 3950 Sam-everius,
2829 3896 3022 3957 quem
3081 3877 3373 3954 miseras,
3428 3875 3729 3941 morbum
3783 3875 3890 3943 hic
3945 3897 4078 3942 non
4119 3899 4274 3945 con·

2318 3959 2525 4023 traxit
2583 3959 2698 4023 sed
2756 3973 3035 4026 mortem
3094 3982 3316 4027 secum
3373 3961 3702 4026 attulerat.
3791 3959 4028 4045 Itaque
4070 3984 4273 4046 quum

2319 4042 2536 4108 adhuc
2594 4045 2880 4127 agitaret
2936 4044 3253 4129 quaedam
3305 4046 3628 4112 duntaxat
3690 4047 4028 4130 praeludia
4080 4048 4272 4114 decu·

2319 4131 2480 4195 buit.
2584 4131 2792 4196 Porro
2857 4153 3052 4214 quam
3118 4133 3523 4198 necessarius
3589 4132 3676 4196 sit
3741 4131 3927 4198 labor
3987 4132 4102 4199 ille
4166 4134 4273 4199 cui

2321 4216 2686 4280 destinatus
2730 4226 2890 4294 erat,
2936 4238 3070 4282 non
3113 4237 3563 4283 commemoro.
3631 4216 3828 4284 Certe
3869 4217 3980 4285 ubi
4021 4226 4090 4284 te
4132 4239 4271 4284 me-

2320 4301 2449 4366 lius
2495 4301 2834 4384 impendas
2878 4324 3008 4368 000
3055 4302 3262 4368 video.
3330 4304 3595 4368 Interea
3628 4303 3935 4386 privatim
3974 4325 4102 4368 non
4144 4306 4270 4370 erit

2320 4388 2439 4453 tibi
2506 4388 2776 4452 inutilis.
2866 4387 2943 4454 Si
2998 4397 3065 4453 te
3120 4388 3510 4472 persuadere
3574 4389 3770 4466 81008,
3833 4390 4076 4454 senties
4134 4411 4268 4455 non

2321 4473 2476 4537 data
2535 4474 2651 4539 tibi
2708 4475 2905 4539 fuisse
2950 4474 3173 4541 verba.
3263 4475 3516 4538 Verum
3558 4473 3888 4541 celeritate
3930 4495 4093 4558 opus
4146 4484 4265 4542 est.

2320 4557 2544 4640 Quare
2587 4560 2641 4625 si
2686 4559 2881 4624 fidem
2918 4570 3255 4644 praestare
3299 4557 3419 4624 tibi
3462 4560 3535 4624 10
3580 4561 3798 4624 001ωο
3841 4568 3958 4638 08ι,
4002 4561 4103 4626 fac
4146 4582 4267 4627 nos

2319 4656 2472 4709 ante
2508 4647 2706 4709 finem
2733 4643 3120 4711 Novembris
3164 4646 3490 4723 certiores,
3537 4656 3603 4710 te
3647 4664 3804 4711 vero
3839 4646 4099 4711 circiter
4141 4647 4267 4712 ini·

2320 4732 2484 4795 tium
2532 4731 2770 4796 Martis
2817 4731 2943 4797 huo
3002 4732 3197 4797 sistas
3239 4751 3278 4795 o
3365 4738 3511 4795 rtet.
3600 4729 3795 4812 Quod
3839 4731 3897 4796 si
3939 4730 4063 4798 hac
4105 4753 4266 4815 quo-

2318 4837 2446 4900 que
2500 4838 2616 4900 spe
2673 4816 3040 4883 excidimus
3094 4822 3251 4900 (quo
3353 4836 3544 4882 omen
3590 4816 3773 4881 Deus
3826 4824 4108 4893 avertat)
4152 4838 4267 4883 ne-

2318 4924 2445 4985 que
2503 4923 2720 4967 coram
2771 4903 2912 4968 Deo
2969 4901 3237 4978 absolvi,
3305 4922 3427 4968 nec
3484 4901 3658 4984 apud
3725 4901 4024 4968 homines
4079 4914 4264 4968 tuam

2318 4990 2874 5054 existimationem
2940 4989 3109 5053 tueri
3176 4997 3393 5072 pooes,
3460 4987 3589 5052 nisi
3653 4986 3886 5052 saltem
3949 4988 4264 5054 vicarium

2316 5074 2508 5141 nobis
2569 5082 3032 5157 repraesentes,
3092 5093 3228 5138 000
3287 5072 3407 5138 tibi
3459 5092 3686 5156 parem
3740 5072 3881 5153 (ubi
3933 5073 4106 5138 enim
4159 5094 4264 5139 re-

2441 5349 2452 5361 ·
2524 5279 2608 5415 22⁸
2627 5280 2757 5349 Rq.
2795 5278 2872 5332 du
2923 5277 3084 5334 Gom.
3127 5279 3269 5347 Any.
3306 5278 3391 5332 19.
3423 5276 3510 5333 28.
3541 5276 3626 5331 26.
3678 5276 3821 5347 Sept.
3861 5276 3938 5331 10.
3977 5278 4059 5331 13.
4132 5278 4262 5334 Oke-

2317 5349 2511 5404 cancer
2613 5354 2636 5404 t
2666 5345 2933 5417 alchon-96
2965 5348 3005 5403 ὰ
3038 5363 3103 5402 aa
3136 5344 3398 5402 amande
3428 5363 3498 5402 m
3537 5344 3683 5403 156⁷.
