4900 6125
549 375 677 440 223

545 559 805 630 senatui
849 564 1308 644 praesentatus
1353 565 1505 624 ante
1549 566 1683 626 tres
1725 558 2131 643 septimanas
2164 579 2326 626 suae
2358 556 2515 624 fidei

549 646 1022 716 confessionem
1067 653 1138 712 et
1177 643 1684 728 explicationem
1731 664 1772 709 a
1813 654 2050 711 senatu
2088 654 2364 729 rogatus
2397 664 2518 711 ex-

545 733 782 811 hibuit,
827 741 897 799 et
936 732 1065 798 nisi
1106 730 1518 797 obstitissent
1551 730 1873 798 Germani
1909 731 2196 798 ministri
2229 750 2518 816 quornm

547 819 945 887 sententiam
1023 816 1255 884 audire
1331 817 1549 883 voluit
1625 828 1897 884 senatus
1971 838 2177 902 supra
2239 816 2518 883 Arnoldi

547 905 975 982 confessione,
1055 903 1190 969 iam
1265 902 1523 985 pridem
1589 903 1897 969 restituta
1961 911 2138 971 esset
2202 901 2516 970 ecclesiae

545 990 840 1058 libertas.
949 991 1052 1056 Eo
1116 990 1294 1055 enim
1361 988 1768 1072 propendere
1837 989 2120 1067 videtur,
2187 989 2312 1056 etsi
2376 1008 2513 1054 non

545 1078 776 1155 maior,
822 1075 1053 1142 melior
1095 1075 1327 1142 saltem
1366 1096 1521 1159 pars
1556 1084 1958 1141 senatorum.
2029 1074 2299 1142 Interea
2335 1095 2516 1154 vero,

546 1162 704 1229 dum
765 1160 1083 1228 differunt
1139 1161 1460 1227 Germani
1515 1161 1805 1228 ministri
1859 1181 2048 1228 suam
2093 1161 2309 1229 dicere
2363 1181 2515 1226 sen-

547 1249 829 1315 tentiam
884 1246 1204 1314 adversus
1262 1258 1546 1325 nostros,
1611 1255 1926 1332 tanquam
1982 1248 2197 1313 omnis
2250 1248 2514 1332 pietatis

545 1346 614 1401 et
659 1334 995 1420 religionis
1040 1333 1283 1411 hostes,
1339 1333 1710 1399 declamant
1753 1344 1819 1399 et
1862 1333 2028 1400 nihil
2071 1355 2207 1399 non
2251 1342 2515 1399 tentant

593 1440 681 1487 uo
724 1421 794 1486 in
837 1420 1135 1485 omnium
1191 1417 1512 1484 invidiam
1556 1418 1885 1486 adducere
1927 1420 2204 1504 possint,
2271 1428 2340 1486 et
2383 1417 2515 1484 nisi

543 1442 877 1573 {ominus
912 1514 1182 1572 senatus
1217 1504 1414 1571 corda
1449 1515 1515 1572 et
1547 1515 1806 1572 mentes
1841 1513 2047 1591 regat,
2083 1504 2515 1572 metuendum

544 1601 650 1661 est
686 1614 769 1659 ne
804 1591 1329 1658 adversariorum
1365 1592 1617 1675 impetu
1652 1600 2108 1658 transversum
2130 1592 2269 1658 abri
2320 1592 2511 1657 iatur.

717 1677 851 1745 Nos
894 1677 1002 1744 hic
1027 1680 1080 1757 ⁸)
1126 1677 1194 1742 in
1231 1675 1463 1743 eodem
1496 1697 1703 1762 prope
1740 1698 2089 1744 versamur
2122 1699 2257 1744 nau
2412 1678 2512 1743 ‘oz

544 1766 602 1832 si
681 1763 892 1831 nostri
965 1762 1169 1830 semel
1235 1763 1578 1829 obtineant
1642 1763 1813 1848 quod
1876 1763 2129 1829 tamdiu
2195 1763 2514 1830 adversus

547 1850 875 1918 Zanchum
891 1852 950 1928 ⁴)
992 1848 1378 1929 moliuntur,
1436 1849 1614 1917 credi
1659 1857 1879 1933 potest
1922 1849 2242 1916 Satanam
2287 1870 2366 1915 ea
2407 1850 2517 1916 sui

548 1935 894 2019 dispendia
946 1956 1112 2019 quae
1169 1936 1239 2000 in
1299 1934 1538 2001 Galliis
1597 1936 1849 2019 patitur
1893 1936 2002 2002 hic
2045 1937 2364 2002 resarcire
2405 1956 2516 2002 oo-

548 2023 719 2089 nari.
810 2022 1139 2087 Dominus
1182 2020 1377 2087 illum
1420 2032 1803 2106 compescat.
1874 2021 2022 2088 Iam
2066 2021 2210 2089 dies
2260 2026 2336 2086 16
2373 2021 2516 2106 agi·

545 2116 663 2175 tur
698 2129 899 2192 quum
938 2105 1423 2185 Ramboulletus,
1460 2107 1939 2191 primogenitus
1970 2108 2203 2174 domus
2223 2109 2515 2191 inquam,

547 2216 592 2261 a
632 2214 707 2260 re
754 2216 791 2260 e
834 2206 902 2259 et
943 2192 1214 2259 oonsilio
1256 2191 1513 2278 legatus
1556 2195 1800 2259 missus
1844 2193 1927 2259 ad
1970 2195 2301 2278 principes
2346 2194 2520 2260 Ger-

546 2301 808 2347 mamae
852 2280 976 2346 hac
1019 2279 1150 2344 iter
1193 2277 1440 2345 faciens
1485 2278 1956 2345 Hotomannum
2000 2301 2223 2346 secum
2265 2293 2341 2346 ut
2384 2278 2518 2346 col-

546 2367 768 2453 legam
836 2365 1210 2448 assumpsit.
1315 2364 1706 2450 Legationis
1769 2384 2033 2432 causam
2101 2387 2234 2431 non
2299 2366 2517 2449 plane,

548 2452 882 2518 intellexi:
925 2450 1198 2517 coniicio
1241 2458 1466 2516 tamen
1503 2451 1628 2517 hoc
1666 2452 1954 2534 primum
1990 2473 2133 2518 esse
2168 2452 2519 2534 legationis

546 2548 765 2622 caput,
825 2544 902 2603 ut
953 2538 1213 2602 ineatur
1270 2538 1438 2602 ratio
1490 2536 1890 2620 impediendi
1933 2538 2195 2605 concilii
2236 2537 2515 2603 Triden-

547 2623 675 2690 tini
741 2630 810 2689 et
873 2644 958 2689 ne
1021 2622 1203 2688 ullus
1244 2644 1328 2688 ex
1374 2622 1600 2689 Gallia
1641 2624 1818 2707 regis
1861 2624 2130 2689 nomine
2174 2645 2250 2690 eo
2293 2624 2518 2689 mitta·

549 2720 678 2777 tur.
771 2710 1113 2775 Profectus
1156 2707 1582 2775 ecclesiarum
1617 2729 1736 2791 per
1771 2718 1976 2775 totam
2013 2709 2305 2776 Galliam
2345 2709 2517 2774 miro

549 2794 790 2882 gaudio
838 2814 955 2861 nos
1009 2794 1233 2859 afficit.
1325 2795 1384 2859 E
1428 2795 1662 2860 multis
1706 2793 1868 2860 locis
1912 2817 1988 2860 eo
2032 2816 2248 2873 vocor,
2307 2795 2516 2879 inpri-

545 2883 678 2949 mis
733 2882 815 2947 ab
873 2880 1146 2947 ecclesia
1199 2880 1577 2945 Parisiensi.
1665 2879 1921 2946 Verum
1976 2881 2138 2948 haec
2195 2882 2389 2948 statio
2444 2881 2517 2945 in

550 2989 683 3052 qua
736 2988 858 3033 nos
915 2967 1246 3032 Dominus
1303 2966 1644 3032 constituit
1688 2966 1869 3032 nullo
1913 2967 2109 3032 modo
2154 2966 2519 3033 deserenda

547 3052 834 3131 videtur,
881 3053 1006 3118 nisi
1044 3053 1213 3118 forte
1247 3052 1455 3138 ipsius
1489 3052 1904 3135 imperatoris
1940 3054 2206 3119 nomine
2243 3052 2518 3118 militiae

549 3141 735 3206 iussu
780 3138 950 3204 alius
993 3139 1318 3223 quispiam
1360 3160 1507 3204 meo
1550 3137 1690 3205 loco
1734 3140 2188 3205 substituatur.

725 3225 878 3291 Non
933 3225 1201 3309 ignoras
1265 3223 1695 3292 Peru-uacuum
1713 3228 1767 3304 ⁵)
1827 3227 1958 3291 iam
2019 3246 2162 3291 esse
2228 3225 2514 3291 aulicum

549 3312 1077 3379 concionatorem
1133 3321 1220 3390 et,
1276 3317 1355 3375 ut
1414 3309 1498 3376 ad
1555 3331 1662 3375 me
1719 3311 1989 3377 Lutetia
2032 3313 2349 3395 scriptum
2395 3321 2515 3388 est,

547 3399 730 3464 intra
791 3416 1033 3481 paucos
1091 3395 1232 3462 dies
1289 3404 1553 3462 tantum
1621 3398 1952 3481 promovit
2005 3407 2082 3464 ut
2135 3399 2268 3463 iam
2330 3397 2519 3482 quasi

548 3482 884 3550 semideus
947 3503 988 3548 a
1039 3480 1269 3548 multis
1327 3483 1665 3548 habeatur.
1753 3483 2048 3549 Tantum
2101 3481 2519 3567 splendorem

547 3570 648 3636 illi
718 3590 853 3635 non
917 3568 1203 3646 invideo,
1265 3568 1428 3653 quin
1571 3569 1703 3634 tius
1757 3569 2063 3652 spiritum
2119 3569 2519 3634 humilitatis

549 3655 949 3724 sinceritatis
1005 3661 1074 3719 et
1131 3665 1476 3722 mansuetu
1529 3656 1632 3720 ‘ne
1654 3659 1688 3694 ¹·
1733 3676 1866 3720 non
1908 3657 2101 3721 fictae
2144 3677 2186 3721 a
2228 3655 2519 3721 Domino

549 3741 677 3825 ipsi
723 3741 918 3805 enixe
961 3760 1207 3822 precor.
1295 3740 1378 3806 D.
1429 3739 1724 3806 Zanchus
1767 3741 2255 3823 profectionem,
2322 3761 2518 3825 quam

550 3835 708 3893 ante
745 3831 781 3890 3
837 3827 1237 3909 septimanas
1289 3825 1372 3891 ad
1408 3825 1768 3892 Bromium
1787 3831 1842 3906 ⁶)
1897 3837 2294 3911 susceperat,
2355 3846 2523 3891 non-

551 3912 713 3978 dum
792 3911 1093 3977 absolvit.
1197 3912 1411 3978 Audio
1489 3911 1683 3977 illum
1761 3911 2110 3979 Stocardia
2187 3914 2515 3998 'l'igurum

549 3998 770 4066 ivisse.
859 3995 1119 4063 Valebis
1153 3998 1221 4063 in
1258 3998 1566 4076 Domino,
1605 3999 1708 4065 vir
1741 3998 2124 4077 clarissime,
2162 4006 2231 4066 et
2264 4005 2522 4084 patrem

551 4084 829 4152 Domini
906 4084 1116 4150 nostri
1189 4083 1346 4150 Iesu
1411 4083 1662 4150 Christi
1739 4105 1859 4169 pro
1944 4085 2134 4152 nobis
2196 4091 2517 4169 precator.

554 4169 962 4256 Argentinae
1006 4171 1108 4235 31.
1154 4169 1500 4237 Decembr.
1551 4173 1737 4234 1561.

1279 4309 1467 4375 'runs
1501 4308 1878 4377 Gulielmus
1908 4307 2344 4377 Holbraehus.

558 4907 1658 5111 {saffsstrm
1692 4909 2189 5050 msa*
2282 4907 2529 4966 w

2055 366 2587 437 EPISTOLAE
2630 368 3064 436 8678-3680

4438 372 4549 437 224

3495 557 3698 633 8⁶7⁹.

3184 712 3661 782 GALVINUS
3713 712 4037 781 BEZAE.

2804 882 2978 952 Uxor
3019 884 3233 952 Bonae
3272 886 3392 953 iter
3460 885 3475 900 ‘
3591 905 3735 952 essa
3777 889 3885 952 est.
3974 884 4231 951 Scholae
4264 886 4559 973 prospici-

2614 970 2861 1037 endum.
2951 969 3301 1055 Responsio
3342 971 3432 1038 ad
3540 972 3894 1038 alduinum.
3968 970 4266 1038 Minism‘
4306 973 4373 1037 in
4415 971 4556 1039 Gul-

2614 1055 2774 1123 liam
2806 1058 3105 1123 mittendi.
3195 1057 3411 1125 Duces
3452 1058 3890 1141 Lonqaem'llae
3932 1062 3988 1123 d
4033 1057 4347 1123 Nemorsi.

2619 1227 2732 1293 (Ex
2767 1229 3108 1351 autogrsfho
3144 1230 3275 1285 Cod.
3310 1229 3474 1284 Goth.
3510 1227 3630 1296 405,
3666 1230 3759 1287 fol.
3793 1228 3914 1285 206.
3951 1259 4019 1269 —
4055 1227 4265 1284 Simler.
4302 1228 4416 1282 Vol.
4441 1226 4560 1297 1023

2615 1296 2787 1352 Liebe
2821 1315 2945 1369 pag.
3016 1298 3078 1367 93
3112 1298 3763 1437 Bretsohneidltgpfflgssy
3800 1300 3971 1354 Bsum
4005 1316 4062 1370 p.
4097 1297 4227 1361 1533
4256 1298 4563 1367 vem-ugk

2769 1539 2834 1604 A
2876 1537 3128 1605 Monsr.
3175 1548 3239 1605 et
3284 1539 3433 1607 bien
3477 1539 3649 1605 aime
3692 1539 3864 1605 frere
3909 1537 4025 1605 Mr.
4075 1537 4156 1606 de
4200 1538 4423 1605 Besae.

2791 1710 2972 1792 Quia
3034 1712 3328 1778 incertus
3392 1732 3542 1778 sum
3609 1733 3697 1777 an
3763 1720 3828 1777 te
3892 1711 3967 1776 in
4031 1711 4183 1778 aula
4252 1709 4571 1795 reperient

2616 1816 2805 1863 meae
2841 1797 3072 1863 literae
3107 1805 3464 1882 antequam
3498 1795 3582 1862 ad
3616 1806 3872 1882 patrem
3908 1798 4240 1882 profectus
4272 1796 4494 1873 fueris,
4518 1800 4566 1879 ¹)

2615 1882 2987 1949 breviorem
3042 1905 3150 1950 me
3206 1884 3365 1950 facit
3420 1883 3585 1950 haec
3640 1881 3979 1950 dubitatio.
4065 1882 4255 1951 Uxor
4312 1892 4429 1949 tua
4468 1880 4569 1947 die

2619 1968 2947 2035 dominico
2966 1972 3024 2047 ²)
3082 1971 3210 2035 iter
3266 1991 3463 2035 suum
3519 1970 3817 2053 ingressa
3873 1977 3998 2036 est:
4079 1990 4277 2052 quam
4333 1967 4568 2034 diutius

2617 2054 2786 2120 relin
2835 2056 2903 2121 ui
2936 2054 3114 2139 apud
3148 2062 3408 2140 patrem
3444 2055 3550 2121 vel
3587 2056 3865 2122 Parisiis
3900 2055 4280 2136 subsistere,
4315 2055 4575 2120 minime

2618 2076 2907 2224 expedit,
2973 2141 3055 2207 ab
3113 2143 3279 2208 urbe
3323 2150 3548 2207 vestra
3567 2143 3624 2219 ⁸)
3668 2141 3797 2208 cito
3842 2141 4097 2207 solvere
4139 2142 4162 2205 i
4209 2161 4285 2207 sa
4330 2162 4413 2224 qu
4496 2160 4575 2205 ue

2617 2237 2822 2311 optat.
2881 2228 3162 2294 Parisiis
3194 2227 3364 2293 forte
3402 2227 3682 2294 libenter
3710 2233 4032 2293 maneret:
4071 2248 4142 2293 se
4222 2234 4484 2311 praesta
4524 2226 4575 2289 it

2619 2312 2844 2390 (crede
2878 2314 3076 2393 mihi)
3112 2316 3329 2397 prima
3362 2313 3695 2380 occasione
3740 2313 4005 2392 remitti,
4042 2320 4112 2378 et
4144 2320 4411 2397 tempus
4453 2311 4573 2377 erit

2617 2398 3035 2466 commodum
3058 2420 3287 2465 mense
3310 2399 3576 2466 Martio.
3623 2400 3767 2464 'Dua
3790 2419 4043 2483 quoque
4064 2399 4362 2477 interest,
4385 2417 4576 2482 quum

2618 2484 2883 2564 redibis,
2942 2484 3251 2552 omnibus
3309 2484 3794 2569 impedimentis
3852 2485 4148 2551 solutum
4192 2504 4368 2551 esse:
4436 2483 4581 2568 quia

2624 2572 2951 2637 transitus
2993 2592 3116 2655 per
3155 2570 3618 2655 Burgundiam
3663 2591 3797 2636 non
3842 2569 4004 2636 adeo
4048 2578 4232 2636 tutus
4270 2570 4399 2636 erit
4429 2568 4581 2654 quin

2622 2656 2958 2723 cavendae
2999 2659 3135 2722 sint
3177 2657 3474 2723 insidiae.
3556 2657 3973 2722 Penultimae
4017 2665 4189 2734 tuae,
4209 2661 4271 2731 ⁴)
4319 2664 4397 2722 ut
4439 2675 4580 2739 spes

2622 2764 2900 2827 magnas
2961 2741 3226 2820 dabant,
3294 2742 3459 2808 mihi
3517 2742 4031 2809 iucundissimae
4090 2743 4377 2808 suerunt.
4478 2740 4581 2805 Ex

2622 2829 2974 2912 postremis
3028 2849 3284 2913 quoque
3340 2850 3472 2894 non
3530 2850 3765 2912 parum
3825 2827 4049 2913 gaudii
4095 2828 4395 2913 percepi:
4460 2824 4585 2891 nisi

2623 2912 2797 2998 quod
2841 2935 3025 2981 meae
3068 2915 3515 2999 querimoniae
3558 2922 3912 2980 renovatus
3957 2915 4084 2979 fuit
4128 2912 4349 2980 dolor:
4438 2912 4586 2997 quia

2621 3000 2744 3066 tibi
2789 2999 3095 3068 videbam
3139 3021 3405 3067 causam
3446 3000 3652 3067 fuisse
3697 2999 3802 3067 vel
3860 3000 4144 3067 tristitae
4188 3000 4297 3067 vel
4349 2998 4583 3067 sollici·

2620 3086 2889 3154 tudinis.
2996 3087 3110 3153 Me
3189 3086 3451 3171 quidem
3531 3107 3690 3154 mox
3755 3088 4191 3171 poenituerat,
4273 3086 4393 3153 sed
4458 3086 4587 3150 iam

2622 3171 2887 3256 elapsae
2931 3183 3123 3239 erant
3165 3172 3395 3240 literae
3438 3195 3522 3239 ex
3569 3174 3733 3239 meis
3776 3172 4102 3239 manibus.
4194 3171 4397 3241 Nunc
4442 3171 4589 3238 fecit

2623 3267 2740 3323 tua
2782 3259 3057 3326 offensio
3100 3268 3174 3324 ut
3213 3258 3383 3324 mihi
3426 3260 3640 3344 magis
3684 3258 4146 3342 displicuerim.
4216 3258 4453 3342 Neque
4496 3265 4589 3321 ta-

2619 3364 2777 3410 men
2814 3354 2915 3411 est
2947 3365 3068 3410 cur
3101 3365 3375 3411 excuses
3412 3343 3530 3409 tibi
3567 3345 3894 3428 publicam
3930 3344 4192 3410 scholae
4236 3345 4592 3410 utilitatem

2620 3431 2823 3497 fuisse
2882 3450 3107 3497 curae:
3173 3429 3438 3514 quando
3491 3430 3562 3494 id
3618 3452 3752 3497 nou
3806 3430 4019 3515 magis
4076 3429 4197 3495 tibi
4252 3431 4593 3516 cognitum

2619 3525 2744 3596 est,
2807 3537 3007 3600 quam
3061 3516 3229 3581 mihi
3285 3537 3691 3599 persuasum.
3781 3516 3874 3581 Et
3930 3515 4093 3580 mihi
4155 3515 4423 3583 dolebat
4476 3534 4593 3580 nos

2620 3601 2823 3668 simul
2879 3603 3084 3669 fuisse
3142 3601 3465 3686 deceptos.
3492 3606 3547 3676 ⁸)
3637 3601 4003 3685 Proecipue
4060 3622 4217 3668 vero
4278 3603 4449 3668 mihi
4490 3601 4591 3664 in-

2620 3687 2686 3753 di
2737 3685 2964 3770 nabar,
3007 3688 3116 3771 qui
3163 3688 3366 3771 probe
3408 3689 3622 3753 sciens
3665 3696 3733 3753 et
3775 3688 4007 3753 volens
4040 3688 4115 3752 in
4148 3686 4457 3753 fraudem
4490 3686 4591 3750 in·

2619 3710 2927 3840 sidetem.
3018 3772 3214 3840 Nunc
3259 3771 3520 3841 videtur
3564 3772 3647 3839 ad
3693 3772 4096 3839 manendum
4138 3793 4285 3840 esse
4330 3792 4593 3855 compo·

2621 3861 2804 3926 situs.
2907 3857 3046 3926 Sed
3111 3858 3299 3924 nobis
3367 3857 3703 3925 decretum
3769 3867 3869 3925 est
3933 3878 4071 3923 non
4127 3855 4356 3925 fidere.
4458 3857 4595 3925 Nec

2621 3946 2803 4012 enim
2847 3944 2955 4012 vel
2998 3944 3287 4010 abeundi
3329 3944 3680 4011 consilium
3724 3943 3805 4010 de
3892 3944 4053 4011 suit:
4100 3966 4221 4013 nec
4258 3944 4343 4012 de
4380 3944 4595 4011 reditu

2623 4031 2986 4116 quidquam
3028 4029 3181 4097 vult
3221 4031 3625 4114 promittere.
3682 3963 3941 4096 Sedpde
3987 4030 4277 4097 hominis
4322 4029 4595 4116 ingenio

2624 4127 2695 4218 et
2752 4117 2918 4217 actis
2961 4116 3153 4200 plura
3196 4136 3437 4217 coram:
3528 4117 3739 4183 Recta
3780 4117 4036 4217 interea
4078 4116 4331 4183 factum
4376 4115 4594 4218 fuerit,

2622 4222 2957 4356 affl?
2959 4222 3119 4365 ¹²1?ss
3163 4200 4053 4387 ffisssffiffiff‘assffi
4086 4211 4384 4369 525⁸.ss
4411 4205 4597 4355 ⁶2}ss

2622 4375 2812 4442 nobis
2846 4382 3258 4458 opportunus
3291 4381 3435 4451 ent,
3471 4380 3743 4459 propter
3776 4373 4077 4440 morbum
4104 4371 4511 4453 Samnii,
4536 4372 4597 4460 'J

2622 4542 2810 4598 ae'le.
2831 4541 2890 4607 1)
2927 4541 3112 4597 Nescit
3144 4542 3327 4598 adhuc
3364 4542 3567 4599 Bam
3602 4559 3715 4599 non
3745 4544 4053 4614 profectum
4080 4544 4279 4611 fuisse.

2831 4609 3191 4675 2)28.Doe.

2622 4820 4597 4944 mmmmpbmmoeffiwvmm

2679 4954 2943 5010 ‘adm
3166 4953 3599 5011 &wau-odere.

2833 5021 3814 5092 &quatiebant-avidam.
3888 5023 4426 5082 &naumachia

2628 5092 3903 5150 mximam-'omnm

2632 5159 3337 5288 ¹¹·¹'⁰5”›'0.1v.aeoe.

2840 5296 2903 5365 7)
3001 5294 3203 5351 ,3661

3988 5092 4159 5163 (Bou.
4206 5091 4287 5149 du
4338 5026 4599 5152 Goon-”z
