4900 6125
647 617 960 782 m)
991 612 1226 699 diligas
1268 634 1585 699 carosque
1628 613 1895 681 habeas.
1977 614 2165 680 Bene
2222 614 2389 681 vale.

2475 613 2614 680 Ne-

1537 1145 1731 1217 4156.

1274 1301 1519 1368 BEZA
1561 1301 2001 1369 CALVINO.

821 1470 1196 1539 Gohmberii
1215 1472 1570 1541 haereditas
1599 1476 1943 1541 amicorum
1965 1495 2158 1558 opera
2178 1475 2615 1557 recuperanda

647 1565 755 1626 est.
841 1557 1142 1626 Seuer-‘us
1207 1580 1351 1626 aere
1406 1561 1609 1627 alieno
1663 1581 1932 1643 pressus
1995 1566 2281 1627 mutuam
2336 1562 2616 1644 accipere

644 1818 758 1886 (Ex
793 1818 1135 1887 autographo
1171 1816 1297 1872 eod.
1337 1817 1499 1873 Goth.
1539 1817 1786 1882 404,f01.
1826 1817 2617 1873 718.—EdiditBretsohnei-

1440 1887 1540 1941 der
1580 1906 1632 1958 p.
1671 1886 1822 1953 103.)

819 2058 1087 2125 Eximio
1142 2058 1299 2125 Iesu
1344 2058 1596 2125 Christi
1671 2080 1865 2125 servo
1927 2060 2009 2125 D.
2058 2059 2292 2125 Ioanni
2335 2059 2618 2126 Calvino

649 2143 1060 2212 Genevensis
1103 2145 1413 2213 ecclesiae
1457 2145 1842 2213 fidelissimo
1887 2147 2155 2230 pastori.

2105 2233 2443 2300 Genevae.

1063 2401 1364 2468 Salutem
1423 2412 1491 2470 et
1534 2424 1759 2488 pacem
1807 2427 1847 2469 a
1892 2403 2199 2470 Domino.

1947 2559 2288 2624 Reversus
2347 2556 2622 2622 domum

650 2655 719 2712 et
774 2643 997 2709 brevis
1051 2644 1305 2708 itineris
1360 2644 1668 2710 maximis
1728 2644 2047 2710 molestiis
2111 2643 2460 2710 defunctus
2505 2665 2620 2709 ex-

646 2733 837 2817 posui
899 2729 1145 2813 aliquot
1202 2730 1429 2796 amicis
1487 2740 1778 2797 nostram
1824 2731 2228 2797 sententiam
2272 2729 2355 2796 de
2400 2750 2621 2813 perse-

648 2816 909 2917 quenda
973 2814 1381 2882 haereditate
1448 2814 1823 2882 Columben‘i
1905 2817 2084 2882 illius
2150 2816 2263 2900 qui
2335 2815 2625 2897 Quintini

648 2905 860 2970 nostri
904 2924 1089 2969 socer
1131 2910 1292 2967 erat.
1383 2902 1642 2968 Placuit
1687 2901 1992 2968 omnibus
2036 2914 2128 2981 ut,
2172 2923 2377 2986 quum
2423 2902 2622 2966 Ioan-

649 3010 859 3056 annes
927 2988 1037 3053 ille
1083 2987 1396 3074 Damqus
1461 3009 1581 3072 pro
1647 3009 1766 3053 sua
1831 2990 2071 3072 pietate
2115 3008 2386 3072 operam
2430 3007 2624 3053 suam

649 3076 964 3144 obtulerit
1008 3074 1091 3140 ad
1134 3075 1258 3141 hoc
1301 3074 1666 3142 curandum
1713 3077 2074 3160 negotium,
2120 3075 2296 3141 hauc
2337 3074 2624 3141 occasio-

650 3184 806 3230 nem
848 3183 935 3227 ne
982 3161 1384 3228 amittamus.
1409 3167 1461 3241 ¹)
1532 3160 1709 3242 Quia
1753 3183 1910 3227 vero
1952 3162 2024 3226 in
2063 3162 2186 3226 hac
2220 3183 2293 3227 re
2337 3160 2624 3259 multum

651 3256 867 3349 potest
911 3247 1241 3332 Georgius
1283 3248 1670 3327 Albrechtus,
1710 3248 1815 3315 vir
1857 3248 2148 3332 optimus
2193 3253 2260 3312 et
2303 3246 2422 3312 tibi
2460 3245 2624 3311 ami-

650 3335 970 3413 cissimus,
1016 3334 1301 3417 petimus
1343 3354 1385 3398 a
1427 3342 1493 3399 te
1538 3355 1766 3400 omues
1809 3334 2079 3399 nomine
2131 3332 2414 3398 duarum
2472 3352 2624 3397 mu·

649 3420 1076 3487 liercularum
1132 3428 1201 3485 et
1253 3421 1542 3504 quinque
1599 3440 1956 3504 puerorum
2019 3427 2096 3484 ut
2138 3419 2312 3486 hanc
2357 3437 2624 3483 causam

652 3506 752 3571 illi
795 3505 1243 3585 commendes,
1324 3507 1500 3573 sicut
1541 3514 1608 3571 te
1652 3505 1988 3573 facturum
2033 3526 2176 3572 esse
2220 3504 2399 3570 ultro
2444 3523 2625 3570 rece-

653 3593 828 3677 pisti.
915 3591 1147 3676 Neque
1204 3612 1362 3658 vero
1420 3591 1540 3657 tibi
1597 3591 2030 3659 laborandum
2096 3599 2196 3657 est
2241 3590 2322 3656 de
2366 3609 2628 3655 summa

651 3679 906 3763 negotii
970 3678 1052 3743 ad
1118 3679 1334 3761 ipsum
1394 3678 1872 3761 perscribenda.
1965 3679 2138 3743 Rem
2196 3677 2372 3742 enim
2419 3683 2625 3741 totam

653 3786 739 3831 ex
785 3763 1051 3848 Damyo
1092 3765 1235 3848 ipso
1274 3762 1532 3830 facilius
1578 3784 1654 3829 ac
1697 3765 1957 3847 planius
2002 3769 2369 3916 cognoscet.

829 3850 1184 3917 Caeterum
1233 3848 1588 3917 saunier-us
1633 3858 1872 3929 noster,
1919 3872 2033 3935 qui
2127 3870 2200 3915 as
2245 3848 2363 3914 tibi
2400 3848 2627 3913 literas

656 3935 903 4014 reddit,
959 3957 1165 4019 quum
1210 3935 1334 4002 hac
1377 3938 1504 4002 iter
1547 3938 1819 4014 faceret,
1856 3902 2092 4002 ’Berua
2133 3935 2273 4002 scil.
2298 3937 2355 4011 2)
2401 3954 2625 4000 rever-

657 4032 806 4089 tens
862 4022 978 4088 ubi
1038 4021 1391 4088 damnatus
1443 4022 1570 4087 fuit
1624 4022 1707 4087 ad
1750 4028 1880 4087 440
1935 4025 2222 4089 florenos
2279 4020 2628 4087 mercatori

652 4108 918 4174 cuidam
981 4108 1446 4190 persolvendos
1463 4159 1480 4188 ‚
1549 4117 1747 4192 atque
1803 4111 1981 4175 inter
2038 4109 2262 4174 varias
2326 4105 2628 4191 querelas

655 4194 822 4260 illud
866 4194 1064 4258 etiam
1108 4192 1396 4270 adderet,
1441 4214 1513 4260 se
1556 4215 1961 4279 magnopere
2003 4195 2217 4261 vereri
2262 4216 2378 4272 ne,
2424 4194 2485 4258 si
2528 4213 2629 4258 se·

657 4298 810 4345 cum
853 4289 1180 4346 mercator
1223 4279 1336 4343 ille
1381 4280 1724 4358 (molestus
1767 4292 1973 4360 certe,
2040 4289 2118 4346 ut
2159 4279 2375 4357 audio,
2435 4299 2628 4344 exac-

653 4378 790 4440 tor)
834 4385 1092 4430 summo
1134 4366 1277 4431 iure
1324 4378 1578 4449 ageret,
1646 4376 1996 4451 cogeretur
2038 4367 2179 4465 ipse
2236 4365 2321 4431 ad
2380 4363 2629 4448 aliquid

653 4451 1026 4518 faciendum
1086 4451 1260 4534 quod
1306 4463 1447 4516 tum
1490 4451 1613 4517 sibi
1656 4453 1787 4535 ipsi
1829 4454 2143 4537 privatim
2194 4463 2383 4536 turpe
2400 4503 2416 4530 ‚
2485 4458 2630 4517 tum

657 4538 856 4602 etiam
923 4537 1235 4603 ecclesiae
1301 4558 1538 4620 parum
1603 4552 1779 4604 esset
1844 4538 2186 4618 decorum,
2267 4537 2444 4622 apud
2514 4557 2630 4603 eos

657 4622 964 4688 homines
1007 4627 1396 4705 praesertim
1429 4623 1816 4706 quibuscum
1852 4636 2175 4702 versatur,
2222 4626 2413 4708 petiit.
2447 4643 2489 4686 a
2522 4643 2630 4688 me

657 4709 908 4776 scilicet
951 4718 1027 4774 ιιι
1068 4729 1141 4774 se
1183 4710 1256 4773 in
1299 4708 1424 4776 hae
1469 4709 1857 4776 difficultate
1917 4711 2027 4776 vel
2086 4732 2158 4777 re
2206 4712 2310 4776 vel
2353 4709 2630 4776 consilio

659 4795 976 4861 iuvarem.
1067 4793 1436 4877 Respondi,
1495 4795 1671 4879 quod
1716 4817 1950 4862 verum
2008 4809 2137 4873 est,
2198 4796 2362 4862 mihi
2418 4816 2629 4879 paene

821 2557 1024 2624 Salve
1069 2557 1467 2640 plurimum,
1514 2558 1603 2622 mi
1652 2566 1858 2642 pater.

871 5083 2122 5153 osor-peamemdaemoelffioamiv
2155 5085 2307 5142 1378
2359 5086 2633 5143 Nasus&

667 5154 950 5236 epistota-⁸
996 5152 2628 5237 mammataoeepwmeinfmotdeqyn·

667 5290 851 5345 use.
874 5292 939 5427 ἦ
969 5292 1284 5345 omittamus
1319 5290 1420 5345 ΒΥ.

965 5360 1285 5428 Bet-nuque
1319 5358 1423 5413 Br.

2099 422 2635 491 EPISTOLAE
2677 426 2846 488 4155
2885 422 3242 490 bis—4158

4514 425 4607 492 ιω

2718 610 2970 678 nullam
3048 613 3401 696 sepositam
3466 612 3819 696 pecuniam
3883 633 4054 690 esse,
4134 632 4370 696 nempe
4432 614 4612 699 viginti

2715 698 2865 782 plus
2908 699 3130 764 minus
3174 704 3546 777 coronatos,
3613 697 3851 781 quibus
3906 711 4130 764 uterer
4186 699 4244 763 si
4299 697 4447 782 quid
4492 700 4613 766 mihi

2715 784 2824 850 vel
2889 784 3176 850 familiae
3240 784 3628 850 humanitus
3707 783 4046 850 accideret.
4154 783 4219 850 Ν
4218 805 4329 850 am
4387 785 4615 866 profecto

2717 870 2942 953 plures
2985 869 3111 934 hoc
3153 868 3419 953 quidem
3464 880 3759 953 tempore
3804 890 3936 935 non
3981 887 4238 954 possem
4410 891 4618 936 raesen-

2958 954 3152 1038 Quod
3208 967 3431 1022 autem
3485 956 3569 1022 ad
3619 954 3968 1022 consilium
4026 956 4295 1034 attinet,
4512 958 4621 1022 ism

2715 965 2994 1108 fortasse
3057 1043 3131 1106 in
3196 1051 3384 1107 tanta
3447 1042 3707 1127 piorum
3764 1040 4189 1107 multitudine
4230 1007 4622 1140 itiventurum²

2716 1127 2830 1210 qui
2893 1126 3233 1194 commode
3297 1126 3425 1194 hoc
3490 1127 3588 1193 illi
3655 1127 4041 1194 beneficium
4105 1139 4531 1210 praestarent,
4582 1129 4623 1194 ιι

2716 1212 2913 1278 modo
2955 1212 3188 1280 idonee
3231 1223 3516 1280 caveret.
3589 1212 3854 1279 Placuit
3893 1213 3988 1278 illi
4023 1214 4387 1291 consilium,
4427 1225 4487 1278 et
4512 1225 4627 1278 tan-

2714 1297 3423 1365 demameextorsit
3487 1307 3562 1365 ut
3627 1297 3709 1364 de
3773 1319 3855 1364 ea
3918 1320 3991 1365 re
4057 1297 4254 1365 adte
4310 1299 4625 1365 oeribsm

2716 1384 2999 1450 Minime
3044 1394 3264 1451 autem
3308 1384 3392 1450 ad
3435 1393 3502 1450 te
3553 1385 3767 1451 scribo
3832 1384 3939 1451 vel
3982 1394 4060 1449 ut
4102 1385 4223 1451 tibi
4263 1406 4427 1451 onus
4463 1386 4627 1468 impo-

2716 1491 2874 1536 nam
2918 1470 3091 1555 quod
3135 1472 3277 1554 ipse
3321 1491 3361 1535 a
3404 1491 3511 1536 me
3554 1470 3914 1548 reiecerim,
3962 1468 4065 1537 vel
4110 1481 4187 1536 ut
4228 1469 4347 1537 tibi
4391 1479 4495 1535 sut
4529 1473 4629 1538 cui·

2717 1578 2917 1639 quam
2963 1556 3075 1622 alii
3119 1558 3244 1621 sim
3289 1556 3640 1633 molestus,
3706 1554 3824 1622 sed
3866 1557 4053 1639 quia,
4119 1577 4325 1640 quum
4381 1556 4447 1621 id
4484 1578 4521 1620 a
4552 1576 4629 1620 me

2717 1662 3118 1727 magnopere
3161 1643 3498 1728 flagitaret
3556 1652 3625 1708 et
3678 1661 3750 1708 se
3810 1651 4118 1725 paratum
4163 1641 4409 1708 diceret
4448 1641 4631 1707 idonee

2719 1748 2954 1795 cavere
2998 1728 3221 1794 futuro
3264 1727 3607 1806 creditori,
3665 1748 3877 1827 neque
3933 1728 4162 1810 putavi
4223 1729 4414 1794 amici
4456 1749 4633 1811 preces

2719 1814 3146 1897 spernendas,
3190 1835 3404 1897 neque
3442 1835 3580 1879 rem
3627 1814 3895 1896 penitus
3939 1813 4279 1912 indignam
4326 1834 4511 1897 quam
4547 1812 4633 1876 tili

2717 1907 2977 1984 μετρίως
3035 1898 3600 1978 commendarem,
3646 1899 3713 1964 id
3758 1911 3890 1976 est,
3977 1899 4150 1966 uoad
4196 1900 4340 1966 eius
4386 1901 4513 1965 fieri
4548 1919 4635 1981 po-

2720 1995 2851 2051 test
2893 1987 3037 2051 sine
3082 2006 3329 2070 magna
3372 1998 3486 2052 tua
3529 1984 3836 2050 molestia
3870 2006 3952 2050 ve
4010 1986 4405 2068 cuiusquam
4438 1986 4637 2050 incom-

2720 2070 2935 2137 mode.
3003 2071 3207 2137 Aliud
3243 2071 3420 2137 enim
3458 2071 3818 2155 quidquam
3854 2091 4065 2154 neque
4108 2072 4247 2154 ipse
4285 2092 4329 2137 a
4362 2091 4465 2136 me
4495 2071 4637 2153 petiit

2721 2179 2936 2239 neque
2980 2179 3015 2222 a
3064 2165 3131 2222 te
3190 2159 3471 2240 petitum
3514 2157 3683 2226 volo.
3774 2155 3968 2238 Quod
4034 2157 4093 2222 si
4156 2158 4227 2221 ιιι
4290 2178 4371 2222 eo
4432 2175 4637 2240 quoqne

2723 2243 2830 2309 vel
2866 2243 3146 2307 nimium
3166 2245 3222 2328 ⁸)
3259 2243 3469 2309 facilis
3504 2242 3612 2308 vel
3649 2244 3850 2308 etiam
3885 2241 4233 2325 impudens
4268 2243 4473 2308 fuisse
4504 2240 4639 2305 vide-

2722 2330 2860 2407 bor,
2907 2338 3056 2412 peto
3078 2349 3118 2392 a
3154 2339 3221 2394 te
3255 2332 3540 2405 veniam,
3586 2330 3675 2393 mi
3713 2341 3920 2411 pater,
3966 2339 4035 2393 et
4068 2349 4147 2394 ea
4168 2328 4435 2411 quidem
4466 2325 4641 2394 condi·

2726 2416 2904 2479 tione
2943 2424 3019 2478 ut
3053 2435 3391 2497 nunquam
3415 2414 3688 2497 posthac
3725 2414 3859 2479 tale
3882 2412 4239 2498 quidquam
4261 2415 4641 2479 cummim

2899 2500 3107 2565 Porro
3172 2499 3347 2583 quod
3413 2500 3497 2566 ad
3556 2521 3661 2565 res
3730 2509 3990 2566 nostras
4054 2500 4309 2566 attinet.
4408 2500 4647 2582 Legum

2726 2597 3103 2738 ffi‘ffxff?
3106 2585 3312 2737 Ἓέἓιᾱ
3333 2585 4647 2764 1333.333⁰ffi³3p.3⁰⁶3.w

2728 2765 2830 2823 tas
2895 2777 3039 2822 esse
3104 2757 3417 2824 ecclesiae
3484 2778 3731 2840 preces.
3822 2756 3970 2822 Iam
4035 2756 4303 2840 quidem
4372 2767 4473 2822 est
4528 2753 4649 2838 ipsis

2728 2842 2973 2909 diserte
3012 2843 3434 2908 interdictum
3478 2865 3582 2920 ne,
3626 2844 3798 2908 sicut
3833 2842 4146 2921 solebant,
4190 2864 4457 2908 caereos
4488 2861 4649 2905 vem·

2729 2930 2825 2994 les
2868 2937 3254 3012 proponant.
3342 2928 3489 2995 Hoc
3546 2939 3650 2993 est
3703 2931 4144 3012 perexiguum
4200 2931 4257 2994 si
4320 2949 4473 2994 cum
4512 2946 4649 2992 sum·

2728 3014 2856 3082 mis
2898 3013 3031 3081 illis
3073 3013 3377 3097 ασεβείαις
3420 3034 3789 3099 compares,
3856 3015 3970 3081 sed
4036 3025 4260 3080 tamen
4305 3025 4415 3081 est
4455 3009 4651 3096 aliquid
4788 3023 4789 3032 ’

2729 3111 2799 3167 et
2842 3122 3029 3201 spem
3073 3101 3261 3168 nobis
3305 3102 3461 3167 facit
3501 3100 3783 3168 alicuius
3818 3102 4333 3167 instaurationis.
4408 3100 4651 3171 Utinm.

2729 3197 2925 3270 atque
2990 3187 3229 3252 iterum
3294 3188 3581 3264 utinam,
3660 3187 4062 3270 exspectatio
4126 3196 4361 3253 nostra
4426 3186 4653 3251 minim

2728 3293 2849 3337 nos
2935 3271 3139 3337 fallat.
3243 3271 3539 3339 Iacobum
3605 3273 3961 3339 Gaiensem
4025 3271 4325 3338 nondum
4395 3271 4651 3337 vidimus.

2729 3356 3076 3457 Quomodo
3121 3378 3274 3423 cum
3318 3357 3434 3424 illo
3476 3360 3563 3423 sit
3606 3372 3860 3433 actum,
3918 3369 3985 3423 et
4043 3379 4245 3441 quam
4288 3356 4653 3443 tragoedis-n

2729 3444 3037 3508 excitarit
3095 3443 3412 3511 diaconus
3474 3444 3618 3523 ille,
3677 3464 3760 3508 ex
3811 3443 4122 3510 Sauonen‘o
4166 3446 4311 3528 ipso
4354 3442 4651 3542 intelliges

2727 3530 2914 3595 Bene
2979 3529 3154 3609 vale,
3240 3532 3333 3594 mi
3399 3542 3587 3614 pater
3651 3530 4263 3596 observandissime.

2728 3614 2918 3681 Iesus
2985 3624 3052 3680 te
3118 3614 3377 3682 salvum
3442 3623 3510 3679 et
3571 3614 3966 3682 incolumem
4032 3626 4323 3698 praestet
4391 3614 4655 3683 ecclam

2729 3721 2903 3768 suae.
2996 3703 3232 3766 Amen.
3279 3700 3677 3766 Lausannae
3720 3701 3829 3766 iii⁰
3874 3701 4099 3767 Nonas
4142 3702 4461 3768 Ianuarii.

2903 3786 3168 3851 Literas
3253 3795 3401 3851 tuas
3479 3786 3791 3853 Calendis
3866 3786 4163 3853 Ianuarii
4230 3788 4655 3854 Paterninum

2728 3873 2900 3950 misi,
2944 3871 3062 3939 sed
3108 3892 3338 3939 vereor
3380 3894 3464 3938 ne
3508 3873 3701 3938 nives
3744 3874 4103 3939 immensae
4150 3873 4499 3957 Commun-
4536 3870 4659 3935 reti-

2730 3966 2954 4024 neant.
3068 3957 3400 4024 Audimus
3478 3960 3655 4023 enim
3732 3968 3952 4024 tantas
4030 3980 4176 4025 esse
4256 3974 4335 4024 ut
4402 3954 4659 4024 nonnulli

2731 4045 2933 4110 etiam
2978 4045 3171 4128 periti
3228 4044 3540 4109 itinerum
3586 4046 3722 4109 sint
3766 4045 4078 4126 absorpti.
4168 4045 4301 4130 Egi
4346 4066 4496 4111 cum
4534 4042 4659 4107 An-

2730 4151 2887 4196 naeo
2922 4144 3149 4196 nostro
3184 4132 3355 4196 sicut
3387 4128 3672 4196 volebas.
3736 4128 4122 4196 Commotus
4156 4142 4279 4209 est,
4324 4130 4443 4196 sed
4476 4140 4661 4194 tamn
4790 4146 4791 4163 ι

2731 4215 2945 4281 multo
2989 4216 3204 4282 lenius
3248 4236 3448 4299 quam
3492 4226 3865 4299 putam,
3924 4216 4052 4281 nisi
4097 4217 4268 4282 sorte
4312 4213 4657 4283 disdmuht
4790 4236 4791 4263 ι

2730 4300 2817 4366 D.
2858 4301 3108 4368 γίνεται
3150 4313 3218 4366 et
3260 4301 3473 4366 nostri
3507 4322 3736 4367 omnes
3772 4322 4171 4386 magnopere
4206 4312 4277 4367 te
4310 4302 4603 4369 salutant.
4618 4296 4659 4375 ⁴)
4790 4302 4791 4365 2

3458 4436 3845 4504 Theodorus
3890 4437 4067 4503 Beza
4110 4437 4311 4521 plane
4359 4448 4527 4505 tuus.

2937 4623 3527 4818 ῗζὲπαξικένῌο
3560 4694 3910 4762 cuiusquam
3942 4693 4163 4762 motio
4202 4693 4553 4757 enh-taff,
4582 4688 4659 4743 8·-

2730 4764 2992 4900 ζ”.ιὲοιῖι
3024 4777 3308 4888 ...ww
3340 4764 4340 4897 mw1mw
4358 4758 4657 4889 ...a-2⁴⁸⁸*

3248 4904 3427 4970 potest
3459 4899 3774 4971 quodnam
3808 4915 3856 4955 c.
3873 4914 4104 4982 quum
4122 4899 4258 4956 Dee.
4278 4900 4421 4956 1550
4451 4898 4657 4955 Gn·-

2728 4915 2928 5036 5:3⁸7
2954 4901 3324 5035 ῧωῗῖῗθ)
3349 4967 3470 5038 Quo
3505 4975 3763 5094 tempore
4108 4968 4457 5025 uua-na
4484 4964 4655 5039 ri*

2729 5038 3284 5163 ffaae‘bemff‘
3240 5037 3763 5163 mm...
3589 5105 3773 5176 zm.-
3768 5036 4167 5162 fflffn‘ff*
4202 5037 4421 5095 ‘¹⁵⁴⁹
4452 5036 4655 5106 ''¹¹¹''
