4900 6125
241 360 342 424 161

233 544 435 631 quand
478 566 646 614 vous
703 547 1153 615 considerarem
1198 548 1493 616 combien
1539 547 1584 613 il
1632 569 1796 615 vous
1839 555 1942 614 est
1994 548 2174 615 utile.

233 633 692 783 ff‘ssgoeigmm
755 642 876 701 eto.
983 635 1087 700 De
1153 634 1428 701 Geneve
1493 655 1568 701 ce
1641 638 1738 700 13.
1808 635 2177 719 septembre

526 856 667 922 Vos
712 856 1155 923 treshumbles
1199 857 1421 936 freres,

1346 943 1395 1009 J
1396 963 1521 1008 ean
1569 942 1825 1009 Oalvin.

1345 1027 1685 1094 Theodoro
1732 1026 1813 1095 de
1856 1027 2048 1094 Beze.

978 1321 1401 1332 ——n———

1088 1573 1295 1647 4⁰28.

673 1727 1347 1797 BULLINGERUS
1393 1730 1719 1797 BEZAE.

382 1898 700 1982 Apozoyia
722 1900 1049 1978 Amiraldi
1125 1902 1433 1968 manico
1467 1903 1782 1984 impressa
1817 1906 1909 1966 est
1951 1907 2009 1966 et
2041 1903 2173 1968 iam

219 1985 549 2051 divendita.
630 1985 787 2051 Tres
827 1986 1012 2051 urbes
1115 1986 1524 2052 asiliensibus
1566 1988 1642 2053 de
1681 1985 1935 2052 Sulcero
1977 1989 2175 2071 scrip-

219 2077 441 2136 serunt.
516 2069 838 2137 Balduim'
881 2072 1299 2137 inconstantia
1338 2077 1609 2150 notatur,
1655 2073 1804 2137 item
1850 2070 2173 2141 Castellia-

218 2159 315 2222 πίε
370 2158 592 2222 versio,
666 2156 977 2222 Brentius
1017 2161 1232 2223 contra
1280 2156 1734 2225 catechismum
1783 2156 2171 2226 Palatinum.

549 2327 661 2396 (Ex
696 2326 1037 2396 autographo
1072 2326 1206 2382 God.
1241 2327 1450 2383 Genev.
1489 2326 1604 2394 120,
1642 2328 1733 2382 fol.
1769 2328 1849 2396 9.)

380 2498 765 2564 Clarissimo
810 2498 951 2562 viro
1000 2498 1080 2563 D.
1119 2497 1461 2565 Theodoro
1501 2500 1714 2566 Bezae
1759 2500 2172 2568 Genevensis

215 2585 519 2650 ecelesiae
576 2582 752 2652 fideli
808 2583 1111 2650 ministro
1170 2584 1436 2650 domino
1501 2606 1648 2650 meo
1714 2586 2170 2653 colendissimo

215 2683 276 2735 et
318 2671 509 2735 fratri
555 2671 907 2735 carissimo,

1778 2758 1997 2823 Genff.

379 2926 454 2993 S.
495 2925 577 2991 D.
651 2925 949 2993 Libellus
1008 2926 1120 2991 ille
1165 2926 1462 2993 Gallicus
1507 2925 1723 2993 editus
1766 2949 1884 3011 pro
1928 2927 2170 2995 illustri

213 3013 506 3096 principe
549 3011 936 3080 Admiraldo
993 3021 1225 3079 contra
1282 3013 1645 3080 Bultrotum
1675 3016 1726 3096 ¹)
1773 3013 2171 3083 Germanice

211 3120 404 3182 opera
432 3097 837 3165 Frosohoveri
873 3106 972 3163 est
1007 3098 1383 3181 impressus,
1421 3110 1486 3166 et
1509 3099 1934 3165 Franckforti
1971 3123 2171 3185 supra

210 3184 386 3250 mille
449 3194 605 3250 sunt
663 3183 1000 3249 divendita
1057 3184 1374 3267 exempla.
1462 3185 1732 3251 Mittam
1792 3183 1877 3250 ad
1928 3194 1995 3251 te
2054 3209 2172 3270 per

207 3272 581 3353 proximum
629 3271 942 3336 nuncium
998 3269 1391 3353 exemplum,
1449 3271 1748 3353 quamvis
1793 3292 1926 3336 non
1980 3273 2170 3356 igno·

210 3377 342 3421 rem
390 3366 461 3421 te
498 3376 629 3420 non
666 3355 1059 3440 intelligere.

378 3441 606 3507 Nostri
665 3461 827 3506 sane
883 3440 1055 3505 tardi
1111 3461 1245 3505 non
1303 3451 1477 3505 sunt.
1577 3441 1950 3526 Diligenter
1993 3443 2167 3506 enim

209 3530 617 3610 scripserunt
675 3534 811 3592 tres
867 3525 1082 3605 urbes,
1129 3526 1469 3610 Tigurum,
1514 3527 1735 3592 Berna
1790 3546 1865 3592 ac
1909 3524 2169 3593 Schaff·

208 3612 574 3691 husium,²)
618 3611 699 3675 ad
738 3613 1197 3696 magistratum
1238 3612 1671 3678 Basiliensem
1717 3612 1797 3677 de
1841 3613 2173 3696 subscrip-

207 3701 384 3765 tione
416 3697 801 3775 Sulcerana,
847 3718 980 3781 qua
1022 3697 1492 3764 confessionem
1518 3701 1980 3782 Augustanam
2017 3721 2170 3765 cum

207 3784 541 3868 Apologia
584 3784 987 3866 approbavit.
1083 3782 1392 3848 Nondum
1437 3792 1657 3849 tamen
1703 3803 1743 3848 a
1783 3783 2171 3851 Basiliensi-

208 3868 327 3937 bus
387 3868 617 3934 datum
677 3878 776 3933 est
834 3889 1242 3952 responsum.
1315 3869 1773 3952 Exspectatur.
1854 3869 1986 3937 Ubi
2029 3892 2170 3937 cer·

208 3964 350 4020 tum
396 3955 486 4020 ali
533 3953 647 4019 uid
696 3955 1116 4020 babuerimus
1162 3954 1513 4039 intelliges.

380 4042 467 4106 In
491 3976 696 4106 (libris
741 4039 874 4104 illis
918 4041 1053 4105 tuis
1099 4038 1181 4105 ad
1228 4061 1334 4105 me
1368 4040 1586 4106 missis
1630 4052 1698 4106 et
1739 4048 1972 4106 contra
2007 4041 2169 4107 Bal-

205 4127 478 4193 duinum
520 4136 589 4192 et
629 4124 1064 4193 castellionem
1106 4126 1367 4209 scriptis
1393 4129 1450 4203 ⁸)
1493 4124 1823 4192 nihildum
1868 4126 2029 4213 legi:
2077 4129 2173 4194 ita

206 4232 311 4279 me
357 4212 646 4296 fatigant
682 4212 946 4296 negotia
981 4220 1051 4277 et
1083 4233 1215 4277 non
1255 4209 1609 4278 admodum
1650 4214 1842 4279 firma
1885 4216 2170 4297 corporis

206 4298 643 4380 sanitatisque
687 4318 869 4363 meae
914 4297 1306 4363 constitutio.
1378 4297 1637 4383 Legam
1681 4300 2169 4382 quamprimum

204 4398 457 4482 potero,
526 4382 722 4449 Nunc
758 4404 877 4466 pro
912 4403 1185 4448 munere
1220 4384 1543 4484 maximas
1586 4395 1737 4449 tuae
1772 4384 2168 4452 humanitati

205 4468 941 4637 ffiffissffsessssff
944 4489 1180 4619 ‘’2135‘'
1205 4468 1537 4622 §¹353
1582 4472 2172 4623 ἳηξὲἱῖἐῖἷῑῗῖῐ

203 4640 661 4792 getulllantiast)
686 4649 1109 4724 posteaquam
1143 4640 1467 4708 lubricum
1491 4664 1562 4708 se
1597 4641 1907 4709 exhibere
1937 4644 2169 4727 coepit,

248 4728 350 4810 isp
382 4729 560 4792 ‘cuit

379 4811 697 4878 Brentius
757 4832 891 4877 non
952 4812 1146 4879 modo
1200 4813 1269 4879 in
1316 4813 1537 4880 Gallia
1596 4812 1825 4879 turbas
1880 4814 2168 4882 excitare

204 5068 481 5129 wael)
516 5068 584 5122 N.
619 5066 776 5122 4004.
813 5066 969 5123 4009.

418 5140 477 5205 2)
520 5137 663 5193 Vide
695 5154 724 5191 ε
790 5146 1012 5192 mntem.

419 5205 481 5270 3)
520 5207 597 5262 Ν.
633 5205 735 5260 401
777 5246 789 5259 .

417 5274 476 5344 4)
511 5275 587 5331 N.
621 5273 775 5330 4026.

420 5359 641 5417 Calvino·
667 5376 854 5432 opera.
935 5361 1052 5418 Vol.
1086 5359 1220 5416 XX.

1903 363 2068 427 1563
2114 359 2569 427 SEPTEMB.

4123 369 4246 433 162

2279 549 2555 633 cogitat,
2636 549 2753 616 sed
2818 556 2887 616 et
2949 549 3402 616 Palatinatum
3467 559 3685 618 vexat.
3777 552 3999 620 Audio
4065 553 4248 620 enim

2278 634 2459 701 illius
2516 636 2743 718 scripti
2787 635 2961 720 quod
3005 637 3278 702 missum
3321 645 3425 703 est
3481 636 3566 703 ad
3609 637 3989 723 Principem
4039 636 4244 706 Pala·

2278 721 2484 786 tinum
2519 729 2749 787 contra
2774 721 3270 789 Oatechismum
3306 724 3728 807 praecipuum
3765 734 4061 790 autorem
4099 744 4244 792 esse

2279 803 2633 872 Brentium.
2654 807 2713 882 ὅ)
2785 808 2977 892 Rogo
3020 807 3383 873 Dominum
3427 818 3503 874 ut
3552 809 3907 876 convulsae
3950 809 4243 878 afflictis-

2278 891 2611 976 simaeque
2655 892 2965 960 ecclesiae
3006 914 3163 959 suae
3197 893 3370 959 adsit
3413 905 3481 959 et
3526 894 3895 962 turbatores
3937 894 4243 962 ecclesia-

2278 997 2427 1043 rum
2486 979 2591 1045 vel
2659 986 2999 1045 convertat
3060 978 3164 1045 vel
3224 987 3479 1046 evertat
3519 1014 4244 1029 ——————

2281 1098 2364 1110 —
2408 1102 2494 1113 —
2538 1064 2768 1149 Tiguri
2814 1068 2914 1130 28.
2963 1064 3147 1150 Sept.
3195 1086 3370 1131 anno
3420 1070 3602 1131 1563.

3492 1203 3676 1267 Tuus
3720 1225 3804 1267 ex
3849 1203 4069 1268 animo

3558 1286 4009 1373 Bullingerus.

3057 1582 3464 1590 ——-———--—

3165 1816 3367 1886 4029.

2686 1969 3359 2038 BULLINGERUS
3406 1967 3840 2037 OALVINO.

2448 2139 2553 2207 De
2609 2141 2960 2208 valetudine
3009 2141 3263 2208 Calvini
3305 2164 3492 2209 suam
3536 2141 3927 2221 συμπάθειαν
3968 2146 4243 2221 testatus,

2275 2227 2412 2376 «ggii
2451 2228 2530 2294 de
2560 2227 2858 2309 partibus
2894 2227 3247 2294 Bernatum
3289 2236 3345 2294 et
3387 2228 3825 2295 Turioensium
3870 2228 3942 2292 in
3984 2229 4245 2311 neyotiis

2331 2311 2662 2379 abaudicis
2704 2319 2760 2379 et
2807 2313 3098 2391 Gallicis,
3153 2318 3210 2379 et
3256 2313 3584 2380 Salem-um
3617 2318 3881 2396 propter
3922 2312 4246 2396 subscr'm-

2275 2398 2500 2549 {lenionem
2543 2399 2836 2551 Auyustad
2839 2420 2955 2465 nae
2997 2420 3040 2465 a
3081 2400 3284 2465 tribus
3326 2399 3585 2466 urbzbus‘
3629 2399 3804 2482 apud
3845 2397 4246 2466 Basilienses

2398 2485 2720 2550 umatum
2807 2491 2944 2553 ocet.

2274 2653 2385 2723 (Ex
2431 2655 2771 2724 autographo
2809 2655 2973 2709 Arch.
3012 2655 3192 2709 Turio.
3229 2656 3372 2711 Plnt.
3408 2656 3498 2710 VI.
3536 2653 3655 2708 Vol.
3693 2653 3841 2717 11722,
3888 2655 4017 2709 olim
4064 2655 4240 2710 Scrin.

2521 2723 2580 2778 Ο.
2615 2723 2756 2793 Epp.
2797 2722 2952 2777 Tom.
2988 2723 3057 2777 11.
3095 2724 3186 2777 fol.
3221 2724 3342 2778 517.
3383 2753 3444 2764 —
3481 2724 3696 2779 Simler.
3733 2724 3853 2778 Vol.
3891 2721 4033 2790 106.)

2448 2892 2830 2960 Clarissimo
2904 2892 3048 2958 viro
3092 2894 3174 2959 D.
3221 2892 3456 2959 Ioanni
3500 2893 3782 2960 Calvino
3826 2893 4243 2961 Genevensis

2277 2979 2587 3047 ecclesiae
2622 2978 2866 3064 pastori
2904 2976 3289 3046 fidelissimo
3323 2980 3612 3047 Domino
3648 3001 3794 3046 meo
3830 2979 4241 3047 observando

2276 3074 2344 3131 et
2386 3065 2580 3131 fratri
2626 3066 2985 3132 carissimo.
3844 3150 4057 3217 Genff

2448 3320 2521 3387 S.
2560 3318 2644 3386 D.
2718 3319 2944 3402 Quum
2989 3320 3251 3386 audiam
3306 3343 3389 3387 ex
3447 3321 3595 3388 aliis
3651 3342 3896 3405 magno
3937 3343 4083 3387 meo
4128 3319 4243 3386 do-

2275 3405 2411 3472 lore
2456 3416 2521 3470 te
2565 3406 2726 3471 alias
2781 3406 3180 3472 exhaustum
3240 3427 3383 3472 esse
3438 3417 3506 3473 et
3563 3406 3995 3473 nihilominus
4041 3426 4242 3491 nego-

2275 3493 2384 3558 tiis
2429 3492 2797 3557 innumeris
2842 3511 3249 3575 oppressum,
3308 3495 3542 3559 merito
3587 3494 3709 3560 tibi
3752 3494 4075 3558 maximas
4118 3511 4242 3575 ago

2274 3580 2540 3662 gratias,
2602 3576 2864 3643 domino
2909 3590 2976 3644 et
3024 3578 3212 3643 fratri
3259 3598 3425 3656 meo,
3482 3576 3652 3662 quod
3699 3600 3816 3663 pro
3862 3579 4011 3644 unis
4052 3577 4244 3642 binas

2274 3662 2358 3729 ad
2402 3684 2510 3728 me
2553 3664 2785 3730 scribis
2830 3684 2906 3728 ac
2949 3664 3161 3729 mittis
3206 3663 3466 3729 literas:
3507 3668 3556 3741 ι)
3603 3666 3840 3730 merito
3884 3663 4000 3729 tibi
4046 3681 4243 3747 parco

2273 3758 2341 3814 et
2398 3749 2763 3815 molestiam
2820 3749 3157 3814 molestiae
3216 3771 3348 3814 non
3409 3749 3597 3828 addo,
3665 3749 3781 3814 sed
3838 3748 4244 3814 brevissimis

2276 3834 2393 3901 tibi
2437 3832 2818 3918 respondeo.
2889 3834 3201 3900 Intellexi
3245 3833 3402 3918 quid
3448 3854 3596 3900 cum
3632 3834 3824 3919 Rege
3869 3834 3958 3898 sit
4001 3834 4243 3897 factum

2273 3920 2691 4005 Rotbomagi.
2713 3920 2771 4004 2)
2855 3920 3218 3986 Dominum
3265 3940 3396 4000 ore,
3441 3931 3518 3985 ut
3571 3922 3792 4002 ipsum
3840 3918 4079 4003 spiritu
4124 3934 4246 3979 suo

2272 4003 2529 4071 imbuat
2580 4016 2647 4071 et
2705 4016 2894 4088 regat
2949 4016 3019 4070 et
3061 4027 3102 4071 a
3146 4008 3367 4089 pravis
3433 4005 3829 4071 consiliariis
3894 4003 4128 4097 liberet
4171 4017 4246 4064 ac

2273 4102 2555 4157 tueatur.
2637 4091 2715 4156 Si
2758 4091 3084 4157 Bernates
3138 4100 3635 4174 conqueruntur
3680 4091 3765 4154 de
3809 4087 4166 4172 Tigurinis,
4191 4083 4248 4156 ⁸)

2478 4383 2538 4441 5)
2578 4382 2769 4448 Altina
2832 4382 2960 4437 hiet.
2996 4381 3118 4436 eccl.
3155 4380 3377 4434 Palam
3424 4379 3486 4432 In
3532 4378 3745 4431 ducatu
3781 4363 4259 4445 wurtembergico

2272 4449 2351 4505 Io.
2392 4451 2652 4504 Brentins
2688 4458 2746 4505 et
2772 4423 2888 4505 'Iam
2927 4450 3182 4504 Andreae
3217 4464 3502 4527 censuram
3537 4446 3892 4513 scripserunt
3925 4434 4262 4492 Oatecbisnu

2272 4520 2509 4573 Palatini
2558 4535 2667 4589 qua
2719 4520 3022 4574 octodecim
3069 4518 3186 4571 eins
3233 4526 3584 4586 quaestiones
3635 4518 3844 4566 notant
3893 4524 3959 4561 ac
4009 4508 4264 4569 carpunt·

2272 4588 2508 4642 Additae
2556 4603 2775 4658 quoqne
2822 4587 3171 4658 quaestiones
3216 4601 3315 4639 sex
3360 4582 3430 4636 ad
3477 4583 3666 4651 ipsum
3705 4581 3804 4632 Pr.
3843 4577 4162 4630 Electorem
4197 4567 4270 4619 de

2270 4674 2318 4711 s·
2352 4673 2543 4723 coena,
2580 4674 2810 4727 quarum
2847 4671 3042 4725 scopus
3089 4655 3196 4707 fuit
3229 4659 3293 4706 nt
3328 4652 3401 4704 ab
3451 4651 3718 4703 instituto
3756 4664 3884 4701 eum
3921 4642 4276 4724 revocarent·

2273 4725 2480 4848 Em?
2514 4742 2634 4781 enm
2673 4725 3028 4794 responsione
3059 4721 3203 4777 inZ.
3232 4719 3429 4774 Ursini
3451 4716 3785 4786 oppMoed.
3837 4708 4091 4768 Hndelb.
4112 4699 4276 4756 1612·

2268 4795 2366 4859 fol.
2462 4833 2476 4847 .
2511 4794 2579 4848 11.
2616 4794 2687 4849 55
2715 4809 2788 4849 u.

2268 4862 2539 5067 4029.1ξ
2575 4863 2653 4943 N.
2686 4862 2842 4918 4018.
2876 4859 3034 4914 4020.

2474 4931 2512 5054 Ξ
2569 4931 2800 5055 ¹153th
2834 4996 2952 5052 vn.
2988 4993 3087 5047 22:
3131 4993 3211 5046 Le
3258 4989 3366 5042 duc
3407 4987 3479 5041 de
3517 4985 3752 5056 Savoye
3802 4986 3971 5049 ayant
4004 4974 4101 5031 ete
4143 4970 4297 5022 dont

2270 5083 2332 5121 co
2368 5078 2550 5137 temps
2584 5068 2640 5123 la
2831 5065 2897 5119 ue'
2932 5064 3091 5118 d'une
3124 5074 3321 5130 grosse
3355 5054 3597 5109 maladie
3637 5060 3738 5106 oet
3785 5050 4032 5105 incident
4052 5053 4210 5123 ‘rom
4257 5035 4310 5086 it

2270 5136 2326 5189 l·
2359 5136 2716 5207 negociation.
2835 5139 2934 5189 out
2978 5133 3063 5184 fut
3104 5124 3385 5195 suspendu
3431 5138 3576 5190 pour
3628 5121 3940 5240 quelqggasn
3942 5126 4146 5250 ⁶1:33
4147 5118 4322 5225 dont:

2273 5205 2598 5274 Septembre
2636 5212 2694 5259 et
2726 5220 2795 5257 en
2831 5203 3134 5278 Decembre
3169 5198 3210 5249 il
3247 5212 3284 5263 y
3320 5196 3418 5244 eut
3453 5190 3526 5242 de
3563 5189 3786 5242 nonvel
3925 5252 3936 5264 ·
4302 5238 4338 5288 t

2272 5287 2429 5329 entre
2465 5274 2645 5329 Berne
2693 5278 2753 5327 et
2795 5271 2878 5324 les
2919 5269 3150 5338 deputes
3195 5261 3266 5315 de
3304 5260 3524 5326 Savoye
3577 5272 3733 5326 pour
3785 5267 3971 5387 snalvoir
4005 5253 4300 5302 commen
