4900 6125
1514 589 1727 661 ω.

1136 741 1619 826 Boqtmws
1654 745 2095 816 canvnffo.

635 1091 953 1170 *ΝΟΜ

838 1256 2381 1334 (ΕιφοηῳιοσοιΡ-ιὴοιρηιαωιιπ.)

1432 1005 2604 1092 mma-quernas

808 1426 883 1496 Β·
1096 1431 1187 1498 ris
1252 1431 1521 1515 pietatis
1596 1443 1797 1518 atquc
1860 1434 2249 1504 eruditionis
2312 1439 2458 1504 viro
2511 1439 2598 1504 D.

632 1511 891 1667 11·οέπῶ
894 1622 959 1666 m
964 1516 1205 1668 (alvino
1272 1517 1585 1585 ecclesiae
1638 1519 2056 1588 Genevcnsis
2116 1525 2363 1608 pectori
2428 1526 2602 1610 vigi·

2089 1694 2427 1762 Generae.

805 1855 995 1938 Quae
1042 1867 1147 1924 est
1188 1860 1365 1943 apud
1400 1863 1819 1931 Vesalienses
2396 1867 2606 1934 eccle-

629 1942 733 2010 sia
774 1943 1045 2008 miserat
1086 1943 1171 2009 ad
1230 1967 1349 2012 nos
1394 1949 1707 2016 nundinis
1762 1953 2207 2035 superioribus
2246 1953 2604 2019 formulam

630 2028 961 2114 quandam
1021 2033 1463 2114 consentionis,
1520 2038 2001 2116 concinnatam,
2068 2049 2145 2103 ut
2195 2040 2511 2119 creditur,
2565 2060 2607 2105 a

629 2115 1021 2199 quibusdam
1066 2119 1175 2216 qui
1222 2118 1372 2186 istic
1412 2133 1569 2185 sunt
1608 2121 2183 2189 Heshusianarum
2226 2125 2604 2211 partium,¹)

630 2221 911 2352 fluorum
956 2213 1275 2269 autoritas
1321 2228 1766 2292 numerusque
1801 2221 1903 2276 est
1946 2221 2175 2276 tantus
2210 2221 2287 2276 ιιι
2328 2233 2604 2295 persua-

678 2307 789 2352 ere
844 2289 1179 2371 potuerint
1234 2294 1649 2377 magistratui
1718 2315 1865 2360 eam
1918 2316 2066 2362 esse
2118 2296 2604 2363 obtrudendam

628 2375 1016 2472 peregrinis,
1078 2387 1153 2440 ut
1210 2398 1331 2442 sua
1384 2378 1868 2464 subscriptione
1918 2383 2303 2466 approbent,
2360 2382 2602 2465 alioqui

630 2471 845 2526 sciant
887 2481 959 2526 se
990 2459 1149 2526 urbe
1194 2463 1457 2544 pulsum
1500 2466 1604 2531 iri
1666 2465 2027 2533 Mittebant
2062 2481 2285 2534 autem
2318 2469 2417 2535 illi
2454 2489 2604 2535 eam

630 2544 979 2611 formulam
1042 2557 1115 2610 ut
1172 2559 1471 2614 nostram
1530 2555 1923 2620 sententiam
1967 2556 2441 2638 consiliumque
2485 2575 2603 2620 ex·

630 2651 1045 2716 poneremus,
1078 2653 1209 2716 quo
1244 2635 1402 2718 quid
1437 2637 1599 2720 ipsis
1641 2639 1713 2704 in
1749 2661 1829 2704 ea
1888 2659 1961 2705 re
1996 2641 2167 2706 iacto
2216 2651 2391 2706 esset·
2434 2661 2603 2724 opus

629 2717 875 2784 certius
935 2720 1197 2784 scirent.
1283 2719 1435 2802 Quo
1494 2743 1652 2788 vero
1708 2725 1955 2791 rectius
1994 2726 2341 2792 consulere
2378 2748 2603 2811 posse-

626 2823 777 2870 mus
842 2803 1092 2887 aliquid
1155 2805 1327 2889 quod
1392 2828 1431 2873 e
1474 2828 1547 2874 re
1608 2810 1905 2893 ipsorum
1972 2821 2163 2892 esset,
2222 2813 2423 2878 simul
2483 2833 2603 2879 nos

625 2891 1297 2957 commonefaciebant
1340 2891 1422 2958 ds
1464 2895 1755 2962 civitatis
1797 2897 1977 2964 illius
2032 2907 2213 2964 statu
2254 2905 2321 2965 et
2364 2898 2601 2964 adver-

628 2975 958 3043 sariorum
1002 2996 1279 3043 suorum
1323 2981 1613 3047 consilio.
1702 2982 2013 3049 Civitatis
2054 3005 2251 3071 porro
2292 2992 2509 3051 status
2543 2985 2603 3050 is

627 3081 774 3128 esse
819 3059 1089 3129 dicitur:
1147 3063 1495 3132 Consulem
1548 3068 1749 3135 habet
1790 3071 2010 3136 virum
2068 3073 2267 3154 pium,
2314 3071 2601 3150 doctum,

628 3148 938 3227 nobilem,
998 3157 1065 3213 et
1121 3171 1272 3216 cum
1317 3154 1685 3237 peregrinis
1729 3156 1802 3221 in
1859 3155 2158 3223 doctrina
2190 3157 2603 3222 eonsentien-

630 3242 787 3311 tem,
846 3254 923 3301 ac
980 3232 1126 3300 ideo
1186 3236 1347 3319 ipsis
1381 3240 1663 3305 amicum
1709 3251 1780 3307 et
1820 3241 2173 3309 faventem.
2200 3244 2261 3325 ²)
2346 3243 2604 3308 Verum

626 3329 967 3386 senatores
1020 3320 1079 3384 is
1140 3320 1340 3387 habet
1395 3325 1640 3393 multos
1690 3348 1771 3393 ea
1814 3328 1885 3393 in
1939 3350 2012 3395 re
2070 3327 2154 3394 ab
2195 3329 2338 3412 ipso
2394 3328 2602 3412 pluri·

629 3425 813 3471 mum
871 3405 1352 3475 dissentientes.
1452 3411 1799 3479 Ministros
1842 3413 2156 3480 ecclesiae
2199 3412 2401 3480 habet
2439 3414 2603 3480 civi·

628 3499 736 3557 tas
778 3502 1057 3574 quatuor
1116 3494 1186 3558 in
1242 3504 1487 3562 totum:
1512 3501 1571 3573 ⁸)
1615 3520 1823 3564 unum
1865 3499 2273 3580 Iuliacensis,
2316 3499 2607 3583 reliquos

630 3577 868 3645 civitas
911 3580 1272 3646 constituit.
1362 3581 1487 3649 Ille
1530 3604 1618 3650 ex
1661 3585 1953 3668 professo
1995 3587 2241 3652 nostris
2291 3585 2604 3652 adversa-

632 3671 763 3741 tur,
822 3664 930 3730 isti
986 3674 1216 3730 contra
1270 3666 1367 3732 eis
1412 3672 1884 3749 assentiuntur,
1931 3680 2001 3737 et
2042 3672 2219 3736 inter
2262 3670 2385 3737 hos
2427 3693 2604 3737 unus

631 3770 673 3815 a
720 3760 859 3815 erte
914 3749 1280 3817 doctrinam
1342 3766 1635 3820 nostram
1695 3755 2010 3823 defendit.
2105 3755 2210 3823 Ad
2252 3756 2603 3823 eonsilium

721 3836 1161 3901 versariorum
1216 3838 1391 3920 quod
1456 3842 1709 3921 attinet,
1776 3842 1900 3909 hoc
1956 3864 2099 3909 esse
2156 3842 2468 3919 creditur,
2527 3850 2609 3908 ut

631 3921 1017 4006 peregrinos
1060 3943 1188 4006 quo
1232 3924 1374 3990 iure
1416 3946 1634 4009 quave
1686 3928 1929 3995 iniuria
1970 3928 2341 3996 excludant.
2430 3928 2606 3994 Nam

634 4228 821 4285 8888.
854 4230 906 4299 l)
942 4230 1189 4288 Notatur
1222 4233 1311 4289 hic
1346 4235 1589 4288 minc
1609 4236 1830 4304 primus
1855 4237 2049 4294 consul
2074 4236 2382 4294 Dida-icus
2421 4238 2608 4294 Graes·

636 4298 903 4355 Heshueii
949 4301 1141 4365 affinis
1184 4302 1288 4371 (N.
1332 4301 1468 4357 3711
1561 4307 1655 4358 cui
1712 4304 1803 4360 hic
1859 4306 2143 4363 dicaverat
2194 4308 2392 4362 librum
2443 4323 2606 4362 want

632 4366 753 4423 Von
800 4368 902 4422 der
942 4369 1021 4424 Ge
1058 4378 1267 4425 cnnrt
1319 4372 1418 4427 des
1547 4372 1632 4425 ib·
1681 4372 1885 4429 Christi
1932 4376 2007 4428 im
2054 4376 2401 4430 Abendmabl
2450 4375 2605 4430 1561.

632 4435 766 4505 Ipso
800 4453 854 4491 a.
905 4436 957 4492 d.
1048 4440 1103 4492 V.
1145 4439 1260 4494 001.
1309 4440 1452 4496 Now.
1498 4439 1632 4494 1561
1678 4458 1877 4498 novam
1921 4444 2315 4509 confessionem
2358 4445 2607 4514 monul-

629 4504 876 4587 uandqm
910 4509 1129 4563 curavit
1158 4525 1263 4578 pro
1293 4511 1521 4578 puriore
1556 4511 1999 4594 Lutherqnismo,
2145 4529 2175 4567 c
2206 4515 2385 4568 coctus·
2419 4513 2605 4568 Gallo-

632 4590 756 4699 2:³5·
791 4588 977 4725 ’ὂέἥῗ
982 4582 1193 4727 23:51,
1213 4584 1263 4633 ⁸*
1349 4594 1497 4715 „rm”-
1499 4577 1864 4703 fflsssswffif'
1874 4581 2606 4705 finf‘biffidssff'ffi

633 4710 699 4767 Η
771 4727 947 4795 “aava
968 4718 1045 4795 ‘et
1078 4714 1559 4784 Hmaezoerqema
1604 4716 1873 4788 theoloye„
1918 4717 2179 4774 adierunt
2211 4735 2444 4801 quornm
2479 4736 2604 4775 con·

720 4784 764 4835 ‘u
868 4783 977 4836 nb·
1020 4785 1369 4905 expetebant.-
1426 4784 1512 4838 Ha·
1552 4800 1737 4840 omme
1782 4788 1940 4842 talem
1995 4789 2386 4853 consessionem
2433 4790 2547 4844 νεα·
2597 4790 2609 4803 ’

632 4866 750 4905 noa
773 4864 952 4933 ‚posse
995 4851 1089 4905 dec
1109 4858 1349 4933 ararum
1428 4852 1674 4915 Wolters,
1714 4854 1839 4923 Bes.
1889 4872 1936 4911 c.
1983 4855 2158 4912 Wcscl
2190 4855 2295 4910 236
2337 4872 2415 4928 sq.
2449 4804 2606 4922 45652

636 4917 727 4973 Do
761 4934 882 4988 opto
915 4918 1133 4976 moute
1182 4920 1311 4977 olim
1419 4922 1791 4977 εἱαηοὴεὴοιιίε
1831 4925 2069 4994 hospitio
2103 4940 2205 4978 uso
2240 4925 2371 4979 dum
2417 4925 2607 4981 Witte-

632 4988 831 5057 beruco
864 4962 1876 5071 iurieprudentiacuopcrammavabat,
1913 5010 1964 5048 υ.
1998 4993 2134 5049 ibid.
2158 4992 2259 5047 139
2293 5000 2345 5049 ct
2375 4997 2604 5063 passim.

842 5055 899 5119 2)
940 5057 1091 5112 Haec
1125 5074 1235 5112 tam
1273 5059 1435 5113 older
1468 5065 1685 5114 sonam.

844 5128 904 5191 3)
946 5124 1133 5181 Erant
1188 5126 1315 5183 Tho.
1358 5128 1675 5191 Plateam,
1729 5126 1964 5193 Rollin,
2005 5129 2169 5185 Ιηιωι
2235 5136 2287 5185 et
2323 5130 2409 5189 Io.
2442 5130 2602 5188 Heir-

631 5190 750 5257 [σω
784 5196 883 5263 qui
915 5197 967 5249 et
1006 5194 1175 5276 Pabst
1220 5195 1519 5251 docebam.
1583 5195 1840 5277 ,Quorum
1883 5202 2100 5267 prinus
2134 5170 2404 5256 Humi
2434 5204 2603 5256 ami·

634 5274 733 5384 εἴ
750 5268 1147 5386 &aaa
1180 5264 1714 5388 mmmm
1744 5272 1937 5337 ΡΜ
1978 5270 2195 5337 W
2226 5270 2335 5339 ‘⁹⁶‘
2369 5272 2432 5324 ‘³'
2467 5270 2605 5326 ‘'⁶‘’

2148 404 2682 474 nmmum
2725 409 3158 474 assa-3884

1444 916 1911 986 lescrm‘bu'
1984 923 2195 1005 repeti
2268 922 2602 988 &aab
2647 919 2656 978 ἓ

4515 417 4609 478 596

2705 594 3900 681 metnerevidmtnrnequidtale
3957 598 4612 683 atquevicinisBrc-

2703 680 3044 748 mensibu
3105 682 3270 766 ipsis
3331 683 3604 749 accidat.
3711 683 3794 749 In
3857 705 4008 750 eum
4073 685 4273 750 finem
4339 683 4618 754 iudicatur

2703 769 3102 834 concinnata
3141 788 3290 833 esse
3331 769 3492 835 haec
3525 769 3812 835 turmula
3845 769 4149 855 ambigna
4191 770 4458 836 obscura
4485 770 4619 840 dura

2703 863 2904 937 atque
2943 853 3030 919 ad
3069 853 3520 938 illaqueandos
3561 855 3740 941 ipsos
3781 857 4157 941 composita.
4243 856 4621 924 Ministriilli

2703 940 2978 1005 minime
3019 941 3198 1018 mali,
3241 939 3402 1005 dnm
3435 940 3548 1006 isti
3589 941 3764 1007 malo
3797 963 4139 1008 occurrere
4179 943 4465 1026 cupiunt,
4494 943 4622 1011 locis

2703 1025 3084 1092 durioribus
3139 1027 3750 1110 interpretationm
3792 1027 4124 1106 adhibent,
4168 1049 4381 1112 neque
4431 1050 4469 1094 a
4505 1050 4622 1096 ver·

2703 1111 2808 1178 bis
2857 1112 3180 1177 formulae
3235 1113 3508 1178 omnino
3549 1113 3854 1188 alienam.
3905 1135 4116 1198 neque
4157 1133 4200 1179 a
4251 1123 4470 1180 nostra
4501 1115 4622 1182 doo-

2703 1199 2881 1263 trina
2937 1198 3468 1264 dissentientem:
3523 1211 3592 1263 et
3645 1199 3717 1264 id
3758 1199 4023 1283 quidem
4077 1199 4344 1265 illorum
4399 1199 4624 1285 quidun

2704 1304 2828 1367 pro
2881 1286 3196 1351 concione
3257 1286 3470 1350 facere
3511 1286 3744 1362 solent,
3812 1286 3994 1352 velut
4048 1285 4324 1352 articulo
4373 1286 4452 1352 de
4497 1285 4625 1372 bsp-

2703 1371 2918 1445 tismo,
2958 1372 3167 1442 aiunt,
3203 1369 3504 1436 damnari
3540 1373 3936 1437 sacramenti
3969 1381 4462 1456 contemptores,
4494 1372 4626 1439 alios

2701 1476 2742 1519 a
2785 1457 3002 1521 salute
3019 1457 3297 1522 minime
3339 1456 3621 1523 excludi.
3665 1458 3918 1524 Locum
3963 1457 4044 1523 de
4066 1457 4266 1523 Petro
4310 1466 4379 1523 et
4399 1457 4546 1523 Iuda
4571 1460 4628 1523 in

2697 1541 2976 1607 articulo
3018 1542 3100 1607 de
3141 1562 3346 1608 coena
3385 1553 3758 1625 temperant
3779 1544 4315 1626 interpretatione
4337 1542 4631 1610 verbidiu-

2698 1627 3002 1693 trfbm'tur
3019 1649 3152 1712 qno
3173 1629 3534 1712 significari
3579 1631 3785 1708 aiunt,
3827 1649 4065 1712 corpus
4094 1650 4180 1693 ex
4223 1650 4430 1712 aequo
4467 1630 4634 1696 utris·

2705 1734 2836 1798 qne
2893 1715 3144 1790 offerri,
3203 1735 3439 1797 nempe
3493 1713 3849 1780 fidentibus
3892 1727 3960 1780 et
4011 1714 4387 1781 incredulis.
4469 1713 4632 1797 Quod

2707 1800 2906 1883 paulo
2971 1811 3122 1883 post
3185 1799 3590 1865 damnantur
3652 1803 3764 1884 qui
3828 1800 4084 1867 Christi
4150 1821 4392 1883 corpus
4454 1800 4634 1867 solum

2705 1886 3092 1969 spiritaliter
3161 1888 3334 1952 sumi
3417 1899 3752 1963 asserunt,
3809 1885 4096 1970 intelligi
4154 1885 4392 1952 volunt
4441 1885 4517 1952 de
4569 1887 4636 1952 iis

2706 1972 2820 2055 qui
2877 1972 3056 2036 nuda
3111 1973 3506 2056 cogitatione
3563 1972 3739 2037 istud
3799 1973 3942 2038 fieri
3987 1971 4291 2039 dictitant
4333 1983 4406 2038 et
4452 1993 4634 2038 sacra·

2708 2067 3010 2122 mentum
3075 2078 3195 2140 pro
3259 2057 3466 2123 nihilo
3532 2058 3796 2124 ducunt.
3886 2056 4080 2139 Quod
4147 2069 4476 2142 postremo
4523 2057 4638 2124 loeo

2707 2145 2996 2228 positum
3033 2155 3140 2209 est
3193 2145 3268 2208 in
3320 2143 3548 2209 eodem
3593 2143 3869 2210 articulo
3926 2143 4012 2208 ad
4055 2164 4171 2208 eos
4213 2142 4510 2208 referunt
4547 2144 4638 2227 qni

2707 2251 2795 2294 ex
2853 2231 3235 2296 ascensione
3292 2230 3363 2294 in
3421 2230 3674 2295 coelum
3734 2230 4096 2295 absentiam
4141 2249 4181 2294 a
4222 2249 4432 2295 coena
4469 2230 4641 2294 eonfi-

2705 2317 2908 2382 ciunt.
3007 2315 3504 2381 Absolutionem
3560 2316 3646 2381 ad
3703 2315 4114 2398 disciplinam
4255 2317 4502 2380 rtinere
4548 2335 4640 2379 vo-

2704 2401 2868 2466 lunt.
2929 2402 3220 2467 Demum
3263 2423 3424 2468 voce
3445 2403 4108 2468 sacramentariorum
4196 2402 4455 2467 amnari
4487 2401 4643 2465 aiunt

2706 2508 2818 2552 eos
2864 2487 2977 2570 qui
3035 2499 3448 2553 sacramenta
3507 2488 3613 2553 vel
3667 2488 4021 2571 repudiant
4078 2486 4182 2553 vel
4241 2497 4642 2552 contemnunt

2706 2571 3018 2657 nudaque
3093 2576 3288 2656 signa
3355 2575 3623 2640 faciunt.
3735 2573 4003 2639 Talibus
4067 2573 4644 2655 interpretamentis

2707 2658 2860 2724 boni
2915 2660 3030 2725 isti
3077 2660 3364 2724 ministri
3419 2669 3743 2724 conantur
3791 2658 4050 2723 mollire
4111 2658 4428 2723 duritiem
4469 2657 4642 2732 illam,

2708 2766 2793 2810 ne
2852 2744 3127 2812 eeclesia
3178 2745 3264 2811 ab
3320 2767 3400 2810 ea
3433 2744 3718 2810 formula
3764 2744 4114 2809 abhorreat
4154 2752 4223 2810 et
4265 2741 4644 2810 subscribere

2707 2829 3046 2897 detrectet.
3135 2832 3228 2897 Et
3284 2853 3404 2897 nos
3447 2831 3706 2914 quidem
3762 2830 4101 2914 principio,
4148 2830 4308 2895 dum
4351 2831 4644 2895 rationem

2707 2915 3108 2984 habebamus
3186 2917 3619 2984 afflictionum
3684 2937 3848 3000 quas
3911 2915 4184 2999 pertulit
4256 2937 4342 2981 ea
4403 2913 4646 2982 ecclesis

2705 3002 2987 3069 multum
3054 3023 3132 3070 ac
3196 3001 3309 3069 din
3378 3002 3697 3070 hactenus
3760 3003 4023 3081 iactata,
4088 3010 4156 3067 et
4218 3001 4647 3068 calamitatum

2706 3110 2874 3172 qnae
2917 3088 3133 3156 adhuc
3176 3111 3325 3155 eam
3367 3098 3655 3167 manent,
3693 3090 3748 3155 si
3793 3086 4022 3155 cedere
4053 3090 4215 3153 urbs
4249 3088 4372 3154 illa
4405 3096 4648 3172 cogatur

2706 3177 2781 3240 in
2827 3176 3225 3242 tristissimis
3266 3177 3414 3242 istis
3456 3175 3878 3258 temporibus,
3946 3173 4394 3240 suadebamus
4461 3174 4648 3245 etiam,

2707 3261 3041 3345 plerisque
3064 3262 3228 3327 viris
3249 3263 3376 3347 piis
3412 3281 3488 3327 ac
3509 3260 3702 3327 bonis
3725 3281 3844 3326 nos
3866 3259 4301 3338 hortantibus,
4329 3270 4410 3325 ut
4432 3261 4648 3324 formu·

2707 3346 2812 3412 lae
2834 3345 3294 3425 subscriberet,
3318 3369 3398 3412 ea
3428 3346 3575 3430 lege
3596 3356 3673 3412 ut
3694 3347 4122 3431 magistratus
4144 3345 4548 3411 adscriberet
4563 3343 4649 3407 in·

2707 3435 3249 3516 terpretationem
3291 3453 3377 3497 ex
3423 3433 3767 3515 scripturis
3811 3431 4016 3498 sacris
4056 3431 4338 3515 petitam
4385 3433 4448 3497 ei
4491 3428 4650 3496 adhi-

2707 3517 2988 3584 bendam
3046 3539 3206 3584 esse.
3291 3518 3548 3584 Verum
3592 3540 3678 3583 ne
3723 3518 3846 3585 hoc
3890 3516 4152 3599 quidem
4196 3517 4454 3602 placuit
4495 3534 4651 3582 sens·

2707 3606 2807 3669 tui
2852 3604 3052 3684 urbis,
3097 3624 3264 3688 quae
3298 3602 3656 3669 multorum
3704 3612 3806 3669 est
3839 3602 4226 3686 pervicacia.
4305 3602 4537 3685 Itaque
4568 3620 4652 3665 sc·

2706 3689 2921 3755 cundo
2988 3700 3290 3755 nostrum
3355 3688 3699 3754 consilium
3763 3689 4058 3772 petivere
4119 3689 4343 3754 missis
4403 3690 4474 3752 in
4527 3706 4649 3751 eam

2705 3797 2846 3841 rem
2903 3775 3155 3841 duobus
3209 3775 3375 3842 viris
3427 3776 3615 3840 bonis
3670 3776 3782 3857 qui
3824 3786 4220 3838 monuerunt
4272 3782 4375 3851 ut,
4421 3770 4653 3857 quando

2706 3860 3060 3927 formulam
3131 3861 3313 3927 velut
3374 3870 3749 3944 suspectam
3808 3880 4220 3942 nequaquam
4287 3858 4652 3943 simpliciter

2707 3946 3155 4097 ωοίριῗίιιᾶιιιιι
3189 3946 3573 4097 ἰιιῶοιιιὲἆιε,
3595 3943 4089 4095 οςιᾳιιὲἰᾳιοᾶιίιιιε
4113 3945 4444 4109 ἐξιιέιθιὲω
4483 3943 4653 4096 ml:

2710 4054 2842 4098 non
2901 4055 2922 4098 ι
3035 4054 3270 4097 sonare
3379 4053 3423 4096 n
3574 4052 3772 4097 minis
3803 4053 3863 4095 ιι
3996 4052 4123 4097 cun
4409 4052 4480 4096 se

2708 4120 2983 4204 gignere
3048 4138 3202 4184 cum
3260 4053 3373 4202 ρίἓ
3424 4139 3543 4183 san
3631 4137 3716 4181 us
3772 4115 4070 4182 doctrina
4125 4128 4560 4201 pugnantem,
4597 4110 4652 4177 id

2707 4205 2882 4289 quod
2926 4203 3202 4270 fecimus
3247 4224 3369 4288 ego
3403 4210 3470 4267 et
3504 4222 3579 4268 co
3630 4222 3789 4287 egae
3831 4202 3964 4267 mei
4005 4222 4135 4286 qua
4175 4203 4520 4284 potuimus

2707 4298 2775 4356 et
2819 4290 3178 4374 diligentia,
3213 4297 3537 4372 quantum
3573 4310 3679 4354 res
3714 4287 4046 4371 postulare
4082 4288 4271 4354 nobis
4307 4287 4653 4355 videbatur.

2706 4377 3088 4442 Monuimus
3137 4385 3361 4440 tamen
3415 4375 3655 4440 fratres
3707 4381 3802 4452 ut,
3858 4374 4039 4456 prius
4097 4394 4298 4457 quam
4358 4376 4520 4439 istas
4569 4390 4653 4435 ra-

2706 4463 2921 4528 tiones
2962 4462 3344 4544 proferrent,
3389 4468 3723 4526 tentarent
3758 4481 3843 4524 an
3880 4460 4137 4524 senatui
4181 4461 4495 4525 satisfieri
4533 4475 4655 4542 poo-

2705 4556 2809 4615 set
2851 4547 3330 4631 subscriptione
3364 4546 3431 4611 in
3472 4548 3933 4630 Augustanam
3967 4545 4470 4623 confessionem,
4512 4562 4655 4627 quse

2704 4633 2895 4700 nobis
2951 4632 3119 4700 ratio
3183 4630 3704 4716 compendiosior
3750 4651 3894 4697 esse
3958 4632 4104 4695 visa
4159 4640 4264 4695 est
4321 4652 4404 4696 ac
4455 4631 4654 4695 minus

2704 4719 3044 4785 invidiosa.
3135 4716 3330 4799 Quod
3385 4718 3442 4783 si
3497 4739 3576 4783 ea
3619 4718 3730 4783 via
3770 4716 4019 4801 placari
4051 4726 4326 4782 senatus
4375 4724 4653 4799 nequest.

2702 4805 3152 4873 consuluimus
3194 4812 3272 4870 ut
3305 4807 3622 4887 scriptum
3644 4803 4012 4887 proferrent
4045 4811 4372 4882 nostrum,
4407 4820 4534 4886 quo
4565 4798 4654 4863 isti

2703 4891 3153 4976 intelligerent
3196 4910 3309 4956 eos
3351 4911 3486 4955 non
3531 4897 3779 4954 temere
3818 4887 4184 4953 detrectare
4217 4889 4518 4972 ipsorum
4549 4906 4654 4949 un·

2703 4978 2982 5062 perium.
3083 4977 3225 5043 Ista
3279 4983 3357 5041 ιιι
3412 4975 3531 5042 tibi
3588 4993 3987 5058 exponerem
4028 4982 4436 5039 monuerunt
4481 4970 4652 5039 colle-

2703 5084 2828 5148 gas
2881 5064 3035 5145 mei,
3096 5071 3168 5128 et
3220 5062 3337 5145 qui
3391 5084 3432 5127 a
3472 5059 3973 5127 Vesaliensibus
4015 5059 4200 5124 missi
4251 5060 4530 5125 fuerunt
4563 5074 4654 5120 me

2703 5158 3039 5235 rogarunt,
3082 5168 3212 5232 quo
3255 5148 3521 5231 plenius
3563 5167 3706 5213 rem
3751 5154 3954 5210 totam
3997 5144 4416 5230 intelligeres
4457 5152 4524 5210 ct
4555 5160 4654 5225 pro

2704 5242 2821 5301 tua
2885 5234 3208 5320 singulari
3274 5232 3640 5300 eruditione
3703 5240 3900 5315 atque
3963 5232 4206 5315 pietate
4269 5230 4348 5296 in
4417 5244 4654 5297 summ·

2703 5321 3036 5387 anxietate
3091 5319 3467 5387 constitutis
3522 5317 3929 5386 consuleres:
3989 5315 4058 5382 id
4107 5314 4280 5401 quod
4343 5326 4416 5383 te
4467 5318 4650 5381 factu·
