4900 6125
608 363 736 427 44⁷

609 551 859 616 tissime
914 548 1245 624 vixerunt,
1313 555 1431 613 aut
1480 548 1853 631 impietatis,
1909 555 1979 614 et
2032 558 2110 613 ut
2163 548 2295 614 tuis
2355 546 2570 614 verbis
2623 587 2633 607 r

610 634 839 719 loquar
855 685 869 714 ,
927 631 1334 700 idololatriae
1387 633 1732 700 insimules
1795 641 2067 717 oportet,
2133 641 2251 700 aut
2308 633 2389 700 de
2453 645 2569 700 tuo

611 741 832 787 errore
896 741 972 785 ac
1036 720 1126 784 im
1173 717 1459 796 udentia,
1525 740 1610 785 ne
1675 718 1890 786 dicam
1953 718 2221 799 malitia,
2278 719 2570 805 ingenue

617 806 988 872 confiteare.
1144 804 1343 888 egas?
1387 804 1663 871 Profero
1698 805 1970 870 annales
2004 813 2280 886 nostros,
2323 814 2571 889 tempo·

609 913 762 957 rum
796 893 1062 976 antiqua
1096 899 1545 968 monumenta,
1583 891 2123 974 locupletissimas
2157 912 2379 957 rerum
2404 890 2570 958 Gal·

609 976 884 1044 licarum
939 976 1213 1056 tabulas,
1272 985 1339 1041 et
1391 976 1584 1060 prisci
1645 977 1959 1060 temporis
2001 978 2386 1042 memoriam
2429 997 2569 1041 om-

610 1062 796 1129 nium
842 1061 1179 1128 doctorum
1225 1062 1432 1128 literis
1472 1082 1550 1128 ac
1592 1062 1854 1146 scriptis
1898 1063 2370 1146 consignatam.
2435 1061 2572 1128 Ubi

609 1149 866 1214 interea
919 1157 1035 1214 aut
1171 1149 1384 1214 utinm
1427 1157 1544 1213 aut
1598 1147 1885 1215 locorum
1931 1156 2048 1213 tua
2090 1147 2364 1214 ecclesia
2405 1147 2570 1213 late·

608 1233 740 1312 bat,
799 1254 997 1318 quam
1058 1234 1298 1318 viginti
1353 1231 1616 1299 demum
1670 1232 1912 1300 abhinc
1953 1234 2147 1298 annis
2189 1255 2272 1299 ex
2307 1233 2570 1311 Inferis,

610 1327 678 1386 et
741 1341 823 1384 ex
882 1318 1162 1397 silentio,
1218 1318 1290 1383 in
1355 1326 1568 1385 terras
1624 1331 1694 1385 et
1745 1320 1816 1384 in
1859 1319 2074 1385 lucem
2136 1320 2396 1385 conaris
2440 1339 2574 1383 una

611 1426 762 1472 cum
828 1404 1110 1471 Calvino
1189 1404 1584 1488 reliquisque
1652 1407 1748 1470 tui
1813 1403 2134 1470 similibus
2197 1406 2515 1470 suscitare
2537 1403 2571 1467 ?

609 1491 831 1591 Pergo
874 1489 1158 1575 longius:
1206 1511 1360 1555 nam
1407 1490 1490 1556 ad
1536 1512 1772 1557 causae
1815 1498 2079 1556 nostrae
2121 1490 2573 1574 probationem

609 1574 970 1677 plurimum
1025 1583 1092 1642 et
1149 1574 1311 1641 illud
1373 1575 1572 1641 habet
1624 1575 2005 1654 adiumenti,
2065 1575 2236 1659 quod
2279 1574 2574 1660 quandiu

609 1669 874 1746 integra
905 1660 1136 1746 religio
1180 1661 1411 1740 valuit,
1449 1662 1595 1727 iura
1638 1670 1707 1727 et
1739 1660 1979 1727 iudicia
2021 1662 2268 1747 vigere,
2310 1661 2575 1746 Regum

611 1749 1023 1815 maiestatem
1049 1798 1063 1824 ,
1140 1748 1510 1830 principum
1579 1747 1953 1814 dominatus
1976 1797 1993 1826 ,
2063 1747 2574 1833 magistratuum

615 1833 1104 1910 authoritatem,
1141 1832 1386 1897 civium
1422 1831 1814 1913 libertatem,
1862 1830 1995 1920 [fol.
2054 1830 2161 1920 12]
2207 1832 2428 1899 omnia
2463 1832 2576 1897 de-

614 1917 686 1984 ni
732 1940 817 1985 ue
870 1919 1105 1984 florere
1162 1917 1486 1984 vidimus:
1544 1939 1711 2003 quae
1767 1940 1947 1985 nunc
2007 1927 2118 1984 tuo
2167 1920 2236 1983 in
2285 1918 2575 1986 Galliam

733 2005 914 2082 'tu,⁸)
956 2025 1032 2070 ac
1064 2004 1212 2087 ipsa
1253 2002 1585 2070 doctrinae
1606 2005 2063 2080 ostentatione,
2107 2005 2174 2069 in
2209 2002 2349 2069 dies
2385 2024 2579 2069 ruere

613 2100 682 2155 et
736 2089 1119 2156 labefactari
1173 2109 1415 2175 magno
1477 2089 1684 2175 Regis
1750 2087 2179 2169 incomm'odo,
2237 2088 2576 2155 acerbissi-

613 2196 853 2259 moque
911 2174 1134 2259 populi
1189 2195 1482 2241 moerore
1539 2177 1882 2241 sentimus.
1971 2175 2118 2241 Hoc
2162 2175 2342 2241 enim
2386 2195 2578 2258 prae-

613 2260 865 2329 clarum
920 2269 1108 2326 tuum
1167 2260 1608 2345 evangelium,
1671 2262 1860 2327 sicuti
1920 2281 2074 2325 mox
2133 2261 2453 2342 indicab0,
2512 2267 2581 2326 et

612 2346 778 2413 alias
842 2345 1101 2429 plenius
1165 2345 1558 2423 enunciab0,
1619 2345 2015 2413 incommodi
2080 2346 2305 2411 attulit
2321 2395 2337 2424 ,
2404 2344 2579 2432 quod

610 2454 775 2518 gens
839 2431 1120 2510 Gallica,
1188 2452 1357 2514 quae
1413 2432 1666 2517 Regem
1733 2454 1924 2498 suum
1992 2440 2142 2515 post
2198 2453 2578 2516 supremum

612 2539 861 2584 numen
919 2517 1225 2584 venerari
1283 2538 1359 2583 ac
1426 2538 1668 2595 amare,
1738 2537 1908 2602 quae
1960 2518 2306 2601 Principes
2364 2516 2577 2583 colere

611 2624 687 2669 ac
741 2603 1047 2682 revereri,
1106 2624 1272 2686 quae
1338 2604 1830 2690 magistratibus
1903 2623 2136 2687 parere
2194 2603 2576 2687 obsequiose

613 2688 881 2766 solebat,
916 2708 1092 2755 nunc
1128 2710 1204 2753 eo
1239 2687 1684 2772 impudentiae
1722 2699 1797 2754 ut
1830 2688 2192 2773 plurimum
2225 2707 2578 2774 progressa

612 2776 718 2850 sit,
783 2781 859 2840 ut
914 2775 1225 2841 conviciis
1269 2773 1635 2858 Principes,
1693 2773 2062 2840 maledictis
2107 2774 2381 2859 Regem,
2427 2773 2577 2840 telis

611 2861 1040 2946 magistratus
1102 2868 1323 2944 petere
1378 2880 1515 2924 non
1572 2858 1903 2925 dubitarit.
1992 2857 2188 2941 Quod
2233 2867 2453 2924 autem
2508 2859 2577 2924 in

613 2955 990 3013 nostrorum
1033 2945 1377 3010 hominum
1423 2947 1584 3010 vitia
1627 2953 1762 3011 tam
1807 2965 2035 3011 severe
2078 2945 2380 3028 inquiris,
2423 2942 2579 3010 vide

613 3053 698 3099 ne
777 3032 837 3098 si
891 3029 1181 3098 vicissim
1251 3041 1368 3096 tua
1423 3040 1492 3095 et
1544 3040 1810 3098 tuorum
1864 3030 2184 3098 maleficia
2240 3039 2578 3109 notavere,

614 3120 849 3184 merito
891 3116 1058 3183 illud
1101 3116 1174 3182 in
1218 3115 1499 3184 Iudaeos
1544 3116 1799 3184 Christi
1840 3117 2091 3184 dictum
2154 3116 2271 3182 tibi
2316 3117 2580 3183 obiicia-

615 3210 747 3283 tur,
809 3201 983 3287 quod
1047 3202 1335 3287 perbelle
1378 3201 1664 3287 Lyricus
1721 3210 1910 3270 vates
1964 3202 2071 3269 his
2133 3202 2434 3269 versibus
2463 3224 2578 3269 ex-

661 3288 890 3357 resait:

615 3311 661 3375 Ρ
958 3390 2436 3515 anagramma&

959 3528 1133 3596 Quam
1169 3538 1266 3582 aut
1300 3529 1500 3598 aquila,
1535 3538 1632 3582 aut
1665 3544 1893 3598 serpena
1927 3501 2348 3598 Epidaurius-2²)

790 3629 1181 3698 Sacerdotes
1249 3638 1509 3698 nostros
1567 3630 2014 3715 reprehendis,
2073 3630 2247 3715 quod
2303 3632 2373 3695 in
2428 3628 2579 3696 obs·

615 3738 780 3785 cura
836 3717 1178 3782 literarum
1240 3717 1254 3730 ‘
1355 3718 1653 3783 oratione
1687 3724 2077 3795 ,vei-sentum
2132 3715 2305 3800 quod
2363 3714 2582 3781 libidi-

615 3824 776 3870 nose
817 3804 1068 3880 vivant,
1113 3737 1544 3886 quolffiffioio
1587 3824 1706 3870 suo
1749 3803 1970 3867 minus
2012 3801 2297 3867 officiose
2342 3800 2579 3866 defun-

613 3896 874 3975 gantur.
962 3887 1113 3955 Hoc
1156 3896 1231 3954 ut
1272 3889 1394 3954 tibi
1438 3887 1520 3954 de
1554 3888 1894 3954 nonnullis
1935 3885 2308 3966 concedam,
2354 3895 2579 3951 tamen

613 3983 684 4041 et
723 3975 866 4058 ipse
916 3972 1093 4039 idem
1145 3973 1354 4039 multo
1407 3974 1646 4041 iustius
1703 3974 1773 4039 in
1819 3982 1987 4051 tuos,
2032 3993 2196 4057 quos
2241 3973 2581 4039 ministros

611 4079 830 4137 vocas,
876 4058 945 4124 id
986 4067 1087 4125 est
1119 4067 1389 4125 tuarum
1433 4060 1787 4125 factionum
1832 4069 1900 4125 et
1934 4059 2219 4142 partium
2264 4058 2579 4123 adminis-

615 4156 755 4211 tros
811 4154 1008 4229 atque
1062 4145 1395 4222 satellites,
1438 4146 1762 4212 referam:
1809 4145 1917 4227 qui
1968 4144 2417 4228 superioribus
2460 4164 2577 4208 an·

614 4232 721 4297 nis
775 4230 1029 4296 vitandi
1089 4230 1312 4297 iudicii
1356 4252 1431 4297 ac
1474 4230 1798 4315 supplicii,
1845 4229 2020 4314 quod
2063 4230 2201 4295 suis
2244 4228 2577 4295 nefandis·

614 4319 801 4383 simis
863 4315 1255 4382 facinoribus
1320 4325 1510 4382 erant
1552 4316 1911 4401 promeriti,
2100 4317 2211 4395 tia,
2277 4316 2435 4382 hinc
2494 4314 2580 4380 ad

612 4423 752 4479 vos,
798 4401 1007 4468 veluti
1050 4400 1132 4467 ad
1189 4423 1375 4467 aram
1430 4402 1871 4487 confugerunt
1881 4425 1904 4481 ,-
2004 4400 2196 4466 einde
2239 4402 2309 4467 in
2354 4410 2581 4466 vestra

615 4489 1033 4575 procacitatis
1084 4487 1312 4554 schola
1369 4498 1504 4554 tres
1564 4497 1680 4552 aut
1734 4498 2015 4571 quatuor
2071 4508 2331 4552 menses
2376 4486 2579 4551 male-

617 4572 893 4640 dicendo
935 4582 1004 4639 ct
1060 4571 1523 4640 debacchando
1578 4578 1776 4657 (quae
1831 4594 1966 4638 una
2008 4580 2111 4639 est
2167 4572 2430 4638 illorum
2478 4573 2580 4637 in-

619 4659 899 4734 dustria)
952 4659 1259 4743 gnaviter
1313 4660 1673 4737 exercitati,
1729 4660 1917 4742 quasi
1977 4660 2048 4723 in
2102 4656 2350 4742 bicipiti
2409 4658 2578 4724 Par-

617 4766 816 4811 nasso
875 4746 1281 4823 somniarint,
1340 4753 1610 4828 repente
1661 4742 1959 4810 doctores
2016 4745 2200 4810 brevi
2246 4752 2579 4810 momento

618 4832 853 4911 effecti,
898 4851 1076 4897 nunc
1119 4853 1203 4897 ex
1247 4832 1505 4897 sutrina
1547 4838 1664 4896 aut
1699 4832 2023 4896 tonstrina
2066 4828 2148 4895 ad
2195 4838 2577 4915 suggestum

619 4928 687 4981 et
727 4917 1103 4984 concionem
1148 4916 1588 4983 dimittuntur.

829 5207 892 5343 33
919 5207 1352 5335 &mxl
1389 5208 1759 5344 {ww

2266 358 2732 429 EPISTOLA
2776 364 2944 428 3805

4484 365 4601 428 4⁴8

2838 548 3180 615 Pontificis
3236 549 3599 631 potentiam
3654 555 3725 614 et
3780 547 4247 615 authoritatem
4315 549 4383 613 in
4435 548 4607 634 vulgi

2668 633 2890 702 odium
2934 654 3146 713 vocas,
3191 634 3303 718 qui
3344 634 3557 700 maius
3599 635 3690 700 im
3776 633 3949 700 rium
3991 633 4124 699 iam
4166 633 4285 699 diu
4327 633 4605 701 affectes:

2667 720 2782 804 qui
2824 728 2892 784 te
2934 740 3147 786 unum
3184 718 3571 786 eruditionis
3605 720 3972 804 principem
4006 719 4236 797 videri,
4272 719 4448 786 vitae
4480 740 4607 786 ma·

2669 807 2951 891 gistrum
3015 805 3343 872 nominari
3360 856 3377 882 ,
3442 814 3734 873 caeteros
3797 827 3881 871 ex
3944 814 4012 870 te
4077 803 4390 889 pendere,
4452 805 4609 872 nihil

2669 891 2814 962 sine
2856 899 2924 956 te
2967 891 3203 969 moliri,
3262 890 3434 956 nihil
3477 891 3605 957 nisi
3652 899 3866 958 tecum
3909 911 4107 977 agere
4148 889 4367 957 velis?
4428 891 4611 975 Epis-

2669 975 3966 1129 {tzffiffifflussmffffitffl
3988 977 4611 1147 fflffimffquffi

2672 1148 2844 1214 alter
2888 1147 3180 1215 Catilina
3239 1150 3412 1214 inter
3466 1148 3815 1215 falcarios?
3884 1149 3987 1213 'ru
4031 1155 4287 1214 nostros
4331 1147 4616 1215 homines

2672 1255 2816 1300 sese
2875 1235 3171 1301 conferre
3227 1234 3300 1299 in
3363 1233 3802 1314 solitudinem,
3861 1243 3929 1300 et
3970 1255 4115 1300 sese
4170 1232 4473 1318 religioni
4516 1254 4615 1300 vo·

2672 1341 2829 1385 vere
2883 1329 3055 1386 totos
3102 1341 3178 1386 ac
3232 1339 3632 1398 consecrare,
3692 1341 3819 1387 non
3876 1318 4220 1385 ferendum
4264 1327 4475 1403 putas,
4516 1319 4617 1402 qui

2675 1414 2826 1472 tuos
2880 1406 3087 1472 socios
3139 1404 3395 1471 foedere
3449 1426 3526 1471 ac
3582 1405 3907 1471 consortio
3961 1404 4080 1471 tibi
4125 1404 4193 1470 in
4238 1415 4619 1488 perpetuum

2672 1490 3080 1557 obstrinxisti
3101 1490 3134 1555 ⁴?
3180 1491 3293 1575 qui
3336 1491 3853 1558 coniurationem
3896 1499 4077 1556 tuam
4122 1490 4489 1558 inviolabili
4528 1491 4619 1555 iu-

2674 1576 3025 1643 reiurando
3081 1575 3405 1644 sanxisti?
3493 1574 3670 1658 Quid
3737 1574 4119 1660 praeterea?
4203 1575 4621 1642 Oeremonias

2674 1671 2742 1729 et
2783 1663 2969 1740 ritus,
3017 1662 3158 1727 sine
3194 1663 3431 1745 quibus
3476 1661 3704 1747 religio
3727 1660 4193 1740 administrari,
4221 1668 4340 1727 aut
4360 1660 4501 1727 ulla
4532 1661 4622 1726 ἡ·

2676 1746 2871 1814 vendi
2919 1745 3052 1834 [fol.
3108 1745 3214 1847 13]
3259 1748 3470 1813 forma
3511 1747 3865 1831 praescribi
3910 1767 4043 1812 non
4087 1756 4318 1831 potest,
4363 1746 4622 1812 omnino

2675 1834 2911 1914 reiicis,
2950 1831 3123 1917 quod
3160 1832 3276 1898 tibi
3311 1833 3589 1899 humani
3621 1834 3840 1916 potius
3875 1832 4149 1913 inventi,
4184 1852 4393 1916 quum
4430 1832 4625 1898 divini

2676 1919 2964 1985 instituti
3008 1939 3149 1985 esse
3197 1918 3566 1985 videantur.
3656 1919 3833 1986 'l'uas
3876 1939 4033 1984 vero
4079 1918 4369 1994 naenias,
4415 1927 4484 1984 et
4524 1926 4627 1983 tuo

2679 2006 2958 2071 artificio
3002 2004 3427 2090 excogitatas,
3486 2025 3620 2070 non
3665 2004 3976 2070 mortales
4020 2004 4135 2070 sed
4181 2003 4463 2080 divinas,
4506 2024 4628 2070 non

2679 2089 2761 2157 ab
2804 2090 3069 2157 homine
3112 2090 3230 2156 sed
3289 2111 3328 2155 a
3371 2088 3493 2155 deo
3537 2090 3815 2156 authore
3856 2089 4136 2155 traditas
4178 2110 4324 2156 esse
4366 2110 4628 2173 persua·

2681 2175 2910 2243 debis?
3000 2175 3187 2241 Nihil
3244 2182 3698 2242 sacrosanctae
3759 2176 4042 2261 paginae
4102 2174 4481 2240 addendum
4526 2183 4627 2240 aut

2680 2260 3160 2327 detrahendum
3236 2261 3616 2328 vociferaris
3639 2311 3655 2339 ,
3727 2282 3805 2327 ac
3869 2259 4301 2327 nihilominus
4366 2259 4631 2326 infinitis

2679 2346 3300 2414 commentariorum
3357 2345 3670 2431 plaustris
3727 2366 3955 2412 omnes
4013 2345 4521 2430 bibliopolarum
4572 2353 4632 2411 et

2680 2431 3335 2518 pharmacopolamm
3415 2432 3710 2499 officinas
3787 2429 4137 2498 onerabis?
4246 2431 4468 2498 Nimis
4532 2452 4630 2496 ur-

2680 2538 2834 2604 geo:
2880 2519 3273 2585 commoveri
3314 2517 3574 2584 videtur
3609 2518 3806 2583 homo
3839 2516 4224 2601 impudens:
4259 2515 4345 2581 ad
4392 2538 4500 2582 me
4538 2537 4631 2582 re-

2684 2612 2920 2671 vertor.
3009 2603 3487 2670 Verumtamen
3548 2623 3760 2686 neque
3827 2602 3907 2668 de
3956 2601 4219 2669 Calvini
4270 2612 4393 2668 aut
4434 2603 4632 2668 Bene

2680 2688 3085 2768 commentis,
3144 2709 3311 2772 quae
3365 2710 3556 2755 nemo
3630 2708 3763 2753 non
3822 2708 3997 2754 nova
4062 2696 4128 2753 et
4182 2696 4337 2754 ante
4408 2707 4633 2772 paucos

2682 2796 2892 2841 annos
2948 2773 3247 2841 inaudita
3293 2794 3437 2841 esse
3494 2772 3775 2854 dubitat,
3820 2794 3942 2839 nec
3985 2771 4068 2837 de
4109 2772 4454 2858 religionis
4495 2794 4631 2839 nos·-

2682 2871 2841 2936 trae,
2888 2881 3085 2943 quam
3141 2881 3273 2925 non
3319 2881 3359 2925 a
3413 2858 3674 2925 mortali
3720 2859 3937 2943 aliquo
3982 2858 4349 2940 didicimus,
4395 2860 4633 2943 accepi-

2681 2968 2850 3026 mus,
2895 2945 3011 3011 sed
3044 2946 3125 3011 ab
3162 2946 3301 3030 ipso
3336 2944 3603 3012 Christo
3636 2943 3992 3011 immortali
4026 2946 4449 3028 arripuimus,
4482 2944 4633 3010 hau·

2682 3033 2908 3112 simus,
2974 3032 3270 3111 veritate,
3330 3031 3523 3117 plura
3577 3031 3679 3098 dis
3725 3038 3914 3098 utare
3976 3031 4108 3098 mei
4172 3039 4275 3098 est
4329 3029 4631 3107 instituti.

2683 3128 2799 3184 aut
2861 3117 3059 3185 huius
3101 3118 3433 3201 temporis.
3538 3119 3646 3183 Au
3698 3118 3756 3183 ‘o
3816 3117 3994 3183 enim
4061 3116 4388 3185 hactenus
4446 3119 4515 3183 in
4562 3136 4632 3184 eo

2684 3203 2857 3288 quod
2902 3203 3243 3288 Poyssiaci
3298 3204 3539 3269 initum
3594 3210 3699 3270 est
3751 3202 4088 3286 colloquio,
4118 3204 4207 3282 ¹⁸)
4264 3212 4331 3269 et
4377 3204 4633 3270 sanctis-

2683 3289 2869 3355 simis
2912 3288 3397 3374 Theologorum
3450 3298 3820 3355 nostrorum
3877 3288 4063 3355 libris
4121 3296 4191 3355 et
4247 3287 4634 3357 doctissimis

2683 3375 3171 3442 Germanorum
3217 3374 3604 3458 scriptorum
3651 3374 4136 3441 commentariis
4179 3374 4447 3441 abunde
4488 3376 4634 3441 isto-

2681 3481 2830 3526 rum
2874 3461 3275 3545 exagitatam
3315 3470 3383 3524 et
3424 3459 3760 3544 explosam
3803 3460 4008 3526 fuisse
4052 3460 4483 3545 impietatem.
4536 3456 4635 3527 Ad

2682 3546 2864 3626 haec,
2908 3545 3080 3630 quod
3136 3545 3365 3611 tandiu
3409 3546 3625 3611 Deum
3678 3544 3833 3629 Opt.
3879 3566 4055 3611 max.
4102 3548 4353 3631 precati
4400 3566 4633 3623 sumus.

2683 3631 2857 3716 quod
2914 3632 3088 3698 votis
3150 3629 3455 3699 omnibus
3512 3633 3905 3714 optavimus,
3962 3640 4040 3696 ut
4096 3631 4459 3715 aliquando
4500 3633 4633 3699 uni-

2683 3718 2857 3783 versi
2909 3717 3086 3783 orbis
3145 3715 3494 3784 concilium
3548 3726 3802 3783 certum
3860 3718 3932 3782 in
3986 3716 4206 3784 locum
4260 3719 4491 3798 coiret,
4532 3715 4631 3783 ubi

2684 3800 2766 3867 de
2849 3810 3159 3886 corrupta
3228 3803 3333 3869 vel
3400 3801 3686 3885 collapsa
3781 3802 4045 3869 vivendi
4125 3802 4477 3887 disciplina
4557 3801 4631 3868 ad

2680 3889 3179 3974 integerrimum
3254 3888 3496 3954 veteris
3560 3888 3930 3954 sanctitatis
4014 3889 4343 3972 specimen
4378 3942 4395 3968 ,
4476 3887 4631 3975 pris-

2682 3974 3028 4057 tinumque
3103 3974 3516 4057 splendorem
3600 3972 3967 4041 revocanda
4034 3995 4166 4040 non
4231 3975 4433 4041 modo
4498 3994 4631 4059 age-

2682 4066 2869 4125 retur
2890 4110 2909 4140 ,
2974 4059 3089 4126 sed
3146 4059 3349 4125 etiam
3414 4059 3765 4142 unicuique
3824 4059 4034 4125 libera
4097 4061 4288 4125 fieret

2683 4143 3029 4219 sentiendi,
3072 4143 3455 4224 disserendi,
3496 4144 3920 4227 percontandi
3968 4166 4133 4228 quae
4178 4144 4403 4227 vellet,
4446 4145 4515 4211 id
4548 4144 4633 4209 di·

2682 4229 2835 4295 vina
2890 4229 3154 4296 demum
3210 4230 3560 4296 clementia
3609 4237 3676 4295 et
3727 4230 4075 4297 Pontificis
4139 4250 4215 4297 ac
4272 4233 4631 4315 principun

2682 4314 3213 4383 Christianorum
3258 4315 3627 4382 admirabili
3661 4317 4090 4382 consensione
4132 4315 4418 4384 feliciter
4460 4316 4631 4383 noha

2682 4402 2979 4487 contigit.
3004 4406 3088 4477 ¹¹)
3177 4399 3404 4483 Quare
3447 4421 3642 4484 spero
3675 4402 3837 4467 istos
3879 4402 3951 4466 in
3994 4411 4330 4485 posterum
4377 4423 4513 4469 non
4552 4402 4628 4476 vi,

2683 4508 2815 4552 non
2867 4488 3088 4565 armis,
3147 4507 3282 4552 non
3340 4486 3599 4554 insidiis
3641 4485 3979 4552 nobiscum
4036 4485 4485 4567 dimicaturos,
4526 4484 4629 4554 sed

2681 4574 2752 4639 in
2796 4584 3098 4657 apertum
3158 4572 3626 4657 disputationis
3668 4593 3995 4656 campum,
4036 4574 4108 4638 in
4148 4574 4355 4640 aciem
4402 4574 4625 4639 verita-

2683 4658 2787 4736 tis,
2855 4659 3148 4725 remissis
3204 4659 3352 4725 istis
3413 4658 3771 4743 spiritibus,
3836 4659 3951 4742 qui
4013 4679 4124 4725 eos
4187 4668 4625 4727 mnsversum

2682 4756 2909 4829 agunt,
2953 4744 3175 4811 sedate
3218 4765 3294 4812 ac
3338 4743 3649 4811 benevole
3693 4742 4034 4811 nobiscum
4080 4756 4412 4823 venturos,
4454 4764 4623 4829 prae-

2858 5000 3079 5068 10)Eae
3132 5002 3189 5083 ¹⁸:
3245 5002 3278 5055 1.
3333 5001 3787 5123 smfw
3840 5001 4617 5066 mantuanense&-

2681 5070 2937 5140 colloqua
2969 5073 3335 5152 coma-pum
3373 5072 3566 5137 funere.
3693 5085 3844 5124 erun·
3892 5071 4047 5136 infra
4080 5085 4169 5124 ra
4200 5087 4271 5124 n.
4312 5068 4471 5125 ,11αο
4504 5064 4621 5122 15⁶²

2681 5155 2718 5208 a
2858 5144 3301 5273 1ἵῖἭὲζῇ
3344 5207 3493 5262 buno
3542 5206 3777 5262 Pielv.
3826 5206 3879 5260 d.
3930 5205 3985 5259 d.
4032 5204 4286 5260 §.Nom
4332 5205 4471 5260 lam
4516 5204 4621 5259 Tri-

2687 5276 2905 5332 dentum
2940 5282 3305 5345 concocunt,
3341 5275 3438 5333 sed
3468 5275 3681 5331 δουναι
3720 5276 3799 5330 18.
3842 5276 3969 5331 loa.
4006 5273 4144 5329 1562
4174 5282 4563 5345 congrum

4392 5932 4828 6094 A
