4900 6125
249 445 374 508 573

249 631 545 732 continet
585 631 1024 735 iracundiam,
1084 642 1152 700 et
1192 634 1406 734 maria
1444 635 1874 733 navigantur.
1896 634 1955 718 ⁴)
2042 633 2217 699 Nam

247 721 785 872 ῗὰηωίῇῖῗῖῗ
804 717 1896 891 ὁὲψωῖἲᾞωᾞῖῗιωέιθῗῗ
1916 719 2222 890 ωῗξᾞῖἒ

247 899 375 969 tur,
411 890 546 956 illic
580 891 712 957 erit
745 891 985 976 hyems
1019 891 1462 976 transigenda.
1521 892 1803 958 Interim
1839 900 2103 957 utemur
2135 888 2218 957 ad

246 977 579 1061 principes
614 976 990 1045 Germanos
1030 979 1143 1063 qui
1187 987 1349 1045 sunt
1388 979 1462 1043 in
1485 978 1779 1046 Treviris
1793 977 1853 1062 6)
1896 979 2113 1062 gratia
2154 984 2224 1042 et

246 1062 811 1131 commendatione
863 1064 1199 1131 iuniorum
1243 1065 1617 1149 principum
1659 1065 1776 1149 qui
1830 1072 1992 1131 sunt
2032 1062 2221 1128 Pari-

246 1149 393 1229 siis,
438 1148 598 1215 dum
655 1159 809 1217 tuae
861 1149 1092 1216 literae
1135 1151 1447 1232 veniunt,
1506 1160 1578 1217 et
1619 1152 1676 1218 si
1720 1148 1884 1250 mihi
1928 1147 2222 1217 creditur

244 1235 514 1303 interim
579 1242 972 1304 excurretur
1025 1237 1100 1301 in
1162 1246 1382 1303 castra
1443 1237 1528 1303 ab
1591 1237 1676 1302 iis
1738 1236 1975 1320 quibus
2040 1254 2219 1300 com·

242 1323 522 1389 missum
553 1320 626 1387 id
659 1321 866 1387 fuerit
897 1329 993 1401 ut,
1034 1323 1093 1388 si
1127 1323 1275 1388 fieri
1310 1322 1519 1406 possit
1552 1322 1750 1407 (quod
1789 1342 1982 1405 posse
2003 1321 2214 1405 puto),

245 1409 764 1559 ωανέςριυτᾘὶη
775 1407 1107 1560 1ἱὶΙιῗιιίιὶιίιιιιι
1161 1427 1246 1474 cx
1291 1407 1538 1558 {nglia
1557 1411 1615 1492 ⁶)
1660 1408 1745 1474 ad
1799 1407 2027 1474 Nonas
2079 1406 2214 1472 No-

243 1516 395 1564 vem
441 1516 554 1561 ris.
704 1515 775 1560 es
877 1515 918 1560 a
947 1515 985 1560 o
1029 1516 1068 1560 ο
1117 1513 1197 1561 us
1241 1515 1314 1560 es
1345 1543 1361 1560 .

413 1580 602 1647 Bene
646 1580 794 1646 vale
836 1581 909 1646 in
953 1515 1275 1659 Dossino,
1342 1577 1750 1647 observande
1791 1586 2000 1662 pater.
2092 1575 2215 1644 Sa-

241 1665 487 1733 lutabis
552 1687 783 1732 omnes
847 1676 1108 1733 nostros
1122 1718 1138 1747 ,
1227 1666 1342 1734 sed
1385 1667 1471 1733 D.
1519 1664 1869 1745 Farcllum,
1931 1664 2214 1730 Virdum

247 1751 633 1836 Saliumque
650 1755 710 1836 ⁷)
795 1750 1156 1837 plurimum
1223 1760 1291 1818 et
1368 1752 1842 1819 officiosissime
1919 1750 2213 1835 itemque

247 1836 644 1906 Rosciam
680 1847 1000 1905 nostrum.

1307 1974 1493 2039 'l'uus
1535 1971 1638 2039 Ol.
1683 1971 2035 2039 Villierius.

415 2178 573 2247 Scio
628 2177 985 2246 mollienda
1041 2200 1186 2246 esse
1241 2181 1314 2246 in
1374 2201 1455 2246 ea
1511 2180 1946 2260 confessione,
2010 2198 2209 2262 quam

240 2265 506 2349 probari
542 2265 852 2332 volumus
885 2266 1190 2333 omnibus
1212 2265 1636 2344 Christianis,
1673 2287 1840 2349 quae
1875 2268 2215 2349 pertinent

240 2348 324 2415 ad
357 2350 703 2419 facultates
737 2351 1067 2418 humanas
1100 2361 1169 2419 et
1189 2351 1274 2418 ad
1296 2361 1782 2418 sacramentum
1806 2349 2210 2436 εὸχαριστίος.

239 2437 380 2503 Nos
421 2436 611 2504 nobis
652 2457 788 2503 non
831 2435 1158 2504 deerimus
1217 2447 1285 2503 et
1326 2457 1518 2520 spero
1560 2457 1803 2522 aequos
1845 2437 1983 2503 fore
2024 2437 2210 2521 prin-

238 2522 418 2674 cviples
457 2521 836 2686 germanos
891 2543 1174 2606 quorum
1229 2523 1522 2589 maxime
1581 2524 1920 2609 negotium
1964 2522 2206 2608 agitur.

373 2628 428 2674 e.

1035 2902 1428 2910 -—-——--

1128 3154 1328 3228 42⁶⁰.

279 3308 1365 3396 mnANUS¹>MmsrR1s
1409 3309 2156 3380 GENEVENSIBUS.

410 3483 668 3552 Laudes
729 3482 2203 3567 canitpiomminvauibusmpinisquiab

231 3569 510 3637 hostibus
552 3570 787 3638 obsessi
826 3570 1146 3637 ministris
1184 3568 1643 3654 sufficimtibus
1683 3573 1910 3636 carent.

553 3741 666 3810 (Ex
701 3742 1045 3812 autographo
1079 3742 1218 3799 cod.
1254 3741 1422 3798 Goth.
1456 3741 1580 3814 404,
1615 3742 1709 3802 fol.
1743 3740 1891 3811 754.)

903 3914 1122 3999 Episc.
1170 3915 1324 3982 Ecc.
1373 3914 1544 3982 Gen.

408 4047 478 4118 S.
523 4049 726 4117 Volui
783 4071 980 4135 saepe
1037 4049 1390 4118 admonere
1444 4070 1567 4119 vos
1582 4100 1601 4130 ,
1667 4050 1797 4117 viri
1854 4060 2077 4136 patres
2132 4058 2202 4117 et

229 4136 474 4203 fratres
538 4137 608 4202 in
652 4135 921 4203 Christo
964 4137 1149 4217 Iesu,
1221 4136 1302 4203 de
1364 4136 1603 4203 itinere
1666 4158 1813 4204 meo
1855 4137 2032 4221 quod
2074 4156 2199 4223 ego

229 4221 563 4307 evangelii
606 4244 808 4289 causa
853 4222 1035 4289 vobis
1077 4223 1415 4290 autoribus
1459 4223 1612 4289 feci:
1660 4223 1777 4290 sed
1821 4222 2009 4290 Deus
2064 4244 2201 4289 om·

226 4329 353 4375 nes
417 4309 793 4375 occasiones
859 4309 1076 4376 eiusce
1141 4310 1237 4374 rei
1303 4308 1597 4395 agendae
1659 4309 1830 4376 mihi
1873 4309 2197 4376 hactenus

227 4395 603 4478 intercepit.
691 4394 888 4461 Nunc
941 4415 1100 4461 vcro
1157 4402 1394 4462 nactus
1445 4415 1760 4480 magnam
1814 4395 2198 4481 opportuni·

227 4488 438 4547 tatem
497 4479 860 4561 scribendi,
922 4481 1333 4549 committere
1390 4480 1576 4546 nolui
1629 4482 1791 4565 quin
1833 4502 1955 4548 vos
1999 4481 2080 4548 de
2123 4501 2198 4547 re

227 4572 373 4633 tota
413 4567 722 4632 certiores
760 4568 1059 4634 facerem.
1132 4567 1419 4634 Perveni
1463 4568 1668 4652 igitur
1701 4567 1929 4652 paucis
1962 4566 2198 4633 diebus

438 4823 1998 4895 ”Draucircamcda'anaectatcmcmptandiaeeria

438 4895 501 4960 5)
533 4893 660 4951 Hoc
693 4893 962 4948 indicium
991 4909 1101 4963 pro
1134 4899 1368 4962 tempore
1402 4908 1505 4949 nos
1534 4894 1700 4964 Μυῒ.

438 4961 503 5097 ἐξ
533 4962 790 5087 awa
815 4967 947 5018 ‘'⁶⁹⁸“
977 4962 1155 5027 Μ’
1185 4963 1404 5019 ''m'‘
1406 5003 1419 5015 ·

792 5047 861 5085 ιι.

438 5100 500 5169 8)
537 5101 806 5156 Omnibus
848 5100 981 5156 bene
1018 5100 1307 5169 pov-pm
1352 5100 1616 5169 scriptam
1662 5114 1780 5155 esse
1828 5103 1959 5155 anu
1991 5098 2194 5156 numo·

224 5170 468 5226 Πανία·
504 5169 592 5224 11.
629 5167 915 5224 credimus.

223 5238 428 5295 4200.
447 5238 506 5307 1)
542 5238 776 5294 Gabeni
815 5237 961 5293 Tou.
999 5236 1049 5290 1.
1086 5236 1233 5361 Ag.
1271 5236 1405 5305 19⁷,
1448 5237 1647 5293 laudat
1764 5240 1774 5251 ⁴
1976 5236 2059 5292 10.
2096 5236 2192 5292 vi·

225 5324 472 5364 neannes
497 5306 704 5378 envoye
727 5323 796 5361 cn
814 5306 1102 5362 Piedmont
1199 5306 1368 5361 ‚Iuim
1390 5306 1546 5362 1556.
1578 5308 1649 5375 ef.
1667 5307 1724 5363 ,Β
1864 5308 1875 5319 “
1935 5306 2084 5363 VIII.
2108 5304 2191 5361 76.

222 5376 439 5435 Noster
466 5390 798 5449 precamen
827 5391 989 5432 mn
1021 5375 1091 5429 D.
1128 5375 1333 5433 scribit.

1874 441 2668 512 SUPPLEMEN'mM.

4168 457 4296 522 574

2319 631 2393 697 in
2458 643 2719 702 montes
2782 644 3047 702 nostros
3111 635 3338 703 salvus
3404 645 3473 701 et
3534 636 3917 704 incolumist
3984 640 4100 706 ubi
4154 655 4296 708 tam

2321 719 2705 786 humaniter
2748 729 3063 805 exceptus
3107 743 3255 788 sum
3299 730 3377 788 ιιι
3418 744 3788 807 nunquam,
3847 725 4023 808 quod
4068 728 4294 808 sciam,

2322 804 2502 871 domi
2556 827 2745 873 meae
2801 807 3179 876 humanius.
3268 808 3361 874 Et
3419 807 3615 875 hodic
3680 809 3949 894 quidem
3991 810 4296 898 homines

2319 892 2433 957 isti
2468 900 2653 958 tanto
2687 913 2911 959 amore
2945 914 3053 959 me
3093 894 3509 980 collegasque
3544 916 3726 962 meos
3746 895 4294 981 complectuntur,

2320 986 2399 1043 ut
2461 999 2570 1044 me
2633 978 2830 1045 valde
2893 979 3083 1045 fallat
3147 981 3365 1064 opinio
3433 981 3560 1046 nisi
3617 1002 3739 1065 pro
3798 983 4017 1063 nobis,
4083 985 4143 1051 si
4184 1006 4295 1053 res

2321 1062 2511 1144 ferat,
2556 1065 2774 1148 ipsum
2818 1066 3213 1150 sanguinem
3265 1066 3550 1133 libenter
3594 1068 4013 1151 profundant.
4103 1069 4294 1139 Gens

2320 1150 2504 1214 enim
2546 1151 2693 1229 ista,
2738 1159 2816 1216 ut
2857 1152 3207 1237 religione,
3262 1150 3360 1218 ita
3401 1153 3694 1219 moribus
3738 1154 3939 1219 etiam
3983 1154 4211 1222 differt
4251 1179 4293 1224 a

2319 1235 2590 1318 reliquis
2634 1257 2837 1320 prope
2881 1239 3206 1304 omnibus.
3280 1237 3603 1304 Homines
3647 1249 3805 1305 sunt
3847 1240 4293 1325 simplicitatis

2318 1328 2388 1386 et
2430 1320 2785 1389 docilitatis
2827 1323 3222 1389 rarissimae.
3292 1327 3516 1408 Atque
3558 1324 3739 1403 adeo,
3785 1326 3841 1390 si
3884 1328 4034 1410 quis
4079 1327 4290 1395 homi·

2317 1428 2436 1473 nes
2482 1409 2550 1473 in
2595 1429 2755 1474 oves
2799 1430 3024 1475 versos
3067 1418 3376 1510 quaerat,
3435 1411 3492 1475 si
3534 1430 3668 1475 non
3713 1410 3851 1491 hic,
3913 1421 4090 1479 certe
4132 1414 4291 1483 alibi

2315 1503 3287 1647 ffia‘ffiwffitffifflsst.
3316 1504 4049 1665 ¹1¹3.1⁰³:.³.1‘.2¹331¹“?m;5
4082 1499 4290 1670 “22⁰3

2316 1665 2502 1747 coepi
2554 1683 2725 1731 cum·
2763 1666 2898 1732 illis
2963 1687 3125 1732 esse.
3219 1668 3438 1750 Atque
3503 1668 3759 1734 utinam
3826 1670 4290 1753 conspiceretis

2313 1760 2560 1834 quanto
2617 1752 2840 1818 studio
2885 1753 3163 1819 ardeant
3205 1752 3515 1819 audiendi
3558 1754 3743 1820 verbi
3788 1755 3950 1821 Dei!
4021 1760 4289 1841 quantis

2314 1847 2382 1902 et
2436 1857 2636 1921 quam
2703 1840 2954 1922 asperis
2996 1840 3344 1906 itineribus
3386 1848 3784 1906 concurrant
3823 1840 3896 1907 in
3940 1862 4019 1910 ea
4061 1847 4287 1911 omnia

2312 1922 2456 1989 loca
2497 1925 2568 1988 in
2611 1924 2850 2007 quibus
2892 1946 3026 1991 vox
3047 1924 3180 1990 Dei
3220 1926 3702 1992 circumsonare
3745 1927 3992 2010 coepit!
4051 1929 4285 1996 Vitam

2313 2017 2536 2074 autem
2581 2011 2675 2076 sic
2716 2011 3076 2077 instituunt
3118 2019 3196 2076 ut
3238 2011 3410 2076 nihil
3453 2011 3665 2095 magis
3702 2031 3902 2095 quam
3935 2013 4181 2081 fastum
4216 2024 4286 2083 et

2310 2093 2549 2161 luxum
2593 2095 2870 2161 oderint.
2943 2096 3048 2163 De
3091 2096 3238 2163 Deo
3281 2097 3388 2180 pie
3423 2117 3683 2179 semper
3724 2096 4088 2181 loquuntur
4128 2121 4283 2167 cum

2310 2181 2678 2265 gratiarum
2722 2183 2993 2250 actione.
3080 2184 3145 2248 A
3186 2182 3456 2250 vocibus
3520 2181 3889 2267 sacrilegis,
3957 2185 4041 2251 ab
4099 2190 4282 2254 omni

2313 2265 2722 2350 blasphemia
2779 2277 2849 2333 et
2900 2267 3208 2335 scandalo
3274 2279 3411 2334 tam
3454 2277 3612 2334 sunt
3656 2267 3854 2335 alieni
3898 2291 4090 2355 quam
4130 2295 4282 2357 pro·

2309 2352 2489 2418 xime
2524 2352 2847 2420 accedunt
2880 2354 2964 2420 ad
3000 2375 3080 2420 ea
3114 2354 3339 2419 omnia
3374 2352 3879 2422 antichristiani.
3950 2357 4279 2440 Breviter,

2309 2458 2515 2520 quum
2558 2438 2657 2503 illi
2702 2459 2968 2506 omnem
3010 2438 3392 2506 felicitatem
3433 2448 3686 2523 ponant
3724 2441 3797 2505 in
3832 2444 4282 2526 cognoscenda

2309 2524 2650 2589 voluntate
2692 2524 2825 2590 Dei
2870 2535 2936 2592 et
2980 2525 3354 2610 quaerenda
3396 2525 3893 2592 immortalitate
3927 2548 4127 2612 quam
4162 2552 4280 2596 ex·

2309 2617 2701 2778 ἱιριῗὲῗιὲἓΐ
2727 2609 3068 2780 3ξᾷῗὲἐὲ
3079 2611 4279 2780 ᾚὲῗῖἓῃξᾞῗέἒ“ἔοέῗωῗέἒξᾟῗῶἒ

2309 2779 2654 2848 thesauros
2711 2781 3081 2850 reconditos
3136 2783 3380 2849 habere
3436 2783 3506 2848 in
3562 2783 3669 2850 his
3729 2786 4083 2853 montibus.
4174 2788 4279 2854 De

2307 2867 2581 2950 relique,
2627 2868 2888 2952 magnis
2928 2868 3277 2935 sudoribus
3322 2868 3627 2935 homines
3683 2870 3797 2935 isti
3856 2872 4105 2938 victum
4150 2873 4279 2941 sibi

2308 2961 2378 3018 et
2420 2951 2611 3019 nobis
2655 2962 3013 3038 quaerunt:
3076 2953 3192 3020 sed
3234 2953 3423 3021 Deus
3465 2955 3560 3020 ita
3601 2954 3930 3024 benedicit
3972 2958 4161 3025 nobis
4199 2967 4279 3025 ut

2308 3038 2510 3104 etiam
2551 3039 2626 3105 in
2666 3042 3045 3126 praeruptis
3078 3039 3252 3127 iugis
3286 3042 3630 3122 montium,
3675 3042 3747 3108 in
3780 3042 3943 3127 ipsis
3980 3042 4275 3128 rupibus,

2307 3145 2495 3209 seges
2561 3126 2917 3210 aliquando
2993 3127 3307 3194 luxuriet.
3408 3126 3849 3194 Abundamus
3929 3132 4275 3213 castaneis,

2305 3210 2584 3277 nucibus
2628 3220 2696 3277 et
2751 3212 2941 3280 lacte.
3030 3213 3256 3280 Vultis
3302 3212 3561 3281 dicam?
3632 3214 3937 3281 Nolimus
3981 3236 4278 3283 commu-

2306 3305 2451 3362 tare
2505 3297 2960 3383 frugalitatem
3012 3308 3309 3366 nostram
3363 3320 3515 3366 cum
3571 3300 3755 3366 omni
3810 3301 4148 3384 opulentia
4206 3312 4277 3370 et

2306 3381 2550 3450 delitiis
2594 3405 2760 3469 quas
2803 3385 3007 3452 habet
3048 3395 3168 3452 aut
3208 3385 3433 3465 Italia,
3475 3396 3592 3452 aut
3627 3385 3868 3466 Gallia,
3913 3395 4032 3453 aut
4073 3389 4273 3457 etiam

2305 3476 2481 3535 totus
2526 3478 2858 3536 terrarum
2893 3470 3089 3538 orbis.
3161 3471 3428 3538 Interea
3461 3492 3693 3538 sumus
3726 3472 3922 3556 plane
3956 3482 4275 3560 tanquam

2303 3574 2466 3622 oves
2530 3557 2915 3623 mactationi
2996 3557 3390 3624 destinatae:
3477 3578 3639 3624 vere
3705 3579 3790 3623 ex
3854 3558 3966 3624 filo
4028 3559 4275 3644 pendet

2300 3638 2623 3725 quidquid
2665 3641 2986 3708 habemus
3033 3645 3241 3709 vitae:
3300 3643 3404 3709 vis
3447 3645 3664 3711 omnis
3707 3644 3997 3711 hostium
4033 3646 4106 3710 in
4149 3667 4271 3714 nos

2299 3746 2626 3793 conversa
2647 3736 2780 3795 est:
2816 3727 3321 3795 circumvallant
3340 3749 3460 3795 nos
3496 3730 3908 3815 sanguinarii
3944 3731 4269 3811 homines,

2299 3812 2412 3896 qui
2458 3820 2774 3896 tanquam
2817 3813 3042 3881 leones
3106 3824 3174 3880 et
3216 3815 3357 3881 ursi
3399 3817 3791 3900 sanguinem
3834 3826 4135 3883 nostrum
4179 3820 4269 3884 si-

2299 3897 2501 3963 tiunt.
2588 3898 2797 3966 Pauci
2863 3908 3023 3966 sunt
3084 3901 3198 3984 qui
3263 3899 3492 3966 favent
3554 3901 3692 3967 filio
3756 3901 3904 3967 Dei.
3994 3904 4269 3987 Verum,

2299 3992 2453 4050 utut
2495 4003 2604 4052 res
2648 3984 2910 4066 habeat,
2953 4006 3075 4053 nos
3110 3984 3369 4069 publice
3413 3984 3747 4064 docemus,
3810 4007 3938 4071 quo
3981 3987 4269 4056 liberum

2299 4079 2401 4135 est
2441 4069 2551 4138 vel
2595 4070 2872 4155 papistis
2915 4073 3285 4138 convenire.
3371 4072 3815 4157 Evangelium
3857 4074 4056 4159 longe
4098 4074 4266 4142 late-

2300 4176 2427 4240 que
2469 4166 2907 4241 propagatur,
2973 4158 3070 4223 ita
3125 4167 3201 4223 ut
3253 4159 3550 4224 maxima
3607 4179 3797 4244 seges
3839 4161 4268 4243 paucissimos

2300 4242 2634 4325 operarios
2677 4242 2934 4310 habeat.
3023 4242 3471 4325 Quamobrem
3513 4265 3634 4312 vos
3675 4245 3963 4323 obsecro,
4005 4246 4266 4328 fiatres,

2299 4348 2419 4412 per
2460 4327 2649 4394 illum
2686 4330 3079 4412 sanguinem
3124 4351 3323 4415 quem
3368 4330 3601 4397 effudit
3645 4352 3763 4415 pro
3806 4329 3993 4396 nobis
4036 4340 4103 4397 et
4144 4353 4267 4417 pro

2300 4422 2437 4479 toto
2483 4436 2724 4499 genere
2770 4416 3062 4482 humano
3104 4415 3420 4483 Christus
3463 4416 3680 4495 Iesus,
3754 4424 3831 4482 ut
3872 4416 3930 4483 si
3975 4437 4266 4501 unquam

2298 4500 2612 4565 afflictam
2663 4510 2731 4567 et
2783 4502 3105 4568 iacentem
3165 4504 3502 4571 ecclesiam
3556 4502 3688 4569 Dei
3752 4500 4131 4586 erigendam
4197 4514 4267 4570 et

2297 4586 2725 4653 refovendam
2769 4588 3085 4671 putastis,
3144 4609 3322 4657 nunc
3378 4588 3448 4655 id
3504 4609 3577 4654 re
3619 4588 3765 4672 ipsa
3806 4591 4261 4671 comprobetis.

2297 4673 2361 4738 Ν
2362 4693 2449 4738 on
2494 4672 2843 4739 scribimus
2888 4672 2971 4739 ad
3016 4694 3135 4739 vos
3179 4673 3261 4741 de
3317 4683 3547 4741 nostra
3605 4682 3721 4740 aut
3757 4674 4000 4759 privati
4042 4676 4263 4743 cuius-

2297 4780 2496 4843 quam
2559 4759 2849 4825 hominis
2901 4780 3131 4840 causa,
3189 4760 3307 4826 sed
3362 4760 3486 4827 hoc
3542 4781 3748 4825 unum
3792 4780 4100 4846 rogamus
4143 4782 4263 4829 vos

2297 4856 2374 4910 ut
2425 4845 2619 4911 nobis
2676 4844 2925 4911 auxilio
2976 4846 3121 4911 sitis
3180 4843 3265 4911 ad
3321 4845 3698 4931 augendum
3743 4856 3812 4912 et
3853 4866 3961 4912 am
4007 4846 4260 4914 lifican-

2298 4930 2456 4997 dum
2500 4951 2782 5014 regnum
2818 4931 2938 4996 filii
2973 4931 3120 4997 Dei.
3194 4931 3303 4998 Ad
3345 4952 3491 4998 eam
3536 4952 3677 4997 rem
3721 4942 3826 4999 est
3866 4952 3955 4997 no
4000 4934 4056 4998 is
4095 4955 4262 5017 opus

2297 5015 2503 5083 doctis
2557 5027 2622 5082 et
2684 5016 2812 5101 piis
2856 5016 3049 5095 viris,
3112 5024 3180 5083 et
3222 5019 3304 5082 iis
3348 5019 3461 5102 qui
3518 5038 3588 5083 se
3642 5018 3776 5083 iam
3823 5038 3944 5102 pro
3988 5018 4260 5086 Christo

2295 5101 2705 5169 devoverint.
2796 5102 2935 5169 Vos
2979 5102 3227 5183 videte,
3274 5123 3546 5188 quaese,
3594 5124 3679 5169 ne
3722 5103 3848 5171 hac
3889 5103 3960 5168 in
4005 5124 4079 5170 re
4122 5104 4260 5171 filio

2293 5189 2424 5255 Dei
2463 5188 2710 5255 desitis.

2468 5274 2892 5359 scripsissem
2940 5273 3025 5341 ad
3069 5295 3190 5342 vos
3247 5274 3575 5359 pluribus,
3636 5275 3751 5343 sed
3810 5272 4085 5345 ecclesia
4125 5278 4259 5344 Dei

2291 5361 2493 5446 longa
2526 5359 3091 5427 commendatione
3125 5382 3261 5428 non
3298 5370 3465 5447 eget,
3508 5362 3685 5447 apud
3719 5384 3832 5430 eos
3866 5364 4257 5447 praesertim
