<?xml version="1.0" encoding="UTF-8"?>
<!DOCTYPE html PUBLIC "-//W3C//DTD XHTML 1.0 Transitional//EN"
    "http://www.w3.org/TR/xhtml1/DTD/xhtml1-transitional.dtd">
<html xmlns="http://www.w3.org/1999/xhtml" xml:lang="en" lang="en">
 <head>
  <title>
</title>
<meta http-equiv="Content-Type" content="text/html;charset=utf-8" />
  <meta name='ocr-system' content='tesseract 3.04.00' />
  <meta name='ocr-capabilities' content='ocr_page ocr_carea ocr_par ocr_line ocrx_word'/>
</head>
<body>
  <div class='ocr_page' id='page_1' title='image "./ioanniscalvinio12unkngoog/ioanniscalvinio12unkngoog_0534.png"; bbox 0 0 4900 6125; ppageno 0'>
   <div class='ocr_carea' id='block_1_1' title="bbox 615 417 743 481">
    <p class='ocr_par' dir='ltr' id='par_1_1' title="bbox 615 417 743 481">
     <span class='ocr_line' id='line_1_1' title="bbox 615 417 743 481; baseline 0 -1"><span class='ocrx_word' id='word_1_1' title='bbox 615 417 743 481; x_wconf 73' lang='lat'><strong>255</strong></span> 
     </span>
    </p>
   </div>
   <div class='ocr_carea' id='block_1_2' title="bbox 609 600 2582 2469">
    <p class='ocr_par' dir='ltr' id='par_1_2' title="bbox 613 600 2582 926">
     <span class='ocr_line' id='line_1_2' title="bbox 615 600 2579 688; baseline -0.001 -19"><span class='ocrx_word' id='word_1_2' title='bbox 615 623 818 688; x_wconf 88' lang='lat' dir='ltr'><strong>quum</strong></span> <span class='ocrx_word' id='word_1_3' title='bbox 863 607 931 668; x_wconf 86' lang='lat' dir='ltr'><strong>et</strong></span> <span class='ocrx_word' id='word_1_4' title='bbox 974 607 1155 668; x_wconf 84' lang='lat' dir='ltr'><strong>aetas</strong></span> <span class='ocrx_word' id='word_1_5' title='bbox 1213 607 1330 668; x_wconf 80' lang='lat' dir='ltr'><strong>tua</strong></span> <span class='ocrx_word' id='word_1_6' title='bbox 1379 600 1849 687; x_wconf 78' lang='lat' dir='ltr'><strong>ingravescens</strong></span> <span class='ocrx_word' id='word_1_7' title='bbox 1890 608 1958 668; x_wconf 91' lang='lat' dir='ltr'><strong>et</strong></span> <span class='ocrx_word' id='word_1_8' title='bbox 2007 600 2309 668; x_wconf 84' lang='lat' dir='ltr'><strong>laborum</strong></span> <span class='ocrx_word' id='word_1_9' title='bbox 2351 621 2579 687; x_wconf 88' lang='lat' dir='ltr'><strong>perae-</strong></span> 
     </span>
     <span class='ocr_line' id='line_1_3' title="bbox 613 685 2580 755; baseline -0.001 0"><span class='ocrx_word' id='word_1_10' title='bbox 613 697 837 755; x_wconf 86' lang='lat' dir='ltr'><strong>torum</strong></span> <span class='ocrx_word' id='word_1_11' title='bbox 894 685 1323 754; x_wconf 84' lang='lat' dir='ltr'><strong>difficillimae</strong></span> <span class='ocrx_word' id='word_1_12' title='bbox 1383 687 1676 754; x_wconf 84' lang='lat' dir='ltr'><strong>rationes</strong></span> <span class='ocrx_word' id='word_1_13' title='bbox 1728 687 1917 753; x_wconf 88' lang='lat' dir='ltr'><strong>nobis</strong></span> <span class='ocrx_word' id='word_1_14' title='bbox 1979 695 2300 754; x_wconf 81' lang='lat' dir='ltr'><strong>constent.</strong></span> <span class='ocrx_word' id='word_1_15' title='bbox 2396 688 2580 754; x_wconf 91' lang='lat' dir='ltr'><strong>Deus</strong></span> 
     </span>
     <span class='ocr_line' id='line_1_4' title="bbox 615 772 2582 855; baseline -0.001 -14"><span class='ocrx_word' id='word_1_16' title='bbox 615 781 836 841; x_wconf 81' lang='lat' dir='ltr'><strong>autem</strong></span> <span class='ocrx_word' id='word_1_17' title='bbox 903 793 1058 839; x_wconf 86' lang='lat' dir='ltr'><strong>suos</strong></span> <span class='ocrx_word' id='word_1_18' title='bbox 1121 772 1194 837; x_wconf 91' lang='lat' dir='ltr'><strong>in</strong></span> <span class='ocrx_word' id='word_1_19' title='bbox 1259 773 1545 839; x_wconf 83' lang='lat' dir='ltr'><strong>statione</strong></span> <span class='ocrx_word' id='word_1_20' title='bbox 1610 772 1935 839; x_wconf 83' lang='lat' dir='ltr'><strong>destinata</strong></span> <span class='ocrx_word' id='word_1_21' title='bbox 2000 773 2442 855; x_wconf 86' lang='lat' dir='ltr'><strong>confirmabit,</strong></span> <span class='ocrx_word' id='word_1_22' title='bbox 2506 783 2582 839; x_wconf 89' lang='lat' dir='ltr'><strong>ut</strong></span> 
     </span>
     <span class='ocr_line' id='line_1_5' title="bbox 616 857 1619 926; baseline -0.001 0"><span class='ocrx_word' id='word_1_23' title='bbox 616 877 888 926; x_wconf 87' lang='lat' dir='ltr'><strong>cursum</strong></span> <span class='ocrx_word' id='word_1_24' title='bbox 933 857 1213 926; x_wconf 76' lang='lat' dir='ltr'><strong>feliciter</strong></span> <span class='ocrx_word' id='word_1_25' title='bbox 1255 857 1619 926; x_wconf 78' lang='lat' dir='ltr'><strong>absolvant.</strong></span> 
     </span>
    </p>

    <p class='ocr_par' dir='ltr' id='par_1_3' title="bbox 609 942 2580 2059">
     <span class='ocr_line' id='line_1_6' title="bbox 786 942 2578 1028; baseline 0 -18"><span class='ocrx_word' id='word_1_26' title='bbox 786 942 858 1011; x_wconf 91' lang='lat' dir='ltr'><strong>Is</strong></span> <span class='ocrx_word' id='word_1_27' title='bbox 944 944 1016 1009; x_wconf 91' lang='lat' dir='ltr'><strong>ui</strong></span> <span class='ocrx_word' id='word_1_28' title='bbox 1075 944 1197 1010; x_wconf 83' lang='lat' dir='ltr'><strong>has</strong></span> <span class='ocrx_word' id='word_1_29' title='bbox 1254 943 1339 1010; x_wconf 90' lang='lat' dir='ltr'><strong>ad</strong></span> <span class='ocrx_word' id='word_1_30' title='bbox 1398 952 1465 1010; x_wconf 89' lang='lat' dir='ltr'><strong>te</strong></span> <span class='ocrx_word' id='word_1_31' title='bbox 1523 945 1771 1028; x_wconf 80' lang='lat' dir='ltr'><strong>perfert</strong></span> <span class='ocrx_word' id='word_1_32' title='bbox 1811 946 2206 1012; x_wconf 83' lang='lat' dir='ltr'><strong>Franciscus</strong></span> <span class='ocrx_word' id='word_1_33' title='bbox 2248 945 2325 1010; x_wconf 79' lang='lat' dir='ltr'><strong>de</strong></span> <span class='ocrx_word' id='word_1_34' title='bbox 2367 943 2578 1023; x_wconf 78' lang='lat' dir='ltr'><strong>Luna,</strong></span> 
     </span>
     <span class='ocr_line' id='line_1_7' title="bbox 613 1028 2579 1113; baseline -0.002 -15"><span class='ocrx_word' id='word_1_35' title='bbox 613 1030 808 1098; x_wconf 87' lang='lat' dir='ltr'><strong>nobis</strong></span> <span class='ocrx_word' id='word_1_36' title='bbox 842 1050 884 1095; x_wconf 85' lang='lat' dir='ltr'><strong>a</strong></span> <span class='ocrx_word' id='word_1_37' title='bbox 977 1028 1229 1113; x_wconf 90' lang='lat' dir='ltr'><strong>rincipe</strong></span> <span class='ocrx_word' id='word_1_38' title='bbox 1264 1029 1576 1097; x_wconf 70' lang='lat' dir='ltr'><strong>condensi</strong></span> <span class='ocrx_word' id='word_1_39' title='bbox 1616 1036 1685 1097; x_wconf 93' lang='lat' dir='ltr'><strong>et</strong></span> <span class='ocrx_word' id='word_1_40' title='bbox 1706 1030 2038 1098; x_wconf 67' lang='grc' dir='ltr'><strong>Δηᾶεῑοαο</strong></span> <span class='ocrx_word' id='word_1_41' title='bbox 2079 1030 2579 1098; x_wconf 85' lang='lat' dir='ltr'><strong>commendatus</strong></span> 
     </span>
     <span class='ocr_line' id='line_1_8' title="bbox 612 1114 2579 1196; baseline -0.001 -13"><span class='ocrx_word' id='word_1_42' title='bbox 612 1117 758 1196; x_wconf 78' lang='lat' dir='ltr'><strong>fuit,</strong></span> <span class='ocrx_word' id='word_1_43' title='bbox 816 1115 1009 1182; x_wconf 87' lang='lat' dir='ltr'><strong>sicuti</strong></span> <span class='ocrx_word' id='word_1_44' title='bbox 1054 1136 1247 1181; x_wconf 87' lang='lat' dir='ltr'><strong>exem</strong></span> <span class='ocrx_word' id='word_1_45' title='bbox 1295 1115 1362 1182; x_wconf 90' lang='lat' dir='ltr'><strong>la</strong></span> <span class='ocrx_word' id='word_1_46' title='bbox 1417 1115 1761 1182; x_wconf 82' lang='lat' dir='ltr'><strong>literarum</strong></span> <span class='ocrx_word' id='word_1_47' title='bbox 1804 1114 2266 1182; x_wconf 88' lang='lat' dir='ltr'><strong>adiunctarum</strong></span> <span class='ocrx_word' id='word_1_48' title='bbox 2309 1115 2579 1183; x_wconf 89' lang='lat' dir='ltr'><strong>demon-</strong></span> 
     </span>
     <span class='ocr_line' id='line_1_9' title="bbox 612 1136 2577 1301; baseline -0.002 -32"><span class='ocrx_word' id='word_1_49' title='bbox 612 1210 844 1269; x_wconf 87' lang='lat' dir='ltr'><strong>strant.</strong></span> <span class='ocrx_word' id='word_1_50' title='bbox 915 1200 1100 1268; x_wconf 86' lang='lat' dir='ltr'><strong>Dicit</strong></span> <span class='ocrx_word' id='word_1_51' title='bbox 1141 1221 1214 1268; x_wconf 93' lang='lat' dir='ltr'><strong>se</strong></span> <span class='ocrx_word' id='word_1_52' title='bbox 1246 1136 1624 1301; x_wconf 49' lang='lat' dir='ltr'><strong>Rispanum</strong></span> <span class='ocrx_word' id='word_1_53' title='bbox 1662 1222 1824 1279; x_wconf 85' lang='lat' dir='ltr'><strong>esse,</strong></span> <span class='ocrx_word' id='word_1_54' title='bbox 1870 1201 2075 1269; x_wconf 90' lang='lat' dir='ltr'><strong>nobili</strong></span> <span class='ocrx_word' id='word_1_55' title='bbox 2116 1223 2359 1287; x_wconf 82' lang='lat' dir='ltr'><strong>genere</strong></span> <span class='ocrx_word' id='word_1_56' title='bbox 2401 1199 2577 1286; x_wconf 90' lang='lat' dir='ltr'><strong>apud</strong></span> 
     </span>
     <span class='ocr_line' id='line_1_10' title="bbox 613 1286 2578 1373; baseline -0.001 -19"><span class='ocrx_word' id='word_1_57' title='bbox 613 1307 771 1354; x_wconf 88' lang='lat' dir='ltr'><strong>suos</strong></span> <span class='ocrx_word' id='word_1_58' title='bbox 811 1293 1055 1365; x_wconf 87' lang='lat' dir='ltr'><strong>ortum,</strong></span> <span class='ocrx_word' id='word_1_59' title='bbox 1101 1286 1222 1352; x_wconf 89' lang='lat' dir='ltr'><strong>reli</strong></span> <span class='ocrx_word' id='word_1_60' title='bbox 1273 1288 1441 1355; x_wconf 82' lang='lat' dir='ltr'><strong>‘oms</strong></span> <span class='ocrx_word' id='word_1_61' title='bbox 1483 1307 1641 1373; x_wconf 82' lang='lat' dir='ltr'><strong>ergo</strong></span> <span class='ocrx_word' id='word_1_62' title='bbox 1683 1287 1992 1354; x_wconf 78' lang='lat' dir='ltr'>exsilium</span> <span class='ocrx_word' id='word_1_63' title='bbox 2025 1290 2182 1372; x_wconf 84' lang='lat' dir='ltr'><strong>pati.</strong></span> <span class='ocrx_word' id='word_1_64' title='bbox 2255 1286 2385 1355; x_wconf 88' lang='lat' dir='ltr'><strong>Oui</strong></span> <span class='ocrx_word' id='word_1_65' title='bbox 2429 1288 2578 1371; x_wconf 88' lang='lat' dir='ltr'><strong>qui-</strong></span> 
     </span>
     <span class='ocr_line' id='line_1_11' title="bbox 616 1309 2580 1458; baseline 0.001 -19"><span class='ocrx_word' id='word_1_66' title='bbox 616 1372 768 1440; x_wconf 91' lang='lat' dir='ltr'><strong>dem</strong></span> <span class='ocrx_word' id='word_1_67' title='bbox 802 1372 1089 1439; x_wconf 80' lang='lat' dir='ltr'><strong>libenter</strong></span> <span class='ocrx_word' id='word_1_68' title='bbox 1108 1309 1600 1456; x_wconf 55' lang='lat' dir='ltr'><strong>proffiiaaemus,</strong></span> <span class='ocrx_word' id='word_1_69' title='bbox 1634 1372 1750 1439; x_wconf 88' lang='lat' dir='ltr'><strong>sed</strong></span> <span class='ocrx_word' id='word_1_70' title='bbox 1785 1381 1926 1439; x_wconf 86' lang='lat' dir='ltr'><strong>tota</strong></span> <span class='ocrx_word' id='word_1_71' title='bbox 1959 1373 2331 1458; x_wconf 88' lang='lat' dir='ltr'><strong>respublica</strong></span> <span class='ocrx_word' id='word_1_72' title='bbox 2350 1382 2580 1440; x_wconf 89' lang='lat' dir='ltr'><strong>nostra</strong></span> 
     </span>
     <span class='ocr_line' id='line_1_12' title="bbox 612 1457 2579 1543; baseline 0 -18"><span class='ocrx_word' id='word_1_73' title='bbox 612 1459 698 1525; x_wconf 91' lang='lat' dir='ltr'><strong>ob</strong></span> <span class='ocrx_word' id='word_1_74' title='bbox 731 1466 988 1543; x_wconf 88' lang='lat' dir='ltr'><strong>pestem</strong></span> <span class='ocrx_word' id='word_1_75' title='bbox 1030 1459 1435 1525; x_wconf 82' lang='lat' dir='ltr'><strong>saevientem</strong></span> <span class='ocrx_word' id='word_1_76' title='bbox 1477 1459 1571 1524; x_wconf 87' lang='lat' dir='ltr'><strong>ita</strong></span> <span class='ocrx_word' id='word_1_77' title='bbox 1603 1458 1920 1543; x_wconf 85' lang='lat' dir='ltr'><strong>dissipata</strong></span> <span class='ocrx_word' id='word_1_78' title='bbox 1960 1468 2079 1539; x_wconf 84' lang='lat' dir='ltr'><strong>est,</strong></span> <span class='ocrx_word' id='word_1_79' title='bbox 2124 1471 2201 1526; x_wconf 85' lang='lat' dir='ltr'><strong>ut</strong></span> <span class='ocrx_word' id='word_1_80' title='bbox 2241 1457 2579 1526; x_wconf 91' lang='lat' dir='ltr'><strong>commode</strong></span> 
     </span>
     <span class='ocr_line' id='line_1_13' title="bbox 612 1544 2579 1629; baseline 0 -19"><span class='ocrx_word' id='word_1_81' title='bbox 612 1544 802 1610; x_wconf 89' lang='lat' dir='ltr'><strong>illum</strong></span> <span class='ocrx_word' id='word_1_82' title='bbox 871 1545 994 1611; x_wconf 83' lang='lat' dir='ltr'><strong>hoc</strong></span> <span class='ocrx_word' id='word_1_83' title='bbox 1061 1553 1357 1628; x_wconf 86' lang='lat' dir='ltr'><strong>tempore</strong></span> <span class='ocrx_word' id='word_1_84' title='bbox 1421 1544 1648 1611; x_wconf 84' lang='lat' dir='ltr'><strong>iuvare</strong></span> <span class='ocrx_word' id='word_1_85' title='bbox 1713 1566 1849 1610; x_wconf 89' lang='lat' dir='ltr'><strong>non</strong></span> <span class='ocrx_word' id='word_1_86' title='bbox 1911 1546 2258 1629; x_wconf 87' lang='lat' dir='ltr'><strong>possimus.</strong></span> <span class='ocrx_word' id='word_1_87' title='bbox 2347 1544 2579 1628; x_wconf 82' lang='lat' dir='ltr'><strong>Quum</strong></span> 
     </span>
     <span class='ocr_line' id='line_1_14' title="bbox 611 1629 2579 1710; baseline 0 -14"><span class='ocrx_word' id='word_1_88' title='bbox 611 1637 838 1696; x_wconf 84' lang='lat' dir='ltr'><strong>autem</strong></span> <span class='ocrx_word' id='word_1_89' title='bbox 906 1636 1194 1696; x_wconf 78' lang='lat' dir='ltr'><strong>vestram</strong></span> <span class='ocrx_word' id='word_1_90' title='bbox 1258 1629 1600 1697; x_wconf 85' lang='lat' dir='ltr'><strong>ecclesiam</strong></span> <span class='ocrx_word' id='word_1_91' title='bbox 1661 1631 1947 1698; x_wconf 81' lang='lat' dir='ltr'><strong>invisere</strong></span> <span class='ocrx_word' id='word_1_92' title='bbox 2012 1629 2399 1710; x_wconf 81' lang='lat' dir='ltr'><strong>decreverit,</strong></span> <span class='ocrx_word' id='word_1_93' title='bbox 2465 1630 2579 1696; x_wconf 91' lang='lat' dir='ltr'><strong>ubi</strong></span> 
     </span>
     <span class='ocr_line' id='line_1_15' title="bbox 611 1714 2577 1801; baseline 0.001 -19"><span class='ocrx_word' id='word_1_94' title='bbox 611 1715 911 1782; x_wconf 73' lang='lat' dir='ltr'>fortassis</span> <span class='ocrx_word' id='word_1_95' title='bbox 954 1714 1132 1798; x_wconf 88' lang='lat' dir='ltr'><strong>apud</strong></span> <span class='ocrx_word' id='word_1_96' title='bbox 1177 1736 1333 1781; x_wconf 85' lang='lat' dir='ltr'><strong>suae</strong></span> <span class='ocrx_word' id='word_1_97' title='bbox 1375 1715 1662 1782; x_wconf 88' lang='lat' dir='ltr'><strong>nationis</strong></span> <span class='ocrx_word' id='word_1_98' title='bbox 1705 1716 2008 1783; x_wconf 90' lang='lat' dir='ltr'><strong>homines</strong></span> <span class='ocrx_word' id='word_1_99' title='bbox 2049 1716 2349 1801; x_wconf 87' lang='lat' dir='ltr'><strong>pleniora</strong></span> <span class='ocrx_word' id='word_1_100' title='bbox 2391 1715 2577 1783; x_wconf 90' lang='lat' dir='ltr'><strong>adiu-</strong></span> 
     </span>
     <span class='ocr_line' id='line_1_16' title="bbox 609 1800 2579 1887; baseline 0.001 -19"><span class='ocrx_word' id='word_1_101' title='bbox 609 1807 842 1868; x_wconf 83' lang='lat' dir='ltr'><strong>menta</strong></span> <span class='ocrx_word' id='word_1_102' title='bbox 881 1808 1238 1886; x_wconf 83' lang='lat' dir='ltr'><strong>exspectat,</strong></span> <span class='ocrx_word' id='word_1_103' title='bbox 1285 1800 1591 1868; x_wconf 91' lang='lat' dir='ltr'><strong>nolumus</strong></span> <span class='ocrx_word' id='word_1_104' title='bbox 1634 1823 1794 1869; x_wconf 84' lang='lat' dir='ltr'><strong>suae</strong></span> <span class='ocrx_word' id='word_1_105' title='bbox 1837 1802 2139 1887; x_wconf 89' lang='lat' dir='ltr'><strong>petitioni</strong></span> <span class='ocrx_word' id='word_1_106' title='bbox 2185 1803 2310 1868; x_wconf 89' lang='lat' dir='ltr'><strong>hac</strong></span> <span class='ocrx_word' id='word_1_107' title='bbox 2352 1812 2579 1869; x_wconf 88' lang='lat' dir='ltr'><strong>nostra</strong></span> 
     </span>
     <span class='ocr_line' id='line_1_17' title="bbox 611 1885 2578 1967; baseline -0.001 -13"><span class='ocrx_word' id='word_1_108' title='bbox 611 1885 1177 1954; x_wconf 73' lang='lat' dir='ltr'><strong>commendatione</strong></span> <span class='ocrx_word' id='word_1_109' title='bbox 1212 1887 1453 1954; x_wconf 87' lang='lat' dir='ltr'><strong>deesse.</strong></span> <span class='ocrx_word' id='word_1_110' title='bbox 1526 1888 1825 1956; x_wconf 79' lang='lat' dir='ltr'><strong>Petimus</strong></span> <span class='ocrx_word' id='word_1_111' title='bbox 1881 1898 2101 1954; x_wconf 90' lang='lat' dir='ltr'><strong>autem</strong></span> <span class='ocrx_word' id='word_1_112' title='bbox 2146 1897 2222 1954; x_wconf 89' lang='lat' dir='ltr'><strong>ut</strong></span> <span class='ocrx_word' id='word_1_113' title='bbox 2265 1888 2382 1967; x_wconf 85' lang='lat' dir='ltr'><strong>illi,</strong></span> <span class='ocrx_word' id='word_1_114' title='bbox 2427 1897 2578 1953; x_wconf 85' lang='lat' dir='ltr'><strong>tan-</strong></span> 
     </span>
     <span class='ocr_line' id='line_1_18' title="bbox 611 1972 2574 2059; baseline 0 -20"><span class='ocrx_word' id='word_1_115' title='bbox 611 1993 813 2057; x_wconf 85' lang='lat' dir='ltr'><strong>quam</strong></span> <span class='ocrx_word' id='word_1_116' title='bbox 877 1982 1104 2039; x_wconf 83' lang='lat' dir='ltr'><strong>extero</strong></span> <span class='ocrx_word' id='word_1_117' title='bbox 1172 1972 1441 2052; x_wconf 85' lang='lat' dir='ltr'><strong>homini,</strong></span> <span class='ocrx_word' id='word_1_118' title='bbox 1506 1972 1723 2040; x_wconf 87' lang='lat' dir='ltr'><strong>officia</strong></span> <span class='ocrx_word' id='word_1_119' title='bbox 1791 1973 2152 2041; x_wconf 88' lang='lat' dir='ltr'><strong>christiana</strong></span> <span class='ocrx_word' id='word_1_120' title='bbox 2211 1975 2574 2059; x_wconf 81' lang='lat' dir='ltr'><strong>praestetis,</strong></span> 
     </span>
    </p>

    <p class='ocr_par' dir='ltr' id='par_1_4' title="bbox 609 2056 2581 2469">
     <span class='ocr_line' id='line_1_19' title="bbox 655 2056 2574 2126; baseline -0.001 0"><span class='ocrx_word' id='word_1_121' title='bbox 655 2057 1164 2126; x_wconf 87' lang='lat' dir='ltr'><strong>uemadmodum</strong></span> <span class='ocrx_word' id='word_1_122' title='bbox 1207 2056 1288 2125; x_wconf 93' lang='lat' dir='ltr'><strong>de</strong></span> <span class='ocrx_word' id='word_1_123' title='bbox 1328 2065 1554 2126; x_wconf 82' lang='lat' dir='ltr'><strong>vestra</strong></span> <span class='ocrx_word' id='word_1_124' title='bbox 1594 2059 1942 2126; x_wconf 78' lang='lat' dir='ltr'><strong>voluntate</strong></span> <span class='ocrx_word' id='word_1_125' title='bbox 1986 2081 2122 2126; x_wconf 90' lang='lat' dir='ltr'><strong>non</strong></span> <span class='ocrx_word' id='word_1_126' title='bbox 2172 2057 2574 2126; x_wconf 88' lang='lat' dir='ltr'><strong>dubitamus.</strong></span> 
     </span>
     <span class='ocr_line' id='line_1_20' title="bbox 609 2079 2576 2230; baseline 0.001 -19"><span class='ocrx_word' id='word_1_127' title='bbox 609 2079 765 2211; x_wconf 46' lang='lat' dir='ltr'><strong>{rit</strong></span> <span class='ocrx_word' id='word_1_128' title='bbox 794 2143 862 2210; x_wconf 88' lang='lat' dir='ltr'><strong>id</strong></span> <span class='ocrx_word' id='word_1_129' title='bbox 885 2143 1074 2211; x_wconf 90' lang='lat' dir='ltr'><strong>nobis</strong></span> <span class='ocrx_word' id='word_1_130' title='bbox 1115 2143 1405 2211; x_wconf 87' lang='lat' dir='ltr'><strong>officium</strong></span> <span class='ocrx_word' id='word_1_131' title='bbox 1449 2165 1579 2210; x_wconf 89' lang='lat' dir='ltr'><strong>non</strong></span> <span class='ocrx_word' id='word_1_132' title='bbox 1603 2145 1820 2211; x_wconf 88' lang='lat' dir='ltr'><strong>solum</strong></span> <span class='ocrx_word' id='word_1_133' title='bbox 1843 2155 2127 2230; x_wconf 82' lang='lat' dir='ltr'><strong>gratum,</strong></span> <span class='ocrx_word' id='word_1_134' title='bbox 2164 2144 2279 2212; x_wconf 90' lang='lat' dir='ltr'><strong>sed</strong></span> <span class='ocrx_word' id='word_1_135' title='bbox 2323 2154 2392 2212; x_wconf 93' lang='lat' dir='ltr'><strong>et</strong></span> <span class='ocrx_word' id='word_1_136' title='bbox 2413 2146 2576 2225; x_wconf 87' lang='lat' dir='ltr'><strong>Deo,</strong></span> 
     </span>
     <span class='ocr_line' id='line_1_21' title="bbox 610 2229 2581 2315; baseline 0 -19"><span class='ocrx_word' id='word_1_137' title='bbox 610 2229 803 2297; x_wconf 88' lang='lat' dir='ltr'><strong>cuius</strong></span> <span class='ocrx_word' id='word_1_138' title='bbox 846 2249 1047 2298; x_wconf 87' lang='lat' dir='ltr'><strong>causa</strong></span> <span class='ocrx_word' id='word_1_139' title='bbox 1081 2230 1492 2314; x_wconf 88' lang='lat' dir='ltr'><strong>potissimum</strong></span> <span class='ocrx_word' id='word_1_140' title='bbox 1527 2232 1769 2315; x_wconf 81' lang='lat' dir='ltr'><strong>agitur,</strong></span> <span class='ocrx_word' id='word_1_141' title='bbox 1814 2232 1928 2315; x_wconf 89' lang='lat' dir='ltr'><strong>qui</strong></span> <span class='ocrx_word' id='word_1_142' title='bbox 1970 2232 2159 2299; x_wconf 88' lang='lat' dir='ltr'><strong>nobis</strong></span> <span class='ocrx_word' id='word_1_143' title='bbox 2201 2231 2468 2298; x_wconf 78' lang='lat' dir='ltr'><strong>exsules</strong></span> <span class='ocrx_word' id='word_1_144' title='bbox 2511 2239 2581 2297; x_wconf 92' lang='lat' dir='ltr'><strong>et</strong></span> 
     </span>
     <span class='ocr_line' id='line_1_22' title="bbox 612 2315 2580 2469; baseline 0 -88"><span class='ocrx_word' id='word_1_145' title='bbox 612 2403 653 2467; x_wconf 69' lang='grc'>9</span> <span class='ocrx_word' id='word_1_146' title='bbox 721 2400 786 2467; x_wconf 69' lang='grc' dir='ltr'>ὼ</span> <span class='ocrx_word' id='word_1_147' title='bbox 869 2337 1010 2469; x_wconf 49' lang='grc' dir='ltr'><strong>ἰοὶ</strong></span> <span class='ocrx_word' id='word_1_148' title='bbox 1024 2315 1524 2395; x_wconf 84' lang='lat' dir='ltr'><strong>commendavit,</strong></span> <span class='ocrx_word' id='word_1_149' title='bbox 1563 2325 1920 2400; x_wconf 89' lang='lat' dir='ltr'><strong>acceptum.</strong></span> <span class='ocrx_word' id='word_1_150' title='bbox 1982 2317 2198 2384; x_wconf 85' lang='lat' dir='ltr'><strong>Datae</strong></span> <span class='ocrx_word' id='word_1_151' title='bbox 2221 2317 2580 2385; x_wconf 83' lang='lat' dir='ltr'><strong>Lorbachii</strong></span> 
     </span>
     <span class='ocr_line' id='line_1_23' title="bbox 659 2406 1404 2468; baseline 0 -1"><span class='ocrx_word' id='word_1_152' title='bbox 659 2452 674 2467; x_wconf 88' lang='lat'><strong>.</strong></span> <span class='ocrx_word' id='word_1_153' title='bbox 789 2423 826 2468; x_wconf 91' lang='lat' dir='ltr'><strong>e</strong></span> <span class='ocrx_word' id='word_1_154' title='bbox 930 2420 968 2468; x_wconf 88' lang='lat' dir='ltr'><strong>e</strong></span> <span class='ocrx_word' id='word_1_155' title='bbox 1010 2424 1062 2468; x_wconf 90' lang='lat' dir='ltr'><strong>r.</strong></span> <span class='ocrx_word' id='word_1_156' title='bbox 1110 2423 1168 2467; x_wconf 88' lang='lat' dir='ltr'><strong>a.</strong></span> <span class='ocrx_word' id='word_1_157' title='bbox 1222 2406 1404 2467; x_wconf 78' lang='lat'><strong>1564.</strong></span> 
     </span>
    </p>
   </div>
   <div class='ocr_carea' id='block_1_3' title="bbox 1241 2535 2488 2606">
    <p class='ocr_par' dir='ltr' id='par_1_5' title="bbox 1241 2535 2488 2606">
     <span class='ocr_line' id='line_1_24' title="bbox 1241 2535 2488 2606; baseline 0 -2"><span class='ocrx_word' id='word_1_158' title='bbox 1241 2535 1624 2604; x_wconf 77' lang='lat' dir='ltr'><strong>Fridericus</strong></span> <span class='ocrx_word' id='word_1_159' title='bbox 1667 2536 2012 2605; x_wconf 86' lang='lat' dir='ltr'><strong>Palatinus</strong></span> <span class='ocrx_word' id='word_1_160' title='bbox 2055 2539 2324 2606; x_wconf 77' lang='lat' dir='ltr'><strong>Elector</strong></span> <span class='ocrx_word' id='word_1_161' title='bbox 2367 2547 2488 2606; x_wconf 88' lang='lat' dir='ltr'><strong>eto.</strong></span> 
     </span>
    </p>
   </div>
   <div class='ocr_carea' id='block_1_4' title="bbox 1497 3084 1701 3156">
    <p class='ocr_par' dir='ltr' id='par_1_6' title="bbox 1497 3084 1701 3156">
     <span class='ocr_line' id='line_1_25' title="bbox 1497 3084 1701 3156; baseline -0.005 0"><span class='ocrx_word' id='word_1_162' title='bbox 1497 3084 1701 3156; x_wconf 74' lang='lat'><strong>4⁰79.</strong></span> 
     </span>
    </p>
   </div>
   <div class='ocr_carea' id='block_1_5' title="bbox 613 3240 2578 3742">
    <p class='ocr_par' dir='ltr' id='par_1_7' title="bbox 613 3240 2578 3742">
     <span class='ocr_line' id='line_1_26' title="bbox 1070 3240 2115 3311; baseline -0.001 -2"><span class='ocrx_word' id='word_1_163' title='bbox 1070 3240 1746 3311; x_wconf 77' lang='lat' dir='ltr'>BULLINGERUS</span> <span class='ocrx_word' id='word_1_164' title='bbox 1791 3241 2115 3309; x_wconf 78' lang='lat' dir='ltr'><strong>BEZAE.</strong></span> 
     </span>
     <span class='ocr_line' id='line_1_27' title="bbox 784 3412 2578 3484; baseline -0.002 0"><span class='ocrx_word' id='word_1_165' title='bbox 784 3414 1265 3484; x_wconf 72' lang='lat' dir='ltr'><strong>DoBalduini</strong></span> <span class='ocrx_word' id='word_1_166' title='bbox 1327 3412 2578 3482; x_wconf 67' lang='lat' dir='ltr'><strong>conviciisaoastellionismorted</strong></span> 
     </span>
     <span class='ocr_line' id='line_1_28' title="bbox 613 3501 947 3586; baseline 0 0"><span class='ocrx_word' id='word_1_167' title='bbox 613 3501 947 3586; x_wconf 68' lang='lat' dir='ltr'><strong>epitaphio.</strong></span> 
     </span>
     <span class='ocr_line' id='line_1_29' title="bbox 937 3668 2257 3742; baseline -0.003 -16"><span class='ocrx_word' id='word_1_168' title='bbox 937 3670 1052 3738; x_wconf 73' lang='lat' dir='ltr'><strong>(Ex</strong></span> <span class='ocrx_word' id='word_1_169' title='bbox 1087 3674 1425 3742; x_wconf 66' lang='lat' dir='ltr'><strong>autogr-pho</strong></span> <span class='ocrx_word' id='word_1_170' title='bbox 1459 3670 1590 3725; x_wconf 70' lang='lat' dir='ltr'><strong>eod.</strong></span> <span class='ocrx_word' id='word_1_171' title='bbox 1626 3670 1830 3726; x_wconf 62' lang='grc' dir='ltr'><strong>(ἔθυον.</strong></span> <span class='ocrx_word' id='word_1_172' title='bbox 1871 3668 1987 3737; x_wconf 77' lang='grc'>120,</span> <span class='ocrx_word' id='word_1_173' title='bbox 2018 3671 2109 3726; x_wconf 78' lang='lat' dir='ltr'><strong>sol.</strong></span> <span class='ocrx_word' id='word_1_174' title='bbox 2147 3668 2257 3738; x_wconf 80' lang='lat'><strong>17.)</strong></span> 
     </span>
    </p>
   </div>
   <div class='ocr_carea' id='block_1_6' title="bbox 610 3841 2585 4408">
    <p class='ocr_par' dir='ltr' id='par_1_8' title="bbox 613 3841 2579 4081">
     <span class='ocr_line' id='line_1_30' title="bbox 614 3841 2577 3909; baseline 0 -1"><span class='ocrx_word' id='word_1_175' title='bbox 614 3841 998 3909; x_wconf 80' lang='lat' dir='ltr'><strong>Clarissimo</strong></span> <span class='ocrx_word' id='word_1_176' title='bbox 1047 3842 1187 3909; x_wconf 77' lang='lat' dir='ltr'><strong>viro</strong></span> <span class='ocrx_word' id='word_1_177' title='bbox 1230 3843 1316 3909; x_wconf 92' lang='lat' dir='ltr'><strong>D.</strong></span> <span class='ocrx_word' id='word_1_178' title='bbox 1362 3842 1708 3909; x_wconf 76' lang='lat' dir='ltr'><strong>Theodoro</strong></span> <span class='ocrx_word' id='word_1_179' title='bbox 1755 3842 1968 3908; x_wconf 82' lang='lat' dir='ltr'><strong>Bezae</strong></span> <span class='ocrx_word' id='word_1_180' title='bbox 2012 3842 2431 3909; x_wconf 81' lang='lat' dir='ltr'><strong>Genevensis</strong></span> <span class='ocrx_word' id='word_1_181' title='bbox 2474 3861 2577 3908; x_wconf 90' lang='lat' dir='ltr'><strong>eo-</strong></span> 
     </span>
     <span class='ocr_line' id='line_1_31' title="bbox 613 3926 2579 4030; baseline -0.002 -34"><span class='ocrx_word' id='word_1_182' title='bbox 613 3927 852 3996; x_wconf 84' lang='lat' dir='ltr'><strong>clesiae</strong></span> <span class='ocrx_word' id='word_1_183' title='bbox 895 3927 1073 3994; x_wconf 87' lang='lat' dir='ltr'><strong>fideli</strong></span> <span class='ocrx_word' id='word_1_184' title='bbox 1114 3930 1418 3996; x_wconf 90' lang='lat' dir='ltr'><strong>ministro</strong></span> <span class='ocrx_word' id='word_1_185' title='bbox 1466 3928 1731 4030; x_wconf 73' lang='lat' dir='ltr'><strong>domino</strong></span> <span class='ocrx_word' id='word_1_186' title='bbox 1773 3948 1920 3994; x_wconf 91' lang='lat' dir='ltr'><strong>meo</strong></span> <span class='ocrx_word' id='word_1_187' title='bbox 1962 3926 2235 3995; x_wconf 84' lang='lat' dir='ltr'><strong>colendo</strong></span> <span class='ocrx_word' id='word_1_188' title='bbox 2279 3936 2347 3994; x_wconf 86' lang='lat' dir='ltr'><strong>et</strong></span> <span class='ocrx_word' id='word_1_189' title='bbox 2387 3928 2579 3993; x_wconf 82' lang='lat' dir='ltr'><strong>fratri</strong></span> 
     </span>
     <span class='ocr_line' id='line_1_32' title="bbox 1436 4032 1792 4081; baseline 0 -2"><span class='ocrx_word' id='word_1_190' title='bbox 1436 4032 1792 4081; x_wconf 77' lang='lat' dir='ltr'><strong>carissimo.</strong></span> 
     </span>
    </p>

    <p class='ocr_par' dir='ltr' id='par_1_9' title="bbox 610 4185 2585 4408">
     <span class='ocr_line' id='line_1_33' title="bbox 610 4185 2581 4321; baseline -0.002 -17"><span class='ocrx_word' id='word_1_191' title='bbox 610 4187 839 4304; x_wconf 58' lang='lat' dir='ltr'><strong>{ina-J</strong></span> <span class='ocrx_word' id='word_1_192' title='bbox 868 4186 1383 4320; x_wconf 48' lang='lat' dir='ltr'><strong>saffra}</strong></span> <span class='ocrx_word' id='word_1_193' title='bbox 1411 4187 1650 4321; x_wconf 54' lang='lat'>5000}</span> <span class='ocrx_word' id='word_1_194' title='bbox 1685 4186 1914 4303; x_wconf 50' lang='lat' dir='ltr'><strong>{iso—0-</strong></span> <span class='ocrx_word' id='word_1_195' title='bbox 1941 4185 2581 4321; x_wconf 42' lang='lat' dir='ltr'><strong>aihu-0715&amp;</strong></span> 
     </span>
     <span class='ocr_line' id='line_1_34' title="bbox 613 4319 2585 4408; baseline -0.001 -19"><span class='ocrx_word' id='word_1_196' title='bbox 613 4324 795 4391; x_wconf 88' lang='lat' dir='ltr'><strong>ribus</strong></span> <span class='ocrx_word' id='word_1_197' title='bbox 860 4322 1170 4390; x_wconf 87' lang='lat' dir='ltr'><strong>mittebas</strong></span> <span class='ocrx_word' id='word_1_198' title='bbox 1231 4322 1462 4389; x_wconf 78' lang='lat' dir='ltr'><strong>folium</strong></span> <span class='ocrx_word' id='word_1_199' title='bbox 1528 4344 1612 4388; x_wconf 85' lang='lat' dir='ltr'><strong>ex</strong></span> <span class='ocrx_word' id='word_1_200' title='bbox 1676 4321 1843 4388; x_wconf 87' lang='lat' dir='ltr'><strong>libro</strong></span> <span class='ocrx_word' id='word_1_201' title='bbox 1907 4321 2195 4408; x_wconf 89' lang='lat' dir='ltr'><strong>quodam</strong></span> <span class='ocrx_word' id='word_1_202' title='bbox 2257 4319 2585 4390; x_wconf 70' lang='lat' dir='ltr'><strong>Bawuini</strong></span> 
     </span>
    </p>
   </div>
   <div class='ocr_carea' id='block_1_7' title="bbox 612 4407 2730 4492">
    <p class='ocr_par' dir='ltr' id='par_1_10' title="bbox 612 4407 2730 4492">
     <span class='ocr_line' id='line_1_35' title="bbox 612 4407 2730 4492; baseline -0.002 -15"><span class='ocrx_word' id='word_1_203' title='bbox 612 4417 844 4477; x_wconf 81' lang='lat' dir='ltr'><strong>contra</strong></span> <span class='ocrx_word' id='word_1_204' title='bbox 887 4429 1009 4476; x_wconf 89' lang='lat' dir='ltr'><strong>nos</strong></span> <span class='ocrx_word' id='word_1_205' title='bbox 1063 4407 1338 4475; x_wconf 88' lang='lat' dir='ltr'><strong>edendo.</strong></span> <span class='ocrx_word' id='word_1_206' title='bbox 1409 4409 1704 4475; x_wconf 85' lang='lat' dir='ltr'><strong>Remitto</strong></span> <span class='ocrx_word' id='word_1_207' title='bbox 1747 4407 1872 4473; x_wconf 91' lang='lat' dir='ltr'><strong>hoc</strong></span> <span class='ocrx_word' id='word_1_208' title='bbox 1925 4415 2124 4492; x_wconf 88' lang='lat' dir='ltr'><strong>prout</strong></span> <span class='ocrx_word' id='word_1_209' title='bbox 2167 4428 2209 4473; x_wconf 87' lang='lat' dir='ltr'><strong>a</strong></span> <span class='ocrx_word' id='word_1_210' title='bbox 2250 4429 2357 4474; x_wconf 89' lang='lat' dir='ltr'><strong>me</strong></span> <span class='ocrx_word' id='word_1_211' title='bbox 2400 4416 2582 4491; x_wconf 90' lang='lat' dir='ltr'><strong>pete-</strong></span> <span class='ocrx_word' id='word_1_212' title='bbox 2718 4444 2730 4456; x_wconf 89' lang='lat'><strong>·</strong></span> 
     </span>
    </p>
   </div>
   <div class='ocr_carea' id='block_1_8' title="bbox 611 4493 2589 5182">
    <p class='ocr_par' dir='ltr' id='par_1_11' title="bbox 611 4493 2589 5090">
     <span class='ocr_line' id='line_1_36' title="bbox 611 4493 2582 4579; baseline -0.002 -17"><span class='ocrx_word' id='word_1_213' title='bbox 611 4495 752 4562; x_wconf 86' lang='lat' dir='ltr'><strong>bas.</strong></span> <span class='ocrx_word' id='word_1_214' title='bbox 832 4494 1047 4561; x_wconf 78' lang='lat' dir='ltr'><strong>Miror</strong></span> <span class='ocrx_word' id='word_1_215' title='bbox 1083 4514 1239 4562; x_wconf 81' lang='lat' dir='ltr'><strong>vero</strong></span> <span class='ocrx_word' id='word_1_216' title='bbox 1275 4495 1426 4579; x_wconf 87' lang='lat' dir='ltr'><strong>quis</strong></span> <span class='ocrx_word' id='word_1_217' title='bbox 1460 4493 1838 4562; x_wconf 85' lang='lat' dir='ltr'><strong>huiusmodi</strong></span> <span class='ocrx_word' id='word_1_218' title='bbox 1875 4493 2253 4561; x_wconf 88' lang='lat' dir='ltr'><strong>hominibus</strong></span> <span class='ocrx_word' id='word_1_219' title='bbox 2296 4494 2582 4560; x_wconf 88' lang='lat' dir='ltr'><strong>sufficiat</strong></span> 
     </span>
     <span class='ocr_line' id='line_1_37' title="bbox 613 4577 2585 4663; baseline -0.001 -16"><span class='ocrx_word' id='word_1_220' title='bbox 613 4588 870 4647; x_wconf 82' lang='lat' dir='ltr'><strong>tantam</strong></span> <span class='ocrx_word' id='word_1_221' title='bbox 915 4579 1239 4647; x_wconf 89' lang='lat' dir='ltr'><strong>malorum</strong></span> <span class='ocrx_word' id='word_1_222' title='bbox 1283 4579 1636 4647; x_wconf 82' lang='lat' dir='ltr'><strong>verborum</strong></span> <span class='ocrx_word' id='word_1_223' title='bbox 1694 4600 1772 4648; x_wconf 86' lang='lat' dir='ltr'><strong>co</strong></span> <span class='ocrx_word' id='word_1_224' title='bbox 1821 4580 1971 4646; x_wconf 89' lang='lat' dir='ltr'><strong>iam.</strong></span> <span class='ocrx_word' id='word_1_225' title='bbox 2048 4577 2382 4663; x_wconf 80' lang='lat' dir='ltr'><strong>Obstupui</strong></span> <span class='ocrx_word' id='word_1_226' title='bbox 2424 4600 2585 4647; x_wconf 89' lang='lat' dir='ltr'><strong>sane</strong></span> 
     </span>
     <span class='ocr_line' id='line_1_38' title="bbox 614 4665 2586 4752; baseline -0.001 -20"><span class='ocrx_word' id='word_1_227' title='bbox 614 4665 776 4732; x_wconf 90' lang='lat' dir='ltr'><strong>dum</strong></span> <span class='ocrx_word' id='word_1_228' title='bbox 811 4666 1084 4733; x_wconf 88' lang='lat' dir='ltr'><strong>unicum</strong></span> <span class='ocrx_word' id='word_1_229' title='bbox 1118 4667 1243 4733; x_wconf 91' lang='lat' dir='ltr'><strong>hoc</strong></span> <span class='ocrx_word' id='word_1_230' title='bbox 1276 4666 1506 4733; x_wconf 83' lang='lat' dir='ltr'><strong>folium</strong></span> <span class='ocrx_word' id='word_1_231' title='bbox 1540 4666 1696 4752; x_wconf 76' lang='lat' dir='ltr'><strong>legi.</strong></span> <span class='ocrx_word' id='word_1_232' title='bbox 1820 4687 1894 4733; x_wconf 90' lang='lat' dir='ltr'><strong>ec</strong></span> <span class='ocrx_word' id='word_1_233' title='bbox 1927 4673 2086 4749; x_wconf 90' lang='lat' dir='ltr'><strong>puto</strong></span> <span class='ocrx_word' id='word_1_234' title='bbox 2121 4665 2259 4732; x_wconf 88' lang='lat' dir='ltr'><strong>ulla</strong></span> <span class='ocrx_word' id='word_1_235' title='bbox 2293 4685 2586 4750; x_wconf 86' lang='lat' dir='ltr'><strong>unquam</strong></span> 
     </span>
     <span class='ocr_line' id='line_1_39' title="bbox 614 4750 2587 4820; baseline -0.001 -1"><span class='ocrx_word' id='word_1_236' title='bbox 614 4750 883 4820; x_wconf 83' lang='lat' dir='ltr'><strong>saecula</strong></span> <span class='ocrx_word' id='word_1_237' title='bbox 935 4751 1242 4820; x_wconf 81' lang='lat' dir='ltr'><strong>habuisse</strong></span> <span class='ocrx_word' id='word_1_238' title='bbox 1301 4752 1604 4820; x_wconf 90' lang='lat' dir='ltr'><strong>homines</strong></span> <span class='ocrx_word' id='word_1_239' title='bbox 1647 4751 1885 4818; x_wconf 90' lang='lat' dir='ltr'><strong>melius</strong></span> <span class='ocrx_word' id='word_1_240' title='bbox 1931 4750 2015 4818; x_wconf 84' lang='lat' dir='ltr'><strong>ad</strong></span> <span class='ocrx_word' id='word_1_241' title='bbox 2060 4750 2587 4819; x_wconf 86' lang='lat' dir='ltr'><strong>maledicendum</strong></span> 
     </span>
     <span class='ocr_line' id='line_1_40' title="bbox 615 4836 2587 4991; baseline 0.001 -2"><span class='ocrx_word' id='word_1_242' title='bbox 615 4838 950 4989; x_wconf 43' lang='grc' dir='ltr'><strong>ΨΜ</strong></span> <span class='ocrx_word' id='word_1_243' title='bbox 978 4848 1187 4938; x_wconf 73' lang='lat'><strong>·⁸“³⁰⁰</strong></span> <span class='ocrx_word' id='word_1_244' title='bbox 1229 4836 2587 4991; x_wconf 47' lang='lat' dir='ltr'><strong>*fflmf‘taffiffffi‘ssmugmfflffl</strong></span> 
     </span>
     <span class='ocr_line' id='line_1_41' title="bbox 617 4944 2589 5090; baseline -0.001 -14"><span class='ocrx_word' id='word_1_245' title='bbox 617 4944 678 4990; x_wconf 64' lang='lat' dir='ltr'><strong>m</strong></span> <span class='ocrx_word' id='word_1_246' title='bbox 722 4946 745 4989; x_wconf 54' lang='grc' dir='ltr'>ι</span> <span class='ocrx_word' id='word_1_247' title='bbox 925 5010 997 5076; x_wconf 92' lang='lat' dir='ltr'><strong>ui</strong></span> <span class='ocrx_word' id='word_1_248' title='bbox 1054 5009 1136 5076; x_wconf 88' lang='lat' dir='ltr'><strong>ad</strong></span> <span class='ocrx_word' id='word_1_249' title='bbox 1179 4946 1707 5079; x_wconf 55' lang='lat' dir='ltr'><strong>mezlegdigeunldum</strong></span> <span class='ocrx_word' id='word_1_250' title='bbox 1751 5010 1845 5077; x_wconf 90' lang='lat' dir='ltr'><strong>sic</strong></span> <span class='ocrx_word' id='word_1_251' title='bbox 1902 4945 2084 5076; x_wconf 54' lang='lat' dir='ltr'>sune?</span> <span class='ocrx_word' id='word_1_252' title='bbox 2101 5010 2466 5090; x_wconf 84' lang='lat' dir='ltr'><strong>exercitati,</strong></span> <span class='ocrx_word' id='word_1_253' title='bbox 2511 5016 2589 5076; x_wconf 91' lang='lat' dir='ltr'><strong>ut</strong></span> 
     </span>
    </p>

    <p class='ocr_par' dir='ltr' id='par_1_12' title="bbox 993 5095 2584 5182">
     <span class='ocr_line' id='line_1_42' title="bbox 993 5095 2584 5182; baseline 0.001 -20"><span class='ocrx_word' id='word_1_254' title='bbox 993 5116 1108 5163; x_wconf 89' lang='lat' dir='ltr'><strong>ore</strong></span> <span class='ocrx_word' id='word_1_255' title='bbox 1165 5095 1562 5181; x_wconf 85' lang='lat' dir='ltr'><strong>depromunt</strong></span> <span class='ocrx_word' id='word_1_256' title='bbox 1625 5096 1900 5182; x_wconf 84' lang='lat' dir='ltr'><strong>resipiat</strong></span> <span class='ocrx_word' id='word_1_257' title='bbox 1962 5095 2177 5165; x_wconf 80' lang='lat' dir='ltr'><strong>faeces</strong></span> <span class='ocrx_word' id='word_1_258' title='bbox 2241 5096 2584 5164; x_wconf 81' lang='lat' dir='ltr'><strong>satanicas.</strong></span> 
     </span>
    </p>
   </div>
   <div class='ocr_carea' id='block_1_9' title="bbox 616 5008 890 5180">
    <p class='ocr_par' dir='ltr' id='par_1_13' title="bbox 616 5008 890 5180">
     <span class='ocr_line' id='line_1_43' title="bbox 617 5008 838 5077; baseline 0.018 -3"><span class='ocrx_word' id='word_1_259' title='bbox 617 5008 838 5077; x_wconf 87' lang='lat' dir='ltr'><strong>dicum</strong></span> 
     </span>
     <span class='ocr_line' id='line_1_44' title="bbox 616 5095 890 5180; baseline 0.007 -19"><span class='ocrx_word' id='word_1_260' title='bbox 616 5095 890 5180; x_wconf 87' lang='lat' dir='ltr'><strong>quidqui</strong></span> 
     </span>
    </p>
   </div>
   <div class='ocr_carea' id='block_1_10' title="bbox 625 5254 870 5263">
    <p class='ocr_par' dir='ltr' id='par_1_14' title="bbox 625 5254 870 5263">
     <span class='ocr_line' id='line_1_45' title="bbox 625 5254 870 5263; baseline 0 0"><span class='ocrx_word' id='word_1_261' title='bbox 625 5254 870 5263; x_wconf 95' lang='lat' dir='ltr'><strong> </strong></span> 
     </span>
    </p>
   </div>
   <div class='ocr_carea' id='block_1_11' title="bbox 616 5334 1396 5401">
    <p class='ocr_par' dir='ltr' id='par_1_15' title="bbox 616 5334 1396 5401">
     <span class='ocr_line' id='line_1_46' title="bbox 616 5334 1396 5401; baseline -0.003 -10"><span class='ocrx_word' id='word_1_262' title='bbox 616 5335 888 5401; x_wconf 50' lang='grc'><strong>40711)</strong></span> <span class='ocrx_word' id='word_1_263' title='bbox 935 5338 1006 5389; x_wconf 83' lang='grc' dir='ltr'><strong>Ν.</strong></span> <span class='ocrx_word' id='word_1_264' title='bbox 1042 5334 1197 5390; x_wconf 79' lang='lat'><strong>4069.</strong></span> <span class='ocrx_word' id='word_1_265' title='bbox 1241 5335 1396 5392; x_wconf 74' lang='lat'><strong>4072.</strong></span> 
     </span>
    </p>
   </div>
   <div class='ocr_carea' id='block_1_12' title="bbox 2133 411 3118 482">
    <p class='ocr_par' dir='ltr' id='par_1_16' title="bbox 2133 411 3118 482">
     <span class='ocr_line' id='line_1_47' title="bbox 2133 411 3118 482; baseline -0.003 -3"><span class='ocrx_word' id='word_1_266' title='bbox 2133 411 2655 482; x_wconf 73' lang='lat' dir='ltr'>EPIS&#39;POLAE</span> <span class='ocrx_word' id='word_1_267' title='bbox 2698 413 3118 477; x_wconf 80' lang='lat'>4078—4081</span> 
     </span>
    </p>
   </div>
   <div class='ocr_carea' id='block_1_13' title="bbox 2620 598 2648 5369">
    <p class='ocr_par' dir='ltr' id='par_1_17' title="bbox 2620 598 2648 5369">
     <span class='ocr_line' id='line_1_48' title="bbox 2620 598 2648 5369; baseline 0 0"><span class='ocrx_word' id='word_1_268' title='bbox 2620 598 2648 5369; x_wconf 95' lang='lat' dir='ltr'><strong> </strong></span> 
     </span>
    </p>
   </div>
   <div class='ocr_carea' id='block_1_14' title="bbox 2678 417 4625 3323">
    <p class='ocr_par' dir='ltr' id='par_1_18' title="bbox 2679 417 4599 1266">
     <span class='ocr_line' id='line_1_49' title="bbox 4486 417 4582 480; baseline 0 0"><span class='ocrx_word' id='word_1_269' title='bbox 4486 417 4582 480; x_wconf 67' lang='lat' dir='ltr'><strong>m</strong></span> 
     </span>
     <span class='ocr_line' id='line_1_50' title="bbox 2682 598 4587 668; baseline 0.002 -3"><span class='ocrx_word' id='word_1_270' title='bbox 2682 598 2858 665; x_wconf 77' lang='lat' dir='ltr'><strong>Puto</strong></span> <span class='ocrx_word' id='word_1_271' title='bbox 2900 619 2938 665; x_wconf 91' lang='lat' dir='ltr'><strong>e</strong></span> <span class='ocrx_word' id='word_1_272' title='bbox 3066 598 3256 666; x_wconf 88' lang='lat' dir='ltr'><strong>nobis</strong></span> <span class='ocrx_word' id='word_1_273' title='bbox 3299 620 3341 665; x_wconf 88' lang='lat' dir='ltr'><strong>a</strong></span> <span class='ocrx_word' id='word_1_274' title='bbox 3460 620 3547 666; x_wconf 92' lang='lat' dir='ltr'><strong>ue</strong></span> <span class='ocrx_word' id='word_1_275' title='bbox 3604 598 4095 665; x_wconf 88' lang='lat' dir='ltr'><strong>intermissione</strong></span> <span class='ocrx_word' id='word_1_276' title='bbox 4138 598 4443 668; x_wconf 80' lang='lat' dir='ltr'><strong>orandum</strong></span> <span class='ocrx_word' id='word_1_277' title='bbox 4476 621 4587 668; x_wconf 61' lang='lat' dir='ltr'><strong>ns</strong></span> 
     </span>
     <span class='ocr_line' id='line_1_51' title="bbox 2680 620 4589 771; baseline 0.001 -19"><span class='ocrx_word' id='word_1_278' title='bbox 2680 693 2911 752; x_wconf 86' lang='lat' dir='ltr'><strong>eontra</strong></span> <span class='ocrx_word' id='word_1_279' title='bbox 2939 620 3329 751; x_wconf 55' lang='lat' dir='ltr'><strong>ffiiusmodi</strong></span> <span class='ocrx_word' id='word_1_280' title='bbox 3475 686 3804 750; x_wconf 87' lang='lat' dir='ltr'><strong>versarios</strong></span> <span class='ocrx_word' id='word_1_281' title='bbox 3846 693 4108 752; x_wconf 87' lang='lat' dir='ltr'><strong>nostros</strong></span> <span class='ocrx_word' id='word_1_282' title='bbox 4152 685 4419 753; x_wconf 68' lang='lat' dir='ltr'><strong>stidis</strong></span> <span class='ocrx_word' id='word_1_283' title='bbox 4452 689 4589 771; x_wconf 67' lang='lat' dir='ltr'><strong>pnl-</strong></span> 
     </span>
     <span class='ocr_line' id='line_1_52' title="bbox 2679 769 4591 872; baseline 0.001 -36"><span class='ocrx_word' id='word_1_284' title='bbox 2679 791 2893 871; x_wconf 74' lang='lat' dir='ltr'><strong>mum:</strong></span> <span class='ocrx_word' id='word_1_285' title='bbox 2939 771 3147 855; x_wconf 84' lang='lat' dir='ltr'><strong>Eripe</strong></span> <span class='ocrx_word' id='word_1_286' title='bbox 3189 791 3298 837; x_wconf 89' lang='lat' dir='ltr'><strong>me</strong></span> <span class='ocrx_word' id='word_1_287' title='bbox 3318 770 3608 837; x_wconf 89' lang='lat' dir='ltr'><strong>Domine</strong></span> <span class='ocrx_word' id='word_1_288' title='bbox 3652 770 3736 836; x_wconf 88' lang='lat' dir='ltr'><strong>ab</strong></span> <span class='ocrx_word' id='word_1_289' title='bbox 3780 769 4050 837; x_wconf 86' lang='lat' dir='ltr'><strong>homine</strong></span> <span class='ocrx_word' id='word_1_290' title='bbox 4092 770 4269 838; x_wconf 85' lang='lat' dir='ltr'><strong>malo</strong></span> <span class='ocrx_word' id='word_1_291' title='bbox 4310 781 4373 838; x_wconf 85' lang='lat' dir='ltr'><strong>et</strong></span> <span class='ocrx_word' id='word_1_292' title='bbox 4409 793 4445 872; x_wconf 67' lang='lat' dir='ltr'><strong>a</strong></span> <span class='ocrx_word' id='word_1_293' title='bbox 4480 775 4591 838; x_wconf 73' lang='lat' dir='ltr'><strong>vin</strong></span> 
     </span>
     <span class='ocr_line' id='line_1_53' title="bbox 2680 855 4593 1041; baseline 0.001 -33"><span class='ocrx_word' id='word_1_294' title='bbox 2680 877 3291 1009; x_wconf 54' lang='lat'><strong>332‘502032035</strong></span> <span class='ocrx_word' id='word_1_295' title='bbox 3334 867 3525 1010; x_wconf 46' lang='lat'><strong>22³5„</strong></span> <span class='ocrx_word' id='word_1_296' title='bbox 3546 855 4028 1041; x_wconf 52' lang='grc' dir='ltr'><strong>Ἥῗὲῗῗέῗ</strong></span> <span class='ocrx_word' id='word_1_297' title='bbox 4073 867 4321 1009; x_wconf 55' lang='lat'><strong>‘322</strong></span> <span class='ocrx_word' id='word_1_298' title='bbox 4336 858 4593 1010; x_wconf 55' lang='lat' dir='ltr'>¹¹¹¹me</span> 
     </span>
     <span class='ocr_line' id='line_1_54' title="bbox 2681 1026 4597 1111; baseline 0.001 -17"><span class='ocrx_word' id='word_1_299' title='bbox 2681 1026 2862 1095; x_wconf 82' lang='lat' dir='ltr'><strong>Satis</strong></span> <span class='ocrx_word' id='word_1_300' title='bbox 2905 1035 3008 1094; x_wconf 87' lang='lat' dir='ltr'><strong>est</strong></span> <span class='ocrx_word' id='word_1_301' title='bbox 3062 1029 3119 1094; x_wconf 89' lang='lat' dir='ltr'><strong>si</strong></span> <span class='ocrx_word' id='word_1_302' title='bbox 3162 1048 3361 1095; x_wconf 78' lang='lat' dir='ltr'><strong>causa</strong></span> <span class='ocrx_word' id='word_1_303' title='bbox 3401 1028 3614 1094; x_wconf 91' lang='lat' dir='ltr'><strong>simus</strong></span> <span class='ocrx_word' id='word_1_304' title='bbox 3671 1048 4065 1111; x_wconf 76' lang='lat' dir='ltr'><strong>superiores,</strong></span> <span class='ocrx_word' id='word_1_305' title='bbox 4110 1028 4267 1095; x_wconf 88' lang='lat' dir='ltr'><strong>licet</strong></span> <span class='ocrx_word' id='word_1_306' title='bbox 4306 1030 4597 1095; x_wconf 70' lang='lat' dir='ltr'><strong>interium</strong></span> 
     </span>
     <span class='ocr_line' id='line_1_55' title="bbox 2679 1111 4599 1181; baseline 0.002 -3"><span class='ocrx_word' id='word_1_307' title='bbox 2679 1114 2887 1179; x_wconf 89' lang='lat' dir='ltr'><strong>multo</strong></span> <span class='ocrx_word' id='word_1_308' title='bbox 2944 1113 3007 1179; x_wconf 94' lang='lat' dir='ltr'><strong>lo</strong></span> <span class='ocrx_word' id='word_1_309' title='bbox 3052 1114 3337 1181; x_wconf 87' lang='lat' dir='ltr'><strong>uacitate</strong></span> <span class='ocrx_word' id='word_1_310' title='bbox 3394 1122 3463 1180; x_wconf 91' lang='lat' dir='ltr'><strong>et</strong></span> <span class='ocrx_word' id='word_1_311' title='bbox 3511 1111 3900 1181; x_wconf 86' lang='lat' dir='ltr'><strong>maledictis.</strong></span> <span class='ocrx_word' id='word_1_312' title='bbox 3992 1114 4326 1181; x_wconf 88' lang='lat' dir='ltr'><strong>Dominus</strong></span> <span class='ocrx_word' id='word_1_313' title='bbox 4376 1113 4599 1181; x_wconf 70' lang='lat' dir='ltr'><strong>tandm</strong></span> 
     </span>
     <span class='ocr_line' id='line_1_56' title="bbox 2681 1201 3145 1266; baseline 0.002 -2"><span class='ocrx_word' id='word_1_314' title='bbox 2681 1207 2935 1266; x_wconf 82' lang='lat' dir='ltr'><strong>evertet</strong></span> <span class='ocrx_word' id='word_1_315' title='bbox 2974 1201 2999 1265; x_wconf 91' lang='lat' dir='ltr'><strong>i</strong></span> <span class='ocrx_word' id='word_1_316' title='bbox 3053 1219 3145 1265; x_wconf 73' lang='lat' dir='ltr'><strong>oa.</strong></span> 
     </span>
    </p>

    <p class='ocr_par' dir='ltr' id='par_1_19' title="bbox 2678 1283 4619 2567">
     <span class='ocr_line' id='line_1_57' title="bbox 2853 1283 4603 1369; baseline -0.001 -17"><span class='ocrx_word' id='word_1_317' title='bbox 2853 1285 3165 1352; x_wconf 82' lang='lat' dir='ltr'><strong>Mortuus</strong></span> <span class='ocrx_word' id='word_1_318' title='bbox 3207 1292 3310 1351; x_wconf 86' lang='lat' dir='ltr'><strong>est</strong></span> <span class='ocrx_word' id='word_1_319' title='bbox 3356 1283 3678 1363; x_wconf 74' lang='lat' dir='ltr'><strong>castellio,</strong></span> <span class='ocrx_word' id='word_1_320' title='bbox 3738 1293 3939 1367; x_wconf 87' lang='lat' dir='ltr'><strong>atque</strong></span> <span class='ocrx_word' id='word_1_321' title='bbox 3992 1286 4249 1351; x_wconf 86' lang='lat' dir='ltr'><strong>utinam</strong></span> <span class='ocrx_word' id='word_1_322' title='bbox 4294 1307 4441 1353; x_wconf 88' lang='lat' dir='ltr'><strong>cum</strong></span> <span class='ocrx_word' id='word_1_323' title='bbox 4489 1287 4603 1369; x_wconf 80' lang='lat' dir='ltr'><strong>ipso</strong></span> 
     </span>
     <span class='ocr_line' id='line_1_58' title="bbox 2680 1371 4575 1454; baseline 0.001 -17"><span class='ocrx_word' id='word_1_324' title='bbox 2680 1379 2981 1437; x_wconf 80' lang='lat' dir='ltr'><strong>mortuae</strong></span> <span class='ocrx_word' id='word_1_325' title='bbox 3022 1379 3246 1437; x_wconf 88' lang='lat' dir='ltr'><strong>essent</strong></span> <span class='ocrx_word' id='word_1_326' title='bbox 3300 1371 3626 1437; x_wconf 73' lang='lat' dir='ltr'><strong>fanaticae</strong></span> <span class='ocrx_word' id='word_1_327' title='bbox 3670 1371 4016 1454; x_wconf 89' lang='lat' dir='ltr'><strong>opiniones</strong></span> <span class='ocrx_word' id='word_1_328' title='bbox 4058 1371 4395 1454; x_wconf 76' lang='lat' dir='ltr'><strong>plurimae.</strong></span> <span class='ocrx_word' id='word_1_329' title='bbox 4566 1371 4575 1382; x_wconf 88' lang='lat'>&#39;</span> 
     </span>
     <span class='ocr_line' id='line_1_59' title="bbox 2680 1456 4605 1541; baseline 0 -19"><span class='ocrx_word' id='word_1_330' title='bbox 2680 1458 2832 1524; x_wconf 86' lang='lat' dir='ltr'><strong>dam</strong></span> <span class='ocrx_word' id='word_1_331' title='bbox 2875 1456 3072 1523; x_wconf 86' lang='lat' dir='ltr'><strong>homo</strong></span> <span class='ocrx_word' id='word_1_332' title='bbox 3115 1459 3378 1540; x_wconf 87' lang='lat' dir='ltr'><strong>ineptus</strong></span> <span class='ocrx_word' id='word_1_333' title='bbox 3417 1457 3685 1541; x_wconf 88' lang='lat' dir='ltr'><strong>scripsit</strong></span> <span class='ocrx_word' id='word_1_334' title='bbox 3725 1456 3789 1521; x_wconf 90' lang='lat' dir='ltr'><strong>ei</strong></span> <span class='ocrx_word' id='word_1_335' title='bbox 3823 1457 4257 1541; x_wconf 86' lang='lat' dir='ltr'><strong>epitaphium.</strong></span> <span class='ocrx_word' id='word_1_336' title='bbox 4280 1461 4342 1541; x_wconf 82' lang='lat'><strong>²)</strong></span> <span class='ocrx_word' id='word_1_337' title='bbox 4395 1458 4605 1522; x_wconf 76' lang='lat' dir='ltr'><strong>Verum</strong></span> 
     </span>
     <span class='ocr_line' id='line_1_60' title="bbox 2679 1541 4607 1629; baseline 0.001 -20"><span class='ocrx_word' id='word_1_338' title='bbox 2679 1543 2924 1609; x_wconf 88' lang='lat' dir='ltr'><strong>talibus</strong></span> <span class='ocrx_word' id='word_1_339' title='bbox 2958 1544 3377 1609; x_wconf 86' lang='lat' dir='ltr'><strong>encomiastis</strong></span> <span class='ocrx_word' id='word_1_340' title='bbox 3409 1541 3612 1626; x_wconf 83' lang='lat' dir='ltr'><strong>digna</strong></span> <span class='ocrx_word' id='word_1_341' title='bbox 3654 1551 3813 1608; x_wconf 91' lang='lat' dir='ltr'><strong>sunt</strong></span> <span class='ocrx_word' id='word_1_342' title='bbox 3846 1542 4012 1608; x_wconf 84' lang='lat' dir='ltr'><strong>talia</strong></span> <span class='ocrx_word' id='word_1_343' title='bbox 4042 1544 4338 1629; x_wconf 80' lang='lat' dir='ltr'><strong>ingenia.</strong></span> <span class='ocrx_word' id='word_1_344' title='bbox 4401 1543 4607 1627; x_wconf 71' lang='lat' dir='ltr'><strong>Fugit</strong></span> 
     </span>
     <span class='ocr_line' id='line_1_61' title="bbox 2678 1626 4611 1714; baseline -0.001 -18"><span class='ocrx_word' id='word_1_345' title='bbox 2678 1648 2798 1697; x_wconf 85' lang='lat' dir='ltr'><strong>vos</strong></span> <span class='ocrx_word' id='word_1_346' title='bbox 2839 1648 2881 1693; x_wconf 86' lang='lat' dir='ltr'><strong>a</strong></span> <span class='ocrx_word' id='word_1_347' title='bbox 2953 1648 3038 1694; x_wconf 91' lang='lat' dir='ltr'><strong>ue</strong></span> <span class='ocrx_word' id='word_1_348' title='bbox 3061 1628 3427 1695; x_wconf 81' lang='lat' dir='ltr'><strong>Genevam.</strong></span> <span class='ocrx_word' id='word_1_349' title='bbox 3492 1627 3767 1696; x_wconf 87' lang='lat' dir='ltr'><strong>Utinam</strong></span> <span class='ocrx_word' id='word_1_350' title='bbox 3813 1626 3911 1693; x_wconf 90' lang='lat' dir='ltr'><strong>illi</strong></span> <span class='ocrx_word' id='word_1_351' title='bbox 3953 1629 4211 1695; x_wconf 84' lang='lat' dir='ltr'><strong>interea</strong></span> <span class='ocrx_word' id='word_1_352' title='bbox 4243 1640 4441 1714; x_wconf 76' lang='lat' dir='ltr'><strong>caput</strong></span> <span class='ocrx_word' id='word_1_353' title='bbox 4476 1627 4611 1695; x_wconf 69' lang='lat' dir='ltr'><strong>sul·</strong></span> 
     </span>
     <span class='ocr_line' id='line_1_62' title="bbox 2680 1713 4609 1798; baseline -0.001 -18"><span class='ocrx_word' id='word_1_354' title='bbox 2680 1736 2836 1798; x_wconf 90' lang='lat' dir='ltr'><strong>pere</strong></span> <span class='ocrx_word' id='word_1_355' title='bbox 2878 1713 2927 1778; x_wconf 91' lang='lat' dir='ltr'><strong>li</strong></span> <span class='ocrx_word' id='word_1_356' title='bbox 2974 1714 3198 1780; x_wconf 86' lang='lat' dir='ltr'><strong>uisset.</strong></span> <span class='ocrx_word' id='word_1_357' title='bbox 3284 1714 3542 1780; x_wconf 86' lang='lat' dir='ltr'><strong>Irascor</strong></span> <span class='ocrx_word' id='word_1_358' title='bbox 3592 1713 3872 1796; x_wconf 78' lang='lat' dir='ltr'><strong>Oporino</strong></span> <span class='ocrx_word' id='word_1_359' title='bbox 3915 1715 4029 1798; x_wconf 87' lang='lat' dir='ltr'><strong>qui</strong></span> <span class='ocrx_word' id='word_1_360' title='bbox 4074 1713 4451 1782; x_wconf 87' lang='lat' dir='ltr'><strong>huiusmodi</strong></span> <span class='ocrx_word' id='word_1_361' title='bbox 4488 1733 4609 1779; x_wconf 73' lang='lat' dir='ltr'><strong>nse-</strong></span> 
     </span>
     <span class='ocr_line' id='line_1_63' title="bbox 2680 1798 4613 1886; baseline 0 -21"><span class='ocrx_word' id='word_1_362' title='bbox 2680 1801 2828 1866; x_wconf 87' lang='lat' dir='ltr'><strong>nias</strong></span> <span class='ocrx_word' id='word_1_363' title='bbox 2885 1800 3225 1883; x_wconf 86' lang='lat' dir='ltr'><strong>imprimit.</strong></span> <span class='ocrx_word' id='word_1_364' title='bbox 3315 1798 3452 1866; x_wconf 82' lang='lat' dir='ltr'><strong>Sed</strong></span> <span class='ocrx_word' id='word_1_365' title='bbox 3507 1798 3698 1866; x_wconf 88' lang='lat' dir='ltr'><strong>dulce</strong></span> <span class='ocrx_word' id='word_1_366' title='bbox 3752 1799 4013 1865; x_wconf 91' lang='lat' dir='ltr'><strong>lucrum</strong></span> <span class='ocrx_word' id='word_1_367' title='bbox 4072 1822 4158 1866; x_wconf 82' lang='lat' dir='ltr'><strong>ex</strong></span> <span class='ocrx_word' id='word_1_368' title='bbox 4212 1822 4290 1867; x_wconf 89' lang='lat' dir='ltr'><strong>re</strong></span> <span class='ocrx_word' id='word_1_369' title='bbox 4345 1798 4613 1886; x_wconf 71' lang='lat' dir='ltr'><strong>qualibet</strong></span> 
     </span>
     <span class='ocr_line' id='line_1_64' title="bbox 2680 1884 4615 1971; baseline 0.001 -19"><span class='ocrx_word' id='word_1_370' title='bbox 2680 1884 3027 1952; x_wconf 87' lang='lat' dir='ltr'><strong>Laudetur</strong></span> <span class='ocrx_word' id='word_1_371' title='bbox 3083 1884 3373 1952; x_wconf 70' lang='lat' dir='ltr'><strong>castellio</strong></span> <span class='ocrx_word' id='word_1_372' title='bbox 3428 1906 3512 1951; x_wconf 86' lang='lat' dir='ltr'><strong>ex</strong></span> <span class='ocrx_word' id='word_1_373' title='bbox 3566 1892 3975 1971; x_wconf 89' lang='lat' dir='ltr'><strong>paupertate.</strong></span> <span class='ocrx_word' id='word_1_374' title='bbox 4063 1887 4229 1953; x_wconf 85' lang='lat' dir='ltr'><strong>Fuit</strong></span> <span class='ocrx_word' id='word_1_375' title='bbox 4286 1888 4349 1954; x_wconf 89' lang='lat' dir='ltr'><strong>is</strong></span> <span class='ocrx_word' id='word_1_376' title='bbox 4402 1905 4615 1971; x_wconf 73' lang='lat' dir='ltr'><strong>pauper</strong></span> 
     </span>
     <span class='ocr_line' id='line_1_65' title="bbox 2679 1968 4615 2054; baseline 0 -17"><span class='ocrx_word' id='word_1_377' title='bbox 2679 1979 2757 2037; x_wconf 90' lang='lat' dir='ltr'><strong>ut</strong></span> <span class='ocrx_word' id='word_1_378' title='bbox 2798 1970 3015 2037; x_wconf 88' lang='lat' dir='ltr'><strong>solent</strong></span> <span class='ocrx_word' id='word_1_379' title='bbox 3056 1970 3384 2050; x_wconf 87' lang='lat' dir='ltr'><strong>monaehi,</strong></span> <span class='ocrx_word' id='word_1_380' title='bbox 3442 1971 3555 2054; x_wconf 87' lang='lat' dir='ltr'><strong>qni</strong></span> <span class='ocrx_word' id='word_1_381' title='bbox 3611 1970 3779 2036; x_wconf 86' lang='lat' dir='ltr'><strong>nihil</strong></span> <span class='ocrx_word' id='word_1_382' title='bbox 3821 1968 4072 2037; x_wconf 86' lang='lat' dir='ltr'><strong>habent</strong></span> <span class='ocrx_word' id='word_1_383' title='bbox 4115 1982 4184 2038; x_wconf 86' lang='lat' dir='ltr'><strong>et</strong></span> <span class='ocrx_word' id='word_1_384' title='bbox 4241 1983 4466 2039; x_wconf 84' lang='lat' dir='ltr'><strong>tamen</strong></span> <span class='ocrx_word' id='word_1_385' title='bbox 4502 1991 4615 2037; x_wconf 79' lang='lat' dir='ltr'><strong>om·</strong></span> 
     </span>
     <span class='ocr_line' id='line_1_66' title="bbox 2678 2055 4615 2141; baseline -0.001 -18"><span class='ocrx_word' id='word_1_386' title='bbox 2678 2059 2792 2123; x_wconf 88' lang='lat' dir='ltr'><strong>nia</strong></span> <span class='ocrx_word' id='word_1_387' title='bbox 2846 2056 3203 2141; x_wconf 87' lang='lat' dir='ltr'><strong>possident.</strong></span> <span class='ocrx_word' id='word_1_388' title='bbox 3279 2055 3563 2123; x_wconf 87' lang='lat' dir='ltr'><strong>Dicebat</strong></span> <span class='ocrx_word' id='word_1_389' title='bbox 3609 2055 4001 2124; x_wconf 74' lang='lat' dir='ltr'><strong>Guawaems</strong></span> <span class='ocrx_word' id='word_1_390' title='bbox 4040 2067 4297 2124; x_wconf 89' lang='lat' dir='ltr'><strong>noster:</strong></span> <span class='ocrx_word' id='word_1_391' title='bbox 4358 2061 4495 2125; x_wconf 79' lang='lat' dir='ltr'><strong>Aut</strong></span> <span class='ocrx_word' id='word_1_392' title='bbox 4528 2055 4615 2121; x_wconf 72' lang='lat' dir='ltr'><strong>ino</strong></span> 
     </span>
     <span class='ocr_line' id='line_1_67' title="bbox 2678 2140 4617 2227; baseline -0.001 -18"><span class='ocrx_word' id='word_1_393' title='bbox 2678 2142 2993 2227; x_wconf 82' lang='lat' dir='ltr'><strong>indignus</strong></span> <span class='ocrx_word' id='word_1_394' title='bbox 3049 2143 3179 2208; x_wconf 81' lang='lat' dir='ltr'><strong>fuit</strong></span> <span class='ocrx_word' id='word_1_395' title='bbox 3233 2142 3503 2208; x_wconf 87' lang='lat' dir='ltr'><strong>meliore</strong></span> <span class='ocrx_word' id='word_1_396' title='bbox 3561 2140 3923 2225; x_wconf 87' lang='lat' dir='ltr'><strong>stipendio,</strong></span> <span class='ocrx_word' id='word_1_397' title='bbox 3991 2154 4108 2210; x_wconf 88' lang='lat' dir='ltr'><strong>aut</strong></span> <span class='ocrx_word' id='word_1_398' title='bbox 4162 2144 4225 2210; x_wconf 84' lang='lat' dir='ltr'><strong>si</strong></span> <span class='ocrx_word' id='word_1_399' title='bbox 4278 2146 4389 2211; x_wconf 80' lang='lat' dir='ltr'><strong>vir</strong></span> <span class='ocrx_word' id='word_1_400' title='bbox 4440 2144 4617 2210; x_wconf 80' lang='lat' dir='ltr'><strong>bonus</strong></span> 
     </span>
     <span class='ocr_line' id='line_1_68' title="bbox 2680 2226 4617 2313; baseline -0.001 -18"><span class='ocrx_word' id='word_1_401' title='bbox 2680 2229 2808 2295; x_wconf 83' lang='lat' dir='ltr'><strong>fuit</strong></span> <span class='ocrx_word' id='word_1_402' title='bbox 2867 2237 2935 2295; x_wconf 90' lang='lat' dir='ltr'><strong>et</strong></span> <span class='ocrx_word' id='word_1_403' title='bbox 2991 2229 3420 2313; x_wconf 81' lang='lat' dir='ltr'><strong>magistratus</strong></span> <span class='ocrx_word' id='word_1_404' title='bbox 3475 2227 3880 2312; x_wconf 86' lang='lat' dir='ltr'><strong>stipendium</strong></span> <span class='ocrx_word' id='word_1_405' title='bbox 3939 2229 4003 2294; x_wconf 90' lang='lat' dir='ltr'><strong>ei</strong></span> <span class='ocrx_word' id='word_1_406' title='bbox 4053 2249 4193 2296; x_wconf 91' lang='lat' dir='ltr'><strong>non</strong></span> <span class='ocrx_word' id='word_1_407' title='bbox 4248 2231 4472 2308; x_wconf 81' lang='lat' dir='ltr'><strong>auxit,</strong></span> <span class='ocrx_word' id='word_1_408' title='bbox 4526 2226 4617 2294; x_wconf 80' lang='lat' dir='ltr'><strong>sed</strong></span> 
     </span>
     <span class='ocr_line' id='line_1_69' title="bbox 2681 2311 4617 2400; baseline -0.001 -19"><span class='ocrx_word' id='word_1_409' title='bbox 2681 2334 2876 2400; x_wconf 82' lang='lat' dir='ltr'><strong>egere</strong></span> <span class='ocrx_word' id='word_1_410' title='bbox 2934 2315 3235 2397; x_wconf 84' lang='lat' dir='ltr'><strong>permisit</strong></span> <span class='ocrx_word' id='word_1_411' title='bbox 3252 2363 3268 2391; x_wconf 91' lang='lat'>,</span> <span class='ocrx_word' id='word_1_412' title='bbox 3328 2315 3632 2399; x_wconf 83' lang='lat' dir='ltr'><strong>ingratus</strong></span> <span class='ocrx_word' id='word_1_413' title='bbox 3688 2334 3850 2380; x_wconf 89' lang='lat' dir='ltr'><strong>sane</strong></span> <span class='ocrx_word' id='word_1_414' title='bbox 3893 2323 3962 2378; x_wconf 88' lang='lat' dir='ltr'><strong>et</strong></span> <span class='ocrx_word' id='word_1_415' title='bbox 4014 2315 4289 2399; x_wconf 87' lang='lat' dir='ltr'><strong>iniquus</strong></span> <span class='ocrx_word' id='word_1_416' title='bbox 4346 2327 4447 2383; x_wconf 78' lang='lat' dir='ltr'><strong>est</strong></span> <span class='ocrx_word' id='word_1_417' title='bbox 4494 2311 4617 2379; x_wconf 73' lang='lat' dir='ltr'><strong>tulin</strong></span> 
     </span>
     <span class='ocr_line' id='line_1_70' title="bbox 2680 2399 4619 2487; baseline -0.001 -21"><span class='ocrx_word' id='word_1_418' title='bbox 2680 2401 3129 2486; x_wconf 82' lang='lat' dir='ltr'><strong>magistratus.</strong></span> <span class='ocrx_word' id='word_1_419' title='bbox 3196 2400 3348 2466; x_wconf 86' lang='lat' dir='ltr'><strong>Hae</strong></span> <span class='ocrx_word' id='word_1_420' title='bbox 3392 2407 3553 2466; x_wconf 93' lang='lat' dir='ltr'><strong>sunt</strong></span> <span class='ocrx_word' id='word_1_421' title='bbox 3594 2399 3825 2466; x_wconf 86' lang='lat' dir='ltr'><strong>laudes</strong></span> <span class='ocrx_word' id='word_1_422' title='bbox 3869 2400 4168 2480; x_wconf 86' lang='lat' dir='ltr'><strong>istorum,</strong></span> <span class='ocrx_word' id='word_1_423' title='bbox 4213 2423 4425 2487; x_wconf 77' lang='lat' dir='ltr'><strong>prope</strong></span> <span class='ocrx_word' id='word_1_424' title='bbox 4458 2399 4619 2466; x_wconf 81' lang='lat' dir='ltr'><strong>dixis·</strong></span> 
     </span>
     <span class='ocr_line' id='line_1_71' title="bbox 2681 2486 3301 2567; baseline -0.005 -14"><span class='ocrx_word' id='word_1_425' title='bbox 2681 2508 2821 2553; x_wconf 91' lang='lat' dir='ltr'><strong>sem</strong></span> <span class='ocrx_word' id='word_1_426' title='bbox 2867 2486 3222 2553; x_wconf 86' lang='lat' dir='ltr'><strong>asinorum.</strong></span> <span class='ocrx_word' id='word_1_427' title='bbox 3248 2487 3301 2567; x_wconf 80' lang='lat'><strong>³)</strong></span> 
     </span>
    </p>

    <p class='ocr_par' dir='ltr' id='par_1_20' title="bbox 2681 2569 4625 3323">
     <span class='ocr_line' id='line_1_72' title="bbox 2857 2569 4621 2640; baseline -0.001 -2"><span class='ocrx_word' id='word_1_428' title='bbox 2857 2571 3136 2639; x_wconf 82' lang='lat' dir='ltr'><strong>Gaudeo</strong></span> <span class='ocrx_word' id='word_1_429' title='bbox 3190 2569 3577 2637; x_wconf 89' lang='lat' dir='ltr'><strong>meliuscule</strong></span> <span class='ocrx_word' id='word_1_430' title='bbox 3628 2570 3850 2637; x_wconf 81' lang='lat' dir='ltr'><strong>valere</strong></span> <span class='ocrx_word' id='word_1_431' title='bbox 3892 2570 3981 2636; x_wconf 92' lang='lat' dir='ltr'><strong>D.</strong></span> <span class='ocrx_word' id='word_1_432' title='bbox 4032 2569 4401 2640; x_wconf 64' lang='lat' dir='ltr'><strong>Calvinum·-</strong></span> <span class='ocrx_word' id='word_1_433' title='bbox 4484 2571 4621 2638; x_wconf 78' lang='lat' dir='ltr'><strong>Gn·</strong></span> 
     </span>
     <span class='ocr_line' id='line_1_73' title="bbox 2684 2655 4621 2725; baseline -0.001 -2"><span class='ocrx_word' id='word_1_434' title='bbox 2684 2657 2898 2723; x_wconf 86' lang='lat' dir='ltr'><strong>tulare</strong></span> <span class='ocrx_word' id='word_1_435' title='bbox 2964 2655 3063 2722; x_wconf 89' lang='lat' dir='ltr'><strong>illi</strong></span> <span class='ocrx_word' id='word_1_436' title='bbox 3128 2677 3276 2723; x_wconf 91' lang='lat' dir='ltr'><strong>meo</strong></span> <span class='ocrx_word' id='word_1_437' title='bbox 3341 2658 3607 2722; x_wconf 91' lang='lat' dir='ltr'><strong>nomine</strong></span> <span class='ocrx_word' id='word_1_438' title='bbox 3663 2666 3730 2722; x_wconf 90' lang='lat' dir='ltr'><strong>et</strong></span> <span class='ocrx_word' id='word_1_439' title='bbox 3794 2655 4011 2722; x_wconf 82' lang='lat' dir='ltr'><strong>saluta</strong></span> <span class='ocrx_word' id='word_1_440' title='bbox 4064 2679 4237 2724; x_wconf 82' lang='lat' dir='ltr'><strong>eum.</strong></span> <span class='ocrx_word' id='word_1_441' title='bbox 4334 2659 4621 2725; x_wconf 63' lang='lat' dir='ltr'><strong>Domino</strong></span> 
     </span>
     <span class='ocr_line' id='line_1_74' title="bbox 2681 2741 4623 2829; baseline 0 -20"><span class='ocrx_word' id='word_1_442' title='bbox 2681 2743 2874 2809; x_wconf 90' lang='lat' dir='ltr'><strong>illum</strong></span> <span class='ocrx_word' id='word_1_443' title='bbox 2940 2742 3130 2809; x_wconf 90' lang='lat' dir='ltr'><strong>nobis</strong></span> <span class='ocrx_word' id='word_1_444' title='bbox 3189 2742 3303 2808; x_wconf 90' lang='lat' dir='ltr'><strong>diu</strong></span> <span class='ocrx_word' id='word_1_445' title='bbox 3369 2752 3593 2808; x_wconf 86' lang='lat' dir='ltr'><strong>servet</strong></span> <span class='ocrx_word' id='word_1_446' title='bbox 3654 2741 4070 2810; x_wconf 88' lang='lat' dir='ltr'><strong>ineolumem.</strong></span> <span class='ocrx_word' id='word_1_447' title='bbox 4161 2744 4386 2829; x_wconf 83' lang='lat' dir='ltr'><strong>Spero</strong></span> <span class='ocrx_word' id='word_1_448' title='bbox 4440 2742 4623 2810; x_wconf 74' lang='lat' dir='ltr'><strong>Dm</strong></span> 
     </span>
     <span class='ocr_line' id='line_1_75' title="bbox 2682 2829 4625 2984; baseline 0.001 -3"><span class='ocrx_word' id='word_1_449' title='bbox 2682 2850 2949 2981; x_wconf 49' lang='lat' dir='ltr'><strong>&amp;snt-³²⁰..</strong></span> <span class='ocrx_word' id='word_1_450' title='bbox 2946 2829 4255 2982; x_wconf 52' lang='lat' dir='ltr'><strong>‘Zssffissessffimssffibssoeaffvlmm</strong></span> <span class='ocrx_word' id='word_1_451' title='bbox 4148 2918 4190 2982; x_wconf 58' lang='grc' dir='ltr'><strong>ι.</strong></span> <span class='ocrx_word' id='word_1_452' title='bbox 4240 2839 4501 2984; x_wconf 62' lang='grc' dir='ltr'><strong>όοὲῗξ</strong></span> <span class='ocrx_word' id='word_1_453' title='bbox 4530 2831 4625 2982; x_wconf 68' lang='lat' dir='ltr'><strong>,iz</strong></span> 
     </span>
     <span class='ocr_line' id='line_1_76' title="bbox 2681 2998 4623 3156; baseline 0 -3"><span class='ocrx_word' id='word_1_454' title='bbox 2681 3008 3663 3154; x_wconf 54' lang='grc' dir='ltr'><strong>ἓέὃῖᾞὲὲῗήὶῗοέιέῗζέ</strong></span> <span class='ocrx_word' id='word_1_455' title='bbox 3683 3009 4467 3156; x_wconf 48' lang='grc' dir='ltr'><strong>εξὲῧῖζέι-ἳίἱῑὶῗῆ</strong></span> <span class='ocrx_word' id='word_1_456' title='bbox 4506 2998 4623 3153; x_wconf 61' lang='grc' dir='ltr'><strong>ιῗέὶ</strong></span> 
     </span>
     <span class='ocr_line' id='line_1_77' title="bbox 2681 3172 4621 3323; baseline -0.001 -85"><span class='ocrx_word' id='word_1_457' title='bbox 2681 3172 2859 3323; x_wconf 60' lang='grc' dir='ltr'>εἱδὺὲιε</span> <span class='ocrx_word' id='word_1_458' title='bbox 2895 3173 3139 3239; x_wconf 90' lang='lat' dir='ltr'><strong>nostris</strong></span> <span class='ocrx_word' id='word_1_459' title='bbox 3178 3207 3999 3223; x_wconf 84' lang='lat'>———————</span> <span class='ocrx_word' id='word_1_460' title='bbox 4042 3175 4278 3259; x_wconf 74' lang='lat' dir='ltr'><strong>Tiguri</strong></span> <span class='ocrx_word' id='word_1_461' title='bbox 4324 3179 4427 3242; x_wconf 83' lang='lat'><strong>13.</strong></span> <span class='ocrx_word' id='word_1_462' title='bbox 4464 3173 4621 3241; x_wconf 74' lang='lat' dir='ltr'><strong>Febr.</strong></span> 
     </span>
    </p>
   </div>
   <div class='ocr_carea' id='block_1_15' title="bbox 3824 3394 4483 3482">
    <p class='ocr_par' dir='ltr' id='par_1_21' title="bbox 3824 3394 4483 3482">
     <span class='ocr_line' id='line_1_78' title="bbox 3824 3394 4483 3482; baseline 0.005 -20"><span class='ocrx_word' id='word_1_463' title='bbox 3824 3394 4261 3482; x_wconf 74' lang='lat' dir='ltr'><strong>Bullingerus</strong></span> <span class='ocrx_word' id='word_1_464' title='bbox 4306 3406 4483 3465; x_wconf 85' lang='lat' dir='ltr'><strong>tuus.</strong></span> 
     </span>
    </p>
   </div>
   <div class='ocr_carea' id='block_1_16' title="bbox 2683 3568 3096 3580">
    <p class='ocr_par' dir='ltr' id='par_1_22' title="bbox 2683 3568 3096 3580">
     <span class='ocr_line' id='line_1_79' title="bbox 2683 3568 3096 3580; baseline 0 0"><span class='ocrx_word' id='word_1_465' title='bbox 2683 3568 3096 3580; x_wconf 95' lang='lat' dir='ltr'><strong> </strong></span> 
     </span>
    </p>
   </div>
   <div class='ocr_carea' id='block_1_17' title="bbox 2681 3680 4629 4360">
    <p class='ocr_par' dir='ltr' id='par_1_23' title="bbox 2681 3680 4629 4360">
     <span class='ocr_line' id='line_1_80' title="bbox 2890 3680 4625 3756; baseline 0.003 -20"><span class='ocrx_word' id='word_1_466' title='bbox 2890 3683 3120 3749; x_wconf 77' lang='lat' dir='ltr'><strong>2)Hoc</strong></span> <span class='ocrx_word' id='word_1_467' title='bbox 3163 3680 3324 3737; x_wconf 72' lang='lat' dir='ltr'><strong>aliud</strong></span> <span class='ocrx_word' id='word_1_468' title='bbox 3371 3684 4625 3756; x_wconf 50' lang='lat' dir='ltr'><strong>emmanuel-admirun-</strong></span> 
     </span>
     <span class='ocr_line' id='line_1_81' title="bbox 2681 3752 4629 3825; baseline 0.001 -17"><span class='ocrx_word' id='word_1_469' title='bbox 2681 3754 2800 3809; x_wconf 72' lang='lat' dir='ltr'><strong>lom‘</strong></span> <span class='ocrx_word' id='word_1_470' title='bbox 2845 3752 3008 3808; x_wconf 78' lang='lat' dir='ltr'><strong>Stan.</strong></span> <span class='ocrx_word' id='word_1_471' title='bbox 3045 3752 3509 3822; x_wconf 62' lang='grc' dir='ltr'><strong>Βεωηεοήοωεὲί,</strong></span> <span class='ocrx_word' id='word_1_472' title='bbox 3566 3755 3651 3810; x_wconf 87' lang='lat' dir='ltr'><strong>Io.</strong></span> <span class='ocrx_word' id='word_1_473' title='bbox 3697 3753 3962 3823; x_wconf 64' lang='lat' dir='ltr'><strong>ostreo-oq</strong></span> <span class='ocrx_word' id='word_1_474' title='bbox 3992 3760 4046 3810; x_wconf 76' lang='lat' dir='ltr'><strong>et</strong></span> <span class='ocrx_word' id='word_1_475' title='bbox 4088 3754 4373 3825; x_wconf 61' lang='lat' dir='ltr'><strong>Georgi-u</strong></span> <span class='ocrx_word' id='word_1_476' title='bbox 4412 3758 4629 3812; x_wconf 63' lang='lat' dir='ltr'><strong>xia-n</strong></span> 
     </span>
     <span class='ocr_line' id='line_1_82' title="bbox 2681 3821 4625 3895; baseline 0.001 -18"><span class='ocrx_word' id='word_1_477' title='bbox 2681 3821 2869 3891; x_wconf 73' lang='lat' dir='ltr'><strong>lapidi</strong></span> <span class='ocrx_word' id='word_1_478' title='bbox 2902 3821 3146 3891; x_wconf 61' lang='lat' dir='ltr'><strong>mculpi</strong></span> <span class='ocrx_word' id='word_1_479' title='bbox 3181 3828 3456 3877; x_wconf 69' lang='lat' dir='ltr'><strong>curarunt</strong></span> <span class='ocrx_word' id='word_1_480' title='bbox 3489 3824 3555 3879; x_wconf 68' lang='lat' dir='ltr'><strong>in</strong></span> <span class='ocrx_word' id='word_1_481' title='bbox 3585 3824 3870 3895; x_wconf 67' lang='lat' dir='ltr'><strong>peristylio</strong></span> <span class='ocrx_word' id='word_1_482' title='bbox 3906 3823 4110 3879; x_wconf 65' lang='lat' dir='ltr'><strong>mi</strong></span> <span class='ocrx_word' id='word_1_483' title='bbox 4141 3827 4335 3894; x_wconf 64' lang='lat' dir='ltr'><strong>tea-pa</strong></span> <span class='ocrx_word' id='word_1_484' title='bbox 4374 3828 4625 3881; x_wconf 59' lang='lat' dir='ltr'><strong>Baba-</strong></span> 
     </span>
     <span class='ocr_line' id='line_1_83' title="bbox 2681 3889 4625 4016; baseline 0.001 -70"><span class='ocrx_word' id='word_1_485' title='bbox 2681 3891 2779 3946; x_wconf 74' lang='lat' dir='ltr'><strong>sis.</strong></span> <span class='ocrx_word' id='word_1_486' title='bbox 2853 3890 2932 3944; x_wconf 75' lang='lat' dir='ltr'><strong>In</strong></span> <span class='ocrx_word' id='word_1_487' title='bbox 2975 3891 3079 3946; x_wconf 78' lang='lat' dir='ltr'><strong>hoc</strong></span> <span class='ocrx_word' id='word_1_488' title='bbox 3124 3889 3451 3946; x_wconf 67' lang='lat' dir='ltr'><strong>enimnihn&#39;l</strong></span> <span class='ocrx_word' id='word_1_489' title='bbox 3496 3891 4625 4016; x_wconf 43' lang='lat' dir='ltr'><strong>&amp;carmiger-taunacum&amp;</strong></span> 
     </span>
     <span class='ocr_line' id='line_1_84' title="bbox 2682 3959 4627 4030; baseline 0.001 -14"><span class='ocrx_word' id='word_1_490' title='bbox 2682 3960 2980 4016; x_wconf 69' lang='lat' dir='ltr'><strong>versarier.</strong></span> <span class='ocrx_word' id='word_1_491' title='bbox 3054 3959 3254 4015; x_wconf 71' lang='lat' dir='ltr'><strong>Etiam</strong></span> <span class='ocrx_word' id='word_1_492' title='bbox 3298 3959 3400 4015; x_wconf 69' lang='lat' dir='ltr'><strong>ala</strong></span> <span class='ocrx_word' id='word_1_493' title='bbox 3444 3976 3589 4030; x_wconf 72' lang='lat' dir='ltr'><strong>quac</strong></span> <span class='ocrx_word' id='word_1_494' title='bbox 3632 3961 3810 4017; x_wconf 65' lang='lat' dir='ltr'><strong>adedit</strong></span> <span class='ocrx_word' id='word_1_495' title='bbox 4120 3980 4171 4030; x_wconf 78' lang='grc' dir='ltr'><strong>ρ.</strong></span> <span class='ocrx_word' id='word_1_496' title='bbox 4214 3963 4319 4017; x_wconf 70' lang='lat'><strong>148</strong></span> <span class='ocrx_word' id='word_1_497' title='bbox 4372 3962 4627 4019; x_wconf 63' lang='lat' dir='ltr'><strong>naas-b</strong></span> 
     </span>
     <span class='ocr_line' id='line_1_85' title="bbox 2682 4027 4625 4103; baseline -0.001 -18"><span class='ocrx_word' id='word_1_498' title='bbox 2682 4029 2982 4085; x_wconf 59' lang='lat' dir='ltr'><strong>continent</strong></span> <span class='ocrx_word' id='word_1_499' title='bbox 3055 4030 3172 4095; x_wconf 73' lang='lat' dir='ltr'><strong>(Cf.</strong></span> <span class='ocrx_word' id='word_1_500' title='bbox 3212 4027 3442 4097; x_wconf 64' lang='lat' dir='ltr'><strong>Gor-dea,</strong></span> <span class='ocrx_word' id='word_1_501' title='bbox 3480 4030 3611 4086; x_wconf 76' lang='lat' dir='ltr'><strong>Ital.</strong></span> <span class='ocrx_word' id='word_1_502' title='bbox 3658 4031 3762 4096; x_wconf 70' lang='lat' dir='ltr'><strong>ret.</strong></span> <span class='ocrx_word' id='word_1_503' title='bbox 3812 4045 3869 4100; x_wconf 76' lang='lat' dir='ltr'><strong>p.</strong></span> <span class='ocrx_word' id='word_1_504' title='bbox 3903 4030 4009 4085; x_wconf 79' lang='lat'><strong>216</strong></span> <span class='ocrx_word' id='word_1_505' title='bbox 4113 4032 4247 4103; x_wconf 69' lang='grc' dir='ltr'><strong>ᾶΗς</strong></span> <span class='ocrx_word' id='word_1_506' title='bbox 4276 4047 4335 4102; x_wconf 76' lang='lat' dir='ltr'><strong>p.</strong></span> <span class='ocrx_word' id='word_1_507' title='bbox 4372 4032 4486 4101; x_wconf 69' lang='lat' dir='ltr'><strong>m.)</strong></span> <span class='ocrx_word' id='word_1_508' title='bbox 4556 4032 4625 4084; x_wconf 62' lang='grc' dir='ltr'><strong>ἢ·</strong></span> 
     </span>
     <span class='ocr_line' id='line_1_86' title="bbox 2682 4097 4627 4181; baseline -0.001 -27"><span class='ocrx_word' id='word_1_509' title='bbox 2682 4099 2846 4154; x_wconf 67' lang='lat' dir='ltr'><strong>dean·</strong></span> <span class='ocrx_word' id='word_1_510' title='bbox 2879 4098 3060 4164; x_wconf 71' lang='lat' dir='ltr'><strong>luisse</strong></span> <span class='ocrx_word' id='word_1_511' title='bbox 3094 4097 3292 4152; x_wconf 67' lang='lat' dir='ltr'><strong>chana</strong></span> <span class='ocrx_word' id='word_1_512' title='bbox 3327 4100 3399 4154; x_wconf 81' lang='lat' dir='ltr'><strong>ab</strong></span> <span class='ocrx_word' id='word_1_513' title='bbox 3442 4097 3689 4169; x_wconf 69' lang='lat' dir='ltr'><strong>Oporino</strong></span> <span class='ocrx_word' id='word_1_514' title='bbox 3723 4099 3995 4181; x_wconf 68' lang='lat' dir='ltr'><strong>impressa</strong></span> <span class='ocrx_word' id='word_1_515' title='bbox 4027 4118 4171 4171; x_wconf 69' lang='lat' dir='ltr'><strong>qaae</strong></span> <span class='ocrx_word' id='word_1_516' title='bbox 4214 4100 4431 4157; x_wconf 69' lang='lat' dir='ltr'><strong>dicitur</strong></span> <span class='ocrx_word' id='word_1_517' title='bbox 4458 4114 4627 4157; x_wconf 69' lang='lat' dir='ltr'><strong>rean-</strong></span> 
     </span>
     <span class='ocr_line' id='line_1_87' title="bbox 2684 4166 4623 4238; baseline -0.001 -14"><span class='ocrx_word' id='word_1_518' title='bbox 2684 4167 2761 4224; x_wconf 75' lang='grc' dir='ltr'><strong>οᾰ</strong></span> <span class='ocrx_word' id='word_1_519' title='bbox 2813 4168 3014 4222; x_wconf 71' lang='lat' dir='ltr'><strong>calcem</strong></span> <span class='ocrx_word' id='word_1_520' title='bbox 3059 4166 3322 4222; x_wconf 70' lang='lat' dir='ltr'><strong>editionis</strong></span> <span class='ocrx_word' id='word_1_521' title='bbox 3374 4168 3669 4223; x_wconf 69' lang='lat' dir='ltr'><strong>cuiusdam</strong></span> <span class='ocrx_word' id='word_1_522' title='bbox 3722 4168 4093 4238; x_wconf 67' lang='lat' dir='ltr'><strong>Dsazoyom</strong></span> <span class='ocrx_word' id='word_1_523' title='bbox 4150 4170 4497 4226; x_wconf 59' lang='lat' dir='ltr'><strong>‘sufflo-⁷·</strong></span> <span class='ocrx_word' id='word_1_524' title='bbox 4545 4184 4623 4223; x_wconf 68' lang='grc' dir='ltr'><strong>ιε</strong></span> 
     </span>
     <span class='ocr_line' id='line_1_88' title="bbox 2684 4235 3430 4360; baseline -0.003 -68"><span class='ocrx_word' id='word_1_525' title='bbox 2684 4235 2968 4360; x_wconf 59' lang='lat' dir='ltr'><strong>Baylo’agi.</strong></span> <span class='ocrx_word' id='word_1_526' title='bbox 2996 4236 3123 4359; x_wconf 73' lang='lat' dir='ltr'><strong>oct.</strong></span> <span class='ocrx_word' id='word_1_527' title='bbox 3160 4235 3239 4291; x_wconf 82' lang='lat' dir='ltr'><strong>N.</strong></span> <span class='ocrx_word' id='word_1_528' title='bbox 3276 4236 3430 4291; x_wconf 82' lang='lat'><strong>4070.</strong></span> 
     </span>
    </p>
   </div>
   <div class='ocr_carea' id='block_1_18' title="bbox 4755 1841 4794 6095">
    <p class='ocr_par' dir='ltr' id='par_1_24' title="bbox 4755 1841 4794 6095">
     <span class='ocr_line' id='line_1_89' title="bbox 4755 1841 4794 6095; baseline 0 0"><span class='ocrx_word' id='word_1_529' title='bbox 4755 1841 4794 6095; x_wconf 95' lang='lat' dir='ltr'><strong> </strong></span> 
     </span>
    </p>
   </div>
  </div>
 </body>
</html>
