4900 6125
300 441 397 501 181

292 635 423 690 cata
482 645 561 688 ex
628 621 713 688 ali
759 641 844 687 uo
921 622 1119 688 etiam
1197 641 1549 700 consensu,
1631 620 1745 687 sed
1810 641 1945 687 non
2007 620 2221 705 pleno,

293 709 594 775 labantur.
706 642 1055 788 &uomodo
1142 709 1319 773 enim
1406 706 1501 771 illi
1577 706 1885 773 dicuntur
1962 705 2227 773 obedire

289 805 536 880 peccato
553 845 567 871 ,
646 793 882 877 quibus
948 803 1262 877 perpetua
1325 812 1550 877 pugna
1613 803 1715 858 est
1777 801 2009 860 contra
2072 813 2224 875 pec·

288 878 533 948 catum?
604 880 716 962 qui
782 900 1047 944 carnem
1117 899 1304 944 suam
1370 878 1768 963 crucifigunt
1829 899 1979 944 cum
2039 878 2225 943 vitiis

288 976 349 1032 et
403 963 990 1049 concupiscentiis?
1050 964 1167 1048 qui
1224 973 1541 1047 perpetuo
1592 964 1863 1029 student
1920 962 2049 1048 legi
2094 962 2225 1029 Dei

285 1050 674 1118 servandae?
719 1052 789 1115 in
834 1069 1115 1133 quorum
1157 1048 1459 1116 cordibus
1502 1050 1749 1133 scripta
1791 1058 1893 1115 est
1936 1059 2005 1116 et
2047 1050 2228 1134 viget

285 1137 387 1203 lex
431 1137 583 1202 Dei:
650 1138 763 1220 qui
830 1157 915 1202 ex
980 1137 1202 1202 animo
1266 1135 1525 1201 dicunt:
1584 1145 1806 1201 mente
1849 1135 2110 1218 quidem
2153 1157 2225 1201 se

282 1223 519 1288 servire
582 1222 716 1307 legi
779 1220 930 1299 Dei,
995 1243 1194 1288 carne
1258 1230 1478 1286 autem
1549 1222 1677 1305 legi
1747 1220 2045 1303 peccati?
2113 1221 2227 1304 qui

284 1307 571 1391 denique,
613 1315 967 1391 antequam
1012 1317 1299 1391 peccent,
1336 1327 1487 1372 cum
1522 1306 1725 1372 Petro
1769 1306 2045 1372 mallent
2076 1306 2226 1373 mil-

281 1393 392 1459 lies
454 1394 641 1469 mori,
708 1414 905 1477 quam
972 1393 1175 1458 semel
1216 1412 1505 1477 peccare,
1565 1401 1632 1458 et
1687 1413 1889 1477 quum
1934 1401 2224 1475 peccant,

281 1499 405 1544 non
449 1501 531 1546 ex
575 1480 816 1554 animo,
871 1498 1082 1562 neque
1141 1500 1226 1543 ex
1270 1486 1645 1560 contemptu
1691 1487 1807 1544 aut
1849 1477 1997 1544 odio
2040 1478 2226 1562 legis,

278 1585 480 1648 neque
537 1584 624 1629 ex
669 1562 995 1630 destinata
1036 1563 1307 1644 malitia,
1366 1563 1481 1630 sed
1540 1564 1646 1628 vel
1689 1565 2074 1630 infirmitate
2117 1564 2220 1629 vel

276 1670 355 1715 ex
394 1651 787 1735 ignorantia,
833 1670 1095 1732 semper
1136 1659 1359 1715 autem
1404 1658 1633 1715 contra
1666 1650 1872 1716 animi
1928 1651 2221 1733 proposi-

278 1746 430 1812 tum,
487 1744 780 1818 peccant,
836 1745 902 1801 et
945 1743 1295 1819 postquam
1338 1744 1711 1818 peccarunt,
1775 1756 1927 1802 cum
1993 1734 2221 1801 eodem

274 1822 466 1886 Petro
520 1821 764 1899 dolent,
822 1821 1073 1906 lugent,
1128 1820 1574 1906 resipiscunt?
1660 1819 1849 1902 Quod
1912 1822 1968 1886 si
2027 1842 2218 1888 secus

273 1906 563 1987 fecerint,
624 1928 755 1972 non
814 1906 962 1973 illos
1027 1927 1149 1990 ego
1192 1906 1611 1990 appellavero
1655 1915 1950 1973 sanctos:
2008 1926 2220 1990 neque

271 1991 349 2056 de
410 1991 544 2058 illis
612 1990 1078 2075 intelligendae
1145 2004 1302 2058 sunt
1364 2012 1550 2058 meae
1607 1992 2083 2075 praelectiones
2143 2013 2220 2058 ac

273 2076 757 2162 disputationes.
829 2076 1091 2143 Deinde
1133 2078 1392 2144 etiamsi
1436 2077 1582 2161 quis
1624 2077 1994 2156 contendat,
2038 2099 2221 2144 sanc-

270 2171 387 2241 tos,
463 2185 669 2247 quum
747 2173 1024 2246 peccant
1086 2186 1171 2230 ex
1237 2162 1456 2246 aliquo
1520 2184 1861 2242 consensu,
1927 2173 2007 2229 ιιι
2070 2164 2221 2229 fecit

270 2248 508 2316 Petrus
575 2258 647 2315 et
701 2249 942 2328 David,
1009 2248 1275 2315 obedire
1337 2249 1875 2332 concupiscentiis
1940 2249 2219 2332 peccati:

267 2333 439 2400 aliud
516 2335 685 2400 mihi
766 2336 1062 2418 suppeffl
1138 2355 1526 2418 responsum
1603 2334 1773 2418 quod
1840 2333 2217 2400 defendam:

266 2422 779 2504 propositionem
854 2421 1040 2486 illam
1115 2421 1619 2503 compositorum
1700 2441 1834 2485 non
1920 2441 2218 2505 pugnare

264 2526 409 2571 cum
465 2527 548 2572 ea
606 2526 803 2590 quam
860 2506 969 2573 hic
1024 2505 1289 2572 defendi
1345 2506 1710 2572 doctrinam
1767 2506 1849 2571 de
1912 2526 2216 2589 perseve-

260 2593 492 2658 rantia.
563 2592 651 2658 In
693 2612 843 2657 mea
884 2591 1057 2657 thesi
1102 2600 1233 2657 est:
1279 2613 1392 2658 eos
1440 2612 1569 2656 non
1615 2591 1917 2660 excidere
1950 2592 2216 2676 penitus

261 2696 301 2741 a
339 2676 502 2743 fide:
587 2677 905 2743 articulus
986 2677 1472 2761 compositionis
1539 2676 1739 2742 habet
1801 2677 2216 2761 simpliciter:

260 2783 368 2828 eos
434 2764 747 2829 amittere
811 2762 1028 2840 fidem,
1096 2764 1239 2828 sine
1304 2763 1627 2846 particula
1683 2764 1960 2844 penitus.
2050 2763 2218 2844 Quis

260 2855 479 2914 autem
524 2849 882 2914 infitietur:
940 2847 1137 2914 fidem
1178 2849 1375 2914 etiam
1420 2850 1492 2913 in
1536 2849 1782 2914 sanctis
1824 2870 2023 2932 quum
2069 2869 2219 2932 pec-

254 2943 410 3000 cant
470 2934 696 3018 aliquo
749 2933 943 2999 modo
1000 2934 1231 3011 amitti,
1294 2933 1417 2999 hoc
1474 2943 1591 3013 est,
1648 2934 1976 3016 suffocari,
2033 2935 2215 3002 infir-

255 3020 441 3099 mari,
511 3020 960 3105 languescere,
1029 3017 1306 3103 denique
1372 3020 1584 3086 amitti
1642 3019 1862 3099 fidem,
1929 3020 2054 3087 hoc
2097 3029 2216 3099 est,

252 3105 583 3173 fervorem
648 3104 819 3171 fidei.
908 3106 998 3169 Et
1064 3115 1287 3188 aperte
1353 3107 1481 3190 ipsi
1545 3106 1880 3188 explicant
1945 3106 2026 3171 de
2089 3128 2219 3189 qua

253 3190 379 3258 fide
424 3192 789 3275 loquantur
830 3212 1030 3274 quum
1077 3192 1290 3256 aiunt:
1382 3192 1621 3257 Amitti
1664 3191 1860 3256 fidem
1905 3212 2073 3274 quae
2119 3201 2219 3257 est

252 3276 498 3343 fiducia
548 3276 630 3343 de
665 3277 1048 3342 remissione
1089 3286 1519 3358 peccatorum.
1589 3276 1981 3360 Intelligunt
2014 3278 2218 3361 igitur

249 3384 457 3445 quum
709 3370 823 3426 tur
865 3383 949 3426 ex
991 3381 1311 3427 consensu
1356 3364 1552 3427 etiam
1598 3382 1638 3425 a
1681 3364 1946 3438 sanctis,
1991 3372 2217 3427 actua-

250 3447 379 3513 lem
450 3450 471 3513 i
534 3470 641 3513 am
697 3447 1026 3525 fiduciam,
1083 3469 1214 3531 qua
1268 3448 1560 3531 persuasi
1617 3456 1815 3513 erant
1862 3447 1943 3513 de
1986 3448 2216 3512 remis-

247 3535 437 3600 sione
506 3535 803 3599 omnium
866 3542 1304 3616 peccatorum,
1371 3554 1502 3615 qua
1566 3534 1820 3599 accensi
1887 3544 2078 3597 erant
2144 3533 2215 3597 in

246 3618 498 3695 Deum,
570 3640 704 3702 qua
766 3617 1047 3702 denique
1111 3618 1312 3683 fiebat
1377 3628 1455 3683 ut
1518 3618 1765 3683 nullius
1810 3618 1932 3683 sibi
1979 3619 2216 3684 conscii

246 3716 481 3772 essent
535 3705 806 3789 peccati,
868 3703 1039 3787 quod
1084 3705 1426 3781 sentirent,
1471 3704 1690 3769 omnia
1735 3724 1879 3769 esse
1924 3705 2217 3784 remissa,

245 3789 344 3856 ita
387 3791 737 3874 exstingui
777 3798 851 3854 ut
894 3791 1027 3854 iam
1084 3790 1237 3854 novi
1295 3790 1543 3872 peccati
1585 3790 1825 3855 conscii
1870 3789 2020 3855 facti
2069 3811 2217 3854 sen-

246 3876 460 3953 tiant,
535 3897 608 3941 se
676 3897 819 3942 reos
884 3896 1027 3941 esse
1088 3876 1353 3952 mortis,
1421 3895 1589 3959 quae
1652 3873 2050 3957 stipendium
2118 3884 2218 3940 est

243 3964 543 4045 peccati,
602 3971 801 4045 atque
853 3961 952 4026 ita
1003 3962 1327 4041 sentiant,
1386 3982 1457 4027 se
1499 3981 1645 4026 reos
1689 3981 1850 4037 esse,
1897 3970 1976 4026 ιιι
2018 3961 2215 4026 etiam

242 4048 455 4114 simul
524 4047 917 4132 intelligant,
984 4067 1154 4113 novo
1220 4047 1343 4114 sibi
1406 4054 1555 4113 actu
1619 4047 2109 4130 resipiscentiae
2151 4056 2219 4112 et

240 4133 404 4199 fidei
479 4153 646 4217 opus
711 4152 856 4199 esse
920 4131 1003 4197 ad
1072 4133 1522 4198 remissionem
1580 4132 1731 4197 novi
1801 4132 2050 4215 peccati
2094 4134 2216 4197 im-

242 4218 673 4302 petrandam.
783 4216 956 4298 Quis
1039 4226 1260 4284 autem
1340 4218 1464 4285 hoc
1553 4217 1801 4283 infitias
1866 4216 2016 4284 eat?
2104 4225 2221 4283 aut

238 4304 522 4388 quando
563 4325 686 4388 ego
727 4324 1021 4387 unquam
1066 4304 1262 4369 aliter
1304 4302 1535 4370 docui?
1609 4302 1743 4369 Sed
1789 4312 1988 4369 totam
2033 4304 2218 4389 peni-

238 4400 354 4457 tus
402 4390 627 4457 exstin
730 4390 744 4404 ‘
793 4388 1010 4467 fidem,
1056 4398 1386 4474 totamque
1429 4390 1568 4456 tolli
1612 4389 1939 4469 fiduciam,
2007 4390 2100 4456 ita
2143 4400 2221 4455 ut

236 4475 327 4542 de
374 4477 515 4543 Dei
569 4474 1020 4542 misericordia
1085 4473 1297 4559 deque
1355 4475 1737 4542 remissione
1801 4484 2217 4559 peccatorum

238 4561 585 4641 diffidant,
640 4582 852 4645 neque
907 4560 1002 4626 illi
1056 4560 1322 4639 docent,
1388 4582 1603 4645 neque
1656 4582 1778 4646 ego
1821 4561 2218 4628 adversariis

237 4648 577 4715 concoesi.

430 4732 644 4800 Vides
718 4733 943 4817 igitur,
1020 4732 1241 4811 frater,
1318 4753 1515 4817 quam
1582 4753 1785 4817 grave
1849 4735 1935 4799 sit
1997 4753 2217 4798 meum

532 4840 598 4884 m
666 4817 840 4918 quod
906 4818 1200 4885 articulis
1264 4818 1396 4884 illis
1452 4816 1969 4902 subscripserim.
2079 4816 2218 4885 Sed

238 4905 371 4970 tibi
424 4902 641 4970 dicam
684 4925 997 4989 ingenue,
1053 4924 1185 4988 qua
1226 4905 1296 4969 in
1342 4926 1415 4970 re
1458 4905 1946 4987 peccaverimus
1990 4924 2218 4971 omnes

240 5011 417 5055 nos:
476 4992 548 5056 in
606 5009 685 5055 eo
741 4988 916 5073 quod
957 4991 1156 5056 nimis
1196 4990 1441 5056 fuimus
1483 4989 1753 5066 cmduli,
1798 4990 1999 5056 nimis
2042 4989 2215 5069 boni,

236 5076 470 5141 nimis
506 5075 751 5154 faciles,
808 5086 876 5141 et
928 5082 1158 5142 nostra
1211 5076 1629 5161 simplicitate
1683 5096 1724 5140 a
1794 5098 1879 5142 ue
1933 5075 2216 5142 candore

236 5161 479 5228 mensi
519 5182 750 5228 sumus
793 5160 1073 5227 aliorum
1129 5163 1405 5228 astutias
1449 5172 1646 5245 atque
1822 5161 2084 5227 ‘ditates
2147 5170 2217 5227 et

236 5247 643 5331 putavimus
684 5246 860 5312 inter
900 5245 1108 5313 bonos
1149 5247 1315 5314 bene
1447 5249 1555 5313 ’er.
1635 5247 1940 5315 Profecto
1983 5268 2214 5314 verum

234 5339 361 5398 est
424 5332 668 5399 dictum
715 5330 999 5399 Christi:
1064 5333 1231 5400 filios
1295 5332 1714 5400 tenebrarum
1757 5333 2216 5417 prudentiores

1969 436 2131 498 1563
2176 431 2594 500 NOVEMB.

4165 442 4290 503 182

2328 641 2471 686 esse
2534 620 2689 686 filiis
2755 620 2920 685 lucis
2984 619 3056 684 in
3121 639 3362 704 genere
3428 641 3562 685 suo.
3652 619 4038 688 Curandum
4097 624 4285 691 nobis

2325 707 2573 783 fuisset,
2648 713 2723 772 ut
2787 705 3255 789 compositores
3326 723 3492 788 quae
3548 707 3749 773 verbo
3808 720 4282 790 concesserant,

2328 793 2572 876 scripto
2606 792 2807 857 etiam
2843 792 3342 857 confirmarent:
3392 790 3632 875 alioqui
3667 812 3796 858 non
3835 792 4284 862 debuissemus

2327 876 2754 944 subscribere.
2844 874 2978 942 Sed
3023 876 3316 943 contenti
3359 875 3608 943 fuimus
3650 877 3912 944 illorum
3957 880 4176 946 verbis
4219 889 4286 948 et

2327 963 2777 1047 promissione,
2826 982 2957 1045 qua
3002 961 3328 1041 dixerant,
3373 982 3445 1028 se
3487 961 3677 1029 nobis
3720 984 3979 1048 semper
4013 965 4282 1033 daturos

2323 1049 2776 1115 testimonium
2805 1055 3180 1114 nostrarum
3227 1048 3700 1131 exceptionum,
3746 1070 3948 1132 quum
3981 1073 4143 1134 opus
4188 1054 4284 1118 fo-

2327 1143 2446 1201 ret.
2535 1136 2643 1199 Ita
2684 1133 2868 1200 stulti
2929 1132 3106 1200 ducti
3150 1133 3398 1198 fuimus
3443 1132 3524 1199 ad
3570 1135 3946 1201 macellum:
4016 1158 4280 1222 accepe-

2326 1227 2490 1285 runt
2547 1221 2746 1303 aliqui
2805 1220 3100 1303 ipsorum
3153 1227 3415 1285 nostras
3469 1218 3984 1302 subscriptiones
4039 1236 4104 1288 et
4169 1244 4282 1290 eas

2326 1306 2673 1384 miserunt,
2742 1324 3131 1388 quocunque
3200 1303 3572 1384 voluerunt,
3654 1308 4141 1391 triumphantes
4201 1309 4281 1376 de

2325 1392 2532 1470 nobis,
2590 1412 2786 1474 seque
2847 1391 3237 1456 extollentes
3298 1389 3472 1474 quod
3530 1393 3787 1475 egerint
3838 1395 4059 1460 omnia
4122 1415 4281 1478 pru-

2325 1477 2560 1543 denter
2604 1484 2671 1543 et
2711 1477 3013 1542 feliciter:
3058 1498 3178 1541 nos
3220 1496 3380 1541 vero
3424 1476 3592 1541 nihil
3637 1476 3898 1544 illorum
3943 1479 4278 1558 habemus,

2323 1562 2496 1646 quod
2540 1564 2864 1645 possimus
2905 1562 3271 1640 ostendere,
3316 1561 3444 1628 nisi
3482 1562 3685 1628 verba
3717 1575 3785 1627 et
3819 1566 4280 1647 promissiones

2323 1651 2392 1714 in
2437 1650 2686 1716 recenti
2746 1647 3083 1728 memoria,
3141 1668 3303 1732 quas
3345 1650 3671 1731 possimus
3714 1650 3958 1715 referre
4000 1663 4070 1717 et
4111 1652 4281 1718 iuste

2321 1734 2454 1800 illis
2508 1732 2806 1800 obiicere.
2893 1733 3184 1800 Proinde
3240 1734 3524 1798 fatemur
3585 1735 3869 1818 ingenue
3930 1738 4172 1803 astutia
4214 1747 4282 1803 et

2319 1820 2691 1904 prudentia,
2759 1818 2866 1885 vel
2931 1819 3145 1885 aulica
3208 1819 3442 1903 potius,
3508 1840 3630 1885 nos
3672 1821 3876 1888 fuisse
3919 1832 4278 1906 superatos,

2320 1912 2390 1970 at
2446 1905 2724 1971 veritate
2777 1914 2846 1971 et
2900 1904 3199 1972 doctrina
3252 1904 3543 1970 minime.
3633 1906 3778 1971 Imo
3833 1917 4060 1974 contra
4123 1932 4278 1977 con-

2322 1991 2671 2070 tendimus,
2729 1990 3155 2070 adversarios,
3213 1991 3271 2056 si
3325 2012 3446 2056 nos
3505 2011 3639 2056 non
3683 1992 4060 2059 fefellerunt
4102 2017 4276 2062 com·

2320 2078 2672 2160 positores‚
2729 2077 2811 2143 ab
2867 2076 3071 2159 impia
3123 2076 3422 2142 doctrina
3462 2076 3719 2161 Pelagii
3765 2080 4139 2161 recessisse,
4200 2104 4276 2149 ac

2318 2163 2646 2229 sinceram
2724 2162 3065 2228 nobiscum
3145 2162 3481 2245 amplexos
3563 2163 3766 2229 fuisse
3832 2166 4273 2248 apostolicam,

2322 2248 2603 2328 Lutheri,
2650 2247 2906 2314 Buceri.
2995 2248 3148 2329 Qua
3206 2247 3284 2314 de
3355 2270 3428 2313 re
3482 2249 3731 2332 gratias
3794 2253 4052 2334 egimus
4111 2254 4273 2332 Deo,

2319 2343 2386 2400 et
2428 2335 2628 2399 huius
2686 2335 2782 2399 rei
2833 2334 3135 2399 meminit
3178 2332 3550 2412 Holbraous,
3596 2333 3680 2399 ad
3725 2356 3918 2418 quem
3964 2359 4119 2404 mox
4163 2360 4274 2404 cu-

2318 2421 2516 2498 curri,
2560 2427 2902 2504 totumque
2946 2418 3117 2503 quod
3163 2437 3204 2483 a
3237 2420 3775 2501 compositoribus
3810 2421 4273 2491 audiveramus

2320 2505 2515 2571 retuli
2561 2515 2636 2571 ut
2677 2506 2736 2571 is
2782 2525 3037 2589 quoque
3079 2505 3288 2570 nostri
3331 2504 3422 2588 pii
3466 2505 3689 2589 gaudii
3725 2509 4052 2592 particeps
4087 2512 4277 2577 fieret

2321 2602 2388 2656 et
2431 2590 2682 2675 gratias
2725 2591 2869 2656 Deo
2913 2591 3255 2657 nobiscum
3299 2599 3543 2675 ageret.

2492 2676 2718 2743 Habes
2797 2675 3114 2759 prolixius
3200 2696 3395 2759 quam
3476 2677 3814 2743 volueram
3880 2681 4270 2763 explicatam

2321 2762 2665 2828 historiam
2727 2771 2995 2827 nostrae
3059 2761 3564 2846 compositionis,
3631 2783 3760 2847 qua
3823 2764 3917 2830 ita
3986 2767 4275 2833 offensus

2321 2868 2469 2913 esse
2526 2847 2789 2923 videris,
2859 2856 2937 2912 ut
2994 2847 3192 2927 dicas,
3253 2868 3474 2914 meum
3518 2857 3859 2931 peccatum
3906 2873 4035 2916 non
4083 2873 4275 2935 posse

2322 2934 2646 2999 excusari.
2735 2932 2979 3014 Habes,
3047 2933 3286 3016 quibus
3349 2933 3417 2997 in
3485 2932 3679 3000 rebus
3722 2937 4031 3017 maxime,
4097 2947 4162 3003 et
4203 2940 4273 3003 in

2322 3019 2557 3103 quibus
2620 3019 2892 3085 minime
2933 3019 3444 3103 peccaverimus.
3534 3017 3611 3085 Si
3678 3020 3796 3088 tibi
3862 3023 4274 3091 satisfactum

2321 3118 2422 3171 est
2469 3105 2589 3170 bac
2630 3126 2778 3170 mea
2822 3106 3274 3189 responsione:
3334 3105 3435 3170 tui
3480 3107 3608 3171 erit
3649 3107 3865 3188 officii,
3925 3110 4071 3175 aliis
4113 3131 4273 3193 quo-

2320 3211 2448 3274 que
2509 3211 2952 3274 quoscumque
3017 3191 3195 3257 noris
3259 3191 3543 3257 offensos
3590 3193 3808 3273 fuisse,
3876 3194 4001 3260 hac
4044 3197 4274 3262 eadem

2319 3297 2470 3341 mea
2514 3277 2934 3359 responsione
2979 3276 3372 3351 satisfacere.
3418 3278 3550 3343 nisi
3607 3280 3799 3344 malis
3853 3288 4058 3346 totam
4105 3283 4277 3366 epis-

2320 3361 2522 3426 tolam
2582 3363 3084 3441 communicare,
3149 3362 3217 3427 id
3282 3362 3456 3446 quod
3514 3362 3633 3428 tibi
3684 3386 3804 3447 per
3846 3387 3952 3431 me
3995 3367 4278 3434 liberum

2318 3448 2533 3512 fuerit.
2622 3446 2700 3512 Si
2745 3468 2878 3512 non
2926 3456 3028 3513 est
3071 3448 3495 3528 satisfactum,
3546 3460 3895 3532 protestor,
3939 3474 4047 3518 me
4105 3454 4278 3520 nolle

2321 3532 2564 3597 habere
2607 3542 2672 3597 te
2716 3534 2787 3598 in
2830 3532 2955 3599 hac
2997 3555 3196 3599 causa
3235 3531 3536 3599 iudicem.

2493 3618 2686 3699 Quod
2747 3639 2908 3684 vero
2975 3639 3185 3703 rogas,
3263 3627 3342 3684 ut
3405 3619 3848 3687 conditionem
3915 3624 4201 3691 oblatam
4219 3628 4278 3702 2)

2319 3703 2493 3787 apud
2553 3725 2670 3770 vos
2729 3705 3062 3788 accipiam,
3137 3705 3618 3789 acquiescerem
3661 3708 4084 3789 perlubenter
4129 3720 4281 3777 tuae

2318 3798 2388 3852 et
2452 3789 2732 3855 aliorum
2800 3791 3157 3856 multorum
3227 3802 3394 3867 (non
3461 3793 3636 3857 enim
3697 3804 3768 3859 tu
3828 3794 4007 3861 solus
4053 3817 4123 3861 es
4166 3798 4279 3880 qui

2320 3897 2392 3940 ro
2517 3882 2539 3948 )
2603 3875 2927 3958 petitioni:
2990 3876 3049 3941 si
3105 3874 3272 3942 liber
3325 3898 3554 3957 essem,
3620 3878 3879 3963 meique
3915 3881 4096 3947 iuris.
4187 3883 4282 3950 At

2316 3894 2514 4025 fiffi
2560 3981 2774 4026 meam
2820 3962 3148 4028 obstrinxi
3193 3960 3778 4031 Olavennensibus.
3803 3969 3861 4049 ⁸)
3941 3967 4278 4034 Vixissem

2320 4045 2562 4129 alioqui
2623 4068 2818 4130 quam
2876 4046 3327 4114 lubentissime
3381 4048 3742 4129 vobiscum,
3804 4050 3928 4119 hoc
3982 4062 4085 4118 est
4127 4075 4278 4120 cum

2320 4132 2485 4198 viris
2538 4153 2692 4198 vere
2747 4134 2893 4216 piis,
2957 4154 3110 4199 vere
3155 4133 3381 4213 doctis,
3437 4153 3513 4199 ac
3569 4136 3789 4218 probis
3848 4147 3916 4202 et
3956 4138 4276 4218 candidis,

2320 4218 2391 4283 in
2436 4218 2599 4284 urbe
2641 4218 2771 4284 ista
2814 4230 2949 4283 tam
2994 4218 3257 4299 celebri,
3302 4219 3589 4286 iucunda
3632 4230 3829 4305 atque
3872 4224 4078 4290 suavi.
4139 4222 4275 4291 Sed

2322 4302 2403 4368 de
2457 4303 2564 4369 his
2622 4304 2804 4383 satis,
2862 4304 3118 4388 reliqua
3159 4327 3244 4371 ex
3287 4305 3515 4383 literis,
3560 4326 3725 4389 quas
3768 4328 4145 4376 communes
4188 4311 4273 4376 D.

2336 4388 2548 4455 Vireto
2589 4400 2657 4455 et
2699 4390 2967 4474 reliquis
3010 4390 3334 4457 ministris
3376 4391 3626 4475 scripsi.
3704 4393 3874 4458 Vale
3917 4402 3987 4460 et
4028 4416 4155 4475 me,
4198 4406 4277 4461 ut

2320 4476 2502 4553 facis,
2547 4497 2715 4541 ama.
2761 4474 2848 4542 D.
2878 4475 3317 4560 Christophoro
3363 4477 3608 4543 referes
3650 4478 3926 4545 multam
3971 4480 4272 4548 salutem.

2320 4562 2600 4644 Argent.
2656 4566 2706 4625 1.
2751 4561 3067 4629 Novemb.
3123 4565 3302 4628 1563.

2318 4818 2453 4872 ...-
2525 4747 2584 4818 2³
2625 4749 2819 4832 y...
2839 4751 3229 4874 mm
3265 4749 4040 4876 stemate:
4071 4756 4279 4810 Μ-

2317 4891 2369 4941 et
2402 4820 2804 4970 ἑοᾞῗεωῖ
2823 4888 2970 4956 praa.
3010 4887 3127 4972 05⁸¹·
3228 4836 3721 4957 &aedifi-141
3903 4862 3916 4874 '
3955 4821 4101 4972 sept.
4138 4822 4275 4879 ¹⁵⁶³

2316 5024 2506 5078 nmio
2523 4954 4008 5110 akrfnzmgwffimwdoessuffirmwmff
4049 4959 4274 5111 Qun-0190

2315 5096 2676 5147 umam
2690 5094 2924 5162 offerret.
2963 5092 3199 5177 &natus
3231 5110 3290 5150 se
3321 5109 3483 5177 neme
3514 5110 3634 5150 sum
3652 5095 3924 5152 annectere
3956 5097 4271 5166 declarant,

2315 5163 3082 5355 ΐωῗῶωᾚω.
3136 5169 3619 5315 „me-...saw
3660 5171 3948 5289 mmm
4016 5167 4274 5223 m

2317 5296 2583 5369 (Em-9·
2617 5298 2811 5354 12⁷6.
2887 5342 2900 5354 .
2937 5300 2986 5354 7.
3025 5299 3169 5370 Sept.
3208 5299 3723 5372 sch-udinem.)

3751 5436 3863 5493 12.
