4900 6125
648 442 767 503 187

640 646 685 692 a
747 631 884 692 este
948 623 1192 707 permis
1257 643 1385 706 que
1448 622 1726 706 precher
1790 622 1962 688 deux
2029 643 2233 710 moys.
2322 621 2598 689 Comme

631 714 886 796 jestoys
949 731 1035 775 en
1101 708 1530 774 deliberation
1597 708 1678 774 de
1742 729 1898 774 men
1962 706 2100 774 aler
2154 707 2388 774 devere
2431 729 2599 774 vous

641 796 821 862 deux
863 795 945 862 de
989 817 1128 861 mes
1184 796 1387 866 fieres
1428 794 1688 859 fuerent
1731 794 1982 861 d’advis
2026 793 2107 860 de
2149 803 2436 860 arrester
2479 813 2596 858 en-

641 901 826 950 cores
868 891 935 947 et
977 880 1144 946 dans
1188 880 1363 946 deux
1397 883 1586 966 jours
1628 901 1820 964 apres
1862 901 1973 947 ma
2012 880 2173 946 filhe
2214 881 2352 946 fust
2395 880 2599 964 pesti-

641 969 817 1035 feree
859 977 926 1032 et
967 977 1069 1032 est
1112 975 1324 1033 morte
1367 967 1547 1032 voire
1590 975 1773 1032 toute
1814 985 1927 1031 ma
1965 965 2211 1031 familie
2253 966 2407 1031 saus
2441 986 2598 1031 mon

640 1053 750 1122 fflz
789 1058 857 1119 et
898 1074 1072 1137 moy,
1118 1053 1276 1118 tires
1311 1053 1468 1118 hors
1510 1051 1577 1118 la
1619 1053 1892 1130 maisou,
1936 1073 2089 1117 mon
2135 1051 2453 1118 affliction
2497 1059 2601 1118 est

643 1138 932 1225 desperit
986 1149 1053 1204 et
1106 1137 1196 1204 du
1247 1159 1393 1205 cors
1451 1145 1518 1203 et
1558 1159 1644 1223 ay
1700 1137 1971 1222 besoing
2033 1137 2116 1203 de
2159 1136 2599 1203 conssolation

642 1231 711 1292 et
746 1222 1171 1291 mandement
1212 1223 1294 1289 de
1338 1223 1476 1289 aler
1519 1224 1757 1290 devere
1803 1244 1962 1290 vous
1997 1244 2083 1289 ou
2116 1244 2273 1308 moy
2309 1243 2601 1308 envoyer

642 1310 929 1388 alheurs.
974 1330 1086 1377 car
1127 1330 1378 1376 comme
1420 1312 1556 1375 suis
1610 1309 1713 1375 ale
1766 1317 2030 1395 partout
2073 1330 2157 1374 ou
2201 1319 2427 1375 nostre
2470 1309 2599 1374 bon

641 1397 818 1462 Dieu
861 1405 931 1462 et
971 1417 1127 1480 pere
1171 1415 1280 1461 ma
1323 1415 1580 1480 envoye
1622 1416 1744 1478 par
1788 1407 2007 1462 vostre
2050 1396 2390 1460 ministare
2425 1395 2608 1471 (sauf

642 1481 725 1549 de
768 1479 1036 1565 Macen)
1081 1491 1147 1547 et
1189 1502 1316 1566 que
1359 1501 1476 1547 sen
1518 1494 1619 1546 est
1674 1481 1970 1547 ensuivie
2011 1480 2144 1547 tele
2187 1480 2600 1546 benediction

643 1567 783 1651 quil
828 1567 948 1652 luy
991 1589 1031 1632 a
1073 1566 1226 1651 pleu
1270 1588 1557 1652 envoyer
1599 1587 1787 1650 spere
1830 1566 2011 1633 obeir
2048 1576 2116 1632 et
2160 1567 2297 1631 aler
2331 1588 2417 1632 ou
2453 1586 2600 1631 sere

643 1673 815 1721 envo
864 1674 902 1719 e
966 1674 1131 1736 pour
1184 1651 1247 1718 le
1291 1652 1465 1719 desir
1551 1673 1633 1717 ue
1676 1663 1900 1719 nostre
1941 1654 2069 1719 bon
2113 1653 2290 1718 Dieu
2335 1663 2402 1718 et
2444 1672 2601 1735 pere

642 1759 755 1804 ma
841 1759 1012 1804 onne
1055 1738 1136 1804 de
1179 1759 1334 1823 moy
1380 1759 1528 1821 emp
1557 1758 1719 1822 oyer
1760 1760 1932 1823 pour
1989 1759 2109 1804 son
2153 1758 2354 1804 euvre
2397 1749 2464 1803 et
2506 1737 2600 1803 le-

686 1824 798 1890 uel
835 1827 904 1909 je
948 1825 1088 1907 prie
1130 1846 1216 1891 ou
1258 1844 1415 1889 nom
1459 1822 1539 1889 de
1582 1845 1701 1889 son
1756 1825 1867 1889 filz
1927 1823 2079 1889 bien
2137 1845 2330 1909 ayme
2372 1831 2599 1889 nostre

643 1845 974 1995 {signem-
1016 1930 1182 1976 vous
1227 1908 1481 1975 donner
1524 1931 1609 1975 en
1652 1919 1843 1975 sante
1884 1910 2128 1995 longue
2163 1910 2269 1975 vie
2308 1930 2460 1995 moy
2498 1930 2600 1974 re·

643 1993 1110 2063 commandant
1154 2016 1195 2060 a
1237 2016 1406 2061 vous
1449 1996 1699 2078 prieres
1743 2005 1812 2060 et
1856 2004 2038 2061 toutz
2073 1996 2168 2061 les
2203 1996 2366 2062 bons
2409 2016 2601 2078 peres

644 2080 727 2147 de
769 2088 988 2233 vgstre
1031 2083 1415 2166 compagnie
1459 2102 1584 2164 que
1620 2084 1690 2166 je
1732 2081 1915 2148 salue
1960 2089 2180 2147 toutz:
2224 2102 2299 2148 ce
2350 2086 2424 2145 16
2473 2081 2602 2147 No-

642 2186 793 2236 vem
838 2216 856 2233 .
910 2170 1091 2233 1668.

1260 2324 1384 2389 par
1428 2313 1650 2369 vostre
1695 2304 1873 2369 servi
1940 2324 2023 2368 ur
2064 2323 2151 2368 en
2192 2304 2605 2371 Jesuschrist

1702 2390 1797 2455 Μ.
1903 2387 2164 2456 achard.

1438 2683 1819 2691 ——--—————

1514 2933 1715 3004 4⁰45.

1066 3088 1650 3157 LISMANINUS
1690 3088 2164 3158 WOLPHIO.

818 3262 1067 3329 Multus
1107 3262 1311 3327 estin
1342 3261 1765 3345 sepuryando
1797 3282 1843 3327 α
1872 3263 2344 3345 suspicionibus
2371 3264 2599 3348 quibus

641 3352 782 3418 eius
822 3349 1185 3416 orthodoxia
1221 3348 1627 3432 yravabatur.

643 3521 757 3587 (Ex
800 3518 1139 3590 autographo
1175 3518 1343 3573 Arch-
1388 3518 1569 3573 Turio.
1618 3520 1762 3573 Plut.
1800 3520 1956 3575 Vm.
2002 3522 2122 3575 Vol.
2168 3518 2240 3575 45
2284 3522 2415 3576 olim
2451 3522 2501 3577 Ε
2583 3562 2597 3576 .

640 3590 796 3645 Τοιιι.
832 3587 917 3655 43,
954 3587 1046 3642 sol.
1085 3585 1202 3640 115.
1249 3588 1383 3642 Pars
1428 3596 1611 3643 tamen
1765 3590 1936 3644 terior
1968 3591 2231 3659 epistolae
2264 3591 2321 3645 in
2355 3591 2477 3645 Vol.
2584 3629 2599 3654 ‚

1042 3655 1136 3714 sol.
1173 3654 1276 3710 198
1309 3662 1506 3711 exstat.
1544 3686 1609 3696 —
1648 3605 1864 3713 ἕξων.
1898 3660 2021 3712 Vol.
2059 3657 2204 3721 108.)

643 3827 750 3895 Ad
795 3828 1109 3893 Ioannem
1133 3827 1458 3893 Wolfium
1503 3827 1614 3893 vel
1658 3828 1729 3892 in
1775 3829 1916 3894 eius
1953 3829 2249 3895 absentia
2283 3827 2368 3895 ad
2389 3829 2597 3895 Henr.

974 3913 1437 3998 Bullingerum
1480 3913 1585 3978 vel
1631 3912 1830 3982 Oonr.
1879 3913 2270 3980 Gesnerum.

817 4084 1198 4150 Olarissime
1257 4086 1376 4161 vir,
1444 4083 1705 4150 domine
1771 4094 1836 4149 et
1879 4085 2085 4151 frater
2126 4085 2600 4153 colendissimo.

643 4169 721 4238 Si
778 4190 945 4254 quae
1002 4172 1313 4236 miseram
1372 4190 1601 4236 mense
1656 4170 1834 4236 Maio
1890 4191 2011 4255 per
2050 4170 2206 4238 clar.
2254 4172 2337 4237 D.
2384 4172 2600 4238 Fran-

641 4258 888 4324 ciscum
936 4254 1213 4339 Niyrum
1258 4255 1761 4333 Bassanensem,
1790 4258 1841 4338 ¹)
1885 4258 1997 4341 qui
2041 4257 2296 4323 habitat
2315 4256 2599 4324 Claven-

641 4363 767 4408 nae
832 4342 903 4407 in
947 4340 1248 4419 Rhaetia‚
1316 4343 1644 4425 accepisti,
1710 4348 1779 4407 et
1843 4363 2011 4425 quae
2077 4363 2197 4427 per
2267 4344 2602 4427 quendam

641 4429 1018 4494 ministrum
1061 4428 1245 4494 urbis
1286 4436 1554 4493 nostrae
1595 4426 1964 4507 bicolorem‚
2034 4429 2194 4495 item
2239 4450 2404 4513 quae
2447 4430 2599 4495 reli-

643 4514 756 4612 qui
794 4513 1037 4614 Vilnae
1082 4512 1257 4596 apud
1296 4514 1722 4614 secretarium
1741 4515 1802 4597 ²)
1844 4513 1950 4579 111.
1995 4513 2287 4581 Palatini
2324 4515 2601 4583 Vilnen-

645 4600 1296 4751 ...Ἢιὲιῌ-
1313 4598 2359 4771 ffiwrzffimffzssssffiss
2376 4622 2602 4767 50⁹5}

650 4843 755 4851 μ-
822 4844 879 4851 ..⁴
906 4843 1057 4853 --—

2154 432 2681 502 EPISTOLAE
2722 436 3150 502 4044—4046

4507 441 4598 504 1oe

2704 641 2865 687 vero
2909 621 3284 688 huiusmodi
3327 642 3477 689 mea
3519 622 3764 707 scripta
3798 644 3933 689 non
3967 630 4126 688 sunt
4161 622 4347 689 vobis
4378 623 4601 700 reddita.

2700 705 3736 879 mmmm&
3771 708 4601 878 mmmm:

2700 878 3067 944 doctrinam
3114 879 3196 944 de
3238 889 3654 947 sacrosancta
3687 879 3914 959 triade,
3959 882 4185 963 aperui
4220 880 4606 964 blasphemias

2707 964 2996 1042 amuis,
3042 964 3231 1032 docui
3285 973 3539 1048 patrem
3605 965 3816 1031 filium
3887 975 3955 1030 et
4010 967 4312 1048 spiritum
4357 981 4606 1033 sanctum

2701 1071 2785 1116 ex
2823 1051 3149 1134 scriptura
3182 1053 3493 1118 canonica
3515 1054 3733 1118 vocari
3756 1051 3994 1117 debere
4015 1072 4222 1117 unum
4251 1053 4476 1128 Deum,
4505 1073 4608 1118 non

2703 1156 2981 1220 persona
3039 1136 3155 1202 sed
3198 1135 3604 1202 indifferenti
3669 1147 3933 1217 natura,
4002 1147 4079 1202 ut
4133 1136 4368 1204 docent
4425 1159 4612 1202 omnes

2701 1230 2979 1298 veteres,
3027 1223 3415 1305 pracsertim
3458 1223 3758 1289 Hilarius
3807 1225 3877 1287 in
3923 1223 4089 1289 libro
4131 1221 4214 1288 de
4258 1223 4528 1307 synodis,
4561 1231 4614 1288 et

2702 1307 3111 1374 Ambrosius.
3211 1307 3492 1374 Ostendi
3565 1308 3764 1374 verba
3810 1309 3938 1374 Dei
4000 1309 4072 1373 in
4137 1311 4392 1375 cantico
4445 1309 4614 1374 nouis

2703 1393 2901 1459 Deut.
2951 1396 3067 1457 32:
3158 1393 3409 1472 Videte,
3474 1394 3693 1461 videte
3756 1396 3909 1478 quia
3973 1415 4098 1479 ego
4154 1415 4310 1460 sum
4355 1395 4519 1460 Deus
4563 1405 4616 1460 et

2705 1499 2837 1544 non
2881 1486 2984 1545 est
3029 1478 3190 1545 deus
3253 1487 3534 1562 praeter,
3605 1501 3749 1546 esse
3805 1480 4010 1545 verba
4056 1479 4175 1544 filii
4219 1478 4355 1545 Dei
4406 1489 4470 1546 et
4517 1501 4618 1545 uon

2704 1565 2931 1646 patris,
2996 1574 3073 1630 ut
3138 1565 3376 1632 diffuse
3420 1565 3708 1632 declarat
3763 1565 4065 1631 Hilarius
4145 1566 4218 1630 in
4283 1575 4506 1649 quarto
4557 1565 4618 1628 de

2705 1650 3048 1726 Trinitas,
3073 1651 3271 1734 idque
3292 1652 3527 1733 probat
3555 1672 3638 1717 ex
3664 1651 3880 1717 vorbis
3904 1651 3988 1716 D.
4013 1650 4208 1716 Pauli
4241 1657 4342 1715 15.
4363 1650 4444 1715 ad
4463 1651 4618 1716 Rom.

2703 1744 2772 1802 et
2811 1756 2896 1801 ex
2931 1736 3131 1801 Esaia
3174 1747 3243 1801 et
3284 1758 3424 1821 cap.
3472 1743 3567 1802 14.
3605 1735 3688 1801 ad
3723 1737 4077 1803 Romanos.
4143 1735 4255 1800 Ita
4297 1747 4374 1802 ut
4411 1736 4620 1801 nullm

2703 1822 3105 1888 occasionem
3129 1823 3683 1905 praetermiserim
3715 1822 4070 1888 reducendi
4099 1833 4366 1888 nostros
4386 1821 4466 1887 ad
4483 1821 4624 1887 vim

2703 1916 2968 1972 rectam.
3041 1905 3268 1989 Quum
3311 1916 3533 1973 autem
3576 1907 3869 1974 viderem
3914 1929 4025 1974 eos
4066 1906 4411 1974 occludere
4449 1927 4624 1982 aures,

2703 2001 2771 2058 et
2834 2014 3036 2076 quum
3101 1998 3564 2076 negarentur*
3640 1993 3808 2058 mihi
3884 1991 4291 2076 stipendium
4371 2013 4626 2058 annuum

2703 2079 3131 2145 constitutum
3199 2100 3240 2143 a
3282 2078 3537 2164 synodo
3579 2078 3892 2164 generali,
3958 2078 4157 2144 simul
4200 2091 4270 2144 et
4312 2078 4628 2163 persolutio

2703 2163 3072 2230 debitorum
3115 2184 3282 2247 quae
3323 2167 3624 2231 contraxi
3666 2165 3963 2230 serviens
3996 2165 4362 2231 vocationi:
4399 2175 4628 2230 vocam

2703 2271 2746 2315 a
2803 2247 3090 2333 quodam
3154 2248 3467 2332 Principe
3531 2271 3785 2335 graeco,
3804 2253 3864 2326 ⁴)
3924 2249 4158 2315 nolens
4231 2257 4458 2315 tamen
4517 2251 4630 2314 sine

2703 2334 2878 2402 scitu
2920 2335 3322 2400 serenissimi
3357 2335 3565 2419 Regis
3601 2358 3686 2401 ex
3723 2355 3927 2420 regno
3961 2334 4277 2401 Poloniae
4314 2333 4628 2410 discedere.

2748 2421 3035 2486 rofectus
3091 2441 3238 2485 sum
3285 2421 3577 2499 Vilnam,
3653 2429 3918 2487 centum
3975 2420 4218 2504 viginti
4279 2420 4632 2487 milliaribus

2753 2506 2766 2520 '
2807 2513 3063 2571 tantem
3118 2527 3156 2571 a
3208 2506 3582 2586 Pinczovia‚
3642 2506 3936 2572 nondum
3994 2527 4216 2584 sanus,
4275 2507 4434 2585 imo,
4494 2505 4632 2590 qnod

2700 2592 2889 2676 peius
2931 2598 3052 2670 est,
3097 2591 3167 2655 in
3211 2591 3427 2658 medio
3469 2592 3707 2658 itinere
3751 2599 4093 2674 correptus
4135 2614 4176 2658 a
4213 2593 4427 2660 colica
4456 2593 4632 2676 aegri—

2703 2676 2935 2743 tudine
2975 2677 3344 2761 periculosa
3387 2688 3455 2742 et
3497 2700 3664 2761 quae
3696 2677 4017 2744 hactenus
4059 2698 4172 2742 me
4201 2679 4500 2745 cruciare
4529 2697 4632 2742 non

2703 2771 2935 2829 cessat.

2879 2847 3105 2929 Quum
3142 2848 3543 2933 appulissem
3579 2847 3871 2928 Vilnam,
3917 2855 4219 2932 receptus
4253 2870 4414 2914 sum
4448 2849 4634 2914 hum·

2704 2934 2977 2999 nissime
3029 2933 3111 2999 ab
3169 2934 3615 3000 illustrissimo
3677 2935 4003 2999 nutritore
4065 2934 4498 3001 ecclesiarum
4543 2933 4634 3000 Li·

2704 3018 3023 3086 thuaniae
3065 3018 3153 3087 D.
3198 3020 3503 3087 Palatino
3563 3018 3852 3086 Vilnensi
3907 3019 4000 3086 ill.
4038 3020 4246 3101 Duce,
4307 3041 4432 3105 pro
4485 3022 4634 3088 cuim

2703 3105 3020 3173 incolumi
3103 3114 3279 3172 statu
3345 3127 3570 3171 omnes
3637 3106 3967 3186 ecclesiae,
4046 3107 4157 3189 qui
4173 3112 4210 3146 ⁶
4275 3108 4634 3191 profitentur

2703 3211 2936 3275 puram
2981 3190 3348 3258 doctrinam
3392 3190 3706 3257 deberent
3746 3213 3936 3257 orare
3977 3191 4350 3258 Dominum
4395 3191 4634 3259 assidue.

2702 3277 2867 3343 Post
2910 3275 3051 3342 dies
3093 3286 3238 3343 octo
3260 3277 3593 3360 profectus
3636 3298 3783 3342 sum
3803 3277 4106 3343 Oounam
4123 3276 4214 3361 ⁵):
4259 3277 4336 3343 id
4359 3300 4444 3362 op
4491 3277 4633 3343 ‘dm

2702 3361 3180 3429 Lithuanicum
3235 3372 3338 3428 est
3399 3362 3800 3429 serenissimi
3845 3361 4069 3447 Regia
4161 3362 4320 3430 Illic
4487 3362 4634 3429 navi

2698 3446 2791 3512 ill.
2838 3445 3098 3513 Ducem
3147 3446 3472 3523 Pru-seiae,
3517 3448 3879 3531 principem
3922 3468 4082 3513 vere
4125 3447 4490 3527 heroicum,
4548 3448 4634 3530 qui

2701 3531 2999 3598 triduum
3044 3554 3162 3616 pro
3205 3554 3325 3599 suo
3366 3554 3548 3598 more
3586 3554 3694 3598 me
3737 3534 4014 3617 excepit,
4059 3555 4296 3599 verum
4343 3546 4412 3601 et
4450 3535 4634 3600 hoiu-

2701 3626 2810 3684 tus
2852 3628 2953 3684 est
2997 3628 3095 3695 ut,
3139 3617 3255 3685 ubi
3289 3626 3728 3685 commoratus
3763 3639 3978 3685 essem
4011 3640 4164 3686 cum
4197 3619 4321 3685 illo
4359 3620 4638 3768 Ρι-ιωίῗ

2703 3724 2938 3788 graeco
2973 3702 3061 3768 ali
3107 3713 3226 3770 uot
3247 3703 3403 3781 dies,
3450 3705 3748 3770 venirem
3784 3704 3869 3770 ad
3889 3704 4190 3771 Mentem
4227 3707 4511 3791 regium,
4551 3725 4588 3769 u
4623 3704 4632 3713 '

2703 3797 2805 3854 est
2845 3789 2999 3854 aula
3036 3790 3085 3854 il
3174 3810 3335 3856 suae
3373 3788 3818 3856 Oelsitudinie.
3908 3789 4105 3871 Quod
4147 3799 4220 3856 et
4261 3793 4412 3869 feei,
4469 3810 4636 3875 qm

2701 3882 2973 3959 propter
3029 3872 3275 3940 bellum
3317 3874 3751 3942 Valachicum
3805 3877 4197 3942 intestinum
4263 3899 4408 3944 non
4472 3878 4634 3942 licut

2704 3961 2793 4026 rit
2875 3961 3195 4029 hactenus
3274 3982 3381 4026 me
3457 3961 3782 4044 proficisci
3867 3960 3952 4026 ad
4029 3961 4217 4027 illum
4391 3964 4406 3977 '
4497 3964 4512 3977 '

2703 4067 3012 4131 graecum
3056 4047 3170 4128 qui
3214 4056 3316 4111 est
3358 4045 3662 4113 dominus
3719 4044 4074 4114 Valachiae.
4165 4047 4418 4115 Vilnae
4467 4066 4632 4133 quun

2704 4152 2916 4197 essem
2973 4131 3256 4198 salutavi
3327 4132 3818 4198 serenissimum
3885 4132 4155 4218 Royan,
4231 4134 4468 4219 bisque
4517 4140 4636 4217 pust

2704 4218 2983 4301 primam
3027 4216 3491 4283 salutationem
3534 4219 3785 4284 contuli
3848 4240 3999 4285 cum
4053 4220 4482 4287 serenissima
4515 4218 4634 4285 11·-

2700 4304 2937 4370 icstate
2979 4324 3105 4401 sua
3135 4302 3218 4402 dc
3258 4303 3579 4388 religione
3613 4324 3798 4388 pura,
3834 4313 3904 4370 et
3934 4325 4130 4389 spero
4163 4326 4298 4371 non
4321 4304 4634 4372 inaulita.

2873 4387 3214 4471 Descripsi
3267 4402 3421 4455 tuae
3477 4391 3920 4473 praestantiae
3977 4400 4190 4456 tomm
4243 4412 4476 4458 meum
4525 4398 4632 4455 st·-

2703 4482 2863 4540 tum.
2952 4474 3191 4540 Restat
3271 4482 3350 4539 ut
3425 4474 3589 4542 haec
3665 4476 4088 4543 innotescant
4157 4478 4471 4544 omnibus
4529 4474 4632 4539 tui·

2701 4561 3104 4712 {ffiffiiff
3141 4559 3541 4712 ιῗὲθὲἐὲε
3565 4562 3901 4713 Ἓὲἒῗέἓὲ
3914 4612 3931 4640 ’
3946 4561 4306 4715 ἒέἒιῗωῗ
4314 4560 4632 4715 ῗυῒζ

2705 4729 2918 4814 sylvio
2960 4738 3029 4797 et
3070 4731 3407 4797 fascinatis
3450 4732 3534 4797 ab
3576 4731 3739 4810 illis,
3784 4731 4066 4800 credatis
4106 4754 4252 4800 eme
4295 4733 4630 4801 calumni-

2701 4828 3057 4968 ssi’ffi‘
3094 4838 3132 4882 ⁶
3182 4817 4630 4990 ωᾞῗιιῗεωωέοῗηωᾚωὲηὗ

2701 4987 2926 5053 literas
2967 4987 3227 5055 miseris
3271 4987 3635 5069 Genevam,
3680 4999 3757 5056 ut
3799 4991 4022 5057 omnia
4061 4991 4241 5076 legat
4281 4991 4396 5057 vir
4434 4988 4626 5057 elau-is·

2905 5207 4015 5293 4)Ιᾳο.ῌεωε1ι·ᾷεΒωιΊόωδσφοω
4072 5210 4625 5279 Volcens-adn,-

2701 5292 2877 5346 supra
2907 5278 3476 5415 gffiofhbtm.
3513 5278 3662 5348 153.)

4187 5936 4769 6108 4⁴]
