4900 6125
299 412 390 474 ³01
1934 413 2094 476 1562
2139 406 2606 477 FEBRUAR.

291 616 409 662 csse
439 594 595 662 Iulii
627 598 875 665 mensis
909 598 1216 681 edictum,
1251 621 1385 666 non
1420 600 1613 684 quale
1647 600 1948 677 habetur,
1984 600 2219 666 sedita

290 688 353 747 ut
379 684 804 767 perscriptum
842 694 986 750 erat
1017 685 1091 750 in
1125 686 1348 753 curiae
1379 685 1680 770 registro,
1749 686 1819 751 id
1862 697 1965 753 est
2002 683 2216 751 multo

287 767 614 835 crudelius.
641 771 728 846 ¹²)
797 768 945 836 Non
987 770 1212 838 deeme
1251 773 1620 856 principem
1662 772 1754 853 (is
1794 782 1900 837 est
1939 772 2216 838 Aumat-

284 853 472 925 hm)
529 855 641 938 qui
699 866 971 940 paratus
1034 857 1126 923 sit
1185 858 1363 923 intra
1403 878 1702 923 mensem
1765 877 1993 924 omnes
2057 859 2216 923 istos

285 947 450 1005 extra
508 942 696 1024 regni
751 940 997 1008 limites
1055 944 1425 1028 profligare.
1515 942 1884 1010 Sorbonam
1930 943 2059 1011 scri
2107 954 2214 1009 tu-

283 1044 402 1090 ram
469 1044 615 1092 esse
677 1027 946 1093 brevem
1011 1029 1484 1096 catechismum
1507 1077 1522 1106 ,
1588 1030 1702 1113 qui
1772 1050 1812 1095 a
1875 1029 2068 1096 catho
2100 1029 2220 1095 ‘cis

281 1108 631 1178 doctoribus
675 1113 749 1178 in
792 1112 1099 1180 omnibus
1141 1115 1400 1199 oppidis
1441 1115 1838 1199 explicetur:
1924 1116 2214 1199 itemque

280 1195 409 1261 fidei
454 1198 686 1281 capita,
732 1199 970 1283 quibus
1013 1200 1162 1266 Rex
1208 1202 1348 1284 ipse
1388 1202 1662 1285 primus,
1709 1199 1943 1267 deinde
1987 1221 2213 1266 omnes

279 1284 398 1348 sinc
453 1286 834 1368 exceptione
900 1286 1333 1354 subscribant.
1419 1286 1555 1369 Qui
1598 1286 1720 1352 hoc
1763 1286 1981 1353 facere
2024 1307 2212 1352 recu·

277 1369 438 1441 sarit,
505 1371 560 1435 si
619 1390 750 1454 quo
812 1392 1087 1471 munere
1149 1373 1483 1473 fungatur,
1550 1373 1631 1439 ab
1696 1372 1837 1438 eius
1879 1372 2212 1473 functione

275 1455 2209 1639 {3113³0¹lmf02¹33⁶133¹0⁰⁸523fflfflrfnssmmssssssaffffiffil

272 1634 432 1691 intra
473 1647 767 1693 mensem
813 1628 1088 1695 excedat
1129 1630 1351 1715 Regni
1394 1631 1658 1709 finibus,
1708 1631 1990 1694 ministri
2036 1632 2210 1695 intra

272 1709 426 1776 diem
472 1712 801 1779 decimum
845 1715 1170 1798 quintum,
1238 1715 1462 1781 addita
1505 1716 1990 1782 revertentibus
2032 1716 2211 1800 capi·

271 1796 370 1896 tali
429 1818 657 1881 poena,
716 1799 1067 1885 pellantur.
1157 1802 1550 1867 Nostrarum
1604 1802 2024 1868 ecclesiarum
2069 1822 2211 1867 ma-

269 1884 568 1948 mmonia
607 1886 800 1951 irrita
843 1885 1230 1963 habeantur,
1277 1896 1346 1953 et
1387 1908 1472 1953 ex
1515 1888 1603 1953 iis
1641 1887 1949 1973 prognati
1990 1908 2211 1953 mares

267 1967 360 2034 vel
400 1968 729 2037 foeminae
781 1973 958 2039 inter
1000 1975 1261 2056 spurios
1305 1984 1754 2040 numerentur.
1847 1972 2027 2056 Quid
2069 1994 2210 2039 am-

264 2053 469 2137 plius?
535 2066 612 2121 ιιι
652 2078 813 2140 quos
855 2058 941 2124 ba
986 2060 1334 2125 tisavimus
1376 2059 1578 2126 alieni
1620 2059 1704 2126 ab
1745 2059 2018 2126 ecclesia
2060 2080 2211 2125 cen-

264 2148 538 2206 seantur.
637 2142 826 2209 Haec
887 2145 900 2158 ‘
963 2144 1012 2209 ‘z
1081 2158 1149 2209 et
1204 2166 1361 2211 sane
1501 2144 1670 2211 udeo
1725 2145 1896 2228 quod
1951 2145 2208 2210 nullum

263 2224 541 2292 medium
593 2228 947 2296 consilium
1005 2233 1317 2314 ceperint.
1403 2167 1502 2296 ff
1465 2252 1632 2315 eque
1689 2231 1867 2296 enim
1926 2229 2210 2296 arbitror

263 2310 456 2377 ullum
515 2334 785 2396 prorsus
840 2317 978 2381 fore
1033 2318 1148 2400 qui
1211 2337 1348 2382 non
1402 2337 1514 2382 eos
1571 2324 1648 2383 ut
1704 2317 1944 2383 stultos
1996 2316 2209 2382 rideat

266 2408 324 2461 et
400 2407 473 2463 ιιι
549 2400 819 2465 insanos
896 2402 1166 2468 reiiciat.
1271 2402 1541 2469 Interea
1604 2403 1857 2468 exitum
1920 2402 2204 2485 aliquem

263 2483 743 2581 praestolamur.
842 2486 1052 2569 [Quid
1117 2509 1374 2572 sperem
1435 2509 1645 2574 rogas.
1746 2485 2204 2571 Respondebo,

263 2580 544 2635 incertus
585 2574 801 2656 magis
854 2593 1002 2638 sum
1060 2594 1253 2657 quam
1301 2584 1514 2674 antea.
1603 2573 1740 2641 Sed
1789 2586 2010 2640 tamen
2057 2574 2205 2639 dico

259 2657 1040 2843 mmm?
1084 2658 2207 2819 .¹32.⁰;¹;.⁰;f¹;·3.22b3‚³².3231.:3.;23

260 2826 334 2891 ad
383 2826 646 2910 plenam
701 2829 1074 2897 libertatem
1126 2832 1268 2914 ipsa
1326 2832 1684 2898 necessitas
1726 2829 1978 2897 aditum
2022 2842 2202 2914 pate-

257 2910 458 2978 ficiat.
561 2913 627 2980 U
748 2926 776 2979 t
839 2918 1011 2982 serio
1076 2917 1341 3001 Regina
1403 2930 1482 2982 ut
1545 2917 2058 2999 respondeamus
2123 2917 2205 2982 de

257 2997 434 3065 liberi
476 2935 745 3067 concriffi
782 3001 1282 3083 conditionibus,
1326 3012 1395 3070 et
1435 3003 1570 3072 scio
1603 3002 1772 3069 nihil
1807 3003 1917 3069 hic
1952 3002 2203 3069 fraudis

257 3083 530 3153 subesse.
619 3085 764 3153 Iam
810 3091 987 3154 enim
1033 3089 1302 3156 tandem
1345 3090 1660 3174 intelligit
1699 3110 1810 3154 res
1851 3110 2007 3155 suas
2050 3110 2200 3156 cum

257 3181 470 3236 nosti-a
509 3171 725 3239 salute
768 3195 913 3240 esse
955 3177 1359 3243 coniunctas.
1441 3175 1735 3259 Ouperet
1776 3183 1998 3241 autem
2040 3176 2204 3241 alias

256 3259 442 3322 ctiam
508 3258 836 3340 ecclesias,
924 3263 1313 3344 praesertim
1378 3269 1725 3336 vestrates,
1810 3259 2053 3326 habere
2130 3263 2203 3325 in

257 3342 473 3409 eadem
519 3343 860 3411 voluntate
901 3348 1406 3415 consentientes.
1495 3347 1686 3431 Rogo
1727 3347 1935 3431 igitur
1976 3356 2045 3411 et
2087 3347 2202 3412 ob-

254 3447 422 3495 secro
463 3438 541 3496 nt
583 3429 744 3513 quid
803 3429 922 3497 tibi
975 3431 1286 3499 videatur
1329 3434 1586 3518 tuipse
1629 3433 1714 3498 ad
1756 3453 1877 3497 nos
1968 3433 2031 3447 ‘⁸
2171 3468 2200 3482 ·

255 3523 349 3580 ter
399 3527 466 3581 et
515 3519 736 3600 primo
790 3539 1045 3602 quoque
1102 3526 1396 3603 tempore
1445 3519 1834 3603 perscribas,
1879 3520 2005 3584 sim
2076 3539 2201 3601 que

254 3599 595 3684 'tigurinos
677 3615 746 3668 et
822 3604 985 3671 alios
1103 3625 1490 3688 noscunque
1563 3605 1813 3687 poteris
1878 3604 1963 3669 ad
2027 3602 2198 3669 idem

257 3687 588 3754 consilium
632 3688 1026 3772 capiendum
1129 3693 1383 3765 orteris‚
1443 3689 1616 3773 quod
1659 3690 1960 3755 fortassis
2002 3709 2203 3772 expe—

257 3771 380 3837 diet
429 3773 694 3856 publice
747 3777 994 3859 scripto
1054 3775 1276 3842 libello
1334 3777 1581 3859 reponi.
1668 3775 1804 3842 Sed
1864 3776 2202 3842 celeritate

257 3876 408 3939 opus
484 3871 585 3924 est
644 3860 799 3942 quia
877 3877 1237 3944 properant
1308 3862 1668 3927 adversarii
1743 3873 1813 3927 et
1869 3861 2200 3945 Reginam

413 3942 522 4095 δέ
556 4051 711 4095 mea
753 4031 1151 4109 valetudine,
1199 4032 1427 4131 videor
1459 4031 1726 4116 quidem
1761 4033 1927 4098 mihi
1961 4033 2200 4099 melius

257 4111 499 4194 habere,
544 4114 662 4180 sed
703 4129 930 4183 tamen
973 4119 1336 4202 quotidiam
1377 4117 1637 4185 labores
1678 4119 1795 4186 vix
1830 4120 2059 4185 sinunt
2090 4139 2200 4184 me

258 4203 581 4284 respirare.
654 4202 921 4269 Interea
951 4204 1194 4270 millies
1222 4204 1396 4270 mori
1430 4204 1677 4282 malim,
1699 4224 1899 4287 quam
1920 4209 1991 4271 in
2011 4212 2200 4271 tanta

259 4293 625 4371 tempestate
670 4290 1027 4371 quiescere,
1070 4289 1519 4357 laborantibus
1557 4290 1886 4358 omnibus.
1955 4292 2198 4358 Preces

258 4379 494 4438 tantum
537 4382 713 4457 peto,
782 4387 851 4440 et
893 4396 1073 4460 rogo,
1144 4377 1238 4440 mi
1281 4385 1488 4459 pater,
1550 4387 1645 4455 ιιι,
1712 4377 1886 4460 quod
1931 4378 2014 4443 ad
2054 4397 2196 4443 rem

257 4455 430 4523 ictam
473 4461 731 4539 attinet,
776 4472 1036 4527 caetera
1075 4459 1352 4528 arbitrio
1392 4482 1542 4527 meo
1581 4463 1936 4546 relinquas.
2023 4462 2194 4529 Nam

256 4543 302 4606 si
343 4553 482 4611 tute
525 4544 635 4612 hic
678 4567 875 4624 esses,
930 4549 1120 4631 piger
1161 4547 1280 4613 tibi
1325 4548 1585 4613 viderer
1625 4549 1694 4613 in
1739 4557 1930 4615 tanta
1972 4569 2194 4616 neces-

256 4629 451 4708 sitate,
520 4643 838 4714 quantam
908 4634 1018 4699 hic
1083 4634 1431 4717 conspicio,
1501 4635 1567 4698 in
1636 4655 1716 4699 ea
1781 4635 1945 4700 urbe
1999 4656 2194 4718 quam

407 4856 502 4922 12)
540 4855 809 4911 Bnclart
880 4896 896 4913 .
926 4855 1026 4910 72:
1056 4856 1139 4911 Le
1173 4855 1258 4910 25.
1280 4857 1440 4910 Fevr.
1478 4861 1815 4912 arresterent
1849 4858 1978 4927 qu'il
2013 4859 2195 4928 pleust

251 4940 308 4977 su
339 4925 453 4995 Roy
485 4925 628 4979 faire
675 4873 938 4979 deu-echos
977 4925 1192 4996 publier
1236 4926 1386 4978 l’edit
1428 4926 1498 4979 de
1531 4926 1568 4981 J
1572 4925 1728 4979 uillet
1779 4929 1977 4996 auquel
2024 4928 2195 4982 seroit

251 4994 478 5063 dicante
528 5011 638 5064 que
689 4994 771 5048 les
821 4995 1104 5049 ministres
1153 5007 1212 5048 et
1406 4995 1573 5049 ’cents
1624 4995 1867 5050 seroient
1917 5003 2076 5051 tenus
2123 4996 2194 5049 de

251 5063 426 5118 wider
457 5063 592 5118 hors
625 5064 683 5116 le
729 5080 792 5116 ro
831 5080 1005 5117 sume.
1075 5062 1181 5117 Ges
1288 5064 1373 5116 vis
1414 5063 1488 5117 du
1522 5063 1836 5118 Parlement
1877 5065 2066 5119 furent
2098 5081 2191 5120 en·

251 5133 400 5203 reyes
431 5149 502 5187 au
523 5131 744 5187 Conseil

247 5215 394 5255 cass
435 5219 541 5255 anx
591 5201 934 5256 adverstitas
977 5201 1046 5255 de
1091 5200 1312 5270 l'Eglise
1349 5200 1547 5254 d’estre
1589 5203 1715 5271 plus
1758 5204 2094 5272 orgueilleux
2133 5213 2191 5257 et

247 5269 308 5322 d·
353 5272 639 5326 centinusr
673 5272 710 5325 a
741 5270 881 5324 aller
931 5285 1000 5323 en
1053 5270 1199 5324 leurs
1251 5269 1506 5339 proschcs
1553 5269 1628 5324 du
1662 5270 1981 5326 Pati-iarche
2028 5281 2086 5325 ct
2120 5272 2188 5326 dc

249 5336 568 5407 Potincourt
599 5340 788 5408 garni·
821 5338 893 5393 de
927 5340 1180 5409 pistolets
1213 5348 1272 5392 et
1304 5345 1488 5393 autres
1521 5355 1712 5394 armes.

818 5133 992 5202 uRoy
1029 5139 1088 5186 et
1121 5149 1230 5187 non
1266 5131 1543 5186 toutsffois
1577 5133 1706 5187 bien
1741 5150 1945 5202 recem,
1981 5135 2076 5204 qui
2111 5135 2193 5188 fut

4147 413 4269 479 3oe

2319 597 2678 663 adversarii
2730 598 3080 682 praecipue
3136 606 3388 682 petunt.
3477 597 3582 663 De
3642 618 3793 665 meo
3836 598 4051 665 reditu
4094 600 4269 667 idem

2316 692 2421 748 est
2470 684 2639 749 mihi
2697 684 2973 751 animus.
3060 684 3240 767 Quid
3280 684 3477 750 multi
3520 684 3788 769 cupiant
3831 695 4027 768 atque
4070 686 4267 751 etiam

2315 769 2871 852 importunissime
2912 770 3230 855 flagitent,
3284 772 3522 854 partim
3568 769 3699 834 iam
3745 769 4074 847 admonui,
4122 793 4269 856 par-

2315 855 2438 920 tim
2484 855 2790 939 deinceps
2842 857 3259 940 cognoscetis.
3348 856 3520 921 Nam
3578 855 3701 920 etsi
3756 858 3851 920 ita
3906 858 4135 933 restiti,
4195 870 4272 922 ιιι

2314 939 2558 1006 millies
2602 939 3037 1024 praedixerim
3084 942 3253 1007 nihil
3290 942 3424 1006 tale
3458 963 3602 1008 esse
3636 941 3796 1024 ipsis
3831 942 4268 1024 cogitandum,

2314 1035 2542 1092 tamen
2595 1026 2786 1095 video
2842 1027 3020 1110 ipsos
3074 1029 3294 1093 omnia
3351 1036 3738 1093 tentaturos.
3829 1026 4009 1108 Quid
4070 1050 4269 1113 expe-

2316 1111 2458 1177 diat
2498 1114 2552 1179 si
2600 1112 2897 1195 requiris,
2948 1123 3105 1197 puto
3149 1112 3231 1178 de
3273 1113 3399 1178 hoc
3440 1114 3747 1179 constitui
3791 1135 3917 1177 non
3966 1134 4156 1196 posse
4198 1117 4268 1180 in

2314 1198 2443 1263 ista
2507 1219 2727 1263 rerum
2774 1198 3279 1283 perturbatione.
3369 1198 3663 1265 Coniicio
3731 1199 4083 1279 Iulianum,
4155 1201 4265 1282 qui

2314 1284 2619 1350 omnibus
2696 1283 2887 1349 bonis
2954 1284 3155 1350 semel
3224 1283 3465 1351 bellum
3532 1285 3842 1361 minatur,
3932 1306 4270 1368 nunquam

2311 1389 2663 1453 passurum
2722 1379 2799 1435 ut
2850 1369 3099 1436 diutius
3156 1372 3227 1435 in
3276 1371 3398 1436 hoc
3462 1391 3667 1455 regno
3723 1390 4045 1436 maneam.
4134 1369 4271 1437 Sed

2313 1457 2386 1520 in
2429 1476 2709 1533 omnem,
2756 1467 2830 1521 ιιι
2875 1456 3080 1533 aiunt,
3126 1464 3437 1522 eventum
3482 1455 3774 1539 proderit
3813 1455 4093 1541 publicis
4126 1457 4271 1523 lite-

2313 1543 2406 1607 ris
2471 1562 2579 1607 me
2643 1539 2725 1606 ad
2783 1540 3111 1607 Calendas
3154 1543 3336 1622 Maii,
3404 1541 3487 1607 ad
3544 1563 3894 1619 summum,
3953 1544 4265 1609 revocari.

2314 1625 2393 1694 Si
2447 1629 2701 1693 interea
2757 1627 2998 1704 eiiciar,
3064 1638 3241 1693 certe
3285 1626 3462 1694 solus
3516 1649 3648 1693 non
3705 1648 3835 1693 ero.
3948 1626 4084 1694 Sed
4126 1628 4268 1707 hoc,

2313 1721 2693 1865 ιιιὶῖθειῑιιίειιὌ,ις
2716 1713 3255 1864 1)ι3ιιε.ιίιιειι·ιει.(1
3306 1714 3714 1864 Βὶιιθὼιὶιιὶιιιιιε,
3771 1724 4000 1865 tamnen
4041 1735 4272 1864 (tmfloe

2312 1820 2383 1863 m
2574 1820 2919 1865 enmen
3043 1820 3397 1866 mser
3644 1819 3721 1865 co
3944 1820 4272 1867 :eoc

2312 1821 2609 1951 sartangis
2664 1883 2968 1963 obstabit,
3036 1887 3388 1968 quominus
3443 1882 3528 1950 ad
3586 1907 3704 1952 vos
3720 1820 4116 1951 glmittantur
4158 1887 4272 1970 qui

2312 1971 2499 2037 vobis
2557 1980 2753 2056 atque
2807 1972 3005 2036 etiam
3060 1971 3227 2036 mihi
3269 1973 3404 2038 sint
3447 1969 3727 2037 molesti.
3818 1971 4003 2037 Haec
4048 1984 4270 2037 tamen

2311 2058 2405 2123 ita
2448 2057 2624 2123 dicta
2666 2065 2735 2121 et
2776 2057 3021 2140 scripta
3084 2066 3298 2136 sunto,
3360 2067 3433 2123 ut
3484 2079 3590 2122 me
3649 2056 4040 2123 existimetis
4103 2057 4269 2123 nihil

2311 2142 2490 2208 aliud
2558 2144 2940 2220 decrevisse,
3029 2164 3223 2225 quam
3289 2141 3463 2226 quod
3542 2143 3927 2209 censueritis
3992 2164 4074 2208 ex
4141 2165 4268 2209 usu

2309 2249 2453 2294 esse
2518 2229 2844 2307 ecclesiae,
2915 2229 3056 2294 sive
3123 2229 3230 2295 hic
3296 2228 3460 2294 mihi
3529 2229 3618 2294 sit
3681 2227 4079 2294 manendum
4125 2230 4268 2296 sive

2307 2312 2732 2380 redeundum.

2483 2400 2627 2465 Iam
2687 2399 2770 2465 ad
2826 2410 3194 2484 postremas
3254 2410 3402 2467 tuas
3444 2401 3659 2466 venio.
3749 2398 3943 2481 Quod
3987 2399 4068 2465 de
4111 2400 4266 2466 His-

2306 2487 2462 2570 pani
2508 2494 2577 2551 et
2618 2485 2897 2552 aliorum
2940 2484 3199 2551 foedere
3241 2486 3392 2552 istic
3433 2487 3662 2566 fertur,
3724 2486 4117 2570 iampridem
4161 2486 4268 2553 hic

2308 2572 2575 2637 volitat:
2643 2583 2712 2636 et
2768 2574 2924 2639 facit
2973 2570 3502 2638 adversariorum
3556 2572 3969 2649 confidentia,
4014 2586 4088 2636 ut
4131 2592 4266 2637 non

2392 2657 2574 2724 nitus
2617 2678 2865 2724 vanum
2908 2679 3051 2724 esse
3094 2678 3429 2723 rumorem
3474 2658 3917 2725 conficiamus.
3987 2656 4123 2723 Sed
4163 2658 4265 2722 ni-

2357 2743 2404 2808 il
2447 2745 2609 2809 certi
2662 2764 3010 2827 possumus
3068 2743 3284 2810 adhuc
3336 2745 3685 2822 affirmare,
3740 2744 4038 2827 quumvis
4086 2742 4266 2809 Posi-

2306 2829 2559 2908 danius,
2625 2830 2737 2913 qui
2804 2840 2944 2895 tum
3003 2829 3111 2894 hic
3151 2840 3296 2895 erat
3336 2851 3539 2912 quum
3583 2829 3815 2895 literae
3859 2839 4011 2894 tuae
4053 2838 4122 2895 et
4164 2829 4264 2894 illi

2307 2928 2377 2980 ct
2419 2913 2583 2980 mihi
2647 2914 3097 2993 redderentur,
3153 2915 3378 2981 omnia
3434 2914 3661 2981 sedulo
3726 2915 3814 2981 sit
3867 2916 4263 2997 expiscatus.

2306 3000 2483 3068 Nam
2526 3000 2865 3068 commode
2908 3010 3217 3069 evenerat
3259 3009 3334 3068 ut
3374 3011 3519 3067 tum
3562 3021 3817 3086 quoque
3860 3000 4123 3086 Regina
4156 2999 4265 3067 hic

2306 3097 2499 3153 esset.
2578 3088 2755 3153 Puto
2798 3087 3005 3172 igitur
3048 3108 3263 3171 neque
3305 3087 3858 3155 contemnendum
3897 3108 4042 3154 esse
4083 3086 4265 3153 hunc

2304 3193 2658 3324 Lumorem,
2724 3195 2936 3325 ¹¹⁹ng
2934 3172 3891 3325 1)ι)ιίιιιι;3ι1ι;ιιιωιῒεθιίίέιῐιιιτιιίᾰιιιιιζιζιειέι.)
3962 3171 4263 3258 Diligen-

2376 3281 2411 3324 r
2449 3278 2672 3325 omma
2713 3279 2866 3326 seru
3017 3281 3071 3338 r,
3226 3281 3260 3326 s
3494 3280 3739 3343 persen
3893 3309 3910 3324 .

2482 3343 2842 3430 [Comidius
2897 3346 3040 3412 heri
3099 3348 3439 3428 ingressus
3481 3356 3586 3411 est
3627 3346 3755 3411 iter
3796 3355 3977 3410 recta
4017 3343 4099 3410 ad
4148 3364 4263 3412 vos

2304 3439 2372 3495 et
2456 3432 2681 3496 omnia
2758 3453 2830 3498 se
2915 3439 3301 3498 curaturum
3385 3432 3706 3514 promisit.
3829 3430 4263 3497 Profecerunt

2303 3515 2671 3601 Bullinyeri
2711 3517 2919 3583 nostri
2976 3517 3206 3583 literae
3259 3515 3341 3582 ad
3385 3517 3529 3584 eius
3571 3517 3702 3582 iter
3744 3515 4262 3594 accelerandum,

2304 3602 2374 3668 id
2434 3611 2536 3668 est
2592 3601 2676 3667 ad
2721 3623 2874 3668 eum
2928 3603 3461 3682 extrudendum]
3548 3602 3641 3669 Et
3683 3602 3792 3667 hic
3833 3621 4100 3667 necesse
4142 3613 4262 3680 est,

2303 3688 2401 3752 mi
2440 3696 2652 3777 pater,
2718 3699 2791 3754 ut
2834 3689 2952 3754 tibi
2995 3688 3238 3773 alioqui
3280 3697 3378 3754 tot
3415 3685 3746 3756 laboribus
3787 3707 4096 3772 oppresso
4138 3686 4264 3754 hoc

2301 3794 2473 3839 onus
2514 3774 2764 3840 invitus
2805 3775 3142 3858 imponam
3186 3784 3261 3841 ut
3303 3773 3655 3858 Mar-tyran
3696 3785 3764 3839 et
3795 3783 4060 3839 nostros
4116 3771 4264 3838 illos

2304 3862 2560 3943 quoties
2617 3859 2842 3926 licebit
2896 3861 3208 3926 certiores
3259 3860 3462 3927 facias
3514 3881 3742 3925 eorum
3785 3880 3952 3943 quae
3996 3858 4105 3924 hic
4148 3880 4261 3944 ge-

2301 3955 2575 4011 runtur:
2621 3946 2926 4029 quamvis
2969 3946 3094 4013 hac
3135 3946 3457 4023 molestia,
3518 3945 3731 4029 quoad
3774 3946 3915 4013 eius
3958 3946 4100 4010 fieri
4146 3965 4261 4028 po-

2302 4033 2477 4110 terit,
2565 4034 2706 4114 ipse
2783 4042 2849 4096 te
2933 4031 3213 4098 libenter
3290 4032 3598 4099 liberabo.
3711 4031 3935 4114 [Quod
4020 4030 4263 4096 Trierii

2298 4118 2509 4183 nostri
2551 4116 2790 4183 liberos
2846 4125 2985 4183 tam
3041 4118 3317 4185 sollicite
3372 4117 3539 4184 mihi
3581 4117 4000 4184 commendas
4022 4118 4106 4194 ¹⁸)
4147 4127 4263 4182 tuo

2299 4203 2372 4268 in
2429 4203 2618 4268 illum
2674 4203 2880 4269 amori
2941 4203 3172 4271 tribuo.
3274 4203 3447 4270 Nam
3505 4203 3749 4286 alioqui
3805 4204 4040 4269 factam
4094 4201 4261 4267 mihi

2298 4289 2613 4354 iniuriam
2657 4309 2818 4355 sane
2861 4288 3234 4356 arbitrarer.
3321 4288 3575 4373 Itaque,
3640 4290 3941 4372 quamvis
3984 4286 4068 4355 ab
4111 4286 4263 4353 aula

2299 4375 2529 4452 absim,
2597 4382 2819 4440 tamen
2883 4396 3003 4459 per
3055 4377 3299 4442 amicos
3340 4377 3565 4442 omnia
3602 4373 3983 4459 procurabo,
4046 4372 4261 4458 magis

2299 4461 2500 4527 etiam
2561 4460 2913 4545 diligenter
2970 4481 3169 4544 quam
3230 4462 3289 4527 si
3342 4482 3565 4527 meum
3608 4462 3873 4545 proprie
3916 4460 4259 4558 negotium

2298 4559 2492 4613 esset.
2582 4547 2672 4612 Et
2729 4545 3113 4613 Posidonius
3166 4548 3306 4630 ipse
3357 4558 3714 4631 antequam
3768 4545 3926 4611 hinc
3969 4543 4259 4611 discede-

2297 4645 2420 4712 ret,
2477 4633 2739 4698 cuidam
2784 4654 2868 4697 ex
2914 4634 3053 4699 suis
3098 4633 3222 4699 hoc
3264 4633 3602 4718 negotium
3640 4631 3884 4697 diserte
3928 4650 4257 4698 commen-

2296 4717 2713 4905 dantfluboe.
2747 4805 2974 4872 literas
3029 4803 3367 4888 aliquanto
3392 4803 3720 4889 longiores
3763 4821 3961 4886 quam
4007 4804 4090 4902 si·
4115 4822 4255 4867 sae·

2293 4912 2443 4975 pius
2486 4910 2925 4973 scripslssem:
2975 4891 3093 4957 sed
3135 4900 3363 4956 tamen
3406 4911 3565 4974 rogo
3608 4910 3694 4953 ne
3733 4888 3875 4953 ulla
3917 4888 4258 4972 negligen-

2296 4979 2388 5042 tia
2440 4978 2689 5043 factum
2743 4985 2941 5060 putes
2997 4990 3074 5041 ut
3125 4985 3265 5042 tam
3322 4976 3437 5042 diu
3496 4975 3828 5040 tacuerim.
3933 4971 4042 5061 [Si
4098 4993 4255 5039 vera

2291 5071 2454 5128 sunt
2495 5083 2665 5144 quae
2710 5062 2903 5128 hodie
2924 5063 3315 5146 accepimus,
3352 5062 3485 5127 iam
3518 5062 3589 5125 in
3625 5061 3859 5128 castris
3894 5081 4251 5126 versamur.

2292 5147 2431 5215 Sed
2453 5146 2641 5214 Deus
2663 5159 2897 5232 potens
2918 5161 3036 5215 est.
3085 5147 3404 5215 Abessem
3426 5146 3691 5231 quidem
3715 5146 3996 5212 libenter
4017 5147 4073 5211 si
4094 5146 4252 5222 Deo,

2472 5336 2559 5403 13)
2598 5337 2673 5392 N.
2710 5336 2863 5392 3715.
