4900 6125
302 429 417 493 101

292 615 365 682 in
413 634 495 681 ea
535 614 759 700 populi
813 615 1193 683 alentionem
1237 623 1304 682 et
1355 617 1915 682 confirmationem
1960 634 2096 681 non
2140 613 2255 680 ha·

294 700 546 781 buerit)
602 701 889 768 seniores
948 701 1259 768 ecclesiae
1300 702 1696 769 reformatae
1740 702 2104 781 accersivit,
2149 722 2255 767 ro-

296 787 611 872 gavitque
670 795 746 852 ut
799 788 907 873 pie
965 807 1042 853 ac
1095 787 1454 872 prudenter
1514 786 1911 872 dispicerent
1965 810 2048 853 an
2104 808 2257 853 eum

292 871 550 938 vellent
593 871 855 957 eligere,
908 874 1302 941 confirmare
1346 894 1422 939 ac
1465 894 1585 958 pro
1638 874 1943 958 episcopo
1985 871 2253 940 habere:

297 958 474 1042 quod
519 958 576 1023 si
632 957 1000 1026 iudicarent
1056 958 1457 1037 faciundum,
1517 982 1588 1026 se
1633 959 1947 1025 daturum
1989 978 2258 1043 operam

296 1054 393 1123 ut,
438 1044 611 1110 sicut
653 1046 885 1129 coepit,
929 1045 1024 1110 ita
1065 1054 1369 1132 pergeret
1412 1045 1751 1112 ecclesiam
1794 1046 1919 1111 sibi
1953 1044 2258 1112 commis-

295 1151 445 1196 sam
510 1129 801 1196 docendo
866 1139 932 1197 et
1000 1130 1324 1196 hortando
1388 1152 1506 1215 pro
1571 1131 1829 1197 viribus
1894 1127 2255 1197 aedificare.

295 1213 427 1281 Sin
491 1236 653 1281 vero
720 1217 1179 1283 existimarent
1254 1217 1442 1282 illum
1506 1216 1729 1282 minus
1792 1216 2107 1282 idoneum
2173 1214 2257 1281 ad

296 1309 566 1366 tantum
609 1322 869 1382 munus,
928 1301 1133 1368 libere
1178 1311 1246 1367 et
1288 1311 1512 1387 aperte
1556 1300 1888 1369 dicerent:
1950 1322 2020 1367 se
2064 1322 2257 1385 para-

294 1393 445 1451 tum
490 1407 633 1452 esse
678 1387 816 1455 loco
851 1386 1096 1468 cedere,
1141 1386 1339 1453 modo
1383 1388 1445 1454 ei
1486 1389 1685 1455 liceat
1727 1389 1796 1453 in
1836 1387 2110 1454 ecclesia
2152 1406 2253 1453 re·

292 1471 578 1538 formata
613 1474 844 1539 vivere
887 1475 1078 1539 iuxta
1118 1484 1413 1540 sanctam
1449 1473 1779 1562 evangelii
1823 1472 2255 1558 disciplinam.

290 1557 720 1643 Rogavitque
767 1569 840 1624 ut
883 1579 961 1625 ea
1004 1559 1085 1626 de
1138 1581 1210 1625 re
1254 1571 1510 1626 mature
1567 1582 1718 1627 cum
1781 1559 2054 1627 ecclesia
2096 1558 2256 1624 deli·

292 1643 623 1711 berarent.
731 1644 925 1727 Quod
993 1667 1197 1730 quum
1260 1646 1509 1712 factum
1570 1652 1744 1712 esset
1807 1646 1888 1712 ab
1954 1643 2258 1711 omnibus

292 1730 703 1857 unanimiter
747 1740 822 1797 ut
865 1753 1061 1797 verus
1118 1733 1457 1817 episcopus
1519 1733 1785 1817 agnitus
1831 1739 1898 1797 et
1953 1738 2259 1814 receptus

294 1828 417 1882 eet.
478 1824 505 1890 )

468 1902 757 1968 Divione
775 1907 834 1982 ⁴)
871 1903 1195 1969 tumultus
1230 1913 1411 1969 ortus
1447 1913 1564 1982 est,
1602 1924 1737 1969 non
1772 1922 1931 1969 sane
1966 1900 2262 1967 fidelium

292 1987 482 2065 vitio,
542 1984 659 2052 sed
715 1987 1241 2055 adversariorum
1296 1989 1664 2071 petulantia
1706 1997 1774 2054 et
1815 1988 2015 2053 rabie.
2088 1986 2260 2053 Nos-

292 2081 435 2138 tros
481 2072 676 2153 euim,
736 2095 939 2157 quum
995 2095 1256 2140 sacrum
1300 2084 1556 2141 coetum
1603 2073 1945 2150 haberent,
2000 2071 2259 2138 invase-

292 2169 474 2236 runt,
521 2169 587 2224 et
630 2161 813 2242 quasi
857 2162 1034 2228 iusta
1069 2180 1291 2244 pugna
1333 2158 1822 2243 confligendum
1866 2167 2040 2225 esset
2083 2167 2260 2243 tym-

292 2265 471 2329 pana
536 2242 999 2312 adhibuerunt.
1089 2244 1361 2330 Septem
1431 2246 1663 2311 domus
1729 2245 2023 2329 direptae
2088 2249 2261 2321 sunt,

292 2330 600 2414 quamvis
642 2332 855 2396 nostri
900 2334 1271 2415 superiores
1316 2341 1688 2399 evaseruut.
1771 2331 2136 2397 Mittuntur
2179 2328 2263 2394 ad

293 2415 522 2481 aulam
564 2418 677 2499 qui
720 2437 984 2483 causam
1030 2419 1392 2501 expositam
1438 2438 1662 2484 seeum
1709 2416 2032 2482 adferunt.
2122 2414 2261 2478 Vo-

289 2501 579 2568 luissent
637 2511 708 2566 nt
764 2524 884 2587 ego
941 2525 1083 2569 rem
1142 2523 1369 2569 eorum
1412 2503 1798 2570 Admiraldo
1857 2511 1924 2567 et
1978 2499 2261 2585 principi

502 2810 564 2875 3)
604 2809 755 2864 Hm.
791 2809 910 2866 secl.
945 2810 988 2863 1.
1026 2808 1161 2864 767:
1199 2809 1306 2864 Sur
1350 2810 1405 2863 la
1437 2811 1512 2863 fln
1546 2810 1615 2864 de
1663 2810 1989 2879 Septembre
2033 2809 2259 2863 messire

290 2879 430 2931 Ant.
479 2879 550 2932 de
596 2878 897 2932 Carraceiol
946 2879 1043 2932 Ev.
1092 2878 1162 2933 de
1209 2879 1382 2946 Troys
1448 2885 1715 2932 revenant
1771 2878 1846 2931 du
1900 2878 2146 2947 colloque
2189 2878 2259 2931 de

295 2946 501 3016 Poisey
547 2945 616 3000 eti
664 2948 703 3000 il
764 2947 914 3001 avoit
960 2955 1319 3004 aucuuement
1364 2946 1576 3017 profite,
1626 2953 1809 3001 estant
1853 2948 1998 3001 aussi
2048 2946 2257 3002 solicite

290 3032 397 3086 par
434 3015 699 3086 quelques
734 3015 1036 3085 princesses
1073 3022 1131 3071 et
1165 3023 1350 3071 autres
1385 3016 1572 3070 dames
1617 3015 1688 3070 de
1733 3016 1787 3070 la
1831 3033 1976 3081 cour,
2027 3032 2086 3070 se
2134 3031 2257 3086 pre·

289 3092 472 3207 aa
498 3086 958 3209 asma
984 3086 1063 3208 τι
1095 3086 2257 3224 sase0ffifrzwsdss022w2„1:1220220

291 3222 555 3293 Sur-quoy
603 3223 684 3277 les
732 3223 887 3276 advis
934 3239 993 3277 se
1040 3230 1302 3277 trouvans
1348 3224 1667 3289 contraires,
1714 3225 1793 3276 les
1847 3240 1949 3276 uns
1997 3224 2256 3276 estimans

291 3307 401 3360 que
437 3307 501 3345 ce
537 3292 710 3345 seroit
744 3309 819 3345 un
854 3291 1026 3361 grand
1062 3298 1419 3345 avancement
1452 3293 1522 3345 de
1557 3291 1787 3346 l'attirer
1831 3292 1900 3346 de
1935 3292 2055 3345 leur
2087 3291 2253 3352 coste,

290 3361 373 3413 les
410 3364 600 3414 autres
633 3365 804 3430 ayant
838 3377 977 3429 pour
1011 3377 1101 3413 sus
1143 3367 1278 3427 ecte,
1314 3367 1371 3415 et
1405 3376 1513 3415 non
1549 3377 1678 3415 sans
1713 3376 1888 3426 cause,
1926 3361 1981 3413 la
2013 3359 2254 3430 legerete

292 3436 351 3482 et
386 3429 479 3482 vie
516 3428 834 3498 impudique
869 3430 1025 3484 dudit
1120 3445 1321 3497 vesque
1364 3429 1585 3499 iusques
1631 3429 1776 3483 alors
1810 3446 1912 3497 par
1953 3434 2081 3497 trop
2129 3445 2255 3498 cog-

294 3513 453 3561 neue,
492 3497 550 3549 la
583 3497 885 3552 resolution
920 3498 1004 3551 fut
1036 3498 1157 3552 d'en
1191 3497 1489 3552 demander
1523 3498 1677 3551 advis
1713 3514 1818 3550 aux
1854 3497 2131 3551 ministres
2168 3514 2257 3550 as·

296 3565 540 3619 sembles
576 3568 611 3621 a
645 3566 853 3636 Poissy,
890 3567 1126 3635 lesquels
1161 3566 1237 3636 s'y
1270 3572 1532 3620 trouvans
1567 3574 1925 3621 aucunement
1958 3566 2185 3635 perplex
2221 3566 2255 3618 a

290 3651 461 3689 eause
494 3634 567 3689 de
602 3635 871 3703 plusieurs
907 3636 1305 3690 circonstances
1342 3636 1435 3704 qui
1470 3651 1530 3689 se
1564 3634 1888 3704 publioiena
1933 3652 2006 3688 on
2040 3651 2181 3689 envo
2222 3652 2255 3687 a

294 3703 603 3757 demunder-
636 3704 840 3758 conseil
874 3703 906 3756 a
940 3703 1147 3774 l'eglise
1180 3704 1251 3758 de
1284 3704 1506 3758 Geneve
1557 3703 1627 3758 l’o
1666 3704 1816 3758 inion
1852 3704 1923 3756 de
1969 3703 2026 3756 la
2073 3720 2179 3772 qne
2202 3704 2254 3757 le

296 3789 357 3826 se
394 3780 594 3826 nonve
668 3789 731 3825 ar
765 3773 933 3826 escrit
967 3771 1026 3826 es
1060 3788 1348 3842 responsas
1381 3773 1580 3826 latinas
1616 3720 1685 3825 Xe
1707 3772 1850 3826 Jean
1877 3771 2066 3825 Calvin
2104 3771 2257 3837 (vide

296 3840 445 3910 Opp.
484 3840 559 3894 X.
597 3788 740 3907 134).
822 3840 1142 3910 Oependant
1184 3858 1347 3911 passa
1382 3858 1482 3922 par
1516 3841 1624 3894 Tro
1665 3857 1691 3894 s
1726 3855 1788 3894 ce
1820 3842 1996 3910 grand
2030 3856 2253 3911 person·

294 3924 439 3977 unge
476 3909 539 3963 P.
575 3909 804 3979 Mar-tyr,
837 3914 1159 3964 retournaut
1193 3909 1262 3963 de
1298 3910 1492 3980 Ponssy
1526 3909 1561 3962 ὁ
1641 3908 1809 3974 nrioh,
1846 3926 1948 3978 par
1981 3909 2256 3980 l'opinion,

292 3978 506 4047 (laquel
539 3976 827 4047 l'Evesque
862 3983 1029 4047 ayant
1062 3979 1193 4031 faict
1226 3979 1535 4033 abiuration
1582 3984 1640 4031 et
1674 3977 1828 4047 signe
1861 3979 1916 4032 la
1950 3978 2255 4033 confession

294 4046 367 4100 de
402 4047 495 4115 foy
529 4052 589 4099 et
622 4047 829 4114 promis
861 4047 931 4100 de
962 4047 1172 4116 quitter
1200 4062 1299 4101 son
1317 4047 1579 4113 Eveeche,
1614 4047 1698 4100 fut
1716 4062 1847 4116 recu
1869 4064 1939 4099 an
1957 4047 2256 4110 ministare,

296 4131 412 4168 non
447 4115 711 4169 toutefois
745 4132 872 4169 sans
915 4116 1204 4179 contradit,
1257 4113 1338 4186 s’y
1380 4120 1565 4169 estant
1608 4115 1813 4184 oppose
1862 4114 1971 4171 l’un
2016 4116 2115 4169 des
2156 4117 2253 4169 mi·

296 4185 503 4239 nistros
536 4183 751 4238 nomme
788 4184 976 4237 Pierre
1010 4185 1063 4237 le
1098 4182 1231 4253 Roy.

510 4251 573 4317 4)
616 4251 894 4334 00⁸0nd
930 4251 1467 4333 &Divico-ensibus
1506 4252 1860 4373 κατταὶὺὕήοσ
1902 4253 1956 4343 ⁶,2'
1995 4250 2258 4333 fortassis

296 4336 589 4470 dernier-ee
622 4321 1043 4470 grecorum·
1059 4317 1730 4470 lugigtreoedeg’l'lilvsssgile.
1781 4326 2125 4469 ‘'fiais-eet?
2136 4319 2257 4443 αξξ

301 4458 460 4529 queis
478 4457 619 4512 Dieu
653 4464 804 4513 avoit
835 4463 1029 4512 ouvert
1064 4457 1144 4512 les
1178 4474 1320 4524 yeux
1338 4458 1496 4511 n'ont
1528 4474 1720 4511 ramam
1750 4463 1867 4511 este
1895 4474 2022 4511 sans
2188 4457 2258 4510 de

300 4529 537 4592 ernisto,
570 4542 710 4593 pour
744 4526 899 4581 avoir
942 4525 1073 4592 este,
1120 4525 1315 4596 depuis
1348 4527 1401 4580 la
1449 4532 1593 4581 mort
1639 4526 1709 4580 de
1755 4526 1983 4580 l'amiral
2030 4475 2185 4581 δεῖ
2217 4532 2243 4579 t

298 4594 608 4668 gunval-nee
640 4610 767 4649 eous
796 4595 855 4649 la
888 4595 1095 4649 maison
1129 4594 1201 4648 de
1235 4594 1320 4649 Gu
1355 4610 1417 4648 se
1452 4599 1510 4648 et
1553 4601 1718 4663 ayant
1761 4611 1829 4648 eu
1865 4611 1935 4648 en
1981 4610 2043 4649 ce
2074 4600 2259 4664 temps

480 4664 786 4719 lientenant
818 4662 892 4715 du
926 4663 1045 4730 Ro,-
1078 4663 1131 4716 le
1168 4663 1253 4716 Sr.
1336 4680 1367 4716 e
1402 4663 1706 4725 Tarannes,
1752 4664 1970 4719 homme
2017 4663 2261 4719 d’eutaut

301 4735 427 4804 plus
460 4733 775 4802 dangereux
811 4730 941 4801 qu’il
974 4731 1125 4786 avoit
1157 4748 1225 4784 eu
1259 4732 1521 4789 autrefois
1567 4733 1622 4786 la
1801 4733 2046 4787 oissance
2091 4732 2160 4788 de
2204 4732 2260 4787 la

302 4802 552 4873 religion.
624 4801 763 4855 nais
799 4805 954 4854 outre
988 4815 1124 4855 ceux
1161 4799 1255 4869 qui
1291 4807 1388 4855 ont
1422 4799 1538 4854 este
1586 4801 1666 4855 les
1769 4819 1833 4855 us
1867 4802 2030 4857 rudes
2065 4801 2261 4856 adver·

304 4872 476 4926 mire·
510 4870 551 4925 il
586 4869 705 4924 faut
728 4875 973 4940 sempter
992 4869 1239 4936 Benigne
1257 4869 1462 4924 Martin
1498 4872 1668 4924 maire
1740 4887 1772 4924 e
1807 4872 1862 4924 la
1896 4871 2041 4935 ville,
2077 4871 2260 4940 lequel

304 4944 1112 5078 mxffgtfflseffffi
1142 4937 1422 5088 33.ᾙὲ
1455 4937 1805 5089 331133322
1830 4940 1927 5062 {0²}
1946 4955 2267 5078 0‘3500‘2‘1’221

307 5077 591 5134 tellement
627 5092 733 5146 que
768 5091 992 5131 encores
1041 5090 1148 5146 que
1195 5074 1393 5129 l’Ednct
1436 5075 1506 5128 de
1550 5077 1736 5131 Imllet
1768 5077 2019 5131 defendit
2060 5077 2129 5131 de
2176 5092 2263 5130 re-

310 5146 531 5202 eereber
564 5145 647 5199 les
680 5160 980 5215 personnes
1014 5160 1082 5198 en
1119 5145 1269 5198 leurs
1302 5145 1540 5198 maisons
1574 5162 1716 5215 pour
1740 5146 1794 5200 le
1816 5146 1949 5201 faict
1983 5145 2052 5199 de
2086 5147 2141 5200 la
2178 5160 2261 5199 re-

310 5216 490 5286 ffion,
524 5231 589 5269 ee
625 5213 968 5269 neantmeins
1017 5230 1085 5269 ne
1130 5212 1294 5267 laissa
1339 5214 1410 5267 de
1455 5213 1741 5268 reeercher
1782 5224 1840 5269 et
1886 5215 2261 5284 emprisonner

310 5283 551 5339 hommes
587 5288 645 5336 et
678 5282 900 5338 femmes
934 5289 994 5338 et
1026 5281 1253 5337 s'oublia
1287 5282 1509 5363 iusquee
1553 5283 1587 5337 a
1632 5284 1941 5339 esmonvoir
1985 5284 2081 5338 des
2126 5298 2259 5353 gens

314 5368 409 5422 par
441 5358 669 5422 troupee
702 5368 842 5421 pour
873 5368 1127 5422 uocager
1159 5356 1429 5407 eona-os
1464 5353 1702 5406 maisons
1738 5361 1839 5408 ete.

1997 427 2158 493 1561
2206 425 2626 495 NOVEMB.

4193 417 4333 496 102'

2362 614 2656 683 condano
2710 614 2919 683 literis
2975 614 3517 693 commendarem,
3579 616 3693 683 sed
3740 617 4112 685 existimavi
4154 617 4316 686 satis

2359 722 2503 768 esse
2562 701 2620 768 si
2677 708 2741 767 te
2794 721 3098 788 rogarem
3152 709 3231 768 ut
3273 701 3446 786 apud
3490 723 3603 768 eos
3646 702 3713 768 id
3768 705 4034 785 faceres,
4078 704 4314 788 quibus

2360 787 2563 854 etiam
2606 808 2722 855 oro
2765 796 2844 854 ut
2896 808 3042 854 meo
3086 789 3351 853 nomine
3394 787 3747 873 plurimam
3790 789 4071 857 salutem
4117 787 4316 857 dicas.

2360 910 2958 924 —————
3004 877 3060 940 6.
3107 874 3502 940 Novembris
3535 878 3587 954 ⁵)
3631 876 3852 942 'Presis
3904 880 4085 941 1561.

3115 1167 3521 1180 *—

3229 1435 3433 1509 36⁰3.

2492 1576 2927 1659 L’Eemsn
2973 1590 3102 1656 DE
3150 1589 3570 1659 cAs‘rREs
3605 1598 3654 1671 ι)
3697 1597 3760 1660 A
3812 1592 4187 1661 OALvm.

2535 1762 2868 1830 Demande
2909 1761 3061 1828 d'un
3103 1763 3322 1829 second
3351 1768 3643 1846 pasteur.

2364 1933 2748 2004 (Autographe
2785 1936 2856 1988 de
2884 1933 2940 1986 la
2967 1932 3352 2004 Bibliotheque
3379 1935 3449 1990 de
3475 1934 3714 1991 Geneve.
3752 1936 3879 1991 Vol.
3898 1933 4015 2003 196,
4053 1935 4146 1993 fel.
4174 1934 4319 2004 219.)

2538 2108 2602 2173 A
2645 2106 2992 2172 Monsieur
3033 2105 3378 2172 Monsieur
3421 2106 3660 2174 Calvin

3770 2212 3809 2257 a
3854 2192 4142 2259 Geneve.

2784 2363 3003 2430 Graoe
3047 2371 3114 2430 et
3156 2364 3312 2447 paix
3355 2385 3475 2448 par
3515 2363 3908 2431 Jesuchrist.

2536 2532 2899 2612 Mensieur,
2959 2533 3256 2599 combien
3311 2555 3436 2616 que
3496 2555 3603 2599 ces
3647 2535 3830 2616 jours
3883 2553 4108 2617 passez
4152 2554 4320 2601 vous

2365 2620 2552 2683 aiens
2609 2618 2728 2682 fait
2771 2618 3089 2683 entendre
3131 2639 3253 2701 par
3296 2640 3391 2684 un
3436 2616 3517 2683 de
3557 2638 3680 2684 nez
3736 2619 3944 2684 freres
3989 2619 4050 2685 le
4091 2620 4319 2686 besoin

2363 2724 2493 2788 que
2538 2710 2713 2768 ceste
2747 2703 2975 2788 Eglise
3019 2704 3108 2769 ha
3144 2704 3300 2769 d'un
3344 2713 3535 2770 autre
3576 2711 3842 2787 pasteur
3884 2710 4158 2790 n’ayant
4192 2727 4320 2789 que

2363 2790 2617 2856 Monsr.
2666 2787 2889 2854 Floria
2942 2797 3085 2854 tout
3127 2789 3287 2870 seul,
3348 2790 3686 2856 toutesfois
3744 2797 3966 2856 estans
4021 2812 4319 2858 asseurez

2365 2874 2446 2940 de
2499 2874 2568 2940 la
2622 2874 2838 2939 bonne
2895 2875 3198 2941 affection
3255 2875 3335 2941 de
3391 2875 3675 2959 laquelle
3727 2896 3894 2941 nous
3938 2896 4096 2943 avez
4138 2887 4319 2944 tous-

2354 2963 2548 3046 jours
2605 2959 2842 3039 cheriz,
2902 2980 3110 3028 avens
3165 2962 3303 3044 pris
3362 2960 3697 3028 hardiesse
3736 2982 3901 3028 vous
3957 2963 4200 3029 escrire
4242 2983 4317 3030 ce

2362 3054 2505 3114 mot
2558 3067 2680 3131 par
2735 3046 2797 3112 le
2858 3045 3031 3114 frere
3084 3054 3354 3130 present
3404 3053 3692 3132 porteur,
3751 3055 3901 3114 tant
3942 3070 4109 3133 pour
4151 3070 4319 3116 vous

2361 3134 2717 3199 remercier
2772 3131 2887 3197 des
2941 3133 3263 3200 beneficos
3318 3154 3613 3218 quavons
3666 3154 3892 3201 recens
3934 3156 4056 3219 par
4097 3144 4318 3203 vestre

2359 3220 2582 3285 moien
2602 3237 2731 3303 que
2766 3239 2933 3301 pour
2969 3240 3131 3285 vous
3174 3219 3466 3303 supplier
3502 3220 3814 3288 derechef
3849 3222 3908 3287 si
3951 3221 4013 3287 le
4047 3222 4318 3288 maistre

2362 3304 2445 3370 de
2485 3304 2554 3370 la
2594 3304 2882 3370 meissen
2928 3326 3091 3371 vous
3142 3314 3446 3390 presente
3502 3307 4025 3391 quelqu’ouvrier
4078 3327 4317 3391 propre

2358 3409 2400 3455 a
2441 3396 2619 3457 ceste
2663 3390 2891 3473 Eglise
2932 3411 3099 3458 vous
3141 3392 3346 3474 plaise
3391 3412 3558 3459 nous
3592 3414 3676 3458 en
3718 3393 4033 3476 pourvoir
4065 3413 4318 3460 comme

2357 3497 2523 3543 nous
2568 3497 2777 3543 avons
2820 3476 2942 3542 fait
2988 3476 3084 3542 les
3126 3478 3393 3562 Eglises
3435 3479 3958 3558 circonvoisines¹
4007 3479 4187 3545 aiant
4232 3501 4316 3545 en

2356 3570 2495 3629 cest
2528 3561 2790 3627 endroit
2820 3562 2969 3646 plus
2992 3562 3273 3647 desgard
3309 3585 3350 3629 a
3382 3563 3842 3630 lavancement
3876 3565 3956 3630 de
3990 3563 4318 3631 lhonneur

2356 3658 2424 3713 et
2479 3647 2685 3733 gleire
2744 3647 2826 3713 de
2871 3647 3036 3714 Dieu
3080 3654 3232 3731 qu'a
3286 3658 3508 3715 nostre
3551 3650 3971 3734 particuliere
4028 3670 4316 3716 commo·

2357 3733 2510 3800 dite.
2584 3734 2769 3799 Nous
2804 3735 3029 3815 prions
3065 3734 3231 3800 done
3274 3735 3336 3801 le
3372 3733 3703 3820 Seigneur
3738 3757 3862 3819 que
3905 3757 4156 3802 comme
4194 3757 4316 3820 par

2356 3827 2576 3886 vostre
2618 3820 2836 3885 moien
2895 3830 3069 3886 ceste
3112 3820 3340 3904 Eglise
3384 3844 3424 3887 a
3467 3823 3653 3906 prins
3696 3843 3791 3886 un
3843 3823 3975 3888 fort
4018 3822 4318 3888 heureux

2565 4109 2627 4179 5)
2659 4110 2714 4167 d.
2748 4110 2836 4165 21.
2877 4112 3022 4168 Nou.
3059 4110 3236 4166 redu-v
3267 4111 3382 4177 fuit
3427 4109 3630 4166 Parioi.

2357 4178 2797 4304 *emsa
2819 4186 2950 4303 σεῖο
2977 4178 3267 4304 aaa
3290 4179 4153 4305 ‘ss-:damam
4142 4178 4242 4304 ἢν

2357 4265 2460 4373 psit
2493 4266 2909 4401 merveillespde
2945 4317 3214 4400 preecher·
3241 4320 3276 4373 a
3303 4316 3526 4399 Oastres
3543 4318 3880 4387 d’Albigeois
3915 4323 3974 4373 et
4008 4335 4078 4375 en
4111 4268 4323 4375 Boagr-

2357 4401 2465 4458 gue
2501 4392 2560 4440 et
2591 4387 2661 4441 de
2701 4404 2786 4442 ms
2819 4388 2905 4443 fut
2937 4404 3095 4442 mene
3131 4403 3440 4456 pnsoumer
3475 4389 3511 4445 a
3552 4386 3787 4443 Tholose
3829 4391 3902 4443 ou
3947 4389 3989 4441 11
4043 4390 4209 4443 scella
4251 4390 4322 4444 de

2361 4471 2461 4509 son
2498 4471 2631 4525 sang
2697 4471 2731 4509 a
2765 4456 3014 4512 doctrine
3058 4455 3127 4508 de
3179 4455 3371 4509 verite.
3461 4454 3606 4511 1Μά.
3644 4454 3777 4509 874.·
3822 4459 3870 4510 A
3916 4455 4135 4512 Castres
4184 4473 4322 4513 ceux

2182 4543 2216 4579 ο
2244 4565 2259 4592 ,
2359 4524 2430 4578 de
2464 4524 2519 4577 la
2553 4525 2785 4594 religion
2814 4527 3063 4580 combien
3101 4524 3257 4594 qu’ils
3291 4524 3503 4577 fussent
3537 4540 3605 4578 en
3641 4526 3786 4606 petit
3818 4526 4063 4589 nombre,
4118 4541 4180 4579 ce
4228 4542 4324 4581 ne·

2361 4593 2637 4675 anmoins
2672 4610 2742 4648 en
2777 4594 2917 4649 1560
2951 4594 3176 4649 environ
3211 4593 3264 4648 le
3297 4593 3438 4648 mois
3472 4592 3688 4675 d’4vr11
3721 4595 3790 4648 lls
3824 4599 4020 4649 eurent
4051 4610 4192 4664 pour
4225 4597 4325 4651 mi-

2360 4666 2547 4785 m
2571 4661 3640 4814 {effiszssffiaexs‘fflfflw
3546 4679 3732 4785 ,ὦ
3747 4663 3951 4812 ‘¹3qu
3994 4662 4326 4791 twa

2361 4799 2669 4990 Qus
2685 4800 2931 4951 ,itm
2965 4799 4211 4952 2225,30200‘:·42.m;.‚⁶02:03312‘5“:;·.„⁶
4239 4802 4325 4929 ’ἐξ

2360 4937 2441 4992 To
2501 4952 2647 4991 ense.
2721 4938 2808 4992 En
2846 4938 3075 4993 Femer
3124 4932 3254 4991 1561
3302 4937 3494 4991 Prerre
3539 4937 3610 4991 de
3645 4937 3888 4991 l’Hostau
3930 4952 4140 5006 envoye
4186 4955 4323 4997 avec

2361 5005 2648 5129 {gur-eg&
2669 5006 2928 5131 lssassubtii
2957 5021 3366 5131 ἳέιῗιῗξιοὲςῖο
3376 5005 3458 5128 dg
3490 5022 3528 5074 p
3625 5022 3924 5130 doen-topos&
3939 5005 4044 5129 lese
4063 5007 4232 5133 ¹(niens

2401 5141 2721 5198 rescherent
2753 5093 3182 5215 ffiliquement,
3229 5160 3291 5198 ce
3325 5092 3579 5198 dontrglrl'
3613 5143 3698 5198 fut
3730 5142 3798 5196 de
3846 5158 4093 5198 nouveau
4138 5148 4211 5203 ob
4235 5096 4321 5163 ΥΘ,

2402 5227 2433 5265 e
2469 5228 2529 5266 se
2563 5212 2799 5296 desistet
2831 5214 3077 5298 iusqu’en
3111 5214 3237 5269 Iuiu
3271 5212 3340 5269 ou
3373 5210 3562 5293 Fleuri
3595 5211 3665 5266 de
3698 5210 3753 5265 la
3769 5210 3995 5267 Biveire
4028 5212 4251 5278 (Floria

2363 5287 2810 5420 3:31tiae
2852 5299 3060 5352 enveye
3103 5282 3173 5337 de
3219 5284 3483 5336 sureronst
3527 5295 3902 5349 recommenca
3944 5281 4014 5336 de
4058 5284 4323 5351 preacher

3839 5431 3916 5486 7*
