4900 6125
597 426 718 488 155

763 607 835 676 S.
1050 626 1290 692 nquam
1316 607 1431 672 vix
1451 604 1805 690 quidquam
1842 623 2046 690 acque
2082 605 2332 673 invitus
2364 606 2552 683 facio.

593 697 919 763 observan
963 715 1001 760 e
1044 693 1209 759 mihi
1245 711 1503 776 semper
1537 713 1614 758 ac
1647 691 1946 758 omnium
1978 691 2175 774 longe
2218 693 2554 759 carissime

596 781 870 858 calvine,
928 799 1124 863 quam
1168 778 1287 845 tibi
1332 779 1558 861 tuique
1602 777 1924 844 similibus
1968 777 2226 862 magnis
2271 779 2432 844 viris
2478 797 2554 843 ac

591 866 871 952 publicis
938 865 1221 950 negotiis
1277 865 1474 940 natis,
1540 863 1655 930 vul
1782 864 1917 929 ’um
1976 863 2320 930 hominum
2376 884 2554 930 com-

590 951 1124 1020 mendationibus
1159 949 1479 1016 molestus
1515 970 1678 1028 esse,
1723 949 1897 1034 quod
1931 948 2179 1016 scilicet
2220 949 2556 1016 illibenter

589 1037 724 1105 illis
790 1036 874 1104 ad
938 1036 1251 1120 temporis
1316 1035 1423 1102 vel
1491 1035 1735 1100 tantilli
1800 1037 2123 1102 iacturam
2187 1036 2554 1102 faciendam

593 1145 825 1191 ansam
880 1124 1182 1207 praebeo,
1238 1133 1306 1189 et
1362 1141 1559 1205 saepe
1602 1121 1774 1186 male
1818 1121 2206 1188 collocatum
2249 1124 2339 1187 sit
2380 1121 2556 1205 quod

592 1213 737 1276 istis
780 1207 1171 1293 quibusdam
1207 1208 1319 1292 qui
1353 1205 1924 1274 commendatitias
1957 1207 2403 1291 importunius
2438 1230 2554 1274 ex·

741 1305 902 1362 uent
965 1291 1387 1378 impenditur,
1462 1292 1571 1359 bic
1631 1302 1858 1358 tamen
1922 1294 2073 1375 pius
2137 1303 2203 1358 et
2268 1293 2555 1359 multum

755 1382 931 1447 ‘osus
973 1379 1358 1446 adulescens
1400 1377 1774 1444 Ioachimus
1808 1377 2120 1444 Herterus
2154 1385 2205 1455 ι)
2250 1379 2344 1444 sic
2388 1378 2556 1445 mihi

593 1478 695 1534 est
739 1488 779 1533 a
822 1486 1136 1552 germano
1179 1485 1302 1530 suo
1345 1466 1569 1542 fratre,
1626 1464 1894 1529 homine
1936 1465 2347 1530 familiariter
2388 1464 2555 1530 mihi

592 1565 748 1620 noto
804 1563 869 1618 et
926 1550 1118 1618 valde
1162 1550 1393 1629 amicO,
1452 1556 1528 1615 ut
1570 1570 1723 1615 eum
1778 1550 1894 1614 tibi
1950 1548 2402 1616 commendem
2447 1571 2555 1617 ac-

593 1649 821 1706 curate
855 1636 1351 1737 commendatus
1387 1649 1460 1701 ut
1495 1635 1723 1735 deesse
1758 1635 2059 1718 petitioni
2102 1637 2310 1720 ipsius
2344 1635 2556 1702 haud-

594 1721 1598 1891 Ῥέᾼᾚῗωῗὲἑᾚὲωξῗὲ
1630 1729 2392 1893 tffimffgmfflff
2400 1723 2558 1875 „0¹²3

595 1897 817 1976 ferret,
859 1916 902 1961 a
920 1894 1294 1977 Bullinyero
1327 1914 1586 1977 quoque
1620 1901 1845 1960 nostro
1870 1895 1930 1975 2)
1967 1899 2034 1958 et
2058 1893 2247 1960 Petro
2272 1893 2560 1978 Martyre

597 1983 679 2050 de
723 1982 1011 2056 meliore,
1074 1980 1143 2045 ni
1186 1978 1397 2057 fallor,
1453 1990 1612 2044 nota
1654 1978 2011 2063 diligenter
2060 1980 2177 2046 tibi
2224 2001 2558 2048 commen-

600 2070 818 2135 datus.
916 2065 1103 2132 Nunc
1162 2086 1366 2148 quum
1432 2063 1695 2130 Galliae
1764 2085 1874 2130 res
1939 2067 2305 2149 pacatiores
2361 2067 2560 2150 paulo

595 2155 733 2221 sint
777 2163 843 2220 et
886 2150 1418 2237 persequutionis
1473 2152 1556 2216 ob
1616 2171 1788 2217 evan
1871 2150 2038 2217 lium
2081 2151 2337 2218 Ohristi
2393 2159 2560 2218 tcm-

594 2249 818 2326 pestas
883 2236 1313 2320 tranquillata
1369 2234 1703 2314 videatur,
1874 2239 1998 2304 tris
2064 2238 2337 2304 consilio
2401 2259 2563 2304 usus

596 2346 835 2411 operae
874 2323 1167 2408 pretium
1213 2343 1284 2388 se
1338 2322 1667 2388 facturum
1722 2323 2062 2388 existimat
2116 2324 2174 2390 si
2217 2323 2562 2390 Lutetiam

596 2411 1071 2497 proficiscatur,
1127 2409 1457 2474 clarorum
1516 2409 1805 2474 virorum
1859 2408 2411 2476 commendatitiis
2452 2429 2562 2476 co-

598 2498 890 2578 mitatus,
947 2497 1003 2561 si
1063 2495 1231 2560 forte
1287 2492 1575 2561 conditio
1630 2514 1992 2578 quaequam
2039 2493 2383 2562 modiocris
2437 2495 2561 2562 sibi

600 2585 969 2669 contingat,
1073 2602 1160 2646 ua
1217 2579 1483 2646 adiutus
1542 2580 1912 2646 studiorum
1968 2601 2238 2647 suorum
2293 2602 2559 2649 cursum

596 2670 851 2736 felicius
891 2666 1047 2734 abso
1077 2688 1230 2734 vere
1266 2667 1489 2749 possit.
1560 2667 1663 2732 ‘ru
1702 2666 1928 2750 igitur,
1972 2667 2067 2732 mi
2103 2666 2562 2735 colendissimo

602 2755 882 2836 Calvina,
926 2754 985 2820 si
1019 2752 1174 2836 quid
1211 2752 1320 2817 hic
1352 2759 1559 2836 potes,
1604 2751 1738 2818 imo
1772 2752 1926 2836 quia
1958 2753 2319 2836 plurimum
2439 2762 2560 2832 tes,

648 2863 721 2907 ro
763 2840 959 2907 solita
1002 2839 1119 2904 illa
1160 2845 1227 2902 et
1261 2857 1429 2921 quae
1465 2837 1547 2903 de
1589 2837 1899 2905 omnibus
1933 2838 2102 2905 bene
2136 2860 2376 2905 mereri
2420 2846 2554 2905 stu-

597 2863 712 2994 get
754 2927 1043 2994 officiosa
1085 2924 1497 2990 humanitate
1543 2932 1676 3002 tua,
1722 2926 2052 3007 praesenti
2095 2944 2218 3009 ope
2250 2923 2359 2992 vel
2403 2944 2561 2991 con-

599 3012 769 3094 silio,
837 3012 947 3080 vel
1004 3031 1138 3095 qua
1192 3009 1368 3095 apud
1425 3009 1671 3076 multos
1725 3009 1889 3076 alios
1944 3010 2129 3077 vales
2192 3011 2562 3092 autoritate,

600 3100 757 3166 huic
797 3100 998 3165 etiam
1042 3098 1211 3163 bono
1258 3096 1576 3163 Ioachimo
1619 3094 1846 3163 adesse
1889 3117 2024 3161 non
2066 3098 2306 3182 pigeat,
2328 3099 2387 3177 ⁸)
2431 3116 2563 3181 quo

602 3192 912 3252 votorum
968 3203 1235 3249 suorum
1295 3181 1399 3248 vel
1458 3181 1888 3266 aliquousque
1953 3202 2220 3267 compos
2284 3181 2565 3250 evadere

600 3272 830 3356 possit,
884 3269 1207 3354 planeque
1250 3267 1595 3352 intelligat,
1644 3288 1860 3334 meam
1904 3267 2077 3351 apud
2121 3278 2189 3334 te
2231 3289 2564 3336 commen·

603 3357 937 3423 dationem
971 3355 1095 3420 sibi
1133 3375 1265 3419 non
1301 3355 1569 3419 omnino
1602 3353 1803 3420 fuisse
1837 3354 2332 3421 infructuosam.
2390 3352 2564 3420 Dedi

602 3443 700 3508 illi
744 3444 945 3509 etiam
981 3441 1066 3506 ad
1104 3439 1349 3506 Besam
1390 3446 1691 3505 nostrum
1732 3438 1982 3518 literas,
2025 3460 2221 3524 quem
2257 3439 2386 3508 dici
2428 3461 2566 3506 non

602 3535 822 3613 potest
876 3547 1076 3612 quam
1133 3524 1433 3611 gratuler
1485 3534 1625 3590 tam
1679 3525 1960 3593 honesta
2022 3525 2324 3609 felicique
2381 3547 2568 3593 occa-

604 3615 795 3681 sione
837 3613 1106 3698 patriae,
1168 3631 1335 3695 quae
1386 3630 1543 3677 eum
1584 3610 1721 3677 iam
1765 3608 2014 3677 dudum
2054 3612 2355 3692 eiecerat,
2415 3611 2568 3677 red·

606 3700 838 3780 ditum,
880 3708 957 3765 ut
999 3698 1171 3765 hanc
1213 3696 1439 3763 divina
1481 3706 1549 3764 et
1580 3697 1864 3763 mirifica
1897 3696 2383 3781 dispensatione
2427 3699 2570 3781 ipse

604 3807 783 3852 nunc
816 3785 901 3852 ad
925 3805 1149 3853 veram
1183 3784 1465 3867 patriam
1488 3781 1973 3867 compendiaria
1995 3784 2127 3862 via,
2150 3805 2316 3867 quae
2337 3781 2572 3849 Ohris·

604 3881 715 3938 tus
757 3880 878 3949 est,
925 3870 1223 3937 deducat.
1295 3868 1625 3935 Dominus
1667 3867 1847 3935 illius
1889 3869 2257 3936 ministerio
2301 3868 2570 3935 coelesti

606 3959 1015 4024 incremento
1059 3955 1313 4022 affatim
1367 3953 1730 4033 benedicat,
1786 3962 1861 4019 ut
1902 3953 2075 4039 quod
2132 3976 2203 4021 se
2246 3954 2572 4021 exstimu-

604 4043 790 4110 lante
833 4050 1112 4110 conatur
1164 4062 1237 4107 se
1290 4060 1546 4125 quoque
1597 4040 1978 4107 fortunante
2033 4041 2287 4121 efficiat,
2349 4041 2571 4124 sicque

606 4151 743 4196 non
804 4138 942 4195 tam
1000 4129 1160 4212 ipse,
1220 4131 1420 4210 quain
1475 4146 1705 4193 omnes
1745 4134 2065 4210 quotquot
2108 4127 2349 4211 ubique
2409 4134 2574 4193 sunt

606 4213 854 4293 fideles,
916 4214 999 4279 de
1042 4211 1303 4280 Galliae
1361 4211 1591 4292 salute,
1650 4233 1819 4297 quae
1872 4212 2006 4278 iam
2050 4233 2183 4278 non
2228 4212 2423 4278 titulo
2467 4232 2572 4278 so·

608 4300 750 4453 ltttissm
798 4298 915 4367 sed
958 4322 1031 4365 re
1087 4301 1229 4383 ipsa
1272 4297 1820 4365 christianissima
1862 4298 1948 4364 sit
1989 4296 2184 4378 facta,
2229 4300 2376 4364 Deo
2416 4318 2572 4383 gra-

716 4408 923 4453 emur.

785 4470 892 4537 De
950 4469 1145 4537 rebus
1186 4468 1663 4549 Helvetiorum,
1727 4490 1981 4553 quoque
2045 4469 2186 4536 loco
2251 4470 2339 4535 sit
2395 4489 2576 4534 nunc

613 4558 1101 4626 Glareanorum
1178 4576 1331 4623 cum
1406 4554 1963 4641 Quinquepagicis
2038 4575 2259 4634 causa,
2280 4559 2337 4634 ⁴)
2419 4554 2575 4638 quia

614 4643 1032 4729 Buainqems
1090 4650 1329 4722 noster,
1388 4641 1941 4725 quemadmodum
1983 4642 2064 4707 de
2122 4640 2273 4706 aliis
2317 4660 2575 4725 quoque

614 4730 1018 4798 Germaniae
1064 4727 1270 4807 novis,
1314 4725 1673 4797 identidem
1718 4737 1787 4793 te
1830 4728 2172 4794 certiorem
2218 4727 2394 4805 facit,
2440 4747 2575 4792 non

615 4826 719 4883 est
759 4823 837 4882 ut
878 4816 1020 4899 ipse
1063 4813 1263 4879 etiam
1308 4812 1533 4880 eadem
1578 4813 1870 4881 scribens
1912 4822 1978 4879 te
2023 4813 2311 4897 fatigem.

590 1309 660 1362 to

593 1391 703 1448 stu

619 5004 802 5058 aean.
823 5004 883 5138 ἐξ
914 5002 1507 5128 §affiatu-aqam
1550 5001 1881 5057 zia-imm

622 5280 693 5333 1..
731 5294 783 5331 α.
821 5140 892 5334 Ξ
926 5139 2575 5345 &mmmmm

622 5348 713 5401 vl.
746 5344 896 5411 442.)

2107 414 2639 486 EPIS‘POLAE
2683 417 3108 482 3641-3642

4491 424 4599 488 166

2831 603 3112 671 Litteras
3153 615 3381 672 noster
3423 614 3610 672 tuam
3650 607 3820 674 mihi
3877 607 4160 673 salutem
4203 605 4441 674 nudius
4477 618 4601 676 ter·

2658 691 2791 757 tius
2834 689 2961 757 hac
3003 691 3088 756 ad
3130 712 3285 759 suos
3340 691 3601 760 rediens
3646 693 3932 761 officiose
3975 692 4175 759 dixit:
4233 713 4422 777 quem
4465 695 4603 761 vale

2658 774 2837 842 dolet
2892 784 3163 842 tuorum
3216 778 3286 843 in
3331 777 3679 845 Danielem
3724 779 4342 846 commentariorum
4373 782 4421 858 ⁸)
4464 781 4604 846 nul·

2658 861 2798 927 lum
2851 861 3016 926 mihi
3073 862 3455 949 exemplum
3509 865 3827 944 attulisse,
3881 887 4084 949 quum
4125 865 4399 931 interim
4437 864 4603 931 affir-

2658 955 2796 1014 met
2871 969 3075 1014 unum
3157 970 3229 1015 ss
3308 972 3350 1015 a
3424 957 3492 1015 te
3569 950 3743 1018 dono
3822 953 4170 1035 accepisse,
4249 951 4421 1034 quod
4493 972 4606 1036 ego

2658 1044 2881 1132 tamen
2943 1044 3165 1119 petere
3229 1058 3271 1103 a
3333 1035 3481 1102 viro
3543 1057 3678 1102 non
3743 1035 4087 1114 audebam,
4154 1037 4326 1121 quod
4385 1037 4606 1103 scirem

2657 1139 2798 1185 suis
2821 1117 3120 1205 Sangalli
3158 1123 3724 1189 concionatoribus
3758 1144 3902 1189 esse
3941 1123 4363 1190 destinatum.
4414 1122 4609 1188 Novit

2657 1215 2835 1271 certe
2890 1205 3001 1271 ille
3059 1217 3307 1290 quanto
3361 1218 3591 1273 tenear
3649 1208 3970 1276 desiderio
4025 1211 4426 1291 scriptorum
4471 1217 4607 1273 tuo-

2659 1290 2944 1441 almam?
2990 1291 3148 1442 qui?
3193 1293 3570 1446 fortewnioffii
3613 1295 3725 1361 vel
3781 1295 4057 1379 longum
4100 1294 4240 1445 vgld
4264 1295 4474 1446 Ifflg
4502 1292 4610 1361 abs

2907 1398 3008 1457 ur,
3053 1400 3100 1443 u
3174 1399 3340 1445 meri
3600 1399 4021 1447 succenseam
4065 1402 4155 1464 qu
4510 1400 4609 1446 me

2657 1461 3003 1545 voluptate
3064 1463 3485 1545 defi-sudarit,
3555 1467 3820 1532 tametsi
3886 1467 4155 1532 omnino
4220 1467 4390 1532 istuc
4447 1464 4612 1548 apud

2658 1556 3072 1631 praesentem
3129 1550 3619 1629 dissimularim,
3677 1574 3762 1618 ne
3817 1552 3986 1619 forte
4029 1574 4238 1618 unum
4295 1549 4462 1616 illud
4504 1570 4611 1616 ex·

2660 1634 2953 1716 emplum
2991 1656 3032 1699 a
3065 1638 3490 1718 quantumvis
3533 1638 3746 1704 invito
3788 1649 4180 1722 extorquere
4225 1637 4399 1704 velle
4441 1635 4614 1703 vide-

2661 1739 2788 1783 rer.
2862 1720 3087 1786 Aliam
3129 1731 3353 1787 autem
3396 1723 3805 1790 occasionem
3847 1726 4142 1808 captabo,
4198 1725 4257 1792 si
4290 1723 4438 1789 fieri
4479 1731 4613 1805 pot-

2662 1813 2783 1884 est,
2823 1815 2900 1871 ut
2941 1810 3429 1891 quamprimum
3486 1809 3684 1877 istinc
3727 1809 3811 1875 ad
3854 1831 3961 1875 me
4015 1810 4203 1877 labor
4253 1808 4369 1875 ille
4411 1807 4616 1892 perfe-

2662 1899 2870 1972 ratur,
2935 1892 3465 1979 quandoquidem
3527 1916 3604 1960 eo
3667 1895 3836 1961 mihi
3900 1896 4138 1979 spiritu
4202 1916 4334 1978 quo
4397 1893 4617 1979 scripti

2662 1984 2821 2041 sunt
2862 1977 3031 2043 sacri
3074 1978 3227 2046 libri
3271 1982 3387 2048 abs
3431 1991 3497 2047 te
3533 1983 3830 2048 enarrari
3873 1980 4142 2047 omnino
4178 1980 4505 2059 videntur,
4545 1991 4619 2044 ut

2663 2083 2797 2128 non
2855 2064 3104 2146 possim
3169 2067 3238 2131 in
3299 2067 3382 2132 iis
3440 2067 3575 2134 tuis
3617 2087 3780 2134 vere
3837 2066 4084 2134 divinis
4140 2065 4624 2134 commentariis

2665 2167 2803 2212 non
2847 2151 3259 2231 suavissime,
3302 2154 3561 2236 quoties
3604 2154 3876 2219 omnino
3919 2163 4138 2233 vacat,
4180 2152 4484 2219 delitiari.

2837 2234 3152 2303 Christus
3206 2238 3436 2305 vitalis
3495 2239 3637 2305 vita
3692 2249 4091 2323 nostraeque
4146 2239 4329 2304 vitae
4394 2238 4622 2304 unicus

2665 2329 2862 2386 autor
2895 2329 2964 2386 et
2996 2332 3436 2404 conservator,
3481 2326 3538 2389 si
3573 2345 3707 2390 non
3743 2325 4011 2403 diutius,
4046 2325 4376 2407 tantisper
4410 2333 4624 2388 tamen

2664 2406 3085 2490 superstitem
3128 2419 3196 2474 te
3235 2431 3381 2477 esse
3413 2409 3599 2490 velit,
3645 2410 3803 2476 dum
3842 2412 4043 2476 etiam
4077 2430 4244 2494 quos
4277 2431 4419 2476 non
4459 2406 4625 2474 mul-

2665 2501 2768 2557 tos
2805 2490 2967 2559 adeo
3001 2492 3293 2578 reliquos
3325 2496 3540 2563 fecisti
3573 2495 3947 2563 divinorum
3980 2495 4394 2579 eloquiorum
4428 2494 4626 2560 libros

2668 2576 2897 2643 eodem
2976 2579 3216 2661 spiritu
3292 2603 3415 2649 suo
3493 2581 3784 2648 dictante
3862 2582 4219 2666 eademque
4297 2581 4626 2656 felicitate,

2665 2664 2956 2729 maximo
2991 2665 3304 2733 ecclesiae
3338 2688 3498 2735 suae
3526 2669 3763 2748 fructu,
3787 2666 4341 2752 quemadmodum
4363 2668 4624 2750 priores,

2666 2748 2977 2815 illustres.
3049 2754 3268 2819 Amen
3308 2773 3519 2820 amen.
3592 2753 3675 2819 In
3721 2775 3798 2820 eo
3839 2755 3973 2820 iam
3998 2774 4259 2838 quoque
4290 2754 4463 2820 bene
4485 2750 4627 2818 vale

2667 2844 2735 2900 et
2777 2843 3185 2903 senectutem
3226 2840 3402 2906 hanc
3442 2859 3680 2920 meam,
3736 2841 4016 2907 miserae
4056 2840 4260 2905 huius
4303 2839 4487 2906 vitae
4529 2856 4627 2902 sa-

2668 2931 2893 2985 turam
2917 2925 2976 2998 ⁶)
3021 2933 3089 2987 et
3132 2923 3217 2990 ad
3260 2946 3409 2991 eam
3452 2947 3623 3010 quae
3664 2947 3821 2993 vere
3864 2934 3934 2992 et
3985 2927 4129 2992 sola
4171 2926 4314 2993 vita
4359 2936 4463 2991 est
4502 2921 4627 2990 col·

2667 3004 2857 3106 lectis
2922 3008 3272 3079 sarcinulis
3335 3012 3946 3099 migraturientcm,
4004 3011 4134 3079 fide
4177 3009 4628 3097 ,flagrantibus

2668 3095 3036 3245 {otialggils
3093 3106 3472 3166 constanter
3531 3099 3789 3167 adiuva.
3861 3098 4174 3165 Vitoduri
4217 3100 4303 3183 xj.
4353 3096 4628 3164 Decem-

2713 3198 2809 3244 ris
3028 3230 3044 3246 .
3445 3218 3460 3229 ·

3639 3323 3824 3389 'Puus
3867 3330 3942 3388 ut
3984 3321 4212 3387 nullus
4253 3342 4466 3406 aeque

3723 3409 3952 3475 Ambr.
3992 3406 4376 3474 Blaurcrus.

3551 3984 3751 4057 3642.

3291 4142 3540 4210 BEzA
3580 4139 4012 4209 GALVINO.

2851 4314 3076 4382 Pansv'
3064 4314 4633 4397 'isrampaumprotemporemmwoe‘
4519 4314 4532 4324 ’

2693 4402 2878 4470 Varii
2940 4406 3147 4466 mom
3204 4401 3276 4466 in
3337 4400 3610 4469 diversis
3671 4401 3853 4485 requi
3906 4397 4210 4483 partibus
4267 4404 4330 4464 et
4383 4398 4636 4483 passim

2677 4488 2823 4556 beai
2877 4486 3088 4554 civilis
3131 4485 3480 4569 primitiae,
3549 4486 3637 4553 ad
3699 4505 3863 4567 quas
3923 4504 4056 4553 com
4456 4482 4636 4550 missu·

2678 4575 2840 4660 reyii
2871 4573 3289 4639 dimittuntur.

2671 4746 2786 4869 gh
2836 4743 3178 4813 autographo
3225 4743 3358 4800 cod.
3407 4743 3614 4798 Genev.
3662 4741 3778 4807 11⁷,
3825 4742 3923 4798 101.
3968 4741 4067 4824 52..
4103 4743 4228 4826 coll3
4261 4759 4295 4797 c
4345 4739 4635 4823 cast-12,

2735 4811 3336 4878 L86‚God.Bern.E
3467 4810 4385 4882 VLp.969‚Cod.Sunlen102.
4447 4810 4638 4866 fflndnt

2954 4882 3124 4935 Baum
3161 4883 3309 4951 App.
3451 4880 3566 4937 uo.
3637 4881 3936 4949 Inscriptio
3970 4881 4358 4945 desideratur.)

2881 5140 2942 5277 ἓξ
2975 5138 3346 5265 &afferat
3389 5225 3444 5263 a.
3493 5207 3645 5262 1492.
3719 5206 4022 5263 Lanatam
4063 5210 4248 5262 tanen
4290 5224 4328 5263 a
4367 5204 4638 5262 Ρναωιεο

3256 5276 4640 5347 ὀιαιεωὴοοερωηωωια-εμαεημκ

2672 5276 3206 5403 &mamm
3576 5348 3588 5360 .
4043 5346 4196 5358 ,Η

2717 5346 3035 5403 natm
3339 5347 4424 5417 calcatamqmantevmuame.
