<?xml version="1.0" encoding="UTF-8"?>
<!DOCTYPE html PUBLIC "-//W3C//DTD XHTML 1.0 Transitional//EN"
    "http://www.w3.org/TR/xhtml1/DTD/xhtml1-transitional.dtd">
<html xmlns="http://www.w3.org/1999/xhtml" xml:lang="en" lang="en">
 <head>
  <title>
</title>
<meta http-equiv="Content-Type" content="text/html;charset=utf-8" />
  <meta name='ocr-system' content='tesseract 3.04.00' />
  <meta name='ocr-capabilities' content='ocr_page ocr_carea ocr_par ocr_line ocrx_word'/>
</head>
<body>
  <div class='ocr_page' id='page_1' title='image "./ioanniscalvinio12unkngoog/ioanniscalvinio12unkngoog_0501.png"; bbox 0 0 4900 6125; ppageno 0'>
   <div class='ocr_carea' id='block_1_1' title="bbox 246 336 352 397">
    <p class='ocr_par' dir='ltr' id='par_1_1' title="bbox 246 336 352 397">
     <span class='ocr_line' id='line_1_1' title="bbox 246 336 352 397; baseline 0.009 -2"><span class='ocrx_word' id='word_1_1' title='bbox 246 336 352 397; x_wconf 81' lang='lat'><strong>189</strong></span> 
     </span>
    </p>
   </div>
   <div class='ocr_carea' id='block_1_2' title="bbox 201 515 2175 3430">
    <p class='ocr_par' dir='ltr' id='par_1_2' title="bbox 219 515 2175 1715">
     <span class='ocr_line' id='line_1_2' title="bbox 236 515 2173 604; baseline -0.002 -18"><span class='ocrx_word' id='word_1_2' title='bbox 236 520 424 586; x_wconf 86' lang='lat' dir='ltr'><strong>simus</strong></span> <span class='ocrx_word' id='word_1_3' title='bbox 443 516 528 585; x_wconf 91' lang='lat' dir='ltr'><strong>D.</strong></span> <span class='ocrx_word' id='word_1_4' title='bbox 555 515 861 585; x_wconf 70' lang='lat' dir='ltr'><strong>Calvinus</strong></span> <span class='ocrx_word' id='word_1_5' title='bbox 880 527 947 585; x_wconf 89' lang='lat' dir='ltr'><strong>et</strong></span> <span class='ocrx_word' id='word_1_6' title='bbox 980 517 1084 585; x_wconf 90' lang='lat' dir='ltr'><strong>sui</strong></span> <span class='ocrx_word' id='word_1_7' title='bbox 1116 525 1542 604; x_wconf 78' lang='lat' dir='ltr'><strong>symmystae,</strong></span> <span class='ocrx_word' id='word_1_8' title='bbox 1577 527 1645 585; x_wconf 83' lang='lat' dir='ltr'><strong>et</strong></span> <span class='ocrx_word' id='word_1_9' title='bbox 1667 519 1751 583; x_wconf 91' lang='lat' dir='ltr'><strong>D.</strong></span> <span class='ocrx_word' id='word_1_10' title='bbox 1776 516 2173 583; x_wconf 78' lang='lat' dir='ltr'><strong>Franciscns</strong></span> 
     </span>
     <span class='ocr_line' id='line_1_3' title="bbox 238 603 2169 687; baseline 0 -17"><span class='ocrx_word' id='word_1_11' title='bbox 238 603 545 671; x_wconf 68' lang='lat' dir='ltr'><strong>Poutoem</strong></span> <span class='ocrx_word' id='word_1_12' title='bbox 564 607 620 679; x_wconf 66' lang='grc' dir='ltr'><strong>θ)</strong></span> <span class='ocrx_word' id='word_1_13' title='bbox 659 603 875 672; x_wconf 86' lang='lat' dir='ltr'><strong>dictus</strong></span> <span class='ocrx_word' id='word_1_14' title='bbox 908 604 1254 672; x_wconf 81' lang='lat' dir='ltr'><strong>Monsieur</strong></span> <span class='ocrx_word' id='word_1_15' title='bbox 1288 603 1462 670; x_wconf 88' lang='lat' dir='ltr'><strong>della</strong></span> <span class='ocrx_word' id='word_1_16' title='bbox 1494 603 1790 670; x_wconf 90' lang='lat' dir='ltr'><strong>Planche</strong></span> <span class='ocrx_word' id='word_1_17' title='bbox 1805 605 1864 683; x_wconf 88' lang='lat'><strong>⁷)</strong></span> <span class='ocrx_word' id='word_1_18' title='bbox 1900 622 2094 687; x_wconf 86' lang='lat' dir='ltr'><strong>quem</strong></span> <span class='ocrx_word' id='word_1_19' title='bbox 2114 605 2169 679; x_wconf 80' lang='lat'><strong>⁸)</strong></span> 
     </span>
     <span class='ocr_line' id='line_1_4' title="bbox 232 689 2175 774; baseline -0.002 -18"><span class='ocrx_word' id='word_1_20' title='bbox 232 710 378 774; x_wconf 87' lang='lat' dir='ltr'><strong>rogo</strong></span> <span class='ocrx_word' id='word_1_21' title='bbox 438 698 515 756; x_wconf 91' lang='lat' dir='ltr'><strong>ut</strong></span> <span class='ocrx_word' id='word_1_22' title='bbox 574 689 820 756; x_wconf 88' lang='lat' dir='ltr'><strong>salutet</strong></span> <span class='ocrx_word' id='word_1_23' title='bbox 881 689 968 756; x_wconf 92' lang='lat' dir='ltr'><strong>D.</strong></span> <span class='ocrx_word' id='word_1_24' title='bbox 1035 690 1480 756; x_wconf 84' lang='lat' dir='ltr'><strong>Laurentium</strong></span> <span class='ocrx_word' id='word_1_25' title='bbox 1549 689 2021 757; x_wconf 70' lang='lat' dir='ltr'><strong>Nomandium</strong></span> <span class='ocrx_word' id='word_1_26' title='bbox 2106 695 2175 754; x_wconf 88' lang='lat' dir='ltr'><strong>et</strong></span> 
     </span>
     <span class='ocr_line' id='line_1_5' title="bbox 231 774 2175 859; baseline -0.002 -17"><span class='ocrx_word' id='word_1_27' title='bbox 231 774 393 842; x_wconf 90' lang='lat' dir='ltr'><strong>dicat</strong></span> <span class='ocrx_word' id='word_1_28' title='bbox 432 774 529 840; x_wconf 91' lang='lat' dir='ltr'><strong>illi</strong></span> <span class='ocrx_word' id='word_1_29' title='bbox 569 774 740 858; x_wconf 92' lang='lat' dir='ltr'><strong>quod</strong></span> <span class='ocrx_word' id='word_1_30' title='bbox 785 775 842 842; x_wconf 89' lang='lat' dir='ltr'><strong>si</strong></span> <span class='ocrx_word' id='word_1_31' title='bbox 885 775 1198 844; x_wconf 90' lang='lat' dir='ltr'><strong>ecclesiae</strong></span> <span class='ocrx_word' id='word_1_32' title='bbox 1239 775 1589 843; x_wconf 91' lang='lat' dir='ltr'><strong>Polonicae</strong></span> <span class='ocrx_word' id='word_1_33' title='bbox 1622 796 1759 841; x_wconf 89' lang='lat' dir='ltr'><strong>non</strong></span> <span class='ocrx_word' id='word_1_34' title='bbox 1793 774 2175 859; x_wconf 83' lang='lat' dir='ltr'><strong>persolvent</strong></span> 
     </span>
     <span class='ocr_line' id='line_1_6' title="bbox 228 860 2175 946; baseline -0.001 -20"><span class='ocrx_word' id='word_1_35' title='bbox 228 860 318 926; x_wconf 90' lang='lat' dir='ltr'><strong>illi</strong></span> <span class='ocrx_word' id='word_1_36' title='bbox 371 881 586 926; x_wconf 91' lang='lat' dir='ltr'><strong>meum</strong></span> <span class='ocrx_word' id='word_1_37' title='bbox 643 860 939 928; x_wconf 81' lang='lat' dir='ltr'><strong>debitum</strong></span> <span class='ocrx_word' id='word_1_38' title='bbox 993 862 1323 946; x_wconf 89' lang='lat' dir='ltr'><strong>octoginta</strong></span> <span class='ocrx_word' id='word_1_39' title='bbox 1364 872 1506 928; x_wconf 87' lang='lat' dir='ltr'><strong>octo</strong></span> <span class='ocrx_word' id='word_1_40' title='bbox 1548 869 2030 938; x_wconf 87' lang='lat' dir='ltr'><strong>coronatorum,</strong></span> <span class='ocrx_word' id='word_1_41' title='bbox 2096 866 2175 925; x_wconf 91' lang='lat' dir='ltr'><strong>ut</strong></span> 
     </span>
     <span class='ocr_line' id='line_1_7' title="bbox 226 945 2172 1032; baseline 0 -21"><span class='ocrx_word' id='word_1_42' title='bbox 226 946 293 1012; x_wconf 89' lang='lat' dir='ltr'><strong>in</strong></span> <span class='ocrx_word' id='word_1_43' title='bbox 343 945 631 1031; x_wconf 90' lang='lat' dir='ltr'><strong>generali</strong></span> <span class='ocrx_word' id='word_1_44' title='bbox 686 947 937 1032; x_wconf 78' lang='lat' dir='ltr'><strong>synodo</strong></span> <span class='ocrx_word' id='word_1_45' title='bbox 988 947 1423 1015; x_wconf 87' lang='lat' dir='ltr'><strong>constitutum</strong></span> <span class='ocrx_word' id='word_1_46' title='bbox 1464 956 1584 1028; x_wconf 86' lang='lat' dir='ltr'><strong>est,</strong></span> <span class='ocrx_word' id='word_1_47' title='bbox 1650 959 1716 1013; x_wconf 89' lang='lat' dir='ltr'><strong>et</strong></span> <span class='ocrx_word' id='word_1_48' title='bbox 1769 967 1893 1031; x_wconf 91' lang='lat' dir='ltr'><strong>ego</strong></span> <span class='ocrx_word' id='word_1_49' title='bbox 1934 945 2172 1012; x_wconf 80' lang='lat' dir='ltr'><strong>vivens</strong></span> 
     </span>
     <span class='ocr_line' id='line_1_8' title="bbox 228 1030 2172 1116; baseline -0.002 -18"><span class='ocrx_word' id='word_1_50' title='bbox 228 1054 352 1098; x_wconf 90' lang='lat' dir='ltr'><strong>non</strong></span> <span class='ocrx_word' id='word_1_51' title='bbox 393 1033 682 1099; x_wconf 75' lang='lat' dir='ltr'><strong>habuero</strong></span> <span class='ocrx_word' id='word_1_52' title='bbox 724 1033 992 1099; x_wconf 89' lang='lat' dir='ltr'><strong>modum</strong></span> <span class='ocrx_word' id='word_1_53' title='bbox 1037 1032 1359 1110; x_wconf 83' lang='lat' dir='ltr'><strong>solvendi,</strong></span> <span class='ocrx_word' id='word_1_54' title='bbox 1404 1041 1564 1100; x_wconf 88' lang='lat' dir='ltr'><strong>tnnc</strong></span> <span class='ocrx_word' id='word_1_55' title='bbox 1606 1053 1691 1098; x_wconf 81' lang='lat' dir='ltr'><strong>ex</strong></span> <span class='ocrx_word' id='word_1_56' title='bbox 1725 1053 1874 1100; x_wconf 89' lang='lat' dir='ltr'><strong>mea</strong></span> <span class='ocrx_word' id='word_1_57' title='bbox 1907 1030 2172 1116; x_wconf 89' lang='lat' dir='ltr'><strong>suppel-</strong></span> 
     </span>
     <span class='ocr_line' id='line_1_9' title="bbox 224 1115 2170 1203; baseline -0.001 -20"><span class='ocrx_word' id='word_1_58' title='bbox 224 1117 409 1184; x_wconf 84' lang='lat' dir='ltr'><strong>lectili</strong></span> <span class='ocrx_word' id='word_1_59' title='bbox 470 1137 618 1184; x_wconf 88' lang='lat' dir='ltr'><strong>mea</strong></span> <span class='ocrx_word' id='word_1_60' title='bbox 683 1139 872 1196; x_wconf 83' lang='lat' dir='ltr'><strong>uxor,</strong></span> <span class='ocrx_word' id='word_1_61' title='bbox 953 1128 1022 1184; x_wconf 91' lang='lat' dir='ltr'><strong>et</strong></span> <span class='ocrx_word' id='word_1_62' title='bbox 1082 1118 1181 1184; x_wconf 91' lang='lat' dir='ltr'><strong>illi</strong></span> <span class='ocrx_word' id='word_1_63' title='bbox 1225 1116 1465 1203; x_wconf 88' lang='lat' dir='ltr'><strong>quibus</strong></span> <span class='ocrx_word' id='word_1_64' title='bbox 1529 1120 1936 1196; x_wconf 77' lang='lat' dir='ltr'>commisero,</span> <span class='ocrx_word' id='word_1_65' title='bbox 1996 1115 2170 1200; x_wconf 90' lang='lat' dir='ltr'><strong>quod</strong></span> 
     </span>
     <span class='ocr_line' id='line_1_10' title="bbox 224 1203 2170 1288; baseline -0.001 -19"><span class='ocrx_word' id='word_1_66' title='bbox 224 1204 348 1269; x_wconf 84' lang='lat' dir='ltr'><strong>iam</strong></span> <span class='ocrx_word' id='word_1_67' title='bbox 400 1205 470 1270; x_wconf 90' lang='lat' dir='ltr'><strong>in</strong></span> <span class='ocrx_word' id='word_1_68' title='bbox 527 1225 674 1270; x_wconf 89' lang='lat' dir='ltr'><strong>meo</strong></span> <span class='ocrx_word' id='word_1_69' title='bbox 728 1213 1123 1271; x_wconf 88' lang='lat' dir='ltr'><strong>testamento</strong></span> <span class='ocrx_word' id='word_1_70' title='bbox 1181 1205 1323 1284; x_wconf 82' lang='lat' dir='ltr'><strong>feci,</strong></span> <span class='ocrx_word' id='word_1_71' title='bbox 1380 1205 1761 1288; x_wconf 83' lang='lat' dir='ltr'><strong>persolvent</strong></span> <span class='ocrx_word' id='word_1_72' title='bbox 1814 1203 1915 1268; x_wconf 87' lang='lat' dir='ltr'><strong>illi</strong></span> <span class='ocrx_word' id='word_1_73' title='bbox 1957 1209 2170 1269; x_wconf 86' lang='lat' dir='ltr'><strong>totum</strong></span> 
     </span>
     <span class='ocr_line' id='line_1_11' title="bbox 225 1285 2168 1372; baseline -0.002 -17"><span class='ocrx_word' id='word_1_74' title='bbox 225 1289 520 1355; x_wconf 88' lang='lat' dir='ltr'><strong>debitum.</strong></span> <span class='ocrx_word' id='word_1_75' title='bbox 600 1289 788 1355; x_wconf 92' lang='lat' dir='ltr'><strong>Deus</strong></span> <span class='ocrx_word' id='word_1_76' title='bbox 845 1291 1030 1357; x_wconf 85' lang='lat' dir='ltr'><strong>novit</strong></span> <span class='ocrx_word' id='word_1_77' title='bbox 1082 1311 1189 1356; x_wconf 90' lang='lat' dir='ltr'><strong>me</strong></span> <span class='ocrx_word' id='word_1_78' title='bbox 1240 1311 1373 1356; x_wconf 90' lang='lat' dir='ltr'><strong>non</strong></span> <span class='ocrx_word' id='word_1_79' title='bbox 1428 1312 1573 1358; x_wconf 90' lang='lat' dir='ltr'><strong>esse</strong></span> <span class='ocrx_word' id='word_1_80' title='bbox 1627 1291 1698 1355; x_wconf 91' lang='lat' dir='ltr'><strong>in</strong></span> <span class='ocrx_word' id='word_1_81' title='bbox 1756 1309 1956 1357; x_wconf 87' lang='lat' dir='ltr'><strong>causa</strong></span> <span class='ocrx_word' id='word_1_82' title='bbox 1993 1285 2168 1372; x_wconf 85' lang='lat' dir='ltr'><strong>quod</strong></span> 
     </span>
     <span class='ocr_line' id='line_1_12' title="bbox 222 1374 2170 1459; baseline -0.002 -17"><span class='ocrx_word' id='word_1_83' title='bbox 222 1374 529 1442; x_wconf 86' lang='lat' dir='ltr'><strong>hactenus</strong></span> <span class='ocrx_word' id='word_1_84' title='bbox 585 1395 725 1440; x_wconf 89' lang='lat' dir='ltr'><strong>non</strong></span> <span class='ocrx_word' id='word_1_85' title='bbox 782 1377 869 1442; x_wconf 89' lang='lat' dir='ltr'><strong>sit</strong></span> <span class='ocrx_word' id='word_1_86' title='bbox 924 1375 1025 1440; x_wconf 89' lang='lat' dir='ltr'><strong>illi</strong></span> <span class='ocrx_word' id='word_1_87' title='bbox 1067 1375 1492 1454; x_wconf 82' lang='lat' dir='ltr'><strong>satisfactum,</strong></span> <span class='ocrx_word' id='word_1_88' title='bbox 1551 1375 1850 1459; x_wconf 87' lang='lat' dir='ltr'><strong>quamvis</strong></span> <span class='ocrx_word' id='word_1_89' title='bbox 1905 1396 1993 1441; x_wconf 84' lang='lat' dir='ltr'><strong>ex</strong></span> <span class='ocrx_word' id='word_1_90' title='bbox 2035 1374 2170 1439; x_wconf 91' lang='lat' dir='ltr'><strong>illis</strong></span> 
     </span>
     <span class='ocr_line' id='line_1_13' title="bbox 219 1459 2166 1528; baseline 0 -4"><span class='ocrx_word' id='word_1_91' title='bbox 219 1459 396 1526; x_wconf 89' lang='lat' dir='ltr'><strong>libris</strong></span> <span class='ocrx_word' id='word_1_92' title='bbox 438 1470 705 1528; x_wconf 88' lang='lat' dir='ltr'><strong>centum</strong></span> <span class='ocrx_word' id='word_1_93' title='bbox 742 1462 975 1528; x_wconf 88' lang='lat' dir='ltr'><strong>floreni</strong></span> <span class='ocrx_word' id='word_1_94' title='bbox 1009 1461 1307 1528; x_wconf 89' lang='lat' dir='ltr'><strong>Polonici</strong></span> <span class='ocrx_word' id='word_1_95' title='bbox 1350 1483 1484 1527; x_wconf 89' lang='lat' dir='ltr'><strong>non</strong></span> <span class='ocrx_word' id='word_1_96' title='bbox 1527 1463 1664 1527; x_wconf 88' lang='lat' dir='ltr'><strong>sint</strong></span> <span class='ocrx_word' id='word_1_97' title='bbox 1699 1460 1863 1526; x_wconf 89' lang='lat' dir='ltr'><strong>mihi</strong></span> <span class='ocrx_word' id='word_1_98' title='bbox 1907 1459 2166 1525; x_wconf 82' lang='lat' dir='ltr'><strong>redditi.</strong></span> 
     </span>
     <span class='ocr_line' id='line_1_14' title="bbox 219 1546 2170 1631; baseline 0.003 -19"><span class='ocrx_word' id='word_1_99' title='bbox 219 1546 390 1612; x_wconf 79' lang='lat' dir='ltr'><strong>Malo</strong></span> <span class='ocrx_word' id='word_1_100' title='bbox 424 1546 796 1630; x_wconf 88' lang='lat' dir='ltr'><strong>relinquere</strong></span> <span class='ocrx_word' id='word_1_101' title='bbox 831 1546 1045 1613; x_wconf 93' lang='lat' dir='ltr'><strong>nudos</strong></span> <span class='ocrx_word' id='word_1_102' title='bbox 1080 1567 1263 1613; x_wconf 89' lang='lat' dir='ltr'><strong>meos</strong></span> <span class='ocrx_word' id='word_1_103' title='bbox 1298 1568 1493 1631; x_wconf 89' lang='lat' dir='ltr'><strong>quam</strong></span> <span class='ocrx_word' id='word_1_104' title='bbox 1518 1555 1598 1612; x_wconf 91' lang='lat' dir='ltr'><strong>ut</strong></span> <span class='ocrx_word' id='word_1_105' title='bbox 1617 1547 1704 1613; x_wconf 93' lang='lat' dir='ltr'><strong>D.</strong></span> <span class='ocrx_word' id='word_1_106' title='bbox 1731 1546 2170 1618; x_wconf 71' lang='lat' dir='ltr'><strong>Nmnandius</strong></span> 
     </span>
     <span class='ocr_line' id='line_1_15' title="bbox 219 1631 867 1715; baseline 0.003 -19"><span class='ocrx_word' id='word_1_107' title='bbox 219 1631 518 1697; x_wconf 85' lang='lat' dir='ltr'><strong>damnum</strong></span> <span class='ocrx_word' id='word_1_108' title='bbox 559 1631 867 1715; x_wconf 86' lang='lat' dir='ltr'><strong>patiatur.</strong></span> 
     </span>
    </p>

    <p class='ocr_par' dir='ltr' id='par_1_3' title="bbox 201 1717 2167 3430">
     <span class='ocr_line' id='line_1_16' title="bbox 374 1717 2167 1803; baseline 0 -20"><span class='ocrx_word' id='word_1_109' title='bbox 374 1717 521 1802; x_wconf 80' lang='lat' dir='ltr'><strong>Ego</strong></span> <span class='ocrx_word' id='word_1_110' title='bbox 586 1717 902 1801; x_wconf 83' lang='lat' dir='ltr'><strong>quamdiu</strong></span> <span class='ocrx_word' id='word_1_111' title='bbox 953 1718 1062 1785; x_wconf 91' lang='lat' dir='ltr'><strong>hic</strong></span> <span class='ocrx_word' id='word_1_112' title='bbox 1125 1719 1302 1803; x_wconf 87' lang='lat' dir='ltr'><strong>apud</strong></span> <span class='ocrx_word' id='word_1_113' title='bbox 1348 1719 1526 1785; x_wconf 89' lang='lat' dir='ltr'><strong>hunc</strong></span> <span class='ocrx_word' id='word_1_114' title='bbox 1567 1718 1932 1802; x_wconf 86' lang='lat' dir='ltr'><strong>principem</strong></span> <span class='ocrx_word' id='word_1_115' title='bbox 1978 1737 2167 1783; x_wconf 90' lang='lat' dir='ltr'><strong>man·</strong></span> 
     </span>
     <span class='ocr_line' id='line_1_17' title="bbox 217 1803 2166 1887; baseline 0 -19"><span class='ocrx_word' id='word_1_116' title='bbox 217 1823 401 1868; x_wconf 90' lang='lat' dir='ltr'><strong>surus</strong></span> <span class='ocrx_word' id='word_1_117' title='bbox 443 1804 573 1870; x_wconf 87' lang='lat' dir='ltr'><strong>sim</strong></span> <span class='ocrx_word' id='word_1_118' title='bbox 614 1803 876 1887; x_wconf 85' lang='lat' dir='ltr'><strong>ignoro:</strong></span> <span class='ocrx_word' id='word_1_119' title='bbox 937 1803 1146 1871; x_wconf 91' lang='lat' dir='ltr'><strong>donec</strong></span> <span class='ocrx_word' id='word_1_120' title='bbox 1187 1805 1541 1872; x_wconf 84' lang='lat' dir='ltr'><strong>Pinczovia</strong></span> <span class='ocrx_word' id='word_1_121' title='bbox 1584 1817 1650 1869; x_wconf 88' lang='lat' dir='ltr'><strong>et</strong></span> <span class='ocrx_word' id='word_1_122' title='bbox 1695 1804 1897 1869; x_wconf 90' lang='lat' dir='ltr'><strong>Vilna</strong></span> <span class='ocrx_word' id='word_1_123' title='bbox 1940 1803 2166 1868; x_wconf 87' lang='lat' dir='ltr'><strong>literas</strong></span> 
     </span>
     <span class='ocr_line' id='line_1_18' title="bbox 214 1888 2164 1989; baseline -0.001 -35"><span class='ocrx_word' id='word_1_124' title='bbox 214 1908 531 1973; x_wconf 82' lang='lat' dir='ltr'><strong>accepero.</strong></span> <span class='ocrx_word' id='word_1_125' title='bbox 618 1889 768 1954; x_wconf 89' lang='lat' dir='ltr'><strong>Non</strong></span> <span class='ocrx_word' id='word_1_126' title='bbox 794 1889 1025 1989; x_wconf 32' lang='lat' dir='ltr'><strong>‘scribo</strong></span> <span class='ocrx_word' id='word_1_127' title='bbox 1067 1890 1151 1956; x_wconf 94' lang='lat' dir='ltr'><strong>D.</strong></span> <span class='ocrx_word' id='word_1_128' title='bbox 1202 1889 1481 1966; x_wconf 64' lang='lat' dir='ltr'><strong>Calvinae,</strong></span> <span class='ocrx_word' id='word_1_129' title='bbox 1548 1909 1669 1955; x_wconf 92' lang='lat' dir='ltr'><strong>nec</strong></span> <span class='ocrx_word' id='word_1_130' title='bbox 1723 1888 2008 1956; x_wconf 87' lang='lat' dir='ltr'><strong>scribam</strong></span> <span class='ocrx_word' id='word_1_131' title='bbox 2051 1888 2164 1989; x_wconf 81' lang='lat' dir='ltr'><strong>do·</strong></span> 
     </span>
     <span class='ocr_line' id='line_1_19' title="bbox 210 1972 2165 2145; baseline 0.003 -22"><span class='ocrx_word' id='word_1_132' title='bbox 210 1995 321 2125; x_wconf 61' lang='lat'><strong>{¹2⁰8</strong></span> <span class='ocrx_word' id='word_1_133' title='bbox 351 1994 755 2127; x_wconf 56' lang='grc' dir='ltr'>εᾚεῖἷέῗι</span> <span class='ocrx_word' id='word_1_134' title='bbox 786 1975 1345 2144; x_wconf 55' lang='grc' dir='ltr'><strong>Ψῶἳέἒῖιέεῖῗθ</strong></span> <span class='ocrx_word' id='word_1_135' title='bbox 1375 1972 2165 2145; x_wconf 57' lang='grc' dir='ltr'>ἕιῗέἓῗὲἓῖοὲηἷῗᾞῖ</span> 
     </span>
     <span class='ocr_line' id='line_1_20' title="bbox 212 2145 2163 2230; baseline 0.002 -22"><span class='ocrx_word' id='word_1_136' title='bbox 212 2158 383 2210; x_wconf 82' lang='lat' dir='ltr'><strong>ratus</strong></span> <span class='ocrx_word' id='word_1_137' title='bbox 439 2145 787 2212; x_wconf 89' lang='lat' dir='ltr'><strong>ostendere</strong></span> <span class='ocrx_word' id='word_1_138' title='bbox 845 2147 968 2212; x_wconf 89' lang='lat' dir='ltr'><strong>toti</strong></span> <span class='ocrx_word' id='word_1_139' title='bbox 1020 2146 1161 2212; x_wconf 93' lang='lat' dir='ltr'><strong>orbi</strong></span> <span class='ocrx_word' id='word_1_140' title='bbox 1229 2168 1371 2213; x_wconf 89' lang='lat' dir='ltr'><strong>esse</strong></span> <span class='ocrx_word' id='word_1_141' title='bbox 1412 2145 2013 2230; x_wconf 89' lang='lat' dir='ltr'><strong>impudentissimos</strong></span> <span class='ocrx_word' id='word_1_142' title='bbox 2055 2166 2163 2211; x_wconf 82' lang='lat' dir='ltr'><strong>ca-</strong></span> 
     </span>
     <span class='ocr_line' id='line_1_21' title="bbox 207 2229 2162 2317; baseline 0.001 -24"><span class='ocrx_word' id='word_1_143' title='bbox 207 2229 660 2298; x_wconf 86' lang='lat' dir='ltr'><strong>lumniatores:</strong></span> <span class='ocrx_word' id='word_1_144' title='bbox 736 2253 859 2298; x_wconf 89' lang='lat' dir='ltr'><strong>nec</strong></span> <span class='ocrx_word' id='word_1_145' title='bbox 931 2234 954 2297; x_wconf 90' lang='lat' dir='ltr'><strong>i</strong></span> <span class='ocrx_word' id='word_1_146' title='bbox 1035 2231 1058 2296; x_wconf 91' lang='lat' dir='ltr'><strong>i</strong></span> <span class='ocrx_word' id='word_1_147' title='bbox 1113 2241 1424 2316; x_wconf 87' lang='lat' dir='ltr'><strong>poterunt</strong></span> <span class='ocrx_word' id='word_1_148' title='bbox 1474 2232 1918 2317; x_wconf 82' lang='lat' dir='ltr'><strong>tergiversari.</strong></span> <span class='ocrx_word' id='word_1_149' title='bbox 2013 2230 2162 2296; x_wconf 90' lang='lat' dir='ltr'><strong>Imo</strong></span> 
     </span>
     <span class='ocr_line' id='line_1_22' title="bbox 209 2253 2162 2402; baseline 0.001 -21"><span class='ocrx_word' id='word_1_150' title='bbox 209 2337 367 2382; x_wconf 90' lang='lat' dir='ltr'><strong>unus</strong></span> <span class='ocrx_word' id='word_1_151' title='bbox 408 2316 699 2396; x_wconf 90' lang='lat' dir='ltr'><strong>illorum,</strong></span> <span class='ocrx_word' id='word_1_152' title='bbox 756 2319 800 2383; x_wconf 90' lang='lat' dir='ltr'><strong>i.</strong></span> <span class='ocrx_word' id='word_1_153' title='bbox 845 2338 902 2383; x_wconf 90' lang='lat' dir='ltr'><strong>e.</strong></span> <span class='ocrx_word' id='word_1_154' title='bbox 946 2253 1225 2385; x_wconf 60' lang='lat' dir='ltr'><strong>ffioobus</strong></span> <span class='ocrx_word' id='word_1_155' title='bbox 1270 2317 1545 2401; x_wconf 73' lang='lat' dir='ltr'><strong>Sylvius,</strong></span> <span class='ocrx_word' id='word_1_156' title='bbox 1604 2319 1673 2382; x_wconf 89' lang='lat' dir='ltr'><strong>in</strong></span> <span class='ocrx_word' id='word_1_157' title='bbox 1723 2315 1978 2402; x_wconf 75' lang='lat' dir='ltr'><strong>synodo</strong></span> <span class='ocrx_word' id='word_1_158' title='bbox 2034 2337 2162 2400; x_wconf 91' lang='lat' dir='ltr'><strong>pu-</strong></span> 
     </span>
     <span class='ocr_line' id='line_1_23' title="bbox 208 2399 2164 2488; baseline 0.001 -22"><span class='ocrx_word' id='word_1_159' title='bbox 208 2399 362 2468; x_wconf 88' lang='lat' dir='ltr'><strong>blice</strong></span> <span class='ocrx_word' id='word_1_160' title='bbox 415 2403 636 2468; x_wconf 84' lang='lat' dir='ltr'><strong>fassus</strong></span> <span class='ocrx_word' id='word_1_161' title='bbox 690 2411 792 2468; x_wconf 88' lang='lat' dir='ltr'><strong>est</strong></span> <span class='ocrx_word' id='word_1_162' title='bbox 849 2424 919 2469; x_wconf 91' lang='lat' dir='ltr'><strong>se</strong></span> <span class='ocrx_word' id='word_1_163' title='bbox 975 2425 1102 2469; x_wconf 90' lang='lat' dir='ltr'><strong>non</strong></span> <span class='ocrx_word' id='word_1_164' title='bbox 1148 2403 1555 2470; x_wconf 76' lang='lat' dir='ltr'><strong>intellexisse</strong></span> <span class='ocrx_word' id='word_1_165' title='bbox 1595 2424 1719 2480; x_wconf 89' lang='lat' dir='ltr'><strong>me,</strong></span> <span class='ocrx_word' id='word_1_166' title='bbox 1777 2411 1846 2468; x_wconf 88' lang='lat' dir='ltr'><strong>et</strong></span> <span class='ocrx_word' id='word_1_167' title='bbox 1886 2402 2164 2488; x_wconf 80' lang='lat' dir='ltr'><strong>agnovit</strong></span> 
     </span>
     <span class='ocr_line' id='line_1_24' title="bbox 206 2488 2160 2572; baseline 0.001 -20"><span class='ocrx_word' id='word_1_168' title='bbox 206 2508 387 2552; x_wconf 86' lang='lat' dir='ltr'><strong>suum</strong></span> <span class='ocrx_word' id='word_1_169' title='bbox 429 2508 746 2554; x_wconf 90' lang='lat' dir='ltr'><strong>errorem.</strong></span> <span class='ocrx_word' id='word_1_170' title='bbox 819 2488 1113 2556; x_wconf 78' lang='lat' dir='ltr'><strong>Tandem</strong></span> <span class='ocrx_word' id='word_1_171' title='bbox 1159 2510 1462 2556; x_wconf 83' lang='lat' dir='ltr'><strong>reversus</strong></span> <span class='ocrx_word' id='word_1_172' title='bbox 1497 2488 1580 2554; x_wconf 88' lang='lat' dir='ltr'><strong>ad</strong></span> <span class='ocrx_word' id='word_1_173' title='bbox 1614 2488 1933 2557; x_wconf 78' lang='lat' dir='ltr'><strong>vomitum</strong></span> <span class='ocrx_word' id='word_1_174' title='bbox 1969 2508 2160 2572; x_wconf 87' lang='lat' dir='ltr'><strong>spar-</strong></span> 
     </span>
     <span class='ocr_line' id='line_1_25' title="bbox 207 2572 2161 2659; baseline 0.001 -22"><span class='ocrx_word' id='word_1_175' title='bbox 207 2574 287 2637; x_wconf 85' lang='lat' dir='ltr'><strong>sit</strong></span> <span class='ocrx_word' id='word_1_176' title='bbox 325 2572 625 2639; x_wconf 85' lang='lat' dir='ltr'><strong>libellnm</strong></span> <span class='ocrx_word' id='word_1_177' title='bbox 668 2575 1009 2652; x_wconf 86' lang='lat' dir='ltr'><strong>famosum,</strong></span> <span class='ocrx_word' id='word_1_178' title='bbox 1054 2574 1336 2640; x_wconf 87' lang='lat' dir='ltr'><strong>similem</strong></span> <span class='ocrx_word' id='word_1_179' title='bbox 1383 2574 1482 2659; x_wconf 90' lang='lat' dir='ltr'><strong>(et</strong></span> <span class='ocrx_word' id='word_1_180' title='bbox 1525 2575 1914 2658; x_wconf 83' lang='lat' dir='ltr'><strong>turpiorem)</strong></span> <span class='ocrx_word' id='word_1_181' title='bbox 1956 2573 2161 2658; x_wconf 84' lang='lat' dir='ltr'><strong>priori</strong></span> 
     </span>
     <span class='ocr_line' id='line_1_26' title="bbox 206 2657 2162 2743; baseline 0.002 -20"><span class='ocrx_word' id='word_1_182' title='bbox 206 2657 412 2724; x_wconf 87' lang='lat' dir='ltr'><strong>libello</strong></span> <span class='ocrx_word' id='word_1_183' title='bbox 464 2680 510 2725; x_wconf 85' lang='lat' dir='ltr'><strong>a</strong></span> <span class='ocrx_word' id='word_1_184' title='bbox 565 2680 639 2725; x_wconf 91' lang='lat' dir='ltr'><strong>se</strong></span> <span class='ocrx_word' id='word_1_185' title='bbox 697 2658 1086 2743; x_wconf 81' lang='lat' dir='ltr'><strong>subscriptO,</strong></span> <span class='ocrx_word' id='word_1_186' title='bbox 1145 2669 1214 2726; x_wconf 85' lang='lat' dir='ltr'><strong>et</strong></span> <span class='ocrx_word' id='word_1_187' title='bbox 1268 2662 1459 2727; x_wconf 87' lang='lat' dir='ltr'><strong>alteri</strong></span> <span class='ocrx_word' id='word_1_188' title='bbox 1513 2660 1735 2726; x_wconf 91' lang='lat' dir='ltr'><strong>libello</strong></span> <span class='ocrx_word' id='word_1_189' title='bbox 1779 2681 1821 2726; x_wconf 89' lang='lat' dir='ltr'><strong>a</strong></span> <span class='ocrx_word' id='word_1_190' title='bbox 1866 2659 2162 2726; x_wconf 74' lang='lat' dir='ltr'><strong>Samicio</strong></span> 
     </span>
     <span class='ocr_line' id='line_1_27' title="bbox 206 2744 2158 2830; baseline 0.001 -23"><span class='ocrx_word' id='word_1_191' title='bbox 206 2744 425 2810; x_wconf 91' lang='lat' dir='ltr'><strong>relicto</strong></span> <span class='ocrx_word' id='word_1_192' title='bbox 471 2745 858 2824; x_wconf 88' lang='lat' dir='ltr'><strong>senioribus,</strong></span> <span class='ocrx_word' id='word_1_193' title='bbox 925 2747 1068 2830; x_wconf 91' lang='lat' dir='ltr'><strong>(qui</strong></span> <span class='ocrx_word' id='word_1_194' title='bbox 1113 2746 1315 2812; x_wconf 89' lang='lat' dir='ltr'><strong>libelli</strong></span> <span class='ocrx_word' id='word_1_195' title='bbox 1359 2755 1516 2812; x_wconf 90' lang='lat' dir='ltr'><strong>sunt</strong></span> <span class='ocrx_word' id='word_1_196' title='bbox 1558 2744 1732 2829; x_wconf 89' lang='lat' dir='ltr'><strong>apud</strong></span> <span class='ocrx_word' id='word_1_197' title='bbox 1774 2752 1914 2823; x_wconf 89' lang='lat' dir='ltr'><strong>me)</strong></span> <span class='ocrx_word' id='word_1_198' title='bbox 1956 2765 2158 2828; x_wconf 89' lang='lat' dir='ltr'><strong>quum</strong></span> 
     </span>
     <span class='ocr_line' id='line_1_28' title="bbox 204 2830 2160 2915; baseline 0.001 -20"><span class='ocrx_word' id='word_1_199' title='bbox 204 2830 716 2913; x_wconf 86' lang='lat' dir='ltr'><strong>proficisceretur</strong></span> <span class='ocrx_word' id='word_1_200' title='bbox 770 2831 843 2896; x_wconf 88' lang='lat' dir='ltr'><strong>in</strong></span> <span class='ocrx_word' id='word_1_201' title='bbox 894 2830 1177 2898; x_wconf 89' lang='lat' dir='ltr'><strong>Italiam.</strong></span> <span class='ocrx_word' id='word_1_202' title='bbox 1269 2832 1461 2915; x_wconf 86' lang='lat' dir='ltr'><strong>Rogo</strong></span> <span class='ocrx_word' id='word_1_203' title='bbox 1511 2832 1754 2898; x_wconf 86' lang='lat' dir='ltr'><strong>iterum</strong></span> <span class='ocrx_word' id='word_1_204' title='bbox 1797 2839 1995 2913; x_wconf 89' lang='lat' dir='ltr'><strong>atque</strong></span> <span class='ocrx_word' id='word_1_205' title='bbox 2036 2830 2160 2896; x_wconf 93' lang='lat' dir='ltr'><strong>ite-</strong></span> 
     </span>
     <span class='ocr_line' id='line_1_29' title="bbox 204 2916 2161 3002; baseline 0.001 -21"><span class='ocrx_word' id='word_1_206' title='bbox 204 2937 345 2981; x_wconf 89' lang='lat' dir='ltr'><strong>rum</strong></span> <span class='ocrx_word' id='word_1_207' title='bbox 399 2925 479 2981; x_wconf 90' lang='lat' dir='ltr'><strong>ut</strong></span> <span class='ocrx_word' id='word_1_208' title='bbox 533 2917 776 2983; x_wconf 85' lang='lat' dir='ltr'><strong>efficias</strong></span> <span class='ocrx_word' id='word_1_209' title='bbox 817 2918 986 3000; x_wconf 92' lang='lat' dir='ltr'><strong>quod</strong></span> <span class='ocrx_word' id='word_1_210' title='bbox 1031 2916 1117 2983; x_wconf 93' lang='lat' dir='ltr'><strong>D.</strong></span> <span class='ocrx_word' id='word_1_211' title='bbox 1168 2917 1475 2985; x_wconf 73' lang='lat' dir='ltr'><strong>Calvinus</strong></span> <span class='ocrx_word' id='word_1_212' title='bbox 1523 2917 1646 2984; x_wconf 88' lang='lat' dir='ltr'><strong>has</strong></span> <span class='ocrx_word' id='word_1_213' title='bbox 1687 2918 1884 3002; x_wconf 86' lang='lat' dir='ltr'><strong>legat.</strong></span> <span class='ocrx_word' id='word_1_214' title='bbox 1963 2916 2161 2982; x_wconf 85' lang='lat' dir='ltr'><strong>Mitte</strong></span> 
     </span>
     <span class='ocr_line' id='line_1_30' title="bbox 205 3000 2160 3085; baseline -0.001 -16"><span class='ocrx_word' id='word_1_215' title='bbox 205 3021 309 3069; x_wconf 79' lang='lat' dir='ltr'><strong>eas</strong></span> <span class='ocrx_word' id='word_1_216' title='bbox 362 3003 430 3068; x_wconf 93' lang='lat' dir='ltr'><strong>in</strong></span> <span class='ocrx_word' id='word_1_217' title='bbox 498 3023 731 3070; x_wconf 87' lang='lat' dir='ltr'><strong>manus</strong></span> <span class='ocrx_word' id='word_1_218' title='bbox 774 3000 861 3069; x_wconf 91' lang='lat' dir='ltr'><strong>D.</strong></span> <span class='ocrx_word' id='word_1_219' title='bbox 920 3002 1256 3070; x_wconf 85' lang='lat' dir='ltr'><strong>Francisci</strong></span> <span class='ocrx_word' id='word_1_220' title='bbox 1320 3002 1611 3085; x_wconf 76' lang='lat' dir='ltr'><strong>Pontam&#39;,</strong></span> <span class='ocrx_word' id='word_1_221' title='bbox 1666 3004 1724 3069; x_wconf 91' lang='lat' dir='ltr'><strong>si</strong></span> <span class='ocrx_word' id='word_1_222' title='bbox 1778 3013 1880 3070; x_wconf 86' lang='lat' dir='ltr'><strong>est</strong></span> <span class='ocrx_word' id='word_1_223' title='bbox 1935 3001 2160 3069; x_wconf 83' lang='lat' dir='ltr'><strong>Gene-</strong></span> 
     </span>
     <span class='ocr_line' id='line_1_31' title="bbox 204 3087 2156 3172; baseline -0.001 -19"><span class='ocrx_word' id='word_1_224' title='bbox 204 3108 343 3153; x_wconf 78' lang='lat' dir='ltr'><strong>vse:</strong></span> <span class='ocrx_word' id='word_1_225' title='bbox 410 3091 470 3154; x_wconf 91' lang='lat' dir='ltr'><strong>si</strong></span> <span class='ocrx_word' id='word_1_226' title='bbox 534 3089 738 3166; x_wconf 88' lang='lat' dir='ltr'><strong>abest,</strong></span> <span class='ocrx_word' id='word_1_227' title='bbox 793 3090 865 3153; x_wconf 90' lang='lat' dir='ltr'><strong>in</strong></span> <span class='ocrx_word' id='word_1_228' title='bbox 918 3110 1155 3155; x_wconf 88' lang='lat' dir='ltr'><strong>manus</strong></span> <span class='ocrx_word' id='word_1_229' title='bbox 1213 3089 1487 3156; x_wconf 91' lang='lat' dir='ltr'><strong>alicuius</strong></span> <span class='ocrx_word' id='word_1_230' title='bbox 1541 3089 1654 3172; x_wconf 87' lang='lat' dir='ltr'><strong>qui</strong></span> <span class='ocrx_word' id='word_1_231' title='bbox 1707 3087 2014 3156; x_wconf 84' lang='lat' dir='ltr'><strong>ostendat</strong></span> <span class='ocrx_word' id='word_1_232' title='bbox 2068 3088 2156 3153; x_wconf 93' lang='lat' dir='ltr'><strong>D.</strong></span> 
     </span>
     <span class='ocr_line' id='line_1_32' title="bbox 206 3172 2159 3258; baseline 0 -19"><span class='ocrx_word' id='word_1_233' title='bbox 206 3172 477 3242; x_wconf 76' lang='lat' dir='ltr'><strong>Calvino.</strong></span> <span class='ocrx_word' id='word_1_234' title='bbox 568 3172 739 3239; x_wconf 86' lang='lat' dir='ltr'><strong>Vale</strong></span> <span class='ocrx_word' id='word_1_235' title='bbox 781 3186 849 3240; x_wconf 90' lang='lat' dir='ltr'><strong>et</strong></span> <span class='ocrx_word' id='word_1_236' title='bbox 889 3174 1111 3241; x_wconf 90' lang='lat' dir='ltr'><strong>saluta</strong></span> <span class='ocrx_word' id='word_1_237' title='bbox 1152 3186 1534 3241; x_wconf 83' lang='lat' dir='ltr'><strong>reverenter</strong></span> <span class='ocrx_word' id='word_1_238' title='bbox 1574 3174 1663 3240; x_wconf 92' lang='lat' dir='ltr'><strong>D.</strong></span> <span class='ocrx_word' id='word_1_239' title='bbox 1709 3174 2159 3258; x_wconf 73' lang='lat' dir='ltr'><strong>Bullinyerum</strong></span> 
     </span>
     <span class='ocr_line' id='line_1_33' title="bbox 201 3258 2160 3345; baseline 0.001 -21"><span class='ocrx_word' id='word_1_240' title='bbox 201 3270 264 3324; x_wconf 84' lang='lat' dir='ltr'><strong>et</strong></span> <span class='ocrx_word' id='word_1_241' title='bbox 303 3259 387 3325; x_wconf 90' lang='lat' dir='ltr'><strong>D.</strong></span> <span class='ocrx_word' id='word_1_242' title='bbox 442 3259 754 3328; x_wconf 64' lang='lat' dir='ltr'><strong>Ochinum</strong></span> <span class='ocrx_word' id='word_1_243' title='bbox 796 3270 860 3326; x_wconf 81' lang='lat' dir='ltr'><strong>et</strong></span> <span class='ocrx_word' id='word_1_244' title='bbox 926 3260 1211 3344; x_wconf 88' lang='lat' dir='ltr'><strong>reliquos</strong></span> <span class='ocrx_word' id='word_1_245' title='bbox 1254 3260 1493 3327; x_wconf 73' lang='lat' dir='ltr'><strong>tratres</strong></span> <span class='ocrx_word' id='word_1_246' title='bbox 1527 3260 1883 3345; x_wconf 76' lang='lat' dir='ltr'><strong>Tigurinos</strong></span> <span class='ocrx_word' id='word_1_247' title='bbox 1926 3270 1994 3324; x_wconf 89' lang='lat' dir='ltr'><strong>et</strong></span> <span class='ocrx_word' id='word_1_248' title='bbox 2026 3258 2160 3325; x_wconf 89' lang='lat' dir='ltr'><strong>Ita-</strong></span> 
     </span>
     <span class='ocr_line' id='line_1_34' title="bbox 202 3343 1913 3430; baseline 0 -19"><span class='ocrx_word' id='word_1_249' title='bbox 202 3343 310 3411; x_wconf 88' lang='lat' dir='ltr'><strong>los.</strong></span> <span class='ocrx_word' id='word_1_250' title='bbox 396 3346 511 3413; x_wconf 78' lang='lat' dir='ltr'><strong>Ex</strong></span> <span class='ocrx_word' id='word_1_251' title='bbox 552 3345 767 3430; x_wconf 87' lang='lat' dir='ltr'><strong>Regio</strong></span> <span class='ocrx_word' id='word_1_252' title='bbox 807 3355 1028 3412; x_wconf 88' lang='lat' dir='ltr'><strong>monte</strong></span> <span class='ocrx_word' id='word_1_253' title='bbox 1065 3352 1165 3412; x_wconf 85' lang='lat'><strong>23.</strong></span> <span class='ocrx_word' id='word_1_254' title='bbox 1211 3345 1607 3412; x_wconf 84' lang='lat' dir='ltr'><strong>Novembris</strong></span> <span class='ocrx_word' id='word_1_255' title='bbox 1653 3347 1913 3425; x_wconf 77' lang='lat'><strong>1563.⁹)</strong></span> 
     </span>
    </p>
   </div>
   <div class='ocr_carea' id='block_1_3' title="bbox 993 3481 1980 3567">
    <p class='ocr_par' dir='ltr' id='par_1_4' title="bbox 993 3481 1980 3567">
     <span class='ocr_line' id='line_1_35' title="bbox 993 3481 1980 3567; baseline -0.003 -19"><span class='ocrx_word' id='word_1_256' title='bbox 993 3483 1179 3548; x_wconf 77' lang='lat' dir='ltr'><strong>Tuus</strong></span> <span class='ocrx_word' id='word_1_257' title='bbox 1221 3482 1462 3549; x_wconf 80' lang='lat' dir='ltr'><strong>Franc.</strong></span> <span class='ocrx_word' id='word_1_258' title='bbox 1508 3481 1980 3567; x_wconf 81' lang='lat' dir='ltr'><strong>Lysmaninus.</strong></span> 
     </span>
    </p>
   </div>
   <div class='ocr_carea' id='block_1_4' title="bbox 224 3572 599 3581">
    <p class='ocr_par' dir='ltr' id='par_1_5' title="bbox 224 3572 599 3581">
     <span class='ocr_line' id='line_1_36' title="bbox 224 3572 599 3581; baseline 0 2544"><span class='ocrx_word' id='word_1_259' title='bbox 224 3572 599 3581; x_wconf 95' lang='lat' dir='ltr'><strong> </strong></span> 
     </span>
    </p>
   </div>
   <div class='ocr_carea' id='block_1_5' title="bbox 196 3687 2164 4982">
    <p class='ocr_par' dir='ltr' id='par_1_6' title="bbox 398 3687 1789 3757">
     <span class='ocr_line' id='line_1_37' title="bbox 398 3687 1789 3757; baseline 0.001 -16"><span class='ocrx_word' id='word_1_260' title='bbox 398 3687 462 3757; x_wconf 82' lang='grc'><strong>6)</strong></span> <span class='ocrx_word' id='word_1_261' title='bbox 500 3687 598 3742; x_wconf 80' lang='lat' dir='ltr'><strong>Fr.</strong></span> <span class='ocrx_word' id='word_1_262' title='bbox 637 3688 713 3742; x_wconf 73' lang='grc' dir='ltr'><strong>ἀοι</strong></span> <span class='ocrx_word' id='word_1_263' title='bbox 750 3687 896 3743; x_wconf 75' lang='lat' dir='ltr'><strong>Pone</strong></span> <span class='ocrx_word' id='word_1_264' title='bbox 930 3687 1247 3743; x_wconf 73' lang='lat' dir='ltr'><strong>Bom’vardi</strong></span> <span class='ocrx_word' id='word_1_265' title='bbox 1275 3687 1506 3743; x_wconf 65' lang='lat' dir='ltr'><strong>viduam</strong></span> <span class='ocrx_word' id='word_1_266' title='bbox 1541 3687 1789 3743; x_wconf 66' lang='lat' dir='ltr'><strong>duxerat</strong></span> 
     </span>
    </p>

    <p class='ocr_par' dir='ltr' id='par_1_7' title="bbox 196 3755 2157 3949">
     <span class='ocr_line' id='line_1_38' title="bbox 397 3755 992 3821; baseline 0 -11"><span class='ocrx_word' id='word_1_267' title='bbox 397 3755 461 3821; x_wconf 79' lang='lat'><strong>7)</strong></span> <span class='ocrx_word' id='word_1_268' title='bbox 500 3755 718 3812; x_wconf 75' lang='lat' dir='ltr'><strong>Nomen</strong></span> <span class='ocrx_word' id='word_1_269' title='bbox 751 3756 992 3813; x_wconf 72' lang='lat' dir='ltr'><strong>dubiam.</strong></span> 
     </span>
     <span class='ocr_line' id='line_1_39' title="bbox 232 3821 2157 3949; baseline -0.001 -70"><span class='ocrx_word' id='word_1_270' title='bbox 232 3894 243 3906; x_wconf 37' lang='lat'>⁸</span> <span class='ocrx_word' id='word_1_271' title='bbox 398 3824 460 3891; x_wconf 87' lang='grc'><strong>8)</strong></span> <span class='ocrx_word' id='word_1_272' title='bbox 495 3824 717 3949; x_wconf 39' lang='lat' dir='ltr'><strong>‘quw</strong></span> <span class='ocrx_word' id='word_1_273' title='bbox 730 3842 893 3947; x_wconf 53' lang='lat' dir='ltr'><strong>rggo:</strong></span> <span class='ocrx_word' id='word_1_274' title='bbox 941 3826 1031 3880; x_wconf 75' lang='lat' dir='ltr'><strong>hic</strong></span> <span class='ocrx_word' id='word_1_275' title='bbox 1062 3825 1312 3881; x_wconf 69' lang='lat' dir='ltr'><strong>subsistit</strong></span> <span class='ocrx_word' id='word_1_276' title='bbox 1350 3827 1532 3880; x_wconf 69' lang='lat' dir='ltr'><strong>textus</strong></span> <span class='ocrx_word' id='word_1_277' title='bbox 1577 3824 1639 3878; x_wconf 75' lang='lat' dir='ltr'><strong>in</strong></span> <span class='ocrx_word' id='word_1_278' title='bbox 1677 3822 1808 3879; x_wconf 77' lang='lat' dir='ltr'><strong>cod.</strong></span> <span class='ocrx_word' id='word_1_279' title='bbox 1842 3821 1914 3877; x_wconf 80' lang='lat'><strong>43</strong></span> <span class='ocrx_word' id='word_1_280' title='bbox 1947 3829 1998 3878; x_wconf 78' lang='lat' dir='ltr'><strong>ee</strong></span> <span class='ocrx_word' id='word_1_281' title='bbox 2029 3838 2157 3880; x_wconf 78' lang='lat' dir='ltr'><strong>con·</strong></span> 
     </span>
     <span class='ocr_line' id='line_1_40' title="bbox 196 3898 837 3949; baseline -0.002 -2"><span class='ocrx_word' id='word_1_282' title='bbox 196 3898 448 3949; x_wconf 60' lang='lat' dir='ltr'><strong>maur</strong></span> <span class='ocrx_word' id='word_1_283' title='bbox 480 3911 545 3948; x_wconf 67' lang='grc' dir='ltr'><strong>σοι</strong></span> <span class='ocrx_word' id='word_1_284' title='bbox 824 3932 837 3946; x_wconf 93' lang='grc'><strong>.</strong></span> 
     </span>
    </p>

    <p class='ocr_par' dir='ltr' id='par_1_8' title="bbox 199 3960 2162 4581">
     <span class='ocr_line' id='line_1_41' title="bbox 398 3960 2159 4032; baseline -0.001 -15"><span class='ocrx_word' id='word_1_285' title='bbox 398 3960 2159 4032; x_wconf 63' lang='grc' dir='ltr'>9)Ουυσια1ιίπια1άσηιαπόσιίΐοιαωίπωὸεπσοορηᾱα</span> 
     </span>
     <span class='ocr_line' id='line_1_42' title="bbox 200 4029 2156 4102; baseline -0.002 -18"><span class='ocrx_word' id='word_1_286' title='bbox 200 4034 313 4086; x_wconf 70' lang='lat' dir='ltr'><strong>eine</strong></span> <span class='ocrx_word' id='word_1_287' title='bbox 344 4033 480 4087; x_wconf 66' lang='lat' dir='ltr'><strong>haec</strong></span> <span class='ocrx_word' id='word_1_288' title='bbox 504 4031 737 4101; x_wconf 65' lang='lat' dir='ltr'><strong>epistola</strong></span> <span class='ocrx_word' id='word_1_289' title='bbox 762 4034 1114 4102; x_wconf 71' lang='lat' dir='ltr'><strong>aliquatenus</strong></span> <span class='ocrx_word' id='word_1_290' title='bbox 1135 4032 1394 4086; x_wconf 64' lang='lat' dir='ltr'><strong>heman</strong></span> <span class='ocrx_word' id='word_1_291' title='bbox 1415 4031 1630 4101; x_wconf 73' lang='lat' dir='ltr'><strong>explere</strong></span> <span class='ocrx_word' id='word_1_292' title='bbox 1660 4033 1878 4101; x_wconf 70' lang='lat' dir='ltr'><strong>poterit.</strong></span> <span class='ocrx_word' id='word_1_293' title='bbox 1922 4029 2156 4085; x_wconf 63' lang='lat' dir='ltr'><strong>Lumen.</strong></span> 
     </span>
     <span class='ocr_line' id='line_1_43' title="bbox 203 4098 2158 4167; baseline -0.001 -15"><span class='ocrx_word' id='word_1_294' title='bbox 203 4098 329 4153; x_wconf 76' lang='lat'><strong>168.-</strong></span> <span class='ocrx_word' id='word_1_295' title='bbox 385 4102 564 4167; x_wconf 88' lang='lat' dir='ltr'><strong>Quum</strong></span> <span class='ocrx_word' id='word_1_296' title='bbox 617 4100 753 4154; x_wconf 87' lang='lat' dir='ltr'><strong>illud</strong></span> <span class='ocrx_word' id='word_1_297' title='bbox 800 4102 1094 4155; x_wconf 80' lang='lat' dir='ltr'><strong>cxcitatum</strong></span> <span class='ocrx_word' id='word_1_298' title='bbox 1143 4100 1449 4156; x_wconf 71' lang='lat' dir='ltr'><strong>discordiae</strong></span> <span class='ocrx_word' id='word_1_299' title='bbox 1494 4119 1529 4153; x_wconf 88' lang='lat' dir='ltr'><strong>a</strong></span> <span class='ocrx_word' id='word_1_300' title='bbox 1561 4099 1805 4154; x_wconf 85' lang='lat' dir='ltr'><strong>Sarnicio</strong></span> <span class='ocrx_word' id='word_1_301' title='bbox 1846 4098 2158 4154; x_wconf 86' lang='lat' dir='ltr'><strong>incendium</strong></span> 
     </span>
     <span class='ocr_line' id='line_1_44' title="bbox 203 4167 2162 4239; baseline 0 -18"><span class='ocrx_word' id='word_1_302' title='bbox 203 4178 455 4239; x_wconf 74' lang='lat' dir='ltr'><strong>surgeret</strong></span> <span class='ocrx_word' id='word_1_303' title='bbox 490 4179 546 4224; x_wconf 83' lang='lat' dir='ltr'><strong>et</strong></span> <span class='ocrx_word' id='word_1_304' title='bbox 580 4169 745 4223; x_wconf 86' lang='lat' dir='ltr'><strong>latius</strong></span> <span class='ocrx_word' id='word_1_305' title='bbox 792 4169 965 4225; x_wconf 87' lang='lat' dir='ltr'><strong>indies</strong></span> <span class='ocrx_word' id='word_1_306' title='bbox 1011 4178 1275 4239; x_wconf 78' lang='lat' dir='ltr'><strong>serperet,</strong></span> <span class='ocrx_word' id='word_1_307' title='bbox 1322 4170 1665 4223; x_wconf 82' lang='lat' dir='ltr'><strong>Lismaninus</strong></span> <span class='ocrx_word' id='word_1_308' title='bbox 1700 4168 1883 4222; x_wconf 84' lang='lat' dir='ltr'><strong>studia</strong></span> <span class='ocrx_word' id='word_1_309' title='bbox 1917 4167 2162 4221; x_wconf 83' lang='lat' dir='ltr'><strong>redinte-</strong></span> 
     </span>
     <span class='ocr_line' id='line_1_45' title="bbox 201 4235 2157 4308; baseline -0.002 -16"><span class='ocrx_word' id='word_1_310' title='bbox 201 4239 444 4307; x_wconf 72' lang='lat' dir='ltr'><strong>grandae</strong></span> <span class='ocrx_word' id='word_1_311' title='bbox 479 4239 802 4293; x_wconf 86' lang='lat' dir='ltr'><strong>concordiae</strong></span> <span class='ocrx_word' id='word_1_312' title='bbox 837 4254 1139 4293; x_wconf 82' lang='lat' dir='ltr'><strong>resumere:</strong></span> <span class='ocrx_word' id='word_1_313' title='bbox 1178 4244 1414 4308; x_wconf 84' lang='lat' dir='ltr'><strong>quatuor</strong></span> <span class='ocrx_word' id='word_1_314' title='bbox 1440 4239 1657 4291; x_wconf 86' lang='lat' dir='ltr'><strong>illorum</strong></span> <span class='ocrx_word' id='word_1_315' title='bbox 1692 4238 1953 4292; x_wconf 80' lang='lat' dir='ltr'><strong>ecclesiae</strong></span> <span class='ocrx_word' id='word_1_316' title='bbox 1974 4235 2157 4305; x_wconf 76' lang='lat' dir='ltr'><strong>quarti</strong></span> 
     </span>
     <span class='ocr_line' id='line_1_46' title="bbox 201 4305 2157 4389; baseline -0.001 -29"><span class='ocrx_word' id='word_1_317' title='bbox 201 4309 403 4389; x_wconf 63' lang='lat' dir='ltr'><strong>“oculi</strong></span> <span class='ocrx_word' id='word_1_318' title='bbox 438 4308 739 4389; x_wconf 72' lang='lat' dir='ltr'><strong>doctorum,</strong></span> <span class='ocrx_word' id='word_1_319' title='bbox 772 4307 1086 4389; x_wconf 41' lang='lat' dir='ltr'><strong>Ambrosii„</strong></span> <span class='ocrx_word' id='word_1_320' title='bbox 1102 4306 1446 4389; x_wconf 56' lang='lat' dir='ltr'><strong>Hieronymi,</strong></span> <span class='ocrx_word' id='word_1_321' title='bbox 1479 4307 1778 4388; x_wconf 39' lang='lat' dir='ltr'><strong>§agustini</strong></span> <span class='ocrx_word' id='word_1_322' title='bbox 1807 4314 1868 4387; x_wconf 72' lang='lat' dir='ltr'><strong>et</strong></span> <span class='ocrx_word' id='word_1_323' title='bbox 1898 4305 2157 4387; x_wconf 64' lang='lat' dir='ltr'><strong>Clarysos·</strong></span> 
     </span>
     <span class='ocr_line' id='line_1_47' title="bbox 202 4374 2161 4524; baseline -0.001 -26"><span class='ocrx_word' id='word_1_324' title='bbox 202 4374 2161 4524; x_wconf 50' lang='lat' dir='ltr'><strong>fgffl‘ssssxssffi.Jfflzwffissssxssffmtssfflsszzffi</strong></span> 
     </span>
     <span class='ocr_line' id='line_1_48' title="bbox 199 4511 2158 4581; baseline -0.001 -13"><span class='ocrx_word' id='word_1_325' title='bbox 199 4514 225 4581; x_wconf 91' lang='lat'>(</span> <span class='ocrx_word' id='word_1_326' title='bbox 280 4552 294 4568; x_wconf 94' lang='lat'><strong>.</strong></span> <span class='ocrx_word' id='word_1_327' title='bbox 333 4512 495 4569; x_wconf 66' lang='lat' dir='ltr'><strong>&amp;aad</strong></span> <span class='ocrx_word' id='word_1_328' title='bbox 526 4512 598 4568; x_wconf 76' lang='lat'><strong>35</strong></span> <span class='ocrx_word' id='word_1_329' title='bbox 708 4513 818 4569; x_wconf 80' lang='lat' dir='ltr'><strong>sed</strong></span> <span class='ocrx_word' id='word_1_330' title='bbox 851 4514 985 4567; x_wconf 83' lang='lat' dir='ltr'><strong>illud</strong></span> <span class='ocrx_word' id='word_1_331' title='bbox 1021 4514 1305 4568; x_wconf 82' lang='lat' dir='ltr'><strong>consilium</strong></span> <span class='ocrx_word' id='word_1_332' title='bbox 1341 4522 1399 4569; x_wconf 92' lang='lat' dir='ltr'><strong>et</strong></span> <span class='ocrx_word' id='word_1_333' title='bbox 1431 4513 1671 4567; x_wconf 86' lang='lat' dir='ltr'><strong>studium</strong></span> <span class='ocrx_word' id='word_1_334' title='bbox 1706 4530 1906 4567; x_wconf 77' lang='lat' dir='ltr'><strong>vanum</strong></span> <span class='ocrx_word' id='word_1_335' title='bbox 1940 4511 2063 4567; x_wconf 74' lang='lat' dir='ltr'><strong>fuit.</strong></span> <span class='ocrx_word' id='word_1_336' title='bbox 2092 4537 2158 4548; x_wconf 93' lang='lat'>—</span> 
     </span>
    </p>

    <p class='ocr_par' dir='ltr' id='par_1_9' title="bbox 202 4581 2164 4982">
     <span class='ocr_line' id='line_1_49' title="bbox 396 4581 2158 4652; baseline -0.002 -15"><span class='ocrx_word' id='word_1_337' title='bbox 396 4584 435 4637; x_wconf 80' lang='lat'><strong>1.</strong></span> <span class='ocrx_word' id='word_1_338' title='bbox 473 4584 507 4636; x_wconf 70' lang='lat' dir='ltr'><em>L</em></span> <span class='ocrx_word' id='word_1_339' title='bbox 521 4602 539 4636; x_wconf 90' lang='lat'><strong>.·</strong></span> <span class='ocrx_word' id='word_1_340' title='bbox 712 4583 954 4649; x_wconf 83' lang='lat' dir='ltr'><strong>’omonti‚</strong></span> <span class='ocrx_word' id='word_1_341' title='bbox 1007 4583 1104 4636; x_wconf 88' lang='lat' dir='ltr'><strong>ubi</strong></span> <span class='ocrx_word' id='word_1_342' title='bbox 1148 4583 1295 4652; x_wconf 76' lang='lat' dir='ltr'><strong>apud</strong></span> <span class='ocrx_word' id='word_1_343' title='bbox 1346 4583 1538 4637; x_wconf 86' lang='lat' dir='ltr'><strong>ducem</strong></span> <span class='ocrx_word' id='word_1_344' title='bbox 1574 4583 1863 4637; x_wconf 80' lang='lat' dir='ltr'><strong>Bornssiae</strong></span> <span class='ocrx_word' id='word_1_345' title='bbox 1907 4581 2158 4650; x_wconf 76' lang='lat' dir='ltr'><strong>degebat,</strong></span> 
     </span>
     <span class='ocr_line' id='line_1_50' title="bbox 202 4648 2164 4722; baseline -0.001 -18"><span class='ocrx_word' id='word_1_346' title='bbox 202 4649 551 4706; x_wconf 67' lang='lat' dir='ltr'><strong>Humaninus</strong></span> <span class='ocrx_word' id='word_1_347' title='bbox 584 4653 645 4705; x_wconf 86' lang='lat' dir='ltr'><strong>in</strong></span> <span class='ocrx_word' id='word_1_348' title='bbox 718 4652 973 4706; x_wconf 83' lang='lat' dir='ltr'><strong>hrenesin</strong></span> <span class='ocrx_word' id='word_1_349' title='bbox 1007 4651 1195 4722; x_wconf 86' lang='lat' dir='ltr'><strong>lapsus</strong></span> <span class='ocrx_word' id='word_1_350' title='bbox 1231 4652 1343 4718; x_wconf 85' lang='lat' dir='ltr'><strong>(cui</strong></span> <span class='ocrx_word' id='word_1_351' title='bbox 1368 4670 1402 4706; x_wconf 86' lang='lat' dir='ltr'><strong>a</strong></span> <span class='ocrx_word' id='word_1_352' title='bbox 1422 4652 1705 4705; x_wconf 79' lang='lat' dir='ltr'><strong>iuventute</strong></span> <span class='ocrx_word' id='word_1_353' title='bbox 1726 4650 1996 4707; x_wconf 85' lang='lat' dir='ltr'><strong>obnoxius</strong></span> <span class='ocrx_word' id='word_1_354' title='bbox 2017 4648 2164 4716; x_wconf 78' lang='lat' dir='ltr'><strong>erat)</strong></span> 
     </span>
     <span class='ocr_line' id='line_1_51' title="bbox 205 4718 2163 4791; baseline 0.001 -20"><span class='ocrx_word' id='word_1_355' title='bbox 205 4720 261 4771; x_wconf 89' lang='lat' dir='ltr'><strong>in</strong></span> <span class='ocrx_word' id='word_1_356' title='bbox 296 4727 523 4790; x_wconf 73' lang='lat' dir='ltr'><strong>putenm</strong></span> <span class='ocrx_word' id='word_1_357' title='bbox 568 4721 776 4775; x_wconf 69' lang='lat' dir='ltr'><strong>decidit</strong></span> <span class='ocrx_word' id='word_1_358' title='bbox 820 4726 988 4791; x_wconf 82' lang='lat' dir='ltr'><strong>atque</strong></span> <span class='ocrx_word' id='word_1_359' title='bbox 1035 4720 1117 4774; x_wconf 78' lang='lat' dir='ltr'><strong>ita</strong></span> <span class='ocrx_word' id='word_1_360' title='bbox 1149 4721 1461 4775; x_wconf 81' lang='lat' dir='ltr'><strong>submersus</strong></span> <span class='ocrx_word' id='word_1_361' title='bbox 1498 4728 1601 4787; x_wconf 83' lang='lat' dir='ltr'><strong>est,</strong></span> <span class='ocrx_word' id='word_1_362' title='bbox 1633 4736 1683 4774; x_wconf 89' lang='lat' dir='ltr'><strong>c.</strong></span> <span class='ocrx_word' id='word_1_363' title='bbox 1720 4737 1921 4773; x_wconf 81' lang='lat' dir='ltr'><strong>annum</strong></span> <span class='ocrx_word' id='word_1_364' title='bbox 1954 4724 2019 4772; x_wconf 85' lang='grc' dir='ltr'><strong>ιιι</strong></span> <span class='ocrx_word' id='word_1_365' title='bbox 2051 4718 2163 4772; x_wconf 90' lang='lat' dir='ltr'><strong>col-</strong></span> 
     </span>
     <span class='ocr_line' id='line_1_52' title="bbox 204 4786 2161 4845; baseline -0.001 -4"><span class='ocrx_word' id='word_1_366' title='bbox 204 4787 242 4841; x_wconf 91' lang='lat' dir='ltr'><strong>li</strong></span> <span class='ocrx_word' id='word_1_367' title='bbox 350 4787 503 4843; x_wconf 78' lang='lat'><strong>1563.</strong></span> <span class='ocrx_word' id='word_1_368' title='bbox 575 4789 872 4845; x_wconf 72' lang='lat' dir='ltr'><strong>Budninius</strong></span> <span class='ocrx_word' id='word_1_369' title='bbox 907 4806 953 4842; x_wconf 85' lang='lat' dir='ltr'><strong>c.</strong></span> <span class='ocrx_word' id='word_1_370' title='bbox 986 4786 1058 4842; x_wconf 79' lang='lat'><strong>26</strong></span> <span class='ocrx_word' id='word_1_371' title='bbox 1091 4788 1236 4843; x_wconf 87' lang='lat' dir='ltr'><strong>hunc</strong></span> <span class='ocrx_word' id='word_1_372' title='bbox 1269 4806 1453 4843; x_wconf 76' lang='lat' dir='ltr'><strong>casum</strong></span> <span class='ocrx_word' id='word_1_373' title='bbox 1487 4806 1717 4843; x_wconf 79' lang='lat' dir='ltr'><strong>narrans</strong></span> <span class='ocrx_word' id='word_1_374' title='bbox 1751 4788 1885 4844; x_wconf 88' lang='lat' dir='ltr'><strong>dicit</strong></span> <span class='ocrx_word' id='word_1_375' title='bbox 1927 4787 2161 4841; x_wconf 79' lang='lat' dir='ltr'><strong>relatum</strong></span> 
     </span>
     <span class='ocr_line' id='line_1_53' title="bbox 206 4805 2160 4982; baseline -0.002 -69"><span class='ocrx_word' id='word_1_376' title='bbox 206 4805 742 4982; x_wconf 55' lang='grc' dir='ltr'>ἳὲωωροίοιιῖοιοιιι</span> <span class='ocrx_word' id='word_1_377' title='bbox 778 4859 910 4925; x_wconf 87' lang='lat' dir='ltr'><strong>eius,</strong></span> <span class='ocrx_word' id='word_1_378' title='bbox 936 4873 1106 4981; x_wconf 45' lang='lat' dir='ltr'><strong>&amp;a</strong></span> <span class='ocrx_word' id='word_1_379' title='bbox 1124 4859 1233 4912; x_wconf 86' lang='lat' dir='ltr'><strong>iam</strong></span> <span class='ocrx_word' id='word_1_380' title='bbox 1256 4868 1419 4912; x_wconf 80' lang='lat' dir='ltr'><strong>antea</strong></span> <span class='ocrx_word' id='word_1_381' title='bbox 1440 4858 1710 4912; x_wconf 79' lang='lat' dir='ltr'><strong>adulterio</strong></span> <span class='ocrx_word' id='word_1_382' title='bbox 1739 4864 1992 4927; x_wconf 74' lang='lat' dir='ltr'><strong>suspecta</strong></span> <span class='ocrx_word' id='word_1_383' title='bbox 2026 4861 2160 4921; x_wconf 78' lang='lat' dir='ltr'><strong>erat,</strong></span> 
     </span>
    </p>

    <p class='ocr_par' dir='ltr' id='par_1_10' title="bbox 402 4944 1123 4982">
     <span class='ocr_line' id='line_1_54' title="bbox 402 4944 1123 4982; baseline -0.007 -1"><span class='ocrx_word' id='word_1_384' title='bbox 402 4944 454 4981; x_wconf 87' lang='grc' dir='ltr'><strong>ιιι</strong></span> <span class='ocrx_word' id='word_1_385' title='bbox 514 4945 562 4982; x_wconf 81' lang='lat' dir='ltr'><strong>n</strong></span> <span class='ocrx_word' id='word_1_386' title='bbox 588 4944 653 4982; x_wconf 79' lang='lat' dir='ltr'><strong>ns</strong></span> <span class='ocrx_word' id='word_1_387' title='bbox 685 4944 901 4982; x_wconf 69' lang='lat' dir='ltr'><strong>musam</strong></span> <span class='ocrx_word' id='word_1_388' title='bbox 1111 4964 1123 4976; x_wconf 94' lang='lat'><strong>.</strong></span> 
     </span>
    </p>
   </div>
   <div class='ocr_carea' id='block_1_6' title="bbox 1868 303 2537 395">
    <p class='ocr_par' dir='ltr' id='par_1_11' title="bbox 1868 303 2537 395">
     <span class='ocr_line' id='line_1_55' title="bbox 1868 303 2537 395; baseline -0.003 -3"><span class='ocrx_word' id='word_1_389' title='bbox 1868 303 2074 394; x_wconf 79' lang='lat'><strong>‘1563</strong></span> <span class='ocrx_word' id='word_1_390' title='bbox 2119 326 2537 395; x_wconf 74' lang='lat' dir='ltr'><strong>NOVEMB.</strong></span> 
     </span>
    </p>
   </div>
   <div class='ocr_carea' id='block_1_7' title="bbox 2211 518 2228 5286">
    <p class='ocr_par' dir='ltr' id='par_1_12' title="bbox 2211 518 2228 5286">
     <span class='ocr_line' id='line_1_56' title="bbox 2211 518 2228 5286; baseline 0 0"><span class='ocrx_word' id='word_1_391' title='bbox 2211 518 2228 5286; x_wconf 95' lang='lat' dir='ltr'><strong> </strong></span> 
     </span>
    </p>
   </div>
   <div class='ocr_carea' id='block_1_8' title="bbox 4113 331 4260 394">
    <p class='ocr_par' dir='ltr' id='par_1_13' title="bbox 4113 331 4260 394">
     <span class='ocr_line' id='line_1_57' title="bbox 4113 331 4260 394; baseline -0.02 0"><span class='ocrx_word' id='word_1_392' title='bbox 4113 331 4260 394; x_wconf 79' lang='lat'><strong>190·</strong></span> 
     </span>
    </p>
   </div>
   <div class='ocr_carea' id='block_1_9' title="bbox 2453 511 4059 736">
    <p class='ocr_par' dir='ltr' id='par_1_14' title="bbox 2453 511 4059 736">
     <span class='ocr_line' id='line_1_58' title="bbox 3152 511 3347 583; baseline -0.005 -1"><span class='ocrx_word' id='word_1_393' title='bbox 3152 511 3347 583; x_wconf 70' lang='lat'><strong>4⁰46.</strong></span> 
     </span>
     <span class='ocr_line' id='line_1_59' title="bbox 2453 665 4059 736; baseline 0 0"><span class='ocrx_word' id='word_1_394' title='bbox 2453 667 2983 736; x_wconf 73' lang='lat' dir='ltr'>OAS&#39;PELLIO</span> <span class='ocrx_word' id='word_1_395' title='bbox 3028 665 3436 735; x_wconf 71' lang='lat' dir='ltr'>SENA&#39;FUI</span> <span class='ocrx_word' id='word_1_396' title='bbox 3475 666 4059 736; x_wconf 75' lang='lat' dir='ltr'>BASILEENSL</span> 
     </span>
    </p>
   </div>
   <div class='ocr_carea' id='block_1_10' title="bbox 2444 838 4088 926">
    <p class='ocr_par' dir='ltr' id='par_1_15' title="bbox 2444 838 4088 926">
     <span class='ocr_line' id='line_1_60' title="bbox 2444 838 4088 926; baseline 0 -20"><span class='ocrx_word' id='word_1_397' title='bbox 2444 842 2761 926; x_wconf 72' lang='lat' dir='ltr'><strong>Apoloyia</strong></span> <span class='ocrx_word' id='word_1_398' title='bbox 2801 845 3016 907; x_wconf 65' lang='lat' dir='ltr'><strong>contra</strong></span> <span class='ocrx_word' id='word_1_399' title='bbox 3056 839 3415 906; x_wconf 66' lang='lat' dir='ltr'><strong>calumniae</strong></span> <span class='ocrx_word' id='word_1_400' title='bbox 3455 839 3670 906; x_wconf 64' lang='lat' dir='ltr'><strong>Besae</strong></span> <span class='ocrx_word' id='word_1_401' title='bbox 3711 845 3770 906; x_wconf 79' lang='lat' dir='ltr'><strong>st</strong></span> <span class='ocrx_word' id='word_1_402' title='bbox 3817 838 4088 908; x_wconf 67' lang='lat' dir='ltr'><strong>calvini.</strong></span> 
     </span>
    </p>
   </div>
   <div class='ocr_carea' id='block_1_11' title="bbox 2270 1009 4232 1150">
    <p class='ocr_par' dir='ltr' id='par_1_16' title="bbox 2270 1009 4232 1150">
     <span class='ocr_line' id='line_1_61' title="bbox 2270 1009 4232 1079; baseline 0.001 -13"><span class='ocrx_word' id='word_1_403' title='bbox 2270 1012 2382 1079; x_wconf 76' lang='lat' dir='ltr'><strong>(Ex</strong></span> <span class='ocrx_word' id='word_1_404' title='bbox 2416 1011 2671 1066; x_wconf 78' lang='lat' dir='ltr'><strong>Archivis</strong></span> <span class='ocrx_word' id='word_1_405' title='bbox 2705 1011 2892 1066; x_wconf 79' lang='lat' dir='ltr'><strong>civicis</strong></span> <span class='ocrx_word' id='word_1_406' title='bbox 2926 1011 3094 1067; x_wconf 72' lang='lat' dir='ltr'><strong>Basil.</strong></span> <span class='ocrx_word' id='word_1_407' title='bbox 3127 1010 3247 1066; x_wconf 80' lang='lat' dir='ltr'><strong>Rel.</strong></span> <span class='ocrx_word' id='word_1_408' title='bbox 3283 1009 3435 1064; x_wconf 83' lang='lat' dir='ltr'><strong>Schr.</strong></span> <span class='ocrx_word' id='word_1_409' title='bbox 3472 1010 3553 1066; x_wconf 77' lang='lat' dir='ltr'><strong>st.</strong></span> <span class='ocrx_word' id='word_1_410' title='bbox 3590 1010 3660 1066; x_wconf 80' lang='lat'><strong>75</strong></span> <span class='ocrx_word' id='word_1_411' title='bbox 3692 1011 3753 1066; x_wconf 88' lang='grc' dir='ltr'><strong>Β.</strong></span> <span class='ocrx_word' id='word_1_412' title='bbox 3813 1010 3881 1065; x_wconf 76' lang='grc' dir='ltr'><strong>Ν.</strong></span> <span class='ocrx_word' id='word_1_413' title='bbox 3917 1009 3970 1068; x_wconf 76' lang='grc'><strong>2.</strong></span> <span class='ocrx_word' id='word_1_414' title='bbox 4041 1011 4232 1067; x_wconf 71' lang='lat' dir='ltr'><strong>Edidit</strong></span> 
     </span>
     <span class='ocr_line' id='line_1_62' title="bbox 2976 1078 3526 1150; baseline 0.002 -16"><span class='ocrx_word' id='word_1_415' title='bbox 2976 1079 3194 1150; x_wconf 72' lang='lat' dir='ltr'><strong>Machly</strong></span> <span class='ocrx_word' id='word_1_416' title='bbox 3228 1096 3281 1149; x_wconf 89' lang='lat' dir='ltr'><strong>p.</strong></span> <span class='ocrx_word' id='word_1_417' title='bbox 3319 1078 3466 1147; x_wconf 70' lang='lat'><strong>104.)</strong></span> <span class='ocrx_word' id='word_1_418' title='bbox 3479 1078 3526 1147; x_wconf 87' lang='lat'><strong>¹)</strong></span> 
     </span>
    </p>
   </div>
   <div class='ocr_carea' id='block_1_12' title="bbox 2270 1248 4229 1487">
    <p class='ocr_par' dir='ltr' id='par_1_17' title="bbox 2270 1248 4229 1487">
     <span class='ocr_line' id='line_1_63' title="bbox 2270 1248 4229 1327; baseline -0.001 -9"><span class='ocrx_word' id='word_1_419' title='bbox 2270 1251 2548 1318; x_wconf 86' lang='lat' dir='ltr'><strong>Oonsuli</strong></span> <span class='ocrx_word' id='word_1_420' title='bbox 2594 1259 2663 1317; x_wconf 91' lang='lat' dir='ltr'><strong>et</strong></span> <span class='ocrx_word' id='word_1_421' title='bbox 2703 1248 2982 1317; x_wconf 84' lang='lat' dir='ltr'><strong>Senatui</strong></span> <span class='ocrx_word' id='word_1_422' title='bbox 3023 1248 3397 1327; x_wconf 86' lang='lat' dir='ltr'><strong>Basiliensi,</strong></span> <span class='ocrx_word' id='word_1_423' title='bbox 3434 1250 3742 1316; x_wconf 86' lang='lat' dir='ltr'><strong>Dominis</strong></span> <span class='ocrx_word' id='word_1_424' title='bbox 3776 1251 3913 1318; x_wconf 92' lang='lat' dir='ltr'><strong>suis</strong></span> <span class='ocrx_word' id='word_1_425' title='bbox 3947 1251 4229 1318; x_wconf 89' lang='lat' dir='ltr'><strong>clemen·</strong></span> 
     </span>
     <span class='ocr_line' id='line_1_64' title="bbox 2271 1334 4227 1487; baseline 0.001 -86"><span class='ocrx_word' id='word_1_426' title='bbox 2271 1337 2540 1403; x_wconf 84' lang='lat' dir='ltr'><strong>tissimis</strong></span> <span class='ocrx_word' id='word_1_427' title='bbox 2604 1344 2672 1402; x_wconf 90' lang='lat' dir='ltr'><strong>et</strong></span> <span class='ocrx_word' id='word_1_428' title='bbox 2734 1336 3027 1402; x_wconf 90' lang='lat' dir='ltr'><strong>colendis</strong></span> <span class='ocrx_word' id='word_1_429' title='bbox 3044 1334 3526 1487; x_wconf 55' lang='grc' dir='ltr'>ἱῃὸιίξὲἓξιίἓιέιιε</span> <span class='ocrx_word' id='word_1_430' title='bbox 3568 1334 3883 1402; x_wconf 84' lang='lat' dir='ltr'><strong>Oastellio</strong></span> <span class='ocrx_word' id='word_1_431' title='bbox 3948 1337 4227 1403; x_wconf 89' lang='lat' dir='ltr'><strong>salutem</strong></span> 
     </span>
    </p>
   </div>
   <div class='ocr_carea' id='block_1_13' title="bbox 2256 1592 4362 5105">
    <p class='ocr_par' dir='ltr' id='par_1_18' title="bbox 2259 1592 4238 3392">
     <span class='ocr_line' id='line_1_65' title="bbox 2441 1592 4229 1681; baseline 0 -21"><span class='ocrx_word' id='word_1_432' title='bbox 2441 1594 2568 1661; x_wconf 81' lang='lat' dir='ltr'><strong>Est</strong></span> <span class='ocrx_word' id='word_1_433' title='bbox 2609 1592 2795 1671; x_wconf 91' lang='lat' dir='ltr'><strong>mihi,</strong></span> <span class='ocrx_word' id='word_1_434' title='bbox 2829 1593 2961 1658; x_wconf 90' lang='lat' dir='ltr'><strong>mei</strong></span> <span class='ocrx_word' id='word_1_435' title='bbox 3006 1593 3503 1660; x_wconf 85' lang='lat' dir='ltr'><strong>clementissimi</strong></span> <span class='ocrx_word' id='word_1_436' title='bbox 3546 1594 3838 1673; x_wconf 88' lang='lat' dir='ltr'><strong>Domini,</strong></span> <span class='ocrx_word' id='word_1_437' title='bbox 3883 1614 3923 1659; x_wconf 93' lang='lat' dir='ltr'><strong>a</strong></span> <span class='ocrx_word' id='word_1_438' title='bbox 3965 1595 4229 1681; x_wconf 82' lang='lat' dir='ltr'><strong>Magni-</strong></span> 
     </span>
     <span class='ocr_line' id='line_1_66' title="bbox 2267 1678 4232 1749; baseline 0.001 -2"><span class='ocrx_word' id='word_1_439' title='bbox 2267 1681 2392 1747; x_wconf 87' lang='lat' dir='ltr'><strong>fico</strong></span> <span class='ocrx_word' id='word_1_440' title='bbox 2436 1678 2524 1744; x_wconf 90' lang='lat' dir='ltr'><strong>D.</strong></span> <span class='ocrx_word' id='word_1_441' title='bbox 2569 1678 2852 1746; x_wconf 85' lang='lat' dir='ltr'><strong>Rectore</strong></span> <span class='ocrx_word' id='word_1_442' title='bbox 2910 1687 2976 1744; x_wconf 89' lang='lat' dir='ltr'><strong>et</strong></span> <span class='ocrx_word' id='word_1_443' title='bbox 3032 1679 3304 1745; x_wconf 86' lang='lat' dir='ltr'><strong>caeteris</strong></span> <span class='ocrx_word' id='word_1_444' title='bbox 3363 1678 3671 1746; x_wconf 89' lang='lat' dir='ltr'><strong>ecclesiae</strong></span> <span class='ocrx_word' id='word_1_445' title='bbox 3725 1678 4100 1748; x_wconf 88' lang='lat' dir='ltr'><strong>doctoribus</strong></span> <span class='ocrx_word' id='word_1_446' title='bbox 4163 1691 4232 1749; x_wconf 88' lang='lat' dir='ltr'><strong>et</strong></span> 
     </span>
     <span class='ocr_line' id='line_1_67' title="bbox 2267 1763 4230 1850; baseline 0.002 -19"><span class='ocrx_word' id='word_1_447' title='bbox 2267 1763 2641 1850; x_wconf 79' lang='lat' dir='ltr'><strong>pastoribus</strong></span> <span class='ocrx_word' id='word_1_448' title='bbox 2685 1763 3225 1844; x_wconf 86' lang='lat' dir='ltr'><strong>demonstratum,</strong></span> <span class='ocrx_word' id='word_1_449' title='bbox 3270 1763 3817 1848; x_wconf 80' lang='lat' dir='ltr'><strong>quemadmodum</strong></span> <span class='ocrx_word' id='word_1_450' title='bbox 3852 1766 4057 1846; x_wconf 85' lang='lat' dir='ltr'><strong>vobis,</strong></span> <span class='ocrx_word' id='word_1_451' title='bbox 4102 1767 4230 1834; x_wconf 90' lang='lat' dir='ltr'><strong>cle-</strong></span> 
     </span>
     <span class='ocr_line' id='line_1_68' title="bbox 2265 1850 4231 1934; baseline 0.001 -15"><span class='ocrx_word' id='word_1_452' title='bbox 2265 1850 2665 1920; x_wconf 88' lang='lat' dir='ltr'><strong>mentissimi</strong></span> <span class='ocrx_word' id='word_1_453' title='bbox 2719 1851 2850 1916; x_wconf 90' lang='lat' dir='ltr'><strong>mei</strong></span> <span class='ocrx_word' id='word_1_454' title='bbox 2894 1850 3187 1928; x_wconf 85' lang='lat' dir='ltr'><strong>Domini,</strong></span> <span class='ocrx_word' id='word_1_455' title='bbox 3243 1851 3527 1934; x_wconf 76' lang='lat' dir='ltr'><strong>scriptae</strong></span> <span class='ocrx_word' id='word_1_456' title='bbox 3584 1851 3831 1917; x_wconf 84' lang='lat' dir='ltr'><strong>fuerint</strong></span> <span class='ocrx_word' id='word_1_457' title='bbox 3882 1851 4114 1919; x_wconf 87' lang='lat' dir='ltr'><strong>literae</strong></span> <span class='ocrx_word' id='word_1_458' title='bbox 4157 1855 4231 1919; x_wconf 90' lang='lat' dir='ltr'><strong>in</strong></span> 
     </span>
     <span class='ocr_line' id='line_1_69' title="bbox 2265 1934 4233 2021; baseline 0.002 -19"><span class='ocrx_word' id='word_1_459' title='bbox 2265 1937 2503 2020; x_wconf 91' lang='lat' dir='ltr'><strong>quibus</strong></span> <span class='ocrx_word' id='word_1_460' title='bbox 2545 1957 2667 2021; x_wconf 88' lang='lat' dir='ltr'><strong>ego</strong></span> <span class='ocrx_word' id='word_1_461' title='bbox 2711 1934 3105 2021; x_wconf 81' lang='lat' dir='ltr'><strong>gravissime</strong></span> <span class='ocrx_word' id='word_1_462' title='bbox 3140 1956 3515 2002; x_wconf 86' lang='lat' dir='ltr'><strong>accusarer:</strong></span> <span class='ocrx_word' id='word_1_463' title='bbox 3576 1938 3761 2002; x_wconf 88' lang='lat' dir='ltr'><strong>cuius</strong></span> <span class='ocrx_word' id='word_1_464' title='bbox 3798 1939 4233 2006; x_wconf 80' lang='lat' dir='ltr'><strong>accusationis</strong></span> 
     </span>
     <span class='ocr_line' id='line_1_70' title="bbox 2263 2020 4238 2107; baseline 0.002 -19"><span class='ocrx_word' id='word_1_465' title='bbox 2263 2031 2487 2107; x_wconf 86' lang='lat' dir='ltr'><strong>partes</strong></span> <span class='ocrx_word' id='word_1_466' title='bbox 2545 2031 2770 2088; x_wconf 91' lang='lat' dir='ltr'><strong>essent</strong></span> <span class='ocrx_word' id='word_1_467' title='bbox 2820 2021 3021 2087; x_wconf 84' lang='lat' dir='ltr'><strong>duae:</strong></span> <span class='ocrx_word' id='word_1_468' title='bbox 3090 2020 3249 2089; x_wconf 89' lang='lat' dir='ltr'><strong>Una</strong></span> <span class='ocrx_word' id='word_1_469' title='bbox 3296 2042 3381 2087; x_wconf 81' lang='lat' dir='ltr'><strong>ex</strong></span> <span class='ocrx_word' id='word_1_470' title='bbox 3437 2022 3607 2089; x_wconf 90' lang='lat' dir='ltr'><strong>libro</strong></span> <span class='ocrx_word' id='word_1_471' title='bbox 3650 2022 3980 2089; x_wconf 79' lang='lat' dir='ltr'><strong>Theodori</strong></span> <span class='ocrx_word' id='word_1_472' title='bbox 4024 2023 4238 2091; x_wconf 59' lang='lat' dir='ltr'><strong>Besae</strong></span> 
     </span>
     <span class='ocr_line' id='line_1_71' title="bbox 2264 2108 4230 2194; baseline 0 -18"><span class='ocrx_word' id='word_1_473' title='bbox 2264 2115 2548 2193; x_wconf 86' lang='lat' dir='ltr'><strong>sumpta,</strong></span> <span class='ocrx_word' id='word_1_474' title='bbox 2606 2108 2815 2173; x_wconf 90' lang='lat' dir='ltr'><strong>altera</strong></span> <span class='ocrx_word' id='word_1_475' title='bbox 2866 2127 3067 2191; x_wconf 89' lang='lat' dir='ltr'><strong>super</strong></span> <span class='ocrx_word' id='word_1_476' title='bbox 3120 2127 3270 2172; x_wconf 90' lang='lat' dir='ltr'><strong>mea</strong></span> <span class='ocrx_word' id='word_1_477' title='bbox 3325 2108 3755 2174; x_wconf 88' lang='lat' dir='ltr'><strong>translatione</strong></span> <span class='ocrx_word' id='word_1_478' title='bbox 3797 2108 4230 2194; x_wconf 90' lang='lat' dir='ltr'><strong>Dialogorum</strong></span> 
     </span>
     <span class='ocr_line' id='line_1_72' title="bbox 2262 2192 4231 2277; baseline 0.001 -17"><span class='ocrx_word' id='word_1_479' title='bbox 2262 2193 2718 2260; x_wconf 88' lang='lat' dir='ltr'><strong>Bernhardini</strong></span> <span class='ocrx_word' id='word_1_480' title='bbox 2784 2192 3025 2259; x_wconf 74' lang='lat' dir='ltr'><strong>Ochini.</strong></span> <span class='ocrx_word' id='word_1_481' title='bbox 3126 2193 3225 2260; x_wconf 85' lang='lat' dir='ltr'><strong>Ac</strong></span> <span class='ocrx_word' id='word_1_482' title='bbox 3299 2193 3464 2258; x_wconf 87' lang='lat' dir='ltr'><strong>mihi</strong></span> <span class='ocrx_word' id='word_1_483' title='bbox 3534 2193 3899 2277; x_wconf 89' lang='lat' dir='ltr'><strong>postulanti</strong></span> <span class='ocrx_word' id='word_1_484' title='bbox 3953 2196 4231 2262; x_wconf 86' lang='lat' dir='ltr'><strong>recitata</strong></span> 
     </span>
     <span class='ocr_line' id='line_1_73' title="bbox 2262 2278 4230 2365; baseline 0.001 -19"><span class='ocrx_word' id='word_1_485' title='bbox 2262 2287 2365 2347; x_wconf 84' lang='lat' dir='ltr'><strong>est</strong></span> <span class='ocrx_word' id='word_1_486' title='bbox 2428 2300 2585 2364; x_wconf 88' lang='lat' dir='ltr'><strong>pars</strong></span> <span class='ocrx_word' id='word_1_487' title='bbox 2646 2279 2766 2345; x_wconf 89' lang='lat' dir='ltr'><strong>illa</strong></span> <span class='ocrx_word' id='word_1_488' title='bbox 2826 2279 3168 2344; x_wconf 89' lang='lat' dir='ltr'><strong>literarum</strong></span> <span class='ocrx_word' id='word_1_489' title='bbox 3233 2278 3307 2344; x_wconf 91' lang='lat' dir='ltr'><strong>in</strong></span> <span class='ocrx_word' id='word_1_490' title='bbox 3370 2300 3499 2364; x_wconf 88' lang='lat' dir='ltr'><strong>qua</strong></span> <span class='ocrx_word' id='word_1_491' title='bbox 3562 2300 3686 2365; x_wconf 86' lang='lat' dir='ltr'><strong>ego</strong></span> <span class='ocrx_word' id='word_1_492' title='bbox 3729 2278 4101 2358; x_wconf 83' lang='lat' dir='ltr'><strong>accusabar,</strong></span> <span class='ocrx_word' id='word_1_493' title='bbox 4160 2291 4230 2347; x_wconf 90' lang='lat' dir='ltr'><strong>et</strong></span> 
     </span>
     <span class='ocr_line' id='line_1_74' title="bbox 2261 2364 4228 2449; baseline 0.001 -17"><span class='ocrx_word' id='word_1_494' title='bbox 2261 2387 2461 2449; x_wconf 90' lang='lat' dir='ltr'><strong>super</strong></span> <span class='ocrx_word' id='word_1_495' title='bbox 2502 2385 2582 2430; x_wconf 85' lang='lat' dir='ltr'><strong>ea</strong></span> <span class='ocrx_word' id='word_1_496' title='bbox 2636 2366 3083 2449; x_wconf 88' lang='lat' dir='ltr'><strong>iuterrogatus</strong></span> <span class='ocrx_word' id='word_1_497' title='bbox 3149 2384 3297 2430; x_wconf 91' lang='lat' dir='ltr'><strong>sum</strong></span> <span class='ocrx_word' id='word_1_498' title='bbox 3341 2364 3497 2448; x_wconf 92' lang='lat' dir='ltr'><strong>quid</strong></span> <span class='ocrx_word' id='word_1_499' title='bbox 3541 2364 4022 2449; x_wconf 87' lang='lat' dir='ltr'><strong>responderem.</strong></span> <span class='ocrx_word' id='word_1_500' title='bbox 4095 2367 4228 2433; x_wconf 82' lang='lat' dir='ltr'><strong>Re-</strong></span> 
     </span>
     <span class='ocr_line' id='line_1_75' title="bbox 2260 2449 4229 2536; baseline 0.001 -19"><span class='ocrx_word' id='word_1_501' title='bbox 2260 2449 2524 2536; x_wconf 90' lang='lat' dir='ltr'><strong>spondi,</strong></span> <span class='ocrx_word' id='word_1_502' title='bbox 2569 2459 2793 2534; x_wconf 89' lang='lat' dir='ltr'><strong>petere</strong></span> <span class='ocrx_word' id='word_1_503' title='bbox 2836 2470 2945 2515; x_wconf 90' lang='lat' dir='ltr'><strong>mc</strong></span> <span class='ocrx_word' id='word_1_504' title='bbox 3001 2460 3105 2529; x_wconf 88' lang='lat' dir='ltr'><strong>ut,</strong></span> <span class='ocrx_word' id='word_1_505' title='bbox 3150 2449 3208 2516; x_wconf 91' lang='lat' dir='ltr'><strong>si</strong></span> <span class='ocrx_word' id='word_1_506' title='bbox 3250 2451 3396 2516; x_wconf 86' lang='lat' dir='ltr'><strong>fieri</strong></span> <span class='ocrx_word' id='word_1_507' title='bbox 3437 2461 3689 2534; x_wconf 90' lang='lat' dir='ltr'><strong>posset,</strong></span> <span class='ocrx_word' id='word_1_508' title='bbox 3748 2450 3912 2516; x_wconf 89' lang='lat' dir='ltr'><strong>mihi</strong></span> <span class='ocrx_word' id='word_1_509' title='bbox 3957 2450 4229 2518; x_wconf 89' lang='lat' dir='ltr'><strong>daretur</strong></span> 
     </span>
     <span class='ocr_line' id='line_1_76' title="bbox 2263 2534 4228 2622; baseline 0.001 -19"><span class='ocrx_word' id='word_1_510' title='bbox 2263 2539 2405 2603; x_wconf 90' lang='lat' dir='ltr'><strong>eius</strong></span> <span class='ocrx_word' id='word_1_511' title='bbox 2472 2537 2683 2621; x_wconf 88' lang='lat' dir='ltr'><strong>partis</strong></span> <span class='ocrx_word' id='word_1_512' title='bbox 2748 2534 3087 2619; x_wconf 84' lang='lat' dir='ltr'><strong>exemplar</strong></span> <span class='ocrx_word' id='word_1_513' title='bbox 3149 2545 3226 2601; x_wconf 88' lang='lat' dir='ltr'><strong>ut</strong></span> <span class='ocrx_word' id='word_1_514' title='bbox 3289 2536 3418 2603; x_wconf 91' lang='lat' dir='ltr'><strong>scri</strong></span> <span class='ocrx_word' id='word_1_515' title='bbox 3467 2543 3535 2603; x_wconf 90' lang='grc' dir='ltr'><strong>ιο</strong></span> <span class='ocrx_word' id='word_1_516' title='bbox 3600 2545 3943 2603; x_wconf 86' lang='lat' dir='ltr'><strong>accusatus</strong></span> <span class='ocrx_word' id='word_1_517' title='bbox 3985 2539 4228 2622; x_wconf 86' lang='lat' dir='ltr'><strong>scripto</strong></span> 
     </span>
     <span class='ocr_line' id='line_1_77' title="bbox 2260 2620 4227 2707; baseline 0.001 -17"><span class='ocrx_word' id='word_1_518' title='bbox 2260 2621 2745 2707; x_wconf 89' lang='lat' dir='ltr'><strong>responderem.</strong></span> <span class='ocrx_word' id='word_1_519' title='bbox 2818 2620 3017 2704; x_wconf 81' lang='lat' dir='ltr'><strong>Quod</strong></span> <span class='ocrx_word' id='word_1_520' title='bbox 3060 2641 3262 2705; x_wconf 89' lang='lat' dir='ltr'><strong>quum</strong></span> <span class='ocrx_word' id='word_1_521' title='bbox 3306 2620 3428 2688; x_wconf 71' lang='lat' dir='ltr'><strong>sibl</strong></span> <span class='ocrx_word' id='word_1_522' title='bbox 3472 2622 3604 2688; x_wconf 91' lang='lat' dir='ltr'><strong>nisi</strong></span> <span class='ocrx_word' id='word_1_523' title='bbox 3645 2630 3869 2688; x_wconf 78' lang='lat' dir='ltr'><strong>vestro</strong></span> <span class='ocrx_word' id='word_1_524' title='bbox 3902 2624 4227 2705; x_wconf 89' lang='lat' dir='ltr'><strong>permissu</strong></span> 
     </span>
     <span class='ocr_line' id='line_1_78' title="bbox 2260 2706 4225 2793; baseline 0.001 -20"><span class='ocrx_word' id='word_1_525' title='bbox 2260 2708 2462 2776; x_wconf 89' lang='lat' dir='ltr'><strong>licere</strong></span> <span class='ocrx_word' id='word_1_526' title='bbox 2504 2717 2876 2793; x_wconf 81' lang='lat' dir='ltr'><strong>negassent,</strong></span> <span class='ocrx_word' id='word_1_527' title='bbox 2934 2717 3001 2772; x_wconf 88' lang='lat' dir='ltr'><strong>et</strong></span> <span class='ocrx_word' id='word_1_528' title='bbox 3058 2706 3345 2791; x_wconf 88' lang='lat' dir='ltr'><strong>alioquin</strong></span> <span class='ocrx_word' id='word_1_529' title='bbox 3401 2714 3713 2791; x_wconf 87' lang='lat' dir='ltr'><strong>putarent</strong></span> <span class='ocrx_word' id='word_1_530' title='bbox 3758 2727 3950 2791; x_wconf 92' lang='lat' dir='ltr'><strong>posse</strong></span> <span class='ocrx_word' id='word_1_531' title='bbox 3992 2730 4099 2775; x_wconf 88' lang='lat' dir='ltr'><strong>me</strong></span> <span class='ocrx_word' id='word_1_532' title='bbox 4142 2709 4225 2775; x_wconf 88' lang='lat' dir='ltr'><strong>ad</strong></span> 
     </span>
     <span class='ocr_line' id='line_1_79' title="bbox 2263 2792 4229 2878; baseline -0.001 -17"><span class='ocrx_word' id='word_1_533' title='bbox 2263 2796 2439 2878; x_wconf 88' lang='lat' dir='ltr'><strong>ipsas</strong></span> <span class='ocrx_word' id='word_1_534' title='bbox 2483 2793 2976 2860; x_wconf 86' lang='lat' dir='ltr'><strong>criminationes</strong></span> <span class='ocrx_word' id='word_1_535' title='bbox 3018 2812 3184 2875; x_wconf 88' lang='lat' dir='ltr'><strong>quae</strong></span> <span class='ocrx_word' id='word_1_536' title='bbox 3227 2792 3298 2858; x_wconf 90' lang='lat' dir='ltr'><strong>in</strong></span> <span class='ocrx_word' id='word_1_537' title='bbox 3342 2792 3477 2858; x_wconf 90' lang='lat' dir='ltr'><strong>illis</strong></span> <span class='ocrx_word' id='word_1_538' title='bbox 3515 2793 3727 2859; x_wconf 91' lang='lat' dir='ltr'><strong>literis</strong></span> <span class='ocrx_word' id='word_1_539' title='bbox 3780 2793 4229 2878; x_wconf 79' lang='lat' dir='ltr'><strong>allegarentur</strong></span> 
     </span>
     <span class='ocr_line' id='line_1_80' title="bbox 2264 2875 4227 2965; baseline 0.001 -19"><span class='ocrx_word' id='word_1_540' title='bbox 2264 2878 2683 2965; x_wconf 86' lang='lat' dir='ltr'><strong>respondere,</strong></span> <span class='ocrx_word' id='word_1_541' title='bbox 2729 2879 2823 2944; x_wconf 90' lang='lat' dir='ltr'><strong>sic</strong></span> <span class='ocrx_word' id='word_1_542' title='bbox 2856 2878 3070 2943; x_wconf 81' lang='lat' dir='ltr'><strong>facere</strong></span> <span class='ocrx_word' id='word_1_543' title='bbox 3115 2880 3315 2944; x_wconf 87' lang='lat' dir='ltr'><strong>statui</strong></span> <span class='ocrx_word' id='word_1_544' title='bbox 3339 2888 3410 2945; x_wconf 88' lang='lat' dir='ltr'><strong>et</strong></span> <span class='ocrx_word' id='word_1_545' title='bbox 3452 2875 3698 2945; x_wconf 62' lang='lat' dir='ltr'><strong>notatis</strong></span> <span class='ocrx_word' id='word_1_546' title='bbox 3733 2899 3820 2944; x_wconf 83' lang='lat' dir='ltr'><strong>ex</strong></span> <span class='ocrx_word' id='word_1_547' title='bbox 3854 2879 3985 2945; x_wconf 91' lang='lat' dir='ltr'><strong>illis</strong></span> <span class='ocrx_word' id='word_1_548' title='bbox 4019 2880 4227 2947; x_wconf 89' lang='lat' dir='ltr'><strong>literis</strong></span> 
     </span>
     <span class='ocr_line' id='line_1_81' title="bbox 2261 2963 4226 3049; baseline 0.001 -18"><span class='ocrx_word' id='word_1_549' title='bbox 2261 2965 2561 3031; x_wconf 89' lang='lat' dir='ltr'><strong>numeris</strong></span> <span class='ocrx_word' id='word_1_550' title='bbox 2624 2964 3016 3049; x_wconf 85' lang='lat' dir='ltr'><strong>paginarum</strong></span> <span class='ocrx_word' id='word_1_551' title='bbox 3060 2963 3130 3028; x_wconf 89' lang='lat' dir='ltr'><strong>in</strong></span> <span class='ocrx_word' id='word_1_552' title='bbox 3174 2965 3409 3048; x_wconf 89' lang='lat' dir='ltr'><strong>quibus</strong></span> <span class='ocrx_word' id='word_1_553' title='bbox 3453 2964 3524 3029; x_wconf 92' lang='lat' dir='ltr'><strong>in</strong></span> <span class='ocrx_word' id='word_1_554' title='bbox 3569 2963 3737 3030; x_wconf 92' lang='lat' dir='ltr'><strong>libro</strong></span> <span class='ocrx_word' id='word_1_555' title='bbox 3781 2963 3993 3031; x_wconf 57' lang='lat' dir='ltr'><strong>Betae</strong></span> <span class='ocrx_word' id='word_1_556' title='bbox 4036 2985 4226 3033; x_wconf 87' lang='lat' dir='ltr'><strong>accu-</strong></span> 
     </span>
     <span class='ocr_line' id='line_1_82' title="bbox 2263 3048 4224 3119; baseline 0 0"><span class='ocrx_word' id='word_1_557' title='bbox 2263 3074 2373 3119; x_wconf 92' lang='lat' dir='ltr'><strong>sor</strong></span> <span class='ocrx_word' id='word_1_558' title='bbox 2415 3050 2602 3118; x_wconf 84' lang='lat' dir='ltr'><strong>vobis</strong></span> <span class='ocrx_word' id='word_1_559' title='bbox 2646 3049 2963 3118; x_wconf 84' lang='lat' dir='ltr'><strong>adversus</strong></span> <span class='ocrx_word' id='word_1_560' title='bbox 2995 3048 3147 3117; x_wconf 90' lang='lat' dir='ltr'><strong>illas</strong></span> <span class='ocrx_word' id='word_1_561' title='bbox 3189 3050 3589 3118; x_wconf 83' lang='lat' dir='ltr'><strong>accusatoris</strong></span> <span class='ocrx_word' id='word_1_562' title='bbox 3632 3050 3763 3116; x_wconf 88' lang='lat' dir='ltr'><strong>mei</strong></span> <span class='ocrx_word' id='word_1_563' title='bbox 3823 3051 4224 3119; x_wconf 88' lang='lat' dir='ltr'><strong>criminatio·</strong></span> 
     </span>
     <span class='ocr_line' id='line_1_83' title="bbox 2264 3136 4225 3222; baseline 0.001 -19"><span class='ocrx_word' id='word_1_564' title='bbox 2264 3159 2400 3217; x_wconf 88' lang='lat' dir='ltr'><strong>nes,</strong></span> <span class='ocrx_word' id='word_1_565' title='bbox 2458 3147 2777 3221; x_wconf 84' lang='lat' dir='ltr'><strong>quantum</strong></span> <span class='ocrx_word' id='word_1_566' title='bbox 2834 3157 2947 3202; x_wconf 90' lang='lat' dir='ltr'><strong>eas</strong></span> <span class='ocrx_word' id='word_1_567' title='bbox 3002 3136 3333 3202; x_wconf 85' lang='lat' dir='ltr'><strong>recordari</strong></span> <span class='ocrx_word' id='word_1_568' title='bbox 3377 3143 3447 3202; x_wconf 91' lang='lat' dir='ltr'><strong>et</strong></span> <span class='ocrx_word' id='word_1_569' title='bbox 3487 3136 4043 3221; x_wconf 87' lang='lat' dir='ltr'><strong>comprehendere</strong></span> <span class='ocrx_word' id='word_1_570' title='bbox 4077 3159 4225 3222; x_wconf 92' lang='lat' dir='ltr'><strong>pos-</strong></span> 
     </span>
     <span class='ocr_line' id='line_1_84' title="bbox 2262 3221 4226 3306; baseline -0.001 -16"><span class='ocrx_word' id='word_1_571' title='bbox 2262 3245 2431 3302; x_wconf 90' lang='lat' dir='ltr'><strong>sum,</strong></span> <span class='ocrx_word' id='word_1_572' title='bbox 2511 3221 2618 3289; x_wconf 88' lang='lat' dir='ltr'><strong>hic</strong></span> <span class='ocrx_word' id='word_1_573' title='bbox 2695 3223 2921 3306; x_wconf 84' lang='lat' dir='ltr'><strong>paucis</strong></span> <span class='ocrx_word' id='word_1_574' title='bbox 2997 3221 3377 3305; x_wconf 86' lang='lat' dir='ltr'><strong>respondeo,</strong></span> <span class='ocrx_word' id='word_1_575' title='bbox 3456 3234 3726 3306; x_wconf 84' lang='lat' dir='ltr'><strong>paratus</strong></span> <span class='ocrx_word' id='word_1_576' title='bbox 3803 3232 3871 3288; x_wconf 87' lang='lat' dir='ltr'><strong>et</strong></span> <span class='ocrx_word' id='word_1_577' title='bbox 3932 3232 4226 3290; x_wconf 85' lang='lat' dir='ltr'><strong>caeteras</strong></span> 
     </span>
     <span class='ocr_line' id='line_1_85' title="bbox 2259 3306 4227 3392; baseline -0.001 -18"><span class='ocrx_word' id='word_1_578' title='bbox 2259 3306 2558 3374; x_wconf 87' lang='lat' dir='ltr'><strong>eiusdem</strong></span> <span class='ocrx_word' id='word_1_579' title='bbox 2602 3308 3092 3375; x_wconf 87' lang='lat' dir='ltr'><strong>criminationes</strong></span> <span class='ocrx_word' id='word_1_580' title='bbox 3137 3308 3340 3373; x_wconf 89' lang='lat' dir='ltr'><strong>etiam</strong></span> <span class='ocrx_word' id='word_1_581' title='bbox 3383 3307 3642 3392; x_wconf 91' lang='lat' dir='ltr'><strong>publico</strong></span> <span class='ocrx_word' id='word_1_582' title='bbox 3693 3308 3938 3391; x_wconf 88' lang='lat' dir='ltr'><strong>scripto</strong></span> <span class='ocrx_word' id='word_1_583' title='bbox 3994 3308 4227 3384; x_wconf 88' lang='lat' dir='ltr'><strong>(sicuti</strong></span> 
     </span>
    </p>

    <p class='ocr_par' dir='ltr' id='par_1_19' title="bbox 2256 3392 4239 3803">
     <span class='ocr_line' id='line_1_86' title="bbox 2304 3392 4224 3478; baseline -0.002 -18"><span class='ocrx_word' id='word_1_584' title='bbox 2304 3394 2536 3461; x_wconf 89' lang='lat' dir='ltr'><strong>ubliois</strong></span> <span class='ocrx_word' id='word_1_585' title='bbox 2613 3393 2878 3478; x_wconf 88' lang='lat' dir='ltr'><strong>scriptis</strong></span> <span class='ocrx_word' id='word_1_586' title='bbox 2955 3392 3038 3459; x_wconf 90' lang='lat' dir='ltr'><strong>ab</strong></span> <span class='ocrx_word' id='word_1_587' title='bbox 3116 3413 3194 3458; x_wconf 91' lang='lat' dir='ltr'><strong>eo</strong></span> <span class='ocrx_word' id='word_1_588' title='bbox 3271 3414 3420 3459; x_wconf 89' lang='lat' dir='ltr'><strong>sum</strong></span> <span class='ocrx_word' id='word_1_589' title='bbox 3498 3402 3874 3471; x_wconf 87' lang='lat' dir='ltr'><strong>accusatus)</strong></span> <span class='ocrx_word' id='word_1_590' title='bbox 3953 3393 4224 3459; x_wconf 88' lang='lat' dir='ltr'><strong>diluere.</strong></span> 
     </span>
     <span class='ocr_line' id='line_1_87' title="bbox 2258 3416 4229 3562; baseline -0.003 -15"><span class='ocrx_word' id='word_1_591' title='bbox 2258 3416 2527 3562; x_wconf 49' lang='lat' dir='ltr'><strong>&amp;nasso</strong></span> <span class='ocrx_word' id='word_1_592' title='bbox 2573 3500 2708 3559; x_wconf 83' lang='lat' dir='ltr'><strong>vos,</strong></span> <span class='ocrx_word' id='word_1_593' title='bbox 2752 3478 3250 3545; x_wconf 88' lang='lat' dir='ltr'><strong>clementissimi</strong></span> <span class='ocrx_word' id='word_1_594' title='bbox 3293 3476 3574 3544; x_wconf 90' lang='lat' dir='ltr'><strong>Domini</strong></span> <span class='ocrx_word' id='word_1_595' title='bbox 3614 3479 3766 3558; x_wconf 91' lang='lat' dir='ltr'><strong>mei,</strong></span> <span class='ocrx_word' id='word_1_596' title='bbox 3809 3488 3884 3544; x_wconf 91' lang='lat' dir='ltr'><strong>ut</strong></span> <span class='ocrx_word' id='word_1_597' title='bbox 3925 3500 4033 3545; x_wconf 90' lang='lat' dir='ltr'><strong>me</strong></span> <span class='ocrx_word' id='word_1_598' title='bbox 4068 3499 4229 3545; x_wconf 89' lang='lat' dir='ltr'><strong>cau-</strong></span> 
     </span>
     <span class='ocr_line' id='line_1_88' title="bbox 2257 3563 4232 3648; baseline -0.003 -17"><span class='ocrx_word' id='word_1_599' title='bbox 2257 3586 2399 3632; x_wconf 92' lang='lat' dir='ltr'><strong>sam</strong></span> <span class='ocrx_word' id='word_1_600' title='bbox 2489 3563 2815 3631; x_wconf 83' lang='lat' dir='ltr'><strong>dicentem</strong></span> <span class='ocrx_word' id='word_1_601' title='bbox 2892 3585 2971 3631; x_wconf 90' lang='lat' dir='ltr'><strong>eo</strong></span> <span class='ocrx_word' id='word_1_602' title='bbox 3049 3565 3272 3632; x_wconf 91' lang='lat' dir='ltr'><strong>animo</strong></span> <span class='ocrx_word' id='word_1_603' title='bbox 3350 3564 3577 3630; x_wconf 90' lang='lat' dir='ltr'><strong>audire</strong></span> <span class='ocrx_word' id='word_1_604' title='bbox 3656 3565 4020 3648; x_wconf 79' lang='lat' dir='ltr'><strong>dignemini</strong></span> <span class='ocrx_word' id='word_1_605' title='bbox 4098 3581 4232 3646; x_wconf 86' lang='lat' dir='ltr'><strong>quo</strong></span> 
     </span>
     <span class='ocr_line' id='line_1_89' title="bbox 2256 3647 4239 3735; baseline -0.005 -18"><span class='ocrx_word' id='word_1_606' title='bbox 2256 3653 2481 3717; x_wconf 87' lang='lat' dir='ltr'><strong>animo</strong></span> <span class='ocrx_word' id='word_1_607' title='bbox 2545 3672 2616 3717; x_wconf 92' lang='lat' dir='ltr'><strong>se</strong></span> <span class='ocrx_word' id='word_1_608' title='bbox 2682 3651 2959 3735; x_wconf 86' lang='lat' dir='ltr'><strong>quisque</strong></span> <span class='ocrx_word' id='word_1_609' title='bbox 3024 3658 3320 3715; x_wconf 85' lang='lat' dir='ltr'><strong>vestrum</strong></span> <span class='ocrx_word' id='word_1_610' title='bbox 3386 3652 3458 3715; x_wconf 92' lang='lat' dir='ltr'><strong>in</strong></span> <span class='ocrx_word' id='word_1_611' title='bbox 3537 3651 3738 3717; x_wconf 89' lang='lat' dir='ltr'><strong>simili</strong></span> <span class='ocrx_word' id='word_1_612' title='bbox 3804 3671 3962 3717; x_wconf 92' lang='lat' dir='ltr'><strong>casu</strong></span> <span class='ocrx_word' id='word_1_613' title='bbox 4029 3647 4239 3713; x_wconf 84' lang='lat' dir='ltr'><strong>vellet</strong></span> 
     </span>
     <span class='ocr_line' id='line_1_90' title="bbox 2257 3737 2871 3803; baseline -0.002 0"><span class='ocrx_word' id='word_1_614' title='bbox 2257 3737 2490 3803; x_wconf 88' lang='lat' dir='ltr'><strong>audiri.</strong></span> <span class='ocrx_word' id='word_1_615' title='bbox 2857 3764 2871 3785; x_wconf 93' lang='lat'><strong>·</strong></span> 
     </span>
    </p>

    <p class='ocr_par' dir='ltr' id='par_1_20' title="bbox 2257 3815 4299 4576">
     <span class='ocr_line' id='line_1_91' title="bbox 2428 3815 4244 3905; baseline -0.006 -17"><span class='ocrx_word' id='word_1_616' title='bbox 2428 3823 2733 3888; x_wconf 89' lang='lat' dir='ltr'><strong>Primum</strong></span> <span class='ocrx_word' id='word_1_617' title='bbox 2777 3822 3027 3889; x_wconf 88' lang='lat' dir='ltr'><strong>crimen</strong></span> <span class='ocrx_word' id='word_1_618' title='bbox 3086 3831 3187 3886; x_wconf 83' lang='lat' dir='ltr'><strong>est</strong></span> <span class='ocrx_word' id='word_1_619' title='bbox 3249 3820 3421 3905; x_wconf 91' lang='lat' dir='ltr'><strong>quod</strong></span> <span class='ocrx_word' id='word_1_620' title='bbox 3481 3823 3608 3887; x_wconf 87' lang='lat' dir='ltr'><strong>sim</strong></span> <span class='ocrx_word' id='word_1_621' title='bbox 3666 3822 4074 3891; x_wconf 86' lang='lat' dir='ltr'><strong>Libertinus.</strong></span> <span class='ocrx_word' id='word_1_622' title='bbox 4171 3815 4244 3878; x_wconf 80' lang='lat' dir='ltr'>A</span> 
     </span>
     <span class='ocr_line' id='line_1_92' title="bbox 2257 3906 4169 3996; baseline -0.001 -21"><span class='ocrx_word' id='word_1_623' title='bbox 2257 3928 2388 3994; x_wconf 84' lang='lat' dir='ltr'><strong>quo</strong></span> <span class='ocrx_word' id='word_1_624' title='bbox 2421 3909 2697 3975; x_wconf 89' lang='lat' dir='ltr'><strong>crimine</strong></span> <span class='ocrx_word' id='word_1_625' title='bbox 2731 3928 2853 3993; x_wconf 91' lang='lat' dir='ltr'><strong>ego</strong></span> <span class='ocrx_word' id='word_1_626' title='bbox 2897 3928 3004 3973; x_wconf 90' lang='lat' dir='ltr'><strong>me</strong></span> <span class='ocrx_word' id='word_1_627' title='bbox 3046 3914 3184 3972; x_wconf 88' lang='lat' dir='ltr'><strong>tam</strong></span> <span class='ocrx_word' id='word_1_628' title='bbox 3230 3906 3461 3990; x_wconf 90' lang='lat' dir='ltr'><strong>procul</strong></span> <span class='ocrx_word' id='word_1_629' title='bbox 3499 3908 3734 3975; x_wconf 91' lang='lat' dir='ltr'><strong>abesse</strong></span> <span class='ocrx_word' id='word_1_630' title='bbox 3768 3927 3969 3993; x_wconf 88' lang='lat' dir='ltr'><strong>quam</strong></span> <span class='ocrx_word' id='word_1_631' title='bbox 4005 3919 4169 3996; x_wconf 59' lang='lat' dir='ltr'><strong>pro?</strong></span> 
     </span>
     <span class='ocr_line' id='line_1_93' title="bbox 2258 3993 4253 4066; baseline -0.006 -4"><span class='ocrx_word' id='word_1_632' title='bbox 2258 3995 2513 4062; x_wconf 89' lang='lat' dir='ltr'><strong>coelum</strong></span> <span class='ocrx_word' id='word_1_633' title='bbox 2561 4016 2601 4061; x_wconf 93' lang='lat' dir='ltr'><strong>a</strong></span> <span class='ocrx_word' id='word_1_634' title='bbox 2644 4002 2824 4060; x_wconf 87' lang='lat' dir='ltr'><strong>terra</strong></span> <span class='ocrx_word' id='word_1_635' title='bbox 2866 3993 3071 4059; x_wconf 85' lang='lat' dir='ltr'><strong>distat</strong></span> <span class='ocrx_word' id='word_1_636' title='bbox 3113 3993 3649 4059; x_wconf 89' lang='lat' dir='ltr'><strong>constantissime</strong></span> <span class='ocrx_word' id='word_1_637' title='bbox 3696 3996 3975 4066; x_wconf 84' lang='lat' dir='ltr'><strong>affirmo,</strong></span> <span class='ocrx_word' id='word_1_638' title='bbox 4026 3997 4093 4051; x_wconf 88' lang='lat' dir='ltr'><strong>et</strong></span> <span class='ocrx_word' id='word_1_639' title='bbox 4137 4003 4253 4045; x_wconf 85' lang='lat' dir='ltr'><strong>m-</strong></span> 
     </span>
     <span class='ocr_line' id='line_1_94' title="bbox 2258 4074 4260 4162; baseline -0.004 -16"><span class='ocrx_word' id='word_1_640' title='bbox 2258 4081 2600 4147; x_wconf 89' lang='lat' dir='ltr'><strong>nocentiac</strong></span> <span class='ocrx_word' id='word_1_641' title='bbox 2667 4100 2854 4145; x_wconf 90' lang='lat' dir='ltr'><strong>meae</strong></span> <span class='ocrx_word' id='word_1_642' title='bbox 2925 4089 3126 4144; x_wconf 88' lang='lat' dir='ltr'><strong>testes</strong></span> <span class='ocrx_word' id='word_1_643' title='bbox 3194 4080 3415 4144; x_wconf 90' lang='lat' dir='ltr'><strong>omnia</strong></span> <span class='ocrx_word' id='word_1_644' title='bbox 3473 4080 3763 4162; x_wconf 89' lang='lat' dir='ltr'><strong>scripta,</strong></span> <span class='ocrx_word' id='word_1_645' title='bbox 3832 4078 4008 4143; x_wconf 81' lang='lat' dir='ltr'><strong>dicta</strong></span> <span class='ocrx_word' id='word_1_646' title='bbox 4063 4074 4260 4160; x_wconf 72' lang='lat' dir='ltr'><strong>recte</strong></span> 
     </span>
     <span class='ocr_line' id='line_1_95' title="bbox 2258 4162 4270 4248; baseline -0.01 -17"><span class='ocrx_word' id='word_1_647' title='bbox 2258 4166 2611 4243; x_wconf 88' lang='lat' dir='ltr'><strong>intellecta,</strong></span> <span class='ocrx_word' id='word_1_648' title='bbox 2677 4179 2747 4231; x_wconf 88' lang='lat' dir='ltr'><strong>et</strong></span> <span class='ocrx_word' id='word_1_649' title='bbox 2800 4165 2975 4230; x_wconf 85' lang='lat' dir='ltr'><strong>facta</strong></span> <span class='ocrx_word' id='word_1_650' title='bbox 3015 4184 3165 4231; x_wconf 93' lang='lat' dir='ltr'><strong>mea</strong></span> <span class='ocrx_word' id='word_1_651' title='bbox 3207 4162 3440 4248; x_wconf 89' lang='lat' dir='ltr'><strong>allego.</strong></span> <span class='ocrx_word' id='word_1_652' title='bbox 3535 4163 3783 4247; x_wconf 85' lang='lat' dir='ltr'><strong>Itaque</strong></span> <span class='ocrx_word' id='word_1_653' title='bbox 3826 4170 3978 4228; x_wconf 83' lang='lat' dir='ltr'><strong>ante</strong></span> <span class='ocrx_word' id='word_1_654' title='bbox 4019 4162 4270 4237; x_wconf 55' lang='lat' dir='ltr'><strong>omma</strong></span> 
     </span>
     <span class='ocr_line' id='line_1_96' title="bbox 2259 4240 4276 4333; baseline -0.005 -14"><span class='ocrx_word' id='word_1_655' title='bbox 2259 4253 2510 4319; x_wconf 88' lang='lat' dir='ltr'><strong>crimen</strong></span> <span class='ocrx_word' id='word_1_656' title='bbox 2569 4251 2695 4318; x_wconf 86' lang='lat' dir='ltr'><strong>hoc</strong></span> <span class='ocrx_word' id='word_1_657' title='bbox 2751 4261 2829 4316; x_wconf 89' lang='grc' dir='ltr'><strong>ιιι</strong></span> <span class='ocrx_word' id='word_1_658' title='bbox 2871 4258 3210 4317; x_wconf 84' lang='lat' dir='ltr'><strong>accusator</strong></span> <span class='ocrx_word' id='word_1_659' title='bbox 3253 4270 3444 4315; x_wconf 89' lang='lat' dir='ltr'><strong>meus</strong></span> <span class='ocrx_word' id='word_1_660' title='bbox 3489 4249 3741 4332; x_wconf 88' lang='lat' dir='ltr'><strong>probet</strong></span> <span class='ocrx_word' id='word_1_661' title='bbox 3783 4258 3960 4333; x_wconf 87' lang='lat' dir='ltr'><strong>peto:</strong></span> <span class='ocrx_word' id='word_1_662' title='bbox 4035 4240 4162 4332; x_wconf 66' lang='lat' dir='ltr'><strong>ant</strong></span> <span class='ocrx_word' id='word_1_663' title='bbox 4204 4246 4276 4290; x_wconf 71' lang='lat'><strong>³¹</strong></span> 
     </span>
     <span class='ocr_line' id='line_1_97' title="bbox 2258 4330 4284 4422; baseline -0.013 -19"><span class='ocrx_word' id='word_1_664' title='bbox 2258 4360 2392 4404; x_wconf 90' lang='lat' dir='ltr'><strong>non</strong></span> <span class='ocrx_word' id='word_1_665' title='bbox 2449 4338 2686 4422; x_wconf 80' lang='lat' dir='ltr'><strong>probat</strong></span> <span class='ocrx_word' id='word_1_666' title='bbox 2742 4356 2896 4402; x_wconf 88' lang='lat' dir='ltr'><strong>eum</strong></span> <span class='ocrx_word' id='word_1_667' title='bbox 2939 4334 3482 4403; x_wconf 88' lang='lat' dir='ltr'><strong>calumniatorem</strong></span> <span class='ocrx_word' id='word_1_668' title='bbox 3545 4355 3699 4400; x_wconf 89' lang='lat' dir='ltr'><strong>esse</strong></span> <span class='ocrx_word' id='word_1_669' title='bbox 3745 4333 3912 4410; x_wconf 90' lang='lat' dir='ltr'><strong>dico,</strong></span> <span class='ocrx_word' id='word_1_670' title='bbox 3955 4331 4030 4420; x_wconf 74' lang='lat' dir='ltr'><strong>et</strong></span> <span class='ocrx_word' id='word_1_671' title='bbox 4068 4330 4284 4381; x_wconf 81' lang='lat' dir='ltr'><strong>msu-</strong></span> 
     </span>
     <span class='ocr_line' id='line_1_98' title="bbox 2259 4412 4299 4508; baseline -0.001 -19"><span class='ocrx_word' id='word_1_672' title='bbox 2259 4445 2394 4508; x_wconf 90' lang='lat' dir='ltr'><strong>per,</strong></span> <span class='ocrx_word' id='word_1_673' title='bbox 2440 4424 2500 4490; x_wconf 93' lang='lat' dir='ltr'><strong>si</strong></span> <span class='ocrx_word' id='word_1_674' title='bbox 2539 4424 2869 4489; x_wconf 89' lang='lat' dir='ltr'><strong>insontem</strong></span> <span class='ocrx_word' id='word_1_675' title='bbox 2903 4440 3245 4488; x_wconf 85' lang='lat' dir='ltr'><strong>accusasse</strong></span> <span class='ocrx_word' id='word_1_676' title='bbox 3281 4439 3418 4483; x_wconf 90' lang='lat' dir='ltr'><strong>non</strong></span> <span class='ocrx_word' id='word_1_677' title='bbox 3457 4429 3569 4484; x_wconf 87' lang='lat' dir='ltr'><strong>est</strong></span> <span class='ocrx_word' id='word_1_678' title='bbox 3606 4419 3674 4483; x_wconf 91' lang='lat' dir='ltr'><strong>ei</strong></span> <span class='ocrx_word' id='word_1_679' title='bbox 3711 4417 3968 4501; x_wconf 79' lang='lat' dir='ltr'><strong>religio,</strong></span> <span class='ocrx_word' id='word_1_680' title='bbox 4012 4412 4299 4486; x_wconf 65' lang='lat' dir='ltr'><strong>‚penm-</strong></span> 
     </span>
     <span class='ocr_line' id='line_1_99' title="bbox 2259 4500 4103 4576; baseline -0.008 -1"><span class='ocrx_word' id='word_1_681' title='bbox 2259 4520 2397 4575; x_wconf 88' lang='lat' dir='ltr'><strong>met</strong></span> <span class='ocrx_word' id='word_1_682' title='bbox 2439 4508 2932 4576; x_wconf 86' lang='lat' dir='ltr'><strong>Libertinorum</strong></span> <span class='ocrx_word' id='word_1_683' title='bbox 2978 4505 3234 4571; x_wconf 85' lang='lat' dir='ltr'><strong>haeresi</strong></span> <span class='ocrx_word' id='word_1_684' title='bbox 3280 4504 3568 4569; x_wconf 88' lang='lat' dir='ltr'><strong>affinem</strong></span> <span class='ocrx_word' id='word_1_685' title='bbox 3614 4524 3772 4570; x_wconf 85' lang='lat' dir='ltr'><strong>esse</strong></span> <span class='ocrx_word' id='word_1_686' title='bbox 3814 4500 4103 4568; x_wconf 77' lang='lat' dir='ltr'><strong>affirmo-</strong></span> 
     </span>
    </p>

    <p class='ocr_par' dir='ltr' id='par_1_21' title="bbox 2260 4562 4362 5105">
     <span class='ocr_line' id='line_1_100' title="bbox 2433 4562 4324 4669; baseline -0.004 -8"><span class='ocrx_word' id='word_1_687' title='bbox 2433 4594 2817 4662; x_wconf 82' lang='lat' dir='ltr'><strong>Secundum</strong></span> <span class='ocrx_word' id='word_1_688' title='bbox 2870 4592 3124 4658; x_wconf 87' lang='lat' dir='ltr'><strong>crimen</strong></span> <span class='ocrx_word' id='word_1_689' title='bbox 3186 4597 3288 4654; x_wconf 83' lang='lat' dir='ltr'><strong>est</strong></span> <span class='ocrx_word' id='word_1_690' title='bbox 3330 4587 3518 4669; x_wconf 89' lang='lat' dir='ltr'><strong>quod</strong></span> <span class='ocrx_word' id='word_1_691' title='bbox 3567 4589 3709 4652; x_wconf 88' lang='lat' dir='ltr'><strong>sim</strong></span> <span class='ocrx_word' id='word_1_692' title='bbox 3753 4580 4204 4666; x_wconf 65' lang='lat' dir='ltr'><strong>Pelagissmffl.</strong></span> <span class='ocrx_word' id='word_1_693' title='bbox 4235 4562 4324 4616; x_wconf 48' lang='grc' dir='ltr'><strong>ω’</strong></span> 
     </span>
     <span class='ocr_line' id='line_1_101' title="bbox 2260 4654 4348 4781; baseline -0.006 -34"><span class='ocrx_word' id='word_1_694' title='bbox 2260 4680 2433 4766; x_wconf 90' lang='lat' dir='ltr'><strong>quod</strong></span> <span class='ocrx_word' id='word_1_695' title='bbox 2491 4680 2772 4767; x_wconf 84' lang='lat' dir='ltr'><strong>gratiam</strong></span> <span class='ocrx_word' id='word_1_696' title='bbox 2818 4676 2949 4742; x_wconf 90' lang='lat' dir='ltr'><strong>Dei</strong></span> <span class='ocrx_word' id='word_1_697' title='bbox 2997 4685 3065 4740; x_wconf 90' lang='lat' dir='ltr'><strong>et</strong></span> <span class='ocrx_word' id='word_1_698' title='bbox 3167 4682 3473 4739; x_wconf 82' lang='lat' dir='ltr'><strong>occatum</strong></span> <span class='ocrx_word' id='word_1_699' title='bbox 3522 4673 3831 4755; x_wconf 82' lang='lat' dir='ltr'><strong>originis</strong></span> <span class='ocrx_word' id='word_1_700' title='bbox 3874 4654 4348 4781; x_wconf 47' lang='lat' dir='ltr'><strong>negavertffiL</strong></span> 
     </span>
     <span class='ocr_line' id='line_1_102' title="bbox 2261 4742 4244 4851; baseline -0.013 -17"><span class='ocrx_word' id='word_1_701' title='bbox 2261 4766 2368 4834; x_wconf 87' lang='lat' dir='ltr'><strong>Ad</strong></span> <span class='ocrx_word' id='word_1_702' title='bbox 2413 4765 2585 4851; x_wconf 86' lang='lat' dir='ltr'><strong>quod</strong></span> <span class='ocrx_word' id='word_1_703' title='bbox 2630 4766 2879 4831; x_wconf 90' lang='lat' dir='ltr'><strong>crimen</strong></span> <span class='ocrx_word' id='word_1_704' title='bbox 2922 4781 3046 4845; x_wconf 91' lang='lat' dir='ltr'><strong>ego</strong></span> <span class='ocrx_word' id='word_1_705' title='bbox 3088 4760 3111 4823; x_wconf 91' lang='lat' dir='ltr'><strong>i</strong></span> <span class='ocrx_word' id='word_1_706' title='bbox 3159 4779 3265 4824; x_wconf 91' lang='lat' dir='ltr'><strong>em</strong></span> <span class='ocrx_word' id='word_1_707' title='bbox 3300 4754 3486 4839; x_wconf 86' lang='lat' dir='ltr'><strong>quod</strong></span> <span class='ocrx_word' id='word_1_708' title='bbox 3531 4756 3629 4819; x_wconf 88' lang='lat' dir='ltr'><strong>ad</strong></span> <span class='ocrx_word' id='word_1_709' title='bbox 3669 4756 3976 4838; x_wconf 87' lang='lat' dir='ltr'><strong>primum</strong></span> <span class='ocrx_word' id='word_1_710' title='bbox 4010 4742 4244 4811; x_wconf 73' lang='lat' dir='ltr'><strong>respo</strong></span> 
     </span>
     <span class='ocr_line' id='line_1_103' title="bbox 2262 4801 4362 4939; baseline -0.009 -22"><span class='ocrx_word' id='word_1_711' title='bbox 2262 4852 2403 4931; x_wconf 89' lang='lat' dir='ltr'><strong>deo,</strong></span> <span class='ocrx_word' id='word_1_712' title='bbox 2470 4860 2541 4918; x_wconf 92' lang='lat' dir='ltr'><strong>et</strong></span> <span class='ocrx_word' id='word_1_713' title='bbox 2601 4858 2678 4916; x_wconf 91' lang='grc' dir='ltr'><strong>ιιι</strong></span> <span class='ocrx_word' id='word_1_714' title='bbox 2742 4848 2867 4914; x_wconf 88' lang='lat' dir='ltr'><strong>hoc</strong></span> <span class='ocrx_word' id='word_1_715' title='bbox 2929 4864 3192 4930; x_wconf 91' lang='lat' dir='ltr'><strong>quoque</strong></span> <span class='ocrx_word' id='word_1_716' title='bbox 3247 4840 3497 4925; x_wconf 82' lang='lat' dir='ltr'><strong>probet</strong></span> <span class='ocrx_word' id='word_1_717' title='bbox 3574 4849 3946 4939; x_wconf 72' lang='lat' dir='ltr'><strong>accusator</strong></span> <span class='ocrx_word' id='word_1_718' title='bbox 4008 4801 4362 4912; x_wconf 62' lang='lat' dir='ltr'><strong>postulo·</strong></span> 
     </span>
     <span class='ocr_line' id='line_1_104' title="bbox 2261 4927 4048 5020; baseline -0.011 -14"><span class='ocrx_word' id='word_1_719' title='bbox 2261 4938 2435 5005; x_wconf 86' lang='lat' dir='ltr'><strong>Nam</strong></span> <span class='ocrx_word' id='word_1_720' title='bbox 2493 4934 2665 5020; x_wconf 92' lang='lat' dir='ltr'><strong>quod</strong></span> <span class='ocrx_word' id='word_1_721' title='bbox 2720 4933 2804 5000; x_wconf 83' lang='lat' dir='ltr'><strong>ad</strong></span> <span class='ocrx_word' id='word_1_722' title='bbox 2850 4931 3063 4998; x_wconf 66' lang='lat' dir='ltr'><strong>Bam</strong></span> <span class='ocrx_word' id='word_1_723' title='bbox 3115 4927 3447 5008; x_wconf 88' lang='lat' dir='ltr'><strong>scriptum</strong></span> <span class='ocrx_word' id='word_1_724' title='bbox 3514 4931 3815 5003; x_wconf 84' lang='lat' dir='ltr'><strong>attmet,</strong></span> <span class='ocrx_word' id='word_1_725' title='bbox 3870 4945 3945 4988; x_wconf 88' lang='grc' dir='ltr'><strong>ιιι</strong></span> <span class='ocrx_word' id='word_1_726' title='bbox 4001 4936 4048 4997; x_wconf 80' lang='lat' dir='ltr'>q</span> 
     </span>
     <span class='ocr_line' id='line_1_105' title="bbox 2264 5012 3884 5105; baseline -0.01 -15"><span class='ocrx_word' id='word_1_727' title='bbox 2264 5045 2347 5090; x_wconf 81' lang='lat' dir='ltr'><strong>ex</strong></span> <span class='ocrx_word' id='word_1_728' title='bbox 2405 5023 2502 5090; x_wconf 92' lang='lat' dir='ltr'><strong>eis</strong></span> <span class='ocrx_word' id='word_1_729' title='bbox 2556 5041 2723 5105; x_wconf 85' lang='lat' dir='ltr'><strong>quae</strong></span> <span class='ocrx_word' id='word_1_730' title='bbox 2785 5039 2908 5104; x_wconf 91' lang='lat' dir='ltr'><strong>ego</strong></span> <span class='ocrx_word' id='word_1_731' title='bbox 2953 5017 3021 5080; x_wconf 90' lang='lat' dir='ltr'><strong>in</strong></span> <span class='ocrx_word' id='word_1_732' title='bbox 3067 5012 3430 5095; x_wconf 87' lang='lat' dir='ltr'><strong>septimum</strong></span> <span class='ocrx_word' id='word_1_733' title='bbox 3483 5017 3722 5091; x_wconf 86' lang='lat' dir='ltr'><strong>capnt</strong></span> <span class='ocrx_word' id='word_1_734' title='bbox 3771 5029 3884 5091; x_wconf 89' lang='lat' dir='ltr'><strong>ep.</strong></span> 
     </span>
    </p>
   </div>
   <div class='ocr_carea' id='block_1_14' title="bbox 2266 5160 2678 5174">
    <p class='ocr_par' dir='ltr' id='par_1_22' title="bbox 2266 5160 2678 5174">
     <span class='ocr_line' id='line_1_106' title="bbox 2266 5160 2678 5174; baseline 0 0"><span class='ocrx_word' id='word_1_735' title='bbox 2266 5160 2678 5174; x_wconf 95' lang='lat' dir='ltr'><strong> </strong></span> 
     </span>
    </p>
   </div>
   <div class='ocr_carea' id='block_1_15' title="bbox 2263 5225 3696 5312">
    <p class='ocr_par' dir='ltr' id='par_1_23' title="bbox 2263 5225 3696 5312">
     <span class='ocr_line' id='line_1_107' title="bbox 2263 5225 3696 5312; baseline -0.015 -9"><span class='ocrx_word' id='word_1_736' title='bbox 2263 5246 2465 5303; x_wconf 60' lang='lat'><strong>4040.</strong></span> <span class='ocrx_word' id='word_1_737' title='bbox 2482 5244 2541 5312; x_wconf 87' lang='lat'><strong>1)</strong></span> <span class='ocrx_word' id='word_1_738' title='bbox 2576 5242 2659 5309; x_wconf 78' lang='lat' dir='ltr'><strong>Of.</strong></span> <span class='ocrx_word' id='word_1_739' title='bbox 2707 5237 2958 5295; x_wconf 62' lang='lat' dir='ltr'><strong>stacam</strong></span> <span class='ocrx_word' id='word_1_740' title='bbox 2987 5235 3030 5289; x_wconf 89' lang='lat'><strong>1.</strong></span> <span class='ocrx_word' id='word_1_741' title='bbox 3063 5232 3189 5286; x_wconf 73' lang='lat'><strong>214.</strong></span> <span class='ocrx_word' id='word_1_742' title='bbox 3229 5227 3438 5297; x_wconf 57' lang='lat' dir='ltr'><strong>Many</strong></span> <span class='ocrx_word' id='word_1_743' title='bbox 3473 5243 3542 5294; x_wconf 76' lang='lat' dir='ltr'><strong>p.</strong></span> <span class='ocrx_word' id='word_1_744' title='bbox 3585 5225 3696 5281; x_wconf 77' lang='lat'><strong>¹28.</strong></span> 
     </span>
    </p>
   </div>
   <div class='ocr_carea' id='block_1_16' title="bbox 3929 4888 4396 5071">
    <p class='ocr_par' dir='ltr' id='par_1_24' title="bbox 3929 4888 4396 5071">
     <span class='ocr_line' id='line_1_108' title="bbox 4049 4888 4385 4973; baseline -0.003 0"><span class='ocrx_word' id='word_1_745' title='bbox 4049 4921 4152 4973; x_wconf 84' lang='grc' dir='ltr'><strong>ιιο</strong></span> <span class='ocrx_word' id='word_1_746' title='bbox 4207 4888 4385 4951; x_wconf 52' lang='grc' dir='ltr'><strong>Ἇοῢ</strong></span> 
     </span>
     <span class='ocr_line' id='line_1_109' title="bbox 3929 4982 4396 5071; baseline -0.002 0"><span class='ocrx_word' id='word_1_747' title='bbox 3929 5002 4011 5071; x_wconf 71' lang='lat' dir='ltr'><strong>aa</strong></span> <span class='ocrx_word' id='word_1_748' title='bbox 4055 4982 4396 5057; x_wconf 67' lang='lat' dir='ltr'><strong>Boma-</strong></span> 
     </span>
    </p>
   </div>
  </div>
 </body>
</html>
