4900 6125
619 401 750 462 463

621 607 768 652 eom
989 607 1070 652 ns
1114 604 1278 651 vous
1314 584 1573 650 saluent
1620 582 2222 659 affeetueusemenn
2267 602 2388 667 par
2424 581 2586 648 l’ad-

623 673 726 823 2⁸
753 671 1071 824 lsesqffilllz·
1120 673 1398 822 {gezone
1432 670 1542 755 fay
1585 679 1759 735 oeste
1805 687 2099 752 repones.
2167 666 2275 735 De
2308 667 2587 735 Geneve

1934 891 1981 958 J
1984 913 2106 958 ean
2151 891 2411 959 Oalvin.

1419 1186 1826 1197 ——m

1504 1423 1713 1493 38⁰8.

1027 1578 1690 1647 BULLINGERUS
1749 1578 2186 1646 GALVINO.

799 1751 1036 1818 Lito-is
1078 1751 1350 1832 scriptis,
1396 1771 1705 1817 novarum
1747 1772 1964 1818 rerum
2001 1750 2365 1818 rumoribus
2396 1752 2585 1818 oona-

621 1839 711 1905 tis
763 1842 821 1902 ei
878 1837 1294 1915 transmissi-3,
1339 1837 1616 1902 maxime
1680 1857 1823 1904 vero
1869 1839 2010 1920 piis
2062 1839 2223 1903 votis
2270 1842 2330 1902 et
2361 1839 2587 1904 oratio-

626 1922 833 2000 nibus,
889 1943 1081 2005 quum
1126 1921 1312 1989 aliter
1354 1944 1480 1989 non
1511 1922 1735 2004 possit,
1801 1943 1936 1989 rem
1987 1924 2306 2007 publicam
2337 1943 2588 2005 promo-

625 2029 765 2076 vere
1000 2058 1015 2073 .

625 2180 1048 2253 (Autograpbon
1087 2181 1318 2235 babetur
1352 2181 1408 2232 in
1443 2181 1645 2236 codiee
1693 2182 1884 2236 eodem
1937 2197 2000 2235 se
2035 2180 2344 2248 superiores
2381 2180 2586 2234 Bullin-

1075 2250 1192 2319 geri
1227 2250 1318 2304 tol.
1355 2248 1474 2303 436.
1515 2279 1578 2289 -
1617 2251 1814 2305 Simler
1849 2251 1972 2306 vol.
2009 2247 2158 2317 104.)

799 2417 1186 2485 Clarissimo
1247 2419 1388 2484 viro
1434 2419 1516 2483 D.
1565 2417 1797 2483 Ioanni
1842 2418 2123 2484 Calvino
2168 2419 2587 2487 Genevensis

623 2504 935 2572 ecelesiae
978 2505 1226 2587 pastori
1271 2503 1650 2569 fidelissimo
1694 2503 1959 2571 domino
2003 2525 2148 2570 meo
2192 2504 2467 2571 oolendo
2520 2515 2587 2574 et

624 2589 818 2656 fratri
862 2591 1218 2658 carissimo.
2192 2677 2412 2744 Genffi

800 2847 872 2914 S.
919 2848 1004 2912 D.
1095 2848 1706 2913 Desideratissimas
1767 2854 1998 2926 tuas,¹)
2060 2848 2320 2915 domine
2382 2851 2587 2915 hono-

625 2934 852 3011 rande,
897 2931 1161 2999 domine
1205 2932 1663 2999 eolendissime
1705 2940 1772 2998 et
1813 2935 2014 3000 frater
2057 2936 2410 3014 carissime,
2479 2956 2585 3003 ac·

623 3021 772 3104 oepi
818 3039 936 3102 per
992 3019 1426 3086 clarissimum
1470 3019 1686 3085 virum
1731 3018 1815 3085 D.
1861 3019 2179 3087 Ioannem
2225 3021 2584 3103 Budaeum,

965 3106 1396 3172 carissimum.
1487 3105 1693 3170 Doleo
1764 3105 2188 3174 vehementer
2243 3110 2585 3175 innoxium

625 3211 926 3259 eruorem
993 3198 1370 3258 sanctorum
1435 3192 1505 3255 in
1551 3190 1776 3258 Gallia
1833 3202 2014 3258 tanta
2071 3194 2322 3260 effundi
2377 3194 2584 3280 eopia,

626 3288 699 3345 et
739 3297 855 3343 oro
878 3277 1238 3343 Dominum
1275 3284 1352 3340 ut
1386 3276 1695 3344 ecelesiae
1728 3298 1886 3344 suae
1919 3282 2327 3360 misereatur,
2370 3281 2582 3347 effun-

627 3363 868 3447 datque
932 3365 1098 3429 iram
1158 3382 1342 3428 suam
1401 3383 1602 3447 super
1660 3382 1772 3428 eos
1824 3366 1933 3447 qui
1977 3387 2216 3434 nomen
2266 3369 2407 3434 eius
2449 3388 2584 3433 non

626 3450 958 3515 invocant.
1049 3447 1326 3514 Gaudeo
1390 3469 1623 3515 rursus
1681 3460 1941 3517 nostros
1999 3453 2236 3519 alieubi
2282 3454 2499 3519 iuvari
2544 3475 2586 3518 a

626 3535 933 3613 Domino,
1000 3555 1192 3619 quem
1251 3532 1700 3601 indesinenter
1755 3556 1915 3623 rogo
1981 3549 2056 3603 ut
2109 3541 2281 3605 iusto
2338 3540 2584 3605 auxilio

625 3620 864 3686 liberet
907 3642 1024 3686 nos
1068 3642 1108 3686 a
1147 3620 1336 3697 malo.
1387 3621 1800 3706 hostiumque
1845 3626 2064 3707 eopias
2111 3624 2341 3691 fundat
2384 3632 2451 3690 et
2485 3633 2585 3690 at·

627 3714 818 3783 terat,
865 3708 920 3771 si
966 3726 1194 3772 eorum
1240 3708 1533 3773 misereri
1577 3718 1646 3773 et
1688 3730 1797 3775 eos
1831 3723 2217 3776 eonvertere
2252 3732 2384 3776 non
2421 3711 2583 3775 vult.

803 3795 908 3860 De
951 3794 1032 3859 iis
1074 3814 1240 3877 quae
1282 3794 1355 3858 iu
1398 3793 1728 3860 mandatis
1769 3796 1885 3862 das
1927 3798 2183 3880 copiose
2240 3795 2322 3861 de
2364 3797 2588 3880 singu-

629 3881 713 3948 lis
776 3879 1186 3963 oolloquutus
1250 3900 1397 3945 sum
1458 3900 1606 3945 oum
1674 3881 1758 3946 D.
1819 3881 2080 3948 Budaeo
2144 3882 2254 3966 qui
2321 3881 2582 3947 referet.

629 3967 936 4034 Breviter
979 3966 1210 4033 faciam
1255 3986 1513 4032 summa
1556 3965 1685 4031 fide
1729 3978 1796 4032 et
1837 3966 2183 4052 diligentia
2224 3966 2390 4047 quod
2435 3988 2586 4051 pos-

627 4073 793 4120 sum.
887 4053 1148 4118 Literas
1205 4051 1475 4117 Herculi
1535 4072 1578 4118 a
1640 4052 1843 4118 Saliae
1858 4055 1917 4136 ²)
1976 4056 2326 4138 inscriptas
2390 4052 2587 4118 hodie

628 4139 856 4205 ouravi
902 4136 1011 4202 dil·
1105 4148 1253 4203 nter
1296 4138 1571 4222 misique
1618 4137 1890 4204 Curiam
1937 4140 2362 4205 Rhaetorum.
2432 4138 2585 4203 Non

630 4225 980 4309 negligetis
1085 4223 1328 4289 hastos.
1410 4221 1484 4290 Si
1532 4246 1798 4290 neeesse
1831 4226 1936 4303 sit,
1983 4226 2262 4291 militem
2300 4226 2586 4308 peritum

630 4324 694 4378 et
763 4309 1146 4377 benevolum
1204 4308 1360 4375 dare
1415 4320 1758 4393 poterunt:
1848 4310 1962 4376 sed
2021 4311 2092 4376 in
2139 4322 2451 4394 tempore,
2520 4317 2589 4376 et

629 4398 1011 4482 priusquam
1071 4396 1449 4480 desperatae
1505 4408 1574 4460 et
1623 4395 1976 4480 dissipatae
2033 4399 2168 4463 sint
2208 4406 2588 4461 nostrorum

627 4504 756 4559 res,
802 4481 1129 4567 agendum
1175 4503 1322 4547 eum
1369 4481 1518 4548 illis.
1589 4483 1949 4566 Postquam
1979 4484 2244 4548 fortuna
2263 4481 2588 4549 inclinare

629 4570 918 4652 eoeperit
958 4567 1397 4653 languescunt
1438 4568 1638 4633 animi
1684 4589 1908 4634 eorum
1954 4589 2209 4652 quoque
2245 4569 2355 4651 qui
2393 4578 2589 4633 antea

630 4656 831 4722 rebus
878 4652 1172 4719 nondum
1216 4654 1633 4719 infortunatis
1677 4654 1925 4720 alaeres
1964 4665 2169 4719 erant.

811 4739 911 4805 Ad
961 4739 1471 4823 Hauvyzerumss)
1515 4741 1748 4823 seripsi
1792 4742 1950 4805 item
1987 4739 2182 4806 hodie
2217 4739 2587 4825 diligenter.

633 4825 771 4893 Sed
816 4836 883 4889 et
927 4824 1010 4888 ad
1069 4826 1149 4889 D.
1199 4823 1539 4890 Nioolaum
1598 4848 1641 4891 α
1687 4824 1996 4892 Dies-bach
2016 4832 2069 4907 ⁴)
2117 4825 2347 4891 eadem
2393 4826 2474 4891 de
2518 4847 2592 4891 re

635 5032 823 5087 8⁸08.
853 5030 909 5098 1)
953 5031 1025 5084 N.
1061 5030 1214 5084 3802.

841 5100 900 5167 2)
935 5098 1014 5155 Ν.
1049 5098 1200 5152 3797.
1284 5100 1563 5169 Negotium
1625 5100 1724 5153 hoc
1769 5100 2012 5167 affectum
2059 5114 2170 5154 non
2217 5100 2470 5156 habam
2518 5102 2595 5156 vi·

799 5204 816 5219 ”
846 5236 906 5355 Ξ)
937 5238 1007 5323 eg.
1047 5236 1119 5291 N.
1148 5235 1286 5290 3802
1319 5244 1427 5291 noc.
1467 5236 1548 5289 15.
1976 5308 1986 5317 .

883 5306 904 5369 )
941 5304 999 5357 Λ.
1037 5303 1191 5357 3804.
1267 5305 1474 5361 statua
1507 5312 1583 5359 ese
1619 5305 1734 5360 dua·
1773 5304 2152 5360 flamm-n.

2137 390 2668 462 EPIS‘I'OLAE
2712 397 3141 463 3807—3810

4503 397 4611 462 464

2692 584 2925 669 seripsi
2970 584 3262 651 Bernam
3309 604 3425 666 per
3468 581 3826 660 Mamm,
3886 582 4159 648 hortans
4205 590 4281 648 ut
4324 579 4616 666 Hellade-

2690 691 2834 735 Μ
2898 681 3148 755 urgeat.
3256 669 3383 735 Est
3444 668 3539 734 illi
3625 670 3890 736 innotus
3955 668 4292 736 affinitate.
4377 667 4530 736 Peto
4582 688 4618 734 a

2694 755 3061 838 Hallvylero
3105 762 3200 834 ut,
3246 755 3301 821 si
3344 752 3501 838 quid
3544 754 3769 838 possit.
3816 763 4027 820 totum
4074 752 4158 818 ad
4201 765 4267 820 te
4312 755 4619 853 negotium

2690 842 3066 925 perscribat.
3131 842 3395 907 Literas
3419 861 3582 905 vero
3607 838 3950 909 Gondansis
3992 847 4062 905 et
4082 839 4419 905 Amin-allis
4448 838 4619 907 hodie

2688 928 2917 994 ouravi
3004 927 3247 993 deferri
3327 925 3588 991 Badam
3665 925 3749 991 ad
3835 926 4103 991 comitia
4165 923 4617 991 Helvetiorum.

2690 1014 2977 1097 Legatos
3019 1024 3279 1079 nostros
3312 1010 3699 1077 adhortatus
3744 1032 3891 1077 sum
3927 1021 4007 1076 ut
4039 1010 4406 1094 impediant
4437 1030 4621 1095 quan·

2689 1111 2835 1250 Ἦ
2878 1096 4249 1265 Ἦ“ῗιῑὲἔίἱῗῗο“ἒέῐω1ῗὲῧὲῗὲζὲ.ῗ“
4268 1097 4624 1247 ὲῖῗιῗῖ

2689 1290 2837 1422 :3ss?
2871 1204 3543 1440 ⁹203ngaeAEAE
3551 1290 3651 1419 ⁴:1²2
3683 1266 4625 1438 ffl2.2..2;30‡232..⁰5.22⁰3

2691 1441 3100 1526 Lugdunum
3165 1441 3440 1524 eupiunt
3520 1460 3925 1523 recuperare.
4036 1438 4217 1506 Sunt
4280 1459 4363 1504 ea
4427 1438 4505 1504 de
4562 1459 4624 1504 re

2688 1526 2900 1593 multa
2943 1539 3011 1593 et
3056 1528 3239 1593 varia
3280 1525 3576 1593 oonsilia.
3655 1525 3816 1592 Ideo
3851 1544 3983 1591 non
4018 1525 4301 1593 libenter
4340 1525 4365 1590 1
4452 1526 4466 1539 ’
4502 1523 4625 1590 Bo-

2686 1632 2905 1678 ronem
2928 1617 2979 1688 ³)
3024 1614 3429 1696 praefectum
3472 1610 3791 1695 Lugduni
3883 1612 4200 1677 rofeotum
4233 1632 4380 1677 esse
4466 1609 4626 1676 alen—

2687 1699 2867 1764 tiam.
2936 1700 3038 1763 Ea
3073 1697 3154 1764 de
3196 1720 3267 1764 re
3303 1717 3516 1781 nuper
3550 1697 3751 1762 etiam
3908 1713 3972 1762 te
4006 1697 4258 1781 scripsi.
4326 1695 4624 1780 Vigilate:

2688 1784 3102 1869 Lugdunum
3144 1787 3278 1850 iam
3322 1805 3438 1868 spe
3481 1780 3903 1848 devorarunt.
3973 1782 4303 1848 Dominus
4344 1791 4628 1865 protegat

2687 1880 2757 1935 et
2798 1880 3021 1937 servet
3054 1868 3476 1955 Lugdunum.
3541 1868 3828 1935 Oremus
3870 1869 4118 1951 absque
4160 1867 4629 1934 intermissione

2690 1957 3048 2022 Dominum
3113 1970 3190 2022 ut
3232 1976 3354 2021 nos
3420 1965 3656 2021 servet.
3745 1954 3966 2021 Multa
4028 1958 4206 2019 enim
4273 1964 4341 2019 et
4407 1973 4630 2037 magua

2688 2041 2940 2108 instant
2996 2042 3308 2124 pericula.
3400 2039 3626 2106 Simus
3683 2050 3904 2105 tamen
3962 2040 4166 2105 fortes
4218 2041 4290 2104 in
4349 2037 4633 2103 Domino.

2690 2126 2773 2192 In
2818 2128 2940 2194 hoo
2986 2127 3152 2202 vale,
3198 2149 3334 2193 una
3386 2147 3537 2194 oum
3591 2126 3906 2193 tratribus
3945 2135 4014 2190 et
4076 2125 4470 2210 symmystis
4509 2144 4634 2188 om-

2689 2212 2904 2279 nibus.
2994 2213 3221 2279 Nostri
3263 2232 3493 2278 omnes
3533 2233 3664 2288 vos,
3711 2220 3777 2277 te
3809 2212 4139 2296 inprimis.
4184 2210 4498 2277 salutant.
4567 2208 4635 2276 Si

2689 2297 2947 2381 quando
2991 2298 3074 2365 ad
3118 2298 3363 2365 Beuum
3418 2298 3785 2381 scripturus
3850 2318 3941 2374 es,
3999 2297 4215 2363 saluta
4268 2296 4460 2362 illum
4512 2317 4637 2361 om·

2689 2385 2877 2449 nium
2944 2395 3237 2450 nostrum
3306 2385 3590 2449 nomine.
3678 2381 4011 2448 Dominus
4070 2384 4129 2447 ei
4189 2381 4533 2449 benedioat
4578 2387 4638 2447 et

2688 2469 2925 2536 liberet
2967 2471 3183 2553 ipsum
3240 2490 3281 2534 a
3334 2468 3526 2534 malo.
3616 2467 3872 2534 Iterum
3915 2469 4286 2551 iterumque
4330 2469 4499 2534 vale.
4552 2471 4633 2532 19.

2689 2554 2871 2620 Iunii
2923 2559 3099 2621 1562.
3192 2554 3472 2622 Caetera
3514 2552 3844 2620 Budaeus,

3417 2692 3599 2757 Tuus
3639 2710 3725 2756 ex
3769 2690 3989 2757 animo
4035 2690 4481 2775 Bullingerus.

2866 2861 3061 2928 Dieet
3103 2861 3185 2927 de
3228 2862 3440 2927 literis
3466 2861 3643 2927 Ioan.
3674 2861 3926 2927 Rider.

2692 2946 2979 3014 Saxonis
3017 2946 3098 3012 ad
3142 2957 3444 3014 senatum
3502 2946 3704 3013 huius
3746 2946 3928 3013 urbis

2694 3034 2929 3101 missis.
2950 3037 3007 3112 ⁸)

3569 3579 3770 3649 38⁰⁹.

3235 3712 3638 3783 VIRE'PUS
3684 3714 4115 3785 GALVINO.

2870 3885 3522 3968 Traditeiquaede
3578 3889 3837 3953 viatoria
3894 3890 4174 3971 quadam
4228 3908 4635 3973 mympro-

2688 3974 3293 4122 πηξῗὲἒπαρη
3335 3974 3587 4053 accepit,
3624 3993 3746 4055 pro
3782 3979 4051 4057 tempore
4105 3982 4312 4041 tamen
4355 3996 4483 4043 novt
4521 3995 4635 4039 on·-

2688 4228 2801 4294 (Ex
2838 4226 3180 4295 autographo
3214 4227 3343 4281 eod.
3382 4227 3586 4281 Genev.
3627 4228 3772 4293 111..
3808 4230 3898 4284 sol.
3940 4228 4056 4283 124.
4126 4231 4327 4284 Exstat
4366 4240 4633 4301 praetore·

2689 4298 2745 4351 in
2782 4295 2913 4351 Cod.
2952 4293 3071 4355 116,
3104 4295 3197 4350 fol.
3240 4293 3353 4357 132,
3392 4296 3602 4350 Bernae
3647 4298 3704 4350 in
3741 4298 3906 4352 Areb.
3955 4298 4098 4368 Bpp.
4146 4298 4237 4353 VI.
4288 4317 4341 4370 p.
4400 4298 4545 4368 1019,
4584 4304 4635 4351 et

3344 4382 3430 4434 ap.
3469 4364 3669 4420 Simler
3703 4365 3827 4420 Vol.
3868 4366 4012 4433 104.)

2864 4535 3247 4601 Clarissimo
3291 4538 3436 4600 viro
3480 4537 3563 4602 D.
3601 4538 3838 4604 Ioanni
3881 4537 4182 4615 Calvino,
4248 4550 4320 4604 et
4353 4540 4539 4606 frah-i
4577 4548 4636 4603 st

2690 4630 3096 4708 symmystae
3140 4621 3502 4704 plurimum
3545 4622 3838 4690 colendo.
4140 4710 4478 4777 Genum-

2899 4961 2960 5029 5)
2995 4963 3091 5017 dos
3123 4963 3344 5019 Adrou.
3392 4964 3563 5026 (Heu.
3595 4965 3716 5020 aad.
3754 4965 3847 5019 ΠΙ.
3881 4964 4029 5033 222.)
4092 4966 4350 5036 Arna-d,
4384 4967 4533 5021 Ρωί.
4566 4964 4633 5017 d-

2797 5028 3001 5112 aphini
3036 5032 3076 5085 1.
3120 5030 3247 5086 127:
3314 5033 3361 5086 11
3396 5034 3573 5102 quitto
3619 5034 4093 5102 precipitamment
4128 5034 4285 5104 Lyon
4318 5052 4459 5105 pour
4492 5050 4629 5089 me·

2696 5103 2785 5155 nir
2831 5119 2863 5154 a
2898 5100 3170 5155 Grenoble
3212 5100 3289 5169 (2.
3322 5102 3482 5167 Juin)
3529 5119 3625 5157 sur
3669 5104 3722 5157 la
3765 5104 4018 5157 nouvelle
4053 5120 4161 5172 qne
4196 5105 4277 5159 les
4311 5104 4631 5173 eatbofiqsoe

2696 5168 3057 5237 s'efforeaient
3090 5169 3161 5224 de
3196 5170 3495 5252 reprendi-e
3529 5172 3581 5224 le
3615 5171 3843 5225 ehateau
3876 5171 3946 5225 de
3982 5172 4217 5228 fflribel.

2694 5309 2851 5363 oia-
2882 5237 3211 5377 m.
3393 5239 3461 5295 ὼ
3504 5242 3672 5295 mue
3714 5242 3785 5295 ab
4081 5248 4245 5310 We
4282 5258 4383 5311 W
