4900 6125
282 344 381 410 481

278 530 347 598 de
380 546 569 597 coena
607 525 928 594 nimirum
968 532 1038 594 et
1093 527 1176 596 de
1218 525 1834 618 praedestinatione,
1891 547 1980 596 ne

274 616 379 682 hac
423 613 590 679 inter
641 635 766 680 nos
823 613 948 682 hac
1007 613 1088 679 dc
1145 633 1344 682 causa
1399 613 1798 682 exsisterent
1860 633 2204 699 graviores

273 699 712 777 contentiones,
758 698 1193 766 constitutum
1237 720 1384 767 esse
1427 719 1469 765 a
1501 705 1837 768 conventu
1879 705 1960 765 ut
2001 699 2202 766 absti-

271 806 549 853 neremus
591 784 674 851 ab
717 784 832 851 illo
888 806 1216 864 consessu,
1277 785 1485 853 donec
1540 784 1994 853 controversia
2034 804 2205 870 quae

270 874 423 939 iuter
461 869 906 938 Marbaohiem
946 877 1016 937 et
1058 869 1385 937 ΖαησΙιιιηι
1425 872 1687 956 pendet,
1710 875 1767 947 ¹)
1824 891 2047 938 coram
2100 892 2202 937 se-

268 969 412 1024 natu
440 954 709 1023 definita
750 967 938 1035 esset,
984 964 1061 1022 ιιι
1103 965 1264 1023 tunc
1306 959 1504 1024 sciret
1542 967 1823 1042 utraque
1855 976 2013 1041 pars
2047 954 2205 1041 quid

269 1043 377 1109 sibi
446 1040 772 1127 agendum
837 1049 907 1110 et
974 1041 1132 1128 quid
1209 1043 1467 1110 consilii
1543 1064 1619 1111 ca
1665 1042 1933 1109 iendum
2009 1049 2202 1109 esset.

269 1127 471 1209 Vides,
499 1126 906 1195 observande
941 1138 1146 1212 pater,
1184 1136 1261 1194 ut
1292 1127 1789 1211 α’ποσυναγωγους
1824 1149 1944 1195 nos
1985 1128 2204 1195 facere

265 1222 575 1281 conentur.
648 1215 827 1280 Ante
860 1222 1161 1299 peractas
1198 1214 1530 1282 nundinas
1564 1223 1833 1301 propter
1872 1215 2203 1281 iustitium

266 1298 604 1366 remedium
647 1299 825 1366 malo
879 1299 1182 1367 adhiberi
1225 1321 1360 1366 non
1403 1308 1635 1385 potest.
1723 1300 1994 1367 Interea
2037 1310 2204 1367 tem-

265 1386 423 1470 poris
495 1384 860 1451 ineundum
936 1397 1039 1452 est
1110 1386 1475 1453 consilium.
1575 1387 1726 1453 Non
1803 1386 2000 1452 video
2077 1405 2206 1470 quo

265 1478 491 1556 spectet
530 1479 907 1555 postremus
942 1472 1051 1538 hic
1096 1473 1472 1557 tragoediae
1515 1479 1723 1551 actus,
1768 1472 1900 1538 nisi
1943 1470 2030 1538 ad
2071 1470 2205 1537 mei

262 1559 843 1624 exauctorationem
902 1565 972 1623 et
1035 1558 1240 1624 totius
1296 1558 1496 1625 huius
1555 1558 1869 1626 ecclesiae
1928 1557 2204 1640 dissipa·

261 1642 504 1723 tionem,
551 1643 680 1710 nisi
723 1644 900 1709 bunc
934 1643 1290 1710 barbarum
1333 1644 1623 1711 furorem
1662 1654 2029 1728 compescat
2064 1641 2206 1708 Do-

259 1728 475 1795 minus.
557 1728 765 1794 Putat
826 1729 1006 1795 enim
1072 1738 1299 1796 noster
1362 1731 1982 1807 excommunicator,
2051 1726 2207 1795 sub·

258 1833 432 1880 versa
480 1813 758 1881 eeclesia
801 1814 1127 1882 lanckun·
1176 1836 1298 1882 sua
1349 1825 1582 1899 sponte
1639 1816 1795 1883 hinc
1849 1815 2204 1895 abiturum,

258 1919 436 1983 quem
489 1920 629 1965 non
684 1909 900 1984 potest
956 1900 1144 1968 facile
1201 1921 1282 1968 ea
1343 1909 1563 1968 stante
1621 1900 1972 1986 expellere.
2066 1900 2206 1966 Nos

257 2005 489 2069 quoque
531 1986 645 2051 hic
688 1993 947 2052 nostros
985 1987 1277 2070 patimur
1318 2007 1566 2054 manes.
1626 1988 1820 2072 Roga
1841 1985 2205 2053 Dominum

257 2090 362 2153 pro
403 2072 589 2138 nobie
632 2080 700 2137 et
757 2092 875 2155 pro
926 2072 1050 2140 hac
1094 2072 1386 2140 ecclesia.
1473 2072 1651 2152 Vale,
1695 2075 1805 2138 vir
1845 2073 2092 2156 optime
2136 2079 2206 2136 et

255 2163 426 2238 pater
465 2157 536 2223 in
583 2157 874 2223 Domino
916 2156 1339 2226 observande.
1421 2158 1867 2244 Argentorati.
1942 2161 2001 2225 6.
2047 2156 2205 2223 Iulii

1023 2379 1398 2447 Gulielmus
1440 2379 1817 2449 Holbracus
1861 2387 2032 2447 tuus.

1115 2925 1323 2997 8828.

650 3080 1324 3151 BULLINGERUS
1371 3081 1811 3151 OALVINO.

417 3251 628 3335 Usque
663 3257 1055 3334 exspectatur
1086 3258 1157 3317 ut
1193 3250 1534 3320 Condat-eis
1566 3254 1821 3320 tandem
1854 3255 2200 3337 aliqnando

247 3337 552 3405 Helvetios
593 3340 896 3421 restitut.
963 3338 1417 3423 Landyravius
1448 3339 1528 3405 de
1565 3340 1816 3407 concilii
1843 3340 2202 3407 Tridentini

245 3426 617 3491 metm
671 3424 905 3490 scribit.
983 3423 1260 3491 Bremae
1311 3425 1549 3505 duplex
1590 3445 1811 3491 rerum
1863 3428 2196 3493 conversio.

241 3593 342 3661 (Ex
383 3594 731 3665 autographo
765 3593 931 3649 Arch.
970 3594 1151 3649 Turio.
1187 3595 1332 3650 Plut.
1367 3594 1457 3649 VI.
1493 3594 1614 3651 Vol.
1650 3595 1799 3660 117¹»,
1844 3597 1978 3651 olim
2020 3598 2197 3652 scrin.

457 3662 518 3719 Ο.
554 3664 697 3734 Epp.
737 3662 892 3718 Tem.
925 3662 995 3718 11.
1032 3664 1123 3719 fol.
1160 3661 1280 3719 4⁷5.
1321 3691 1384 3703 -
1420 3663 1635 3720 Simler.
1669 3662 1792 3723 Vol.
1830 3664 1971 3735 105.)

241 3831 617 3901 Clarissimo
674 3832 819 3901 viro
863 3834 948 3900 D.
993 3833 1235 3900 Ioanni
1287 3832 1570 3901 Calvino
1624 3833 2036 3903 Genevensis
2091 3855 2196 3903 eo-

240 3917 465 3987 clesiae
519 3920 773 4004 pastori
823 3918 1206 4020 fidelissimo
1250 3919 1512 3985 domino
1554 3918 1828 3988 colendo
1886 3928 1954 3987 et
2009 3921 2198 3988 fratri

961 4025 1299 4073 carissimo
1340 4027 1478 4072 suo.

397 4176 471 4246 S.
507 4177 598 4245 D.
668 4178 844 4245 Puto
885 4186 950 4243 te
993 4175 1320 4259 accepisse
1356 4197 1537 4245 meas
1580 4176 1808 4245 literas
1887 4199 2010 4244 uas
2043 4186 2197 4245 ante

235 4260 475 4347 aliquot
534 4264 675 4331 dies
730 4263 965 4347 scripsi
997 4267 1047 4336 ¹)
1091 4282 1168 4328 ac
1212 4261 1504 4329 Bernam
1559 4263 1728 4343 misi,
1778 4263 1855 4331 in
1902 4283 1939 4329 e
1994 4262 2081 4330 ad
2132 4272 2197 4329 te

235 4366 346 4429 per
397 4348 741 4416 Hunorum
792 4347 1170 4414 mittendas.
1261 4345 1337 4414 Si
1438 4348 1652 4416 ’ficavi
1716 4349 1789 4415 in
1852 4348 1985 4414 illis
2040 4347 2198 4433 quid

235 4437 528 4534 responsi
573 4436 937 4518 acceperim
981 4455 1022 4535 a
1065 4433 1269 4533 nobili
1303 4455 1445 4501 viro
1488 4433 1567 4501 ab
1603 4433 1904 4519 Hallwyh
1947 4445 2017 4501 et
2054 4456 2195 4501 mo·

235 4539 365 4619 3²⁰¹.
398 4541 575 4604 quae
631 4530 794 4587 tunc
844 4520 1011 4586 milu
1051 4517 1454 4586 videbantur
1507 4520 1857 4621 monenda.
1930 4520 2198 4588 Interea

235 4604 588 4791 xiim,
607 4614 1146 4758 mem
1164 4610 2012 4776 Pessffiffissxffi.⁴2ffl
2035 4607 2198 4794 {0⁶21

235 4796 408 4859 pons
451 4787 522 4843 et
566 4800 636 4844 se
687 4799 765 4844 ae
807 4798 1138 4845 romanae.
1207 4776 1558 4844 Caeterum
1602 4776 1928 4845 ducentur
1968 4789 2036 4846 et
2078 4779 2197 4857 1111,

234 4862 422 4928 aienti
493 4863 957 4948 prudentiores
1021 4864 1432 4944 ominantur,
1497 4864 1567 4930 in
1612 4863 1904 4931 Galliam
1969 4877 2199 4933 contra

237 4956 514 5015 nostros.
588 4948 665 5016 Si
710 4949 890 5017 Galli
935 4949 1214 5033 pecunia
1255 4950 1458 5016 missa
1512 4947 1711 5017 duces
1768 4950 1894 5018 sibi
1951 4949 2196 5037 delige-

441 5190 509 5259 2)
551 5188 805 5246 Βοὴ-«αι
840 5189 974 5247 ὤεα.
1009 5188 1114 5245 658
1167 5189 1252 5258 ot.
1287 5189 1355 5246 N.
1389 5189 1545 5246 aava

237 5258 502 5325 asaal)
543 5258 796 5314 113819
830 5274 912 5330 sq.

439 5342 667 5403 0αόοᾶιό
689 5361 879 5418 opera.
955 5344 1078 5403 Vol.
1102 5342 1281 5401 XIX.

2057 341 2222 406 1562
2265 338 2453 407 IUL.

4144 345 4276 410 ⁴82

2303 533 2475 606 rent,
2521 532 2593 594 et
2631 531 2909 608 mature,
2954 525 3225 594 dubium
3269 546 3407 594 non
3447 534 3550 594 est
3591 527 3753 612 quin
3797 528 4010 595 multo
4052 528 4279 615 plures

2302 634 2500 697 quam
2557 614 2669 680 isti
2726 613 2863 680 sint
2925 613 3218 679 habituri
3275 612 3539 680 milites.
3626 613 3944 681 Proxima
4005 616 4281 700 expedi-

2305 700 2484 765 tione
2527 699 2818 784 quinque
2838 699 3240 783 Pagicorum
3275 698 3469 783 pauci
3507 721 3594 766 ex
3616 697 3963 785 Durgavia
4006 711 4074 769 et
4104 701 4279 769 nulli

2305 785 2732 941 mt
2763 784 3259 937 {goegveffint
3281 784 4278 955 ffiffitffilugrffingsuressiomn

2303 965 2487 1040 petat
2519 965 2588 1023 et
2614 953 2963 1026 condensis
2982 955 3248 1023 milites.
3269 958 3328 1035 ²)
3398 954 3537 1022 Sed
3573 955 4030 1024 destituuntur
4062 959 4278 1025 nostri

2304 1043 2474 1108 forte
2539 1043 2838 1143 pecunia.
2940 1041 3147 1107 Forte
3211 1041 3468 1107 malunt
3534 1043 3821 1144 militare
3886 1063 4009 1109 suo
4073 1064 4278 1144 quam

2303 1125 4280 1281 fizffffifflsstfflzdoeffl.‘’zfflffiaefflfflz

2309 1321 2456 1366 mus
2494 1300 2730 1366 vicisse
2773 1307 3040 1365 nostros
3083 1307 3152 1364 et
3193 1298 3376 1365 fusos
3418 1319 3563 1365 esse
3599 1299 4002 1384 Guysianos.
4065 1300 4278 1368 Varie

2305 1384 2376 1451 id
2439 1394 2752 1451 narratur
2815 1384 3098 1450 necdum
3163 1382 3411 1467 aliquid
3475 1386 3637 1450 certi
3700 1404 3849 1451 acce
3894 1386 4087 1452 imus.
4189 1387 4277 1452 In

2307 1471 2507 1537 horas
2552 1480 2705 1537 tuas
2746 1478 3208 1554 exspectamus
3263 1469 3492 1536 literas
3536 1471 3772 1554 quibus
3818 1492 3860 1554 p
3885 1492 4008 1538 ene
4063 1472 4277 1557 expli·

2307 1567 2543 1623 centur
2584 1557 2826 1622 omnia.
2921 1554 3026 1621 De
3069 1554 3399 1622 Helvetiis
3443 1556 3747 1639 profectis
3790 1558 3912 1624 sub
3956 1556 4281 1625 Fraeichio

2308 1642 2476 1708 nihil
2522 1642 2790 1708 auditur
2831 1641 3119 1708 omnino.

2480 1727 2917 1812 Lantqravius
2958 1727 3140 1792 hisce
3182 1725 3414 1793 diebus
3454 1728 3637 1793 misit
3689 1727 3772 1793 ad
3815 1749 3925 1794 me
3976 1728 4281 1795 tabellio-

2306 1835 2457 1880 nem
2503 1835 2657 1881 cum
2699 1813 2942 1879 literis:
3010 1813 3338 1895 siguificat
3384 1813 3568 1879 brevi
3607 1814 3861 1879 coitura
3902 1815 4279 1900 principum

2304 1900 2590 1977 comitia,
2654 1899 2729 1964 in
2790 1896 3024 1981 quibus
3087 1909 3325 1983 agatur
3391 1897 3473 1964 de
3537 1899 3956 1965 recusatione
4021 1900 4285 1967 concilii

2305 1985 2696 2051 Tridentini.
2721 1983 2775 2069 ⁸)
2865 1985 3045 2050 Petit
3102 2004 3259 2068 ergo
3316 2004 3357 2049 a
3412 2004 3521 2050 me
3581 1984 3814 2050 andire
3868 1985 4028 2069 quid
4085 1986 4283 2053 urbes

2304 2071 2694 2138 Helveticae
2746 2070 3169 2153 evangelium
3224 2069 3614 2152 profitentes
3657 2092 3734 2136 ea
3792 2073 3864 2135 in
3908 2092 3983 2136 re
4033 2070 4283 2138 eonsti-

2305 2159 2556 2222 tuerint
2588 2167 2656 2223 et
2690 2155 3173 2240 responderint.
3245 2155 3605 2221 Existimat
3638 2157 3802 2221 item
3835 2158 4285 2224 necessarium

2305 2262 2481 2320 esse,
2543 2251 2621 2307 ut
2673 2240 2969 2307 Helvetii
3027 2261 3191 2306 evan
3242 2240 3448 2305 elium
3501 2242 3886 2325 profitentes
3942 2245 4283 2326 suppetias

2304 2329 2578 2393 mittant
2618 2325 2943 2405 condensi,
3002 2326 3175 2409 siqui
3223 2347 3331 2391 em
3389 2327 3690 2409 papistici
3745 2328 3966 2410 copias
4010 2327 4285 2396 mittant

2311 2413 2574 2497 Guysio.
2656 2413 2822 2478 Inde
2861 2412 3271 2479 occasionem
3325 2411 3572 2495 accipio
3619 2412 3925 2478 hortandi
3970 2413 4158 2479 illum
4203 2425 4286 2480 ut

2307 2501 2583 2651 3233
2624 2517 2970 2651 W
2997 2497 3888 2668 ςξῗῗίρῖῗὲἒιὲἒῖξῖῗέῗ
3903 2499 4285 2670 θίἛὲἕξὲἓὲ

2307 2690 2393 2736 ex
2433 2670 2680 2738 vicinia
2720 2668 3046 2752 proficisci
3087 2667 3173 2733 ad
3213 2667 3548 2752 Gay-sium.

2481 2754 2632 2823 Scis
2674 2755 3072 2821 Bremenses
3127 2753 3200 2819 in
3256 2775 3517 2821 summo
3574 2755 3827 2822 versari
3881 2754 4279 2823 discrimine.

2307 2841 2579 2908 Eiectus
2622 2847 2725 2908 eet
2758 2839 3062 2908 Albe-tus
3094 2846 3339 2906 noster.
3362 2843 3421 2918 ⁴)
3490 2840 3653 2907 Mox
3687 2849 3835 2908 orta
3876 2850 3980 2908 est
4020 2841 4278 2908 seditio.

2306 2926 2411 2992 Ea
2453 2926 2813 3011 composita
2851 2925 3066 2992 nostri
3109 2932 3468 3009 coeperunt
3510 2946 3653 2993 esse
3696 2927 4084 3010 superiores.
4157 2926 4285 2993 Mi-

2303 3022 2587 3097 grarunt
2641 3032 2799 3097 ergo
2855 3011 3012 3079 inde
3066 3011 3361 3079 ministri
3419 3011 3814 3079 Luthcrani.
3885 3013 4051 3080 Mox
4109 3013 4284 3082 bona

2302 3119 2459 3182 pars
2501 3105 2776 3165 senams
2819 3104 3098 3182 sequuta
3139 3106 3258 3164 est.
3336 3097 3609 3165 Insidiis
3648 3096 3880 3166 urbem
3923 3099 4172 3167 adoriri
4212 3108 4285 3167 et

2507 3406 2570 3475 2)
2609 3405 2765 3476 Quae
2878 3405 3032 3460 cebet
3076 3402 3291 3458 Soldan
3327 3404 3401 3458 11.
3449 3404 3521 3459 52
3564 3421 3678 3460 non
3723 3410 3863 3460 satis
3896 3420 4024 3462 vero
4056 3422 4281 3463 emm

2299 3481 2655 3531 imme.
2809 3515 2822 3528 .
2875 3470 3429 3528 «flammeam.
3515 3472 3847 3530 machaon·-
3890 3475 3932 3529 1.
3967 3474 4073 3529 317
4108 3480 4279 3547 αφά

2300 3550 2413 3600 not.
2476 3544 2555 3599 ad
2594 3560 2650 3613 p.
2878 3542 3027 3597 Hiar.
3068 3544 3193 3597 ecel.
3227 3541 3302 3595 11.
3347 3540 3443 3597 88:
3512 3541 3594 3596 Le
3626 3543 3943 3597 triumvir-at
3976 3552 4145 3614 ayant
4179 3561 4275 3599 en·

2298 3612 2436 3682 voye
2485 3629 2554 3666 eu
2590 3611 2905 3676 Allemagne
2940 3610 3295 3680 Boquendolt
3330 3616 3389 3664 et
3440 3610 3496 3664 le
3541 3618 3721 3665 comte
3766 3611 4082 3703 Rhiuffrave
4132 3630 4277 3683 pour

2298 3682 2574 3735 recueillir
2617 3680 2713 3734 des
2749 3680 3005 3734 Rheitrea
3049 3686 3109 3733 et
3160 3679 3257 3733 dee
3292 3677 3690 3749 Lausqueuets,
3736 3697 3798 3735 ce
3846 3698 3920 3751 qu
3936 3688 4120 3736 estant
4153 3683 4281 3737 des-

2299 3756 2529 3806 couvert
2617 3766 2680 3802 ar
2713 3748 2944 3818 l’argeut
2992 3747 3069 3801 du
3119 3747 3317 3801 Princo
3371 3748 3465 3812 (de
3791 3756 3975 3803 estant
4032 3766 4100 3805 eu
4149 3752 4280 3805 Ale-

2298 3834 2510 3889 magno‚
2561 3818 2580 3870 i
2652 3832 2967 3885 commones
2998 3815 3069 3870 de
3102 3832 3166 3869 sa
3196 3820 3327 3886 part
3359 3814 3394 3869 a
3426 3832 3692 3886 preparet
3741 3832 3805 3872 oe
3840 3819 3937 3888 qui
3986 3819 4154 3874 estoit
4186 3836 4277 3875 re-

2300 3890 2429 4011 qfsss'i
2459 3885 2975 4009 ⁹⁰¹²:ss‘1'301‘2fi22251
3009 3885 3846 4008 0⁰32¹¹5505⁰ffiz15⁰3230
3882 3887 4169 4010 difflui?
4188 3888 4276 4012 12:

2349 3972 2920 4092 rinogod’Alemagne
2943 3997 3306 4075 ’fournissent
3349 4038 3455 4076 eux
3500 4039 3732 4077 mesmes
3775 3971 3927 4115 qm
3955 4031 4014 4078 et
4047 3973 4276 4094 {rgent-

2299 4094 2380 4148 Le
2415 4092 2741 4162 Landgrave
2784 4096 3107 4145 esmouvant
3149 4096 3274 4144 tous
3321 4090 3401 4143 les
3446 4096 3633 4144 autres
3666 4092 3736 4146 ils
3771 4108 3799 4145 s
3813 4092 4167 4146 accordereut
4198 4093 4274 4147 de

2339 4168 2520 4217 rester
2562 4161 2717 4216 voire
2759 4160 2827 4214 de
2877 4160 3087 4213 donner
3136 4157 3360 4223 100‚000
3401 4159 3454 4211 fl.
3511 4159 3629 4213 d’or
3681 4176 3816 4215 avec
3866 4163 4164 4230 capitaines
4211 4168 4273 4215 et

2373 4246 2752 4284 mmes....
2828 4227 3102 4297 Quodad
3151 4234 3361 4296 impin
3406 4227 4272 4293 definienda-semaam

2297 4300 2547 4355 laudm-’e
2608 4297 2824 4366 colliqes
2880 4297 3309 4352 lamnationem
3366 4313 3405 4350 a
3462 4295 3716 4353 Condaeo
3774 4295 4012 4352 Dolum
4078 4297 4271 4353 duan

2294 4367 2490 4438 (Μέηι.
2550 4367 2618 4422 de
2669 4363 2855 4421 Conde'
2898 4366 2994 4420 111.
3040 4362 3173 4429 498)
3219 4364 3298 4420 ad
3336 4364 3490 4433 prid.
3531 4365 3624 4421 Id.
3673 4365 3868 4420 Maias
3921 4365 4270 4430 referendam

2297 4452 2429 4501 esse.
2470 4435 2791 4490 Palatinum
2830 4434 2946 4489 Gal.
2984 4432 3174 4488 Iuniis
3224 4433 3588 4502 respondisse,
3646 4433 3758 4490 C'al.
3798 4433 3911 4487 Iul.
3952 4432 4269 4490 Condacum

2300 4505 2449 4561 Lud-
2485 4505 2551 4560 de
2585 4504 2712 4558 Bar
2754 4504 2818 4557 in
2868 4502 3224 4557 Germaniam
3269 4502 3508 4568 misisse,
3553 4519 3606 4557 a.
3643 4502 3697 4558 d.
3739 4500 3923 4555 XIII.
3964 4499 4081 4557 Gal.
4116 4503 4265 4574 Auq.

2503 4641 2566 4709 3)
2616 4640 2704 4704 C'f.
2746 4639 2828 4697 N.
2872 4638 2941 4694 37
3112 4640 3237 4693 lam
3282 4639 3600 4707 Numburos‘
3632 4637 3927 4702 Prummu
3987 4637 4179 4702 (mmo
4229 4656 4270 4695 a

2298 4710 2463 4779 1561)
2494 4711 2714 4767 concilii
2754 4710 3103 4763 autoritatem
3150 4724 3208 4763 ae
3249 4707 3540 4778 aquitan-oe
3583 4708 3871 4771 neaeram.
3942 4703 4070 4759 Hoc
4115 4722 4268 4765 anno

2295 4798 2368 4836 ιιι.
2403 4780 2597 4849 Aprili
2635 4782 2833 4834 iterum
2882 4780 3026 4832 inter
3070 4792 3160 4832 008
3207 4777 3275 4831 de
3318 4793 3383 4831 ea
3428 4791 3490 4830 re
3521 4773 3874 4828 deliberatum
3908 4778 4005 4838 est,
4050 4780 4102 4828 at
4135 4790 4269 4831 con—

2297 4855 2490 4905 ventus
2530 4850 2774 4916 primun·
2808 4862 2879 4900 ιιι.
2916 4846 3086 4902 Iunio
3126 4844 3342 4900 Naue
3375 4843 3657 4899 habendus
3690 4844 3752 4895 ia
3791 4838 4152 4906 Sepmmn
4184 4861 4272 4901 re-

2293 4920 2498 4973 nium
2530 4923 2610 4973 eet
2672 4916 2879 4985 Happe,
2915 4915 3085 4971 ditch.
3122 4912 3279 4970 Prot.
3314 4914 3355 4967 1.
3390 4910 3543 4975 477).

2503 4986 2567 5051 4)
2665 4985 3059 5054 ardaborqius
3108 4984 3164 5038 d.
3214 4982 3301 5036 18.
3346 4981 3511 5058 Febr.
3556 4974 3690 5030 1561
3728 4974 3987 5028 Broman-
4028 4986 4271 5057 ‘eoam

2293 5054 2605 5124 reliquerat.
2678 5052 2876 5108 Novus
2918 5069 2985 5107 su
3098 5052 3372 5107 ‘madens
3409 5047 3538 5102 Sim.
3580 5045 3850 5098 Musaeus
3878 5047 4274 5109 onem-hue.

2296 5138 2476 5178 ram
2507 5122 2801 5178 hierarcha
2835 5128 2947 5177 tam
2979 5068 3111 5177 m
3144 5123 3253 5190 eqit
3286 5125 3346 5173 ut
3379 5114 3570 5171 consul
3604 5110 3770 5192 υκαι.
3797 5109 3989 5165 Barea
4023 5128 4149 5169 aaa
4184 5120 4273 5175 δι’.

2297 5192 2530 5248 m‘tterot
2562 5198 2614 5246 at
2646 5192 2929 5246 ministros
2970 5195 3175 5244 vetaret
3215 5190 3280 5242 ia
3315 5181 3791 5250 Hau-amborum
3826 5192 3857 5232 e
3888 5190 4151 5249 cuonem
4182 5190 4287 5243 i·-

2297 5261 2434 5317 velu‘-
2504 5258 2763 5330 (Spina,
2798 5258 3015 5315 Hau-db.
3045 5256 3151 5312 329
3184 5256 3288 5322 u.)
3785 5328 3855 5383 31
