4900 6125
248 371 354 433 185

1092 553 1294 625 4043.

821 723 1102 793 SPINA
1147 724 1585 794 OALVINO.

396 895 642 962 Barim
702 916 770 963 ee
832 897 1100 964 scribere
1160 897 1446 981 affimat
1507 899 1663 982 quia
1716 898 1960 981 alioqui
1999 898 2174 964 curis

233 981 530 1048 obsessum
572 982 715 1049 suis
754 987 811 1048 et
850 1003 1108 1050 suorum
1151 1003 1411 1050 onerare
1450 1005 1577 1051 non
1608 984 1756 1065 vult,
1801 983 1996 1050 simul
2029 1002 2172 1049 eum

233 1066 384 1133 iubet
433 1066 729 1133 bonorum
784 1070 1117 1155 saffra-(fis
1157 1075 1498 1137 contentum
1539 1071 1814 1138 aliorum
1858 1069 2172 1136 imidiam

229 1153 540 1236 despicere.

535 1323 647 1392 (Ex
683 1323 1025 1395 autographo
1060 1325 1188 1380 Cod.
1219 1325 1426 1381 Gener.
1464 1326 1584 1391 110,
1619 1326 1715 1384 rol.
1747 1324 1860 1393 29.)

556 1498 618 1561 A
662 1494 1007 1562 Monsieur
1050 1496 1395 1563 Monsieur
1448 1496 1819 1581 despeville.

382 1663 524 1732 Cur
575 1664 659 1731 ad
714 1686 836 1732 vos
889 1666 1105 1734 rarius
1168 1668 1532 1735 scribamus
1573 1667 1969 1752 multiplices
2011 1675 2167 1734 sunt

216 1770 467 1818 causae:
536 1752 840 1834 inprimis
905 1751 1078 1836 quod
1141 1773 1277 1818 non
1341 1774 1603 1838 semper
1658 1755 1847 1820 nobis
1905 1763 2165 1836 praesto

215 1847 361 1902 sunt
426 1837 656 1903 nuncii
717 1838 953 1922 quibus
1034 1838 1258 1905 literas
1322 1849 1581 1906 nostras
1646 1848 1790 1904 tuto
1864 1839 2165 1904 commit-

210 1932 450 2002 tamus,
533 1931 677 1988 tum
744 1922 917 2006 quod
982 1924 1567 1991 turbulentissimis
1644 1925 1792 1991 istis
1856 1928 2164 2008 tempori-

212 2007 330 2073 bus
393 2006 586 2074 nulla
649 2008 840 2075 nobis
905 2009 1040 2075 fere
1103 2009 1435 2076 scribendi
1490 2019 1880 2094 argumenta
1942 2029 2165 2077 occur-

212 2101 363 2159 runt
439 2093 661 2177 qualia
735 2115 774 2159 o
821 2103 1129 2161 taremus.
1233 2095 1411 2176 Quid
1490 2097 1667 2161 enim
1735 2117 2000 2163 necesse
2064 2105 2168 2162 est

208 2179 390 2245 vobis
425 2199 701 2245 narrare
824 2181 904 2259 ‘a,
947 2178 1220 2247 insidias
1254 2190 1322 2246 et
1356 2181 1609 2247 nefaria
1636 2180 2163 2248 adversariorum

208 2275 585 2330 nostrorum
639 2264 926 2346 consilia,
983 2266 1222 2350 quibus
1281 2267 1571 2334 ecclesiis
1613 2267 1902 2351 quotidie
1943 2268 2164 2352 perni-

208 2351 443 2417 niciem
479 2348 893 2416 moliuntur?
952 2349 1132 2434 Quid
1169 2353 1329 2417 item
1353 2350 1766 2433 deiectiones,
1802 2352 2166 2433 mollitiem,

204 2433 567 2518 perfidiam,
656 2434 1061 2522 proditiones
1146 2449 1214 2503 et
1298 2437 1609 2504 scandala
1692 2438 2161 2504 nonnullorum

203 2542 283 2586 ex
319 2521 587 2601 nostris,
623 2523 737 2606 qui
770 2521 1077 2589 ecclesias
1111 2524 1380 2589 saevitia
1405 2530 1474 2589 et
1505 2523 1894 2590 crudelitate
1928 2523 2162 2590 adver-

204 2608 528 2673 sariorum
586 2608 825 2674 misere
884 2607 1276 2674 dilaceratae
1330 2618 1399 2674 et
1455 2607 1803 2693 dissipatas
1855 2607 2165 2676 deserunt

200 2702 265 2757 et
322 2693 626 2792 iacentes
675 2714 758 2793 ac
810 2714 1011 2778 prope
1069 2695 1481 2795 exanimatas
1525 2714 1754 2796 secure
1797 2696 2161 2796 intuentur,

196 2777 2165 2949 ffilgffmmzfflffltmffinaiegsgoffiffioeeguhffigvxtjogng

198 2949 505 3015 adhibita
546 2949 1013 3030 consolatione,
1058 2951 1242 3017 nulla
1283 2953 1597 3034 praestita
1638 2973 1779 3035 ope,
1823 2951 2031 3018 ἆκανθ
2079 2953 2160 3016 αἱ·

196 3057 327 3112 κως
370 3043 820 3121 praetereunt.
912 3034 1110 3119 Quid,
1166 3036 1458 3121 inquam,
1525 3037 1725 3104 refert
1771 3038 1934 3107 haec
1972 3060 2058 3106 vo
2103 3039 2160 3106 is

195 3141 715 3187 commemorare
771 3130 842 3186 et
897 3123 1149 3187 animos
1210 3134 1462 3191 vestros
1516 3133 1613 3189 tot
1677 3126 1852 3190 curis
1894 3124 2161 3191 aliunde

192 3216 476 3274 vexatos
522 3207 627 3274 his
670 3206 885 3272 adhuc
926 3228 1249 3274 exercere.
1322 3208 1666 3292 Equidem,
1710 3209 1883 3294 quod
1924 3210 2008 3276 ad
2054 3230 2161 3277 me

192 3294 453 3373 attinet,
571 3290 925 3359 arcendum
984 3291 1169 3359 vobis
1222 3314 1365 3361 esse
1431 3314 1693 3379 semper
1756 3295 2159 3362 existimavi:

194 3378 315 3445 tibi
394 3379 841 3462 potissimum,
921 3378 1296 3444 venerande
1372 3387 1578 3463 pater,
1656 3381 1772 3465 qui
1845 3382 2032 3447 senio
2093 3388 2165 3448 et

189 3464 407 3530 multo
453 3462 677 3529 adhuc
717 3464 930 3547 magis
969 3463 1319 3541 laboribus,
1362 3485 1523 3548 quos
1564 3486 1684 3548 pro
1718 3466 1992 3533 ecclesia
2024 3486 2165 3533 sus-

190 3551 431 3634 cepisti
493 3558 564 3616 et
619 3549 980 3633 pertulisti,
1030 3552 1365 3617 confectus
1398 3562 1468 3615 et
1508 3559 1770 3617 tantum
1813 3573 1945 3618 non
2007 3571 2161 3618 oon-

189 3646 508 3720 sumptus
574 3635 805 3701 audire
857 3656 942 3701 ex
997 3636 1187 3702 nobis
1252 3635 1421 3702 nihil
1477 3635 1749 3703 deberes
1802 3638 1933 3703 nisi
1987 3659 2076 3722 qu

188 3722 499 3787 animum
566 3730 759 3786 tuum
817 3720 1242 3799 exhilararet,
1308 3730 1378 3788 et
1438 3721 1834 3807 longiorem,
1901 3724 1957 3791 si
2013 3723 2161 3789 fieri

186 3823 435 3891 posset,
519 3806 642 3873 tibi
716 3806 923 3872 vitam
988 3806 1395 3890 produceret.
1504 3806 1703 3875 Oerte
1765 3810 1837 3874 in
1900 3808 2163 3893 publica

185 3892 547 3959 commoda
600 3891 767 3957 mihi
820 3913 1091 3976 peccare
1153 3891 1463 3959 videntur
1524 3913 1656 3960 non
1699 3896 1914 3961 solum
1957 3895 2159 3961 scele-

184 3980 319 4043 rati
356 3982 467 4042 καὶ
534 3978 857 4064 κατάρατοι
912 3977 1021 4044 isti
1079 3978 1440 4046 nebulones
1507 3980 1620 4063 qui
1669 3987 1738 4045 te
1793 3978 2161 4048 maledictis

182 4065 324 4131 suis
384 4063 757 4148 exagitant,
801 4064 1205 4149 (quanquam
1265 4066 1440 4132 vitae
1499 4074 1651 4132 tuae
1705 4087 1906 4133 cursu
1970 4087 2049 4132 ea
2091 4074 2160 4132 te

184 4150 580 4233 praeditum
638 4150 1011 4216 constantia
1068 4149 1416 4218 declarasti
1475 4159 1549 4216 ut
1602 4171 1846 4237 magno
1901 4173 2162 4236 semper

185 4236 421 4301 animo
468 4237 748 4301 istorum
785 4236 1079 4301 convicia
1121 4246 1189 4301 et
1230 4236 1594 4304 calumnias
1636 4239 2158 4322 contempseris),

182 4321 303 4387 sed
348 4322 429 4388 hi
477 4322 679 4386 etiam
723 4323 836 4404 qui
877 4320 1178 4387 scribunt
1218 4330 1337 4388 aut
1375 4331 1651 4387 narrant
1693 4323 1943 4408 aliquid
1987 4324 2157 4408 quod

180 4415 249 4473 te
294 4408 567 4474 cruciet
607 4416 723 4471 aut
766 4404 1130 4473 molestiam
1175 4407 1460 4492 aliquam
1504 4407 1830 4476 exhibeat.
1906 4409 2016 4476 Ita
2056 4410 2158 4475 vi-

182 4493 371 4570 xisti,
446 4493 543 4557 mi
589 4504 793 4575 pater,
859 4492 954 4557 ita
1019 4506 1084 4559 te
1149 4494 1410 4577 gessisti
1474 4494 1546 4559 in
1592 4494 1790 4561 rebus
1832 4495 2160 4575 omnibus,

180 4600 333 4646 eam
386 4577 678 4661 denique
718 4578 1268 4645 existimationem
1312 4578 1486 4664 apud
1528 4601 1757 4646 omnes
1799 4580 2001 4647 bonos
2045 4583 2160 4648 ad-

178 4676 387 4751 eptus
428 4685 527 4744 es,
569 4672 649 4729 ut
681 4664 1110 4729 metuendum
1144 4683 1277 4731 non
1322 4668 1412 4731 sit
1450 4666 1534 4731 ab
1576 4666 1892 4749 improbis
1934 4678 2002 4733 et
2041 4669 2161 4734 fla-

177 4753 455 4837 gitiosis
496 4750 642 4816 istis
687 4748 1146 4826 desertoribus,
1213 4772 1297 4816 ne
1340 4751 1693 4818 virulentis
1735 4753 1872 4819 suis
1915 4775 2159 4820 sermo·

177 4839 389 4903 nibus
478 4835 660 4901 illam
741 4835 1207 4902 contaminent.
1310 4837 1593 4903 Tantam
1672 4838 2161 4922 improbitatem

178 4923 535 4988 Dominus
578 4921 691 4986 diu
734 4921 1017 4987 inultam
1061 4943 1200 4987 non
1242 4922 1431 4989 sinet.

363 5007 549 5089 Quis
600 5007 690 5073 sit
740 5027 963 5073 rerum
1023 5016 1395 5075 nostrarum
1450 5015 1663 5077 status
1718 5009 1966 5094 poteris
2008 5030 2159 5097 cog-

174 5113 477 5162 noscere
519 5113 604 5158 ex
647 5091 859 5159 literis
901 5114 1064 5177 quas
1105 5094 1258 5161 misi
1296 5092 1381 5160 ad
1422 5094 1695 5162 fratrem
1740 5104 2037 5163 nostrum
2073 5099 2158 5165 D.

180 5180 623 5248 Theodorum.
696 5178 903 5244 Varia
948 5187 1107 5245 sunt
1154 5188 1222 5245 et
1262 5180 1516 5248 incerta
1557 5180 1911 5248 admodum
1948 5182 2160 5249 homi-

172 5288 353 5333 num
430 5264 726 5343 consilia,
790 5263 1009 5348 qualia
1070 5285 1339 5333 necesse
1394 5278 1495 5333 est
1553 5288 1696 5335 esse
1738 5268 2003 5335 illorum
2046 5268 2161 5353 qui

1911 370 2073 434 1563
2117 366 2535 435 NOVEMB.

4111 373 4229 435 186

2276 556 2424 622 luce
2471 556 2653 623 verbi
2694 556 2828 622 Dei
2870 567 3096 624 carent
3142 579 3352 641 neque
3408 563 3778 642 mquuntur
3819 558 4053 624 ducem
4097 560 4229 644 spi-

2276 642 2503 707 ritum.
2573 642 2678 708 Ea
2719 650 2941 708 tamen
2978 664 3095 728 spe
3133 643 3242 710 hic
3278 643 3583 724 vivimus,
3629 642 3896 709 tandem
3931 644 4228 710 futurum

2277 734 2353 792 ut
2394 727 2600 806 Deus,
2667 749 2707 793 a
2772 749 2900 811 quo
2969 730 3089 795 toti
3154 729 3518 814 pendemus
3582 740 3650 796 et
3714 731 3897 796 cuius
3939 728 4231 796 bonitate

2275 812 2414 878 sola
2457 815 2752 892 nitimur,
2823 835 3052 882 omnes
3108 815 3526 882 difficultates
3582 825 3850 899 superet
3902 822 3970 881 et
4030 835 4231 898 expe-

2275 896 2434 978 diat,
2506 909 2572 965 et
2650 920 2813 983 opus
2891 899 3064 984 quod
3140 899 3475 968 inchoavit
3558 900 3836 968 feliciter
3907 901 4228 968 conficiat.

2273 983 2480 1049 Illum
2536 1004 2652 1051 oro
2707 985 2906 1051 etiam
2949 994 3145 1071 atque
3194 987 3394 1053 etiam
3439 994 3518 1053 ut
3551 994 3737 1053 tuam
3780 985 4230 1054 valetudinem

2272 1071 2621 1136 confirm0t
2677 1078 2745 1137 et
2793 1079 2860 1137 te
2905 1072 3093 1138 nobis
3136 1083 3205 1137 et
3246 1072 3556 1140 ecclesiae
3600 1093 3762 1139 suae
3805 1072 3920 1138 diu
3975 1071 4230 1140 incolu-

2272 1174 2448 1221 mem
2494 1164 2729 1224 servet.
2814 1155 3004 1237 Vale,
3047 1158 3142 1223 mi
3184 1166 3389 1242 pater.
3437 1162 3500 1225 8.
3537 1158 3930 1225 Novembris
3979 1157 4232 1245 1563.¹)

3372 1277 3500 1341 'rui
3543 1276 4057 1343 studioffissimus

3437 1362 3531 1428 Io.
3579 1363 3967 1429 Acanthius.

3148 1872 3347 1943 4⁰44.

2730 2027 3179 2095 'PAOHARD
3209 2029 3257 2113 ι)
3294 2031 3354 2093 A
3398 2027 3767 2095 oALle.

2440 2197 2770 2266 Dea-ande
2816 2199 2896 2266 de
2934 2200 3257 2265 ministres
3298 2205 3356 2265 et
3412 2200 3724 2267 nonnanes
3765 2200 3843 2267 de
3882 2199 4115 2285 1⁹69&oe
4146 2199 4224 2266 de

2268 2283 2679 2364 Montauban,
2722 2290 2781 2351 et
2820 2285 2900 2352 ae
2938 2305 3017 2352 sa
3050 2305 3283 2368 propre
3321 2285 3586 2368 famille.

2269 2455 2658 2525 (Autographe
2693 2456 2764 2510 de
2799 2456 2854 2510 la
2887 2454 3269 2526 Bibliotbeque
3303 2456 3374 2510 de
3403 2455 3624 2512 Gen'eve
3660 2457 3778 2512 Vol.
3803 2454 3923 2524 109,
3955 2456 4045 2511 fol.
4079 2454 4225 2523 127.)

2562 2628 2625 2691 Δ
2668 2624 3140 2710 Monseigneur
3172 2626 3644 2711 Monseigneur
3683 2625 3941 2693 Calvin.

2438 2796 2511 2863 S.
2554 2796 3030 2881 Monseigneur
3086 2806 3156 2864 et
3207 2817 3364 2881 pere
3415 2798 3480 2864 le
3530 2797 3707 2864 frere
3763 2806 4036 2882 presant
4075 2818 4222 2882 por-

2267 2891 2416 2948 teur
2457 2892 2561 2948 est
2602 2902 2857 2966 envoye
2913 2881 3150 2948 devers
3202 2903 3370 2949 vous
3412 2903 3581 2967 pour
3620 2883 3880 2950 obtenir
3921 2884 4222 2949 ministre

2266 2989 2431 3052 pour
2490 2968 2559 3033 la
2614 2966 2771 3035 ville
2825 2966 2906 3032 de
2949 2967 3358 3034 Montauban
3403 2971 3475 3054 je
3531 2989 3696 3037 vous
3749 2970 3891 3052 prie
3934 2989 4224 3054 envoyer

2264 3055 2461 3121 home
2505 3051 2587 3120 de
2626 3054 2884 3120 soavoir
2926 3065 2993 3120 et
3036 3054 3253 3121 bonne
3296 3056 3403 3121 vie
3446 3055 3606 3121 affin
3640 3075 3768 3139 que
3805 3067 3984 3123 ceste
4018 3076 4222 3139 povre

2264 3151 2333 3205 et
2386 3139 2593 3224 petite
2649 3139 2854 3224 eglise
2912 3138 2994 3205 de
3035 3140 3446 3207 Montauban
3495 3148 3647 3226 soyt
3687 3141 4001 3208 consolee.
4085 3141 4223 3208 Les

2263 3224 2438 3292 deux
2480 3226 2818 3291 ministres
2859 3226 3108 3293 forains
3148 3240 3298 3292 sont
3339 3234 3581 3292 mortz:
3625 3247 3759 3292 aux
3800 3227 3974 3293 deux
4017 3228 4222 3293 natifz

2264 3310 2345 3376 de
2389 3312 2458 3376 la
2497 3311 2653 3377 ville
2710 3311 2854 3377 leur
2896 3332 2937 3376 a
2999 3323 3139 3378 este
3181 3313 3339 3378 faict
3378 3312 3949 3378 commandement
3990 3312 4224 3380 vuider

2261 3397 2329 3461 la
2370 3397 2528 3463 ville
2563 3395 2728 3462 dans
2770 3406 2953 3480 troys
3001 3400 3176 3463 ‘ours
3218 3409 3288 3464 et
3329 3396 3735 3483 davantages
3778 3418 3819 3464 a
3859 3419 4016 3483 moy
4075 3399 4219 3464 vui-

2262 3481 2381 3547 der
2444 3483 2511 3548 la
2570 3482 2911 3568 royaulme
3062 3503 3142 3549 ns
3205 3483 3269 3548 le
3326 3503 3518 3568 moys
3573 3497 3640 3549 et
3681 3505 3765 3550 ne
3808 3491 3983 3550 reste
4026 3504 4110 3550 eu
4153 3484 4222 3550 la

2261 3568 2421 3634 ville
2473 3588 2599 3651 que
2640 3568 2928 3635 delas-sus
2980 3569 3095 3652 qui
3137 3578 3238 3635 est
3279 3589 3363 3635 en
3408 3569 3474 3634 la
3515 3569 3671 3635 ville
3714 3590 3882 3653 pour
3922 3569 3988 3635 la
4031 3568 4219 3636 dissi-

2260 3654 2490 3738 pation
2549 3653 2629 3719 de
2680 3675 2801 3721 son
2855 3653 3059 3738 eglise
3118 3654 3199 3721 de
3241 3653 3485 3720 Folhet
3538 3668 3606 3720 et
3658 3675 3889 3720 encore
3946 3676 4030 3721 ne
4101 3654 4218 3738 luy

2262 3832 2325 3839 -—

2257 3944 2532 4014 amal)
2567 3943 2744 3999 Haud
2770 3943 2939 4010 facile
2969 3943 3248 4010 definieris
3279 3944 3427 4000 ande
3459 3944 3592 4000 haec
3623 3945 3852 4012 epistota
3887 3944 4098 4012 scripta
4131 3943 4220 3997 sit.

2259 4015 2298 4070 J
2300 4031 2403 4067 ean
2453 4014 2526 4067 de
2571 4013 2807 4094 pespine
2858 4011 2937 4094 ne·
2972 4014 3008 4069 a
3039 4013 3196 4095 Daon
3249 4012 3377 4084 pres
3429 4014 3498 4067 de
3541 4013 4042 4068 obitam-Gontier
4093 4026 4221 4133 3³0¹:

2262 4082 2418 4217 lffi:
2470 4099 2662 4206 22⁰¹ssss
2704 4082 3247 4220 amtltnvqufflzg
3291 4083 3926 4205 ffaeizessguxlifiaiegmg
3972 4096 4220 4227 :inquisti-e

2261 4220 2464 4276 Claude
2498 4220 2585 4273 Du
2621 4219 2843 4275 Monlin.
2895 4220 3027 4273 Puis
3060 4220 3101 4273 il
3137 4237 3196 4273 se
3231 4221 3416 4273 rendit
3450 4221 3484 4275 a
3515 4220 3598 4273 La
3631 4217 3914 4274 Bochelle.
3961 4212 4228 4281 (L'iqlue

2262 4288 2362 4356 ref.
2399 4290 2468 4343 ds
2505 4288 2757 4371 For-tona
2896 4288 2954 4344 0.
2991 4286 3145 4342 1872.
3190 4289 3255 4370 ,4⁰
3293 4302 3350 4357 p.
3385 4287 3464 4356 9.)
3531 4289 3669 4368 Mais
3704 4289 3746 4341 il
3780 4301 3852 4341 ne
3887 4286 4072 4353 psi-alt
4105 4280 4232 4399 ρίῗὲ

2261 4356 2908 4549 ἶῇἑζὲυιῗιωιῦἷωῗῗ
2931 4356 3086 4480 123⁶
3115 4356 3267 4480 1¹3⁸&
3305 4443 3364 4495 p.
3409 4424 3495 4480 70.
3555 4361 3933 4494 1⁵.¹‹2‹29⁵'⁶²511.U
3951 4347 4235 4481 negastis·

2264 4495 2294 4549 1
2453 4495 2635 4562 ilt'ut
2799 4480 4240 4550 eoeaPrwm.Aunoisaederiev-de10

2260 4562 2427 4619 neme
2472 4561 2646 4619 munde
2702 4563 2716 4576 ⁶
2776 4563 2892 4619 doit
2937 4564 3099 4619 avoir
3126 4560 3382 4629 seyme<
3409 4562 3860 4631 passagenos-ent
3897 4557 3938 4609 ὰ
3981 4552 4241 4607 Samus·

2260 4666 2538 4735 40441)
2571 4667 2777 4721 Martin
2824 4665 3099 4729 Tachard,
3146 4668 3213 4720 ne
3260 4666 3295 4718 a
3337 4664 3701 4727 Montauban,
3754 4656 3929 4712 avait
3984 4648 4167 4706 etudie
4213 4644 4250 4697 a

2262 4736 2500 4791 Geneve.
2569 4734 2796 4806 Envoye
2830 4751 3038 4788 comme
3073 4742 3295 4804 pasteur
3329 4749 3396 4786 eu
3435 4731 3571 4786 1558
3602 4731 3642 4785 a
3662 4724 3948 4796 Pragelfiss
3990 4718 4156 4785 (309·
4185 4712 4255 4766 ‘3⁶

2260 4807 2318 4860 la
2358 4804 2570 4897 φουρ.)
2623 4804 2673 4885 il·
2717 4807 2898 4873 pai-alt
2948 4805 3065 4857 etro
3100 4818 3243 4855 venu
3289 4800 3323 4854 a
3365 4801 3702 4855 Montauban
3759 4810 3886 4864 peu
3946 4789 4024 4842 de
4063 4793 4268 4899 ωιξῐὲἓ

2260 4890 2451 4997 ἓῗέῒίο
2474 4870 3438 4996 ¹³⁰?3233‘00032420350‘530·
3465 4867 3570 4989 02¹1
3597 4886 3667 4989 ξι
3684 4867 3968 4988 ‘3233
3971 4873 4009 4910 ⁰
4035 4924 4082 4975 x
4111 4867 4274 4973 5...-

2260 5019 2385 5064 aent
2420 5010 2781 5075 (amissam).
2849 4957 3241 5079 Rol‘approohe
3276 5006 3344 5060 de
3440 5005 3627 5058 ontluc
3671 5003 3714 5055 il
3766 5013 3840 5080 sp
3859 4992 4095 5077 ,rufin
4138 4985 4280 5038 1³01·ss

2258 5080 2333 5133 du
2369 5095 2629 5149 royaume
2665 5078 2733 5132 de
2767 5075 2920 5131 l’avis
2954 5078 3023 5131 de
3058 5076 3295 5147 l'Eglise.
3357 5073 3464 5127 Les
3498 5078 3684 5126 autres
3721 5068 4055 5121 ministres
4093 5072 4126 5126 y
4162 5062 4284 5104 1⁸0⁸·

2258 5149 2456 5204 terent.
2522 5148 2698 5216 (Ηὼτ.
2735 5146 2857 5201 ecel.
2893 5146 2988 5200 111.
3020 5144 3135 5205 62.)
3203 5145 3252 5199 Il
3299 5144 3482 5196 revint
3527 5141 3578 5194 le
3616 5138 3704 5192 10.
3742 5136 3927 5190 Aout
3983 5143 4066 5179 au

2258 5222 2668 5272 eontentement
2696 5214 2822 5269 d’un
2856 5214 3062 5269 chacun
3100 5214 3199 5282 (ib.
3231 5210 3323 5274 87)
3358 5210 3528 5278 Heca
3561 5209 3660 5263 IX.
3699 5201 3842 5259 338·
3935 5194 4136 5261 ΜΟΠΙ
4169 5184 4300 5243 1⁴⁰⁶

2256 5285 2372 5353 ton,
2410 5284 2560 5340 Hm.
2596 5282 2759 5339 θυαε
2791 5282 2914 5338 ville
2942 5290 3085 5352 prot.
3124 5281 3188 5335 P.
3229 5277 3381 5333 1842.
3413 5292 3471 5347 p.
3505 5276 3589 5331 46.
3627 5273 3718 5329 60.
