4900 6125
425 378 560 439 219
1964 360 2494 431 EPIS‘POLAE
2537 366 2967 432 3676-3678
4350 368 4484 435 220

603 558 654 628 J
653 580 691 626 e
736 577 823 624 ne
869 575 1044 624 veux
1085 554 1266 623 aussi
1307 552 1586 639 oublyer
1628 551 1712 619 de
1759 572 1931 619 vous
1975 504 2158 638 dyre,
2199 551 2398 618 Mon-

433 646 634 724 sieur,
692 664 823 729 que
877 662 1045 710 nous
1101 660 1313 709 avons
1366 640 1613 707 obtenu
1665 638 1867 706 letres
1917 635 2000 704 de
2053 637 2120 703 la
2159 636 2401 724 Royne

434 733 519 801 de
565 730 865 799 Navarra
905 750 1058 797 vers
1099 726 1461 795 Messieurs
1503 724 1587 793 de
1628 724 1851 792 Berne
1893 743 2064 809 pour
2104 723 2253 791 leur
2294 743 2400 790 re-

480 838 684 903 ueryr
725 815 1006 931 quelque
1047 811 1504 912 personnaige3
1560 818 1630 879 et
1685 810 1770 878 sil
1813 810 1953 911 s'en
1997 808 2294 877 trouvoit
2334 808 2403 877 la

434 901 1657 1072 0⁶ffiu2⁰32t0b⁰33320⁰22⁸⁰12231⁰3
1682 915 2405 1066 οξὲῗὲωῗὲἓῗῖἷὲ

435 1082 662 1143 vostre
703 1094 965 1160 moyen,
1009 1080 1080 1141 et
1118 1071 1440 1139 touchant
1481 1090 1642 1156 cecy
1683 1070 1833 1155 plus
1877 1089 1918 1134 a
1959 1067 2141 1152 plain
2183 1089 2268 1135 en
2313 1087 2402 1152 ay

428 1166 500 1248 je
555 1160 801 1245 esoript
842 1166 887 1226 a
927 1159 1058 1226 Mr.
1101 1158 1179 1225 de
1233 1158 1302 1223 la
1348 1154 1627 1224 flandae
1678 1176 1846 1239 pour
1890 1176 2052 1223 vous
2095 1175 2182 1221 en
2223 1174 2404 1221 com-

434 1248 790 1331 muniquer
840 1267 883 1313 a
939 1252 1163 1313 vostre
1221 1242 1468 1328 loysyr.
1553 1241 1618 1307 11
1660 1249 1763 1309 est
1819 1240 2120 1326 question
2179 1237 2261 1307 de
2305 1238 2401 1306 M.

435 1334 693 1420 Pyerre
738 1330 1049 1418 Nynauld
1090 1329 1392 1397 ministre
1435 1337 1479 1395 a
1522 1327 1823 1395 Tonnon.

1221 1654 1622 1665 —————

1332 1925 1534 1999 8⁶77.

1061 2098 1304 2164 ΒΕΖΔ
1344 2096 1784 2165 GALVINO.

618 2270 867 2337 Relatio
907 2269 1218 2336 tumultus
1259 2269 1334 2335 iu
1383 2266 1698 2335 Suburbio
1744 2268 1811 2336 S.
1850 2267 2145 2339 Marcelli
2186 2273 2407 2339 exorti.

439 2443 667 2513 (Exstat
823 2443 1041 2507 Bezam,
1077 2442 1161 2495 ed.
1217 2440 1424 2496 Genev.
1455 2456 1508 2510 p.
1562 2438 1685 2506 262,
1735 2441 1895 2496 Laus.
1938 2458 1992 2512 p.
2027 2438 2150 2509 543,
2193 2443 2406 2498 Hanov.

441 2529 497 2583 p.
533 2510 653 2577 610,
769 2516 901 2567 ouet
934 2527 987 2580 p.
1021 2509 1144 2577 359,
1182 2511 1365 2566 Amst.
1403 2528 1456 2580 p.
1494 2506 1612 2563 164.
1651 2539 1716 2549 —
1753 2510 1942 2566 Baum.
1978 2510 2046 2565 11.
2071 2513 2222 2582 App.
2266 2511 2410 2581 148.)

619 2683 778 2751 Acci
907 2681 1067 2766 quid
1127 2683 1288 2748 novi
1347 2680 1674 2762 acciderit,
1740 2702 1826 2747 ex
1868 2703 1998 2765 quo
2043 2692 2410 2768 postremas

443 2770 528 2836 ad
574 2777 641 2837 te
685 2768 765 2834 de
817 2770 853 2833 ⁸.
922 2767 1153 2835 Pridie
1197 2768 1440 2835 natalis
1465 2766 1741 2834 Domini
1785 2767 2129 2836 discedens
2155 2769 2410 2836 Navar-

442 2877 602 2922 rcna
655 2854 1026 2921 Parisiensi
1078 2853 1389 2921 ecclesiae
1449 2875 1555 2919 me
1610 2855 1929 2920 concessit
1973 2854 2056 2920 ad
2093 2854 2409 2922 triduum.

443 2940 671 3008 Natali
714 2942 857 3025 ipso
900 2941 1294 3024 quievimus.
1384 2939 1730 3019 Postridie,
1792 2941 1979 3025 copia
2032 2941 2225 3007 nobis
2268 2950 2414 3007 tum

442 3027 735 3114 primum
821 3026 996 3094 facta
1118 3026 1334 3094 ublice
1413 3025 1644 3092 diebus
1709 3026 1894 3093 festis
1957 3026 2412 3108 concionandi,

445 3114 612 3180 duas
666 3112 1014 3179 conciones
1158 3113 1272 3179 bui
1311 3112 1904 3196 {frequentissimam
1961 3135 2163 3180 unam
2207 3115 2281 3178 in
2324 3114 2410 3180 D.

445 3199 747 3279 Antonii,
806 3197 1080 3265 alteram
1139 3199 1210 3264 in
1266 3196 1354 3264 D.
1411 3198 1716 3265 Marcelli
1758 3197 2092 3279 suburbio,
2121 3202 2174 3278 ¹)
2214 3198 2414 3284 idque

446 3286 592 3352 sine
634 3284 774 3350 ulla
816 3304 1089 3367 prorsus
1132 3284 1351 3367 specie
1396 3284 1737 3350 tumultus.
1827 3284 2289 3352 Interfuerunt
2330 3305 2415 3351 ex

445 3371 756 3438 omnibus
800 3370 1048 3436 civium
1090 3369 1428 3437 ordinibus
1468 3369 1756 3454 plurimi,
1819 3379 1888 3436 et
1974 3371 2195 3437 uidem
2239 3373 2416 3436 inter

444 3464 740 3525 caeteros
806 3455 889 3521 D.
951 3456 1345 3536 AndelotiuS,
1411 3457 1525 3541 qui
1578 3477 1686 3521 me
1739 3476 1892 3522 cum
1998 3457 2414 3523 onestissimo

446 3551 515 3611 et
556 3543 936 3609 firmissimo
979 3542 1294 3609 comitatu
1338 3563 1458 3627 per
1502 3542 1788 3609 mediam
1830 3543 2067 3610 urbem
2111 3542 2412 3620 deduxit,

447 3628 1061 3712 obstupescentibus
1096 3626 1494 3695 adversariis
1528 3638 1596 3694 et
1631 3650 1892 3695 summa
1920 3650 2070 3694 cum
2094 3629 2416 3695 bonorum

447 3715 913 3814 gratulatione,
958 3735 1234 3798 quorum
1280 3713 1705 3815 multitudine
1747 3715 1848 3815 ita
1886 3714 2188 3815 oppletos
2231 3714 2416 3781 vicos

445 3821 902 3970 ww
903 3809 1062 3985 »ἃς
1099 3800 1719 3954 ffiwzzzfm
1754 3813 2416 3966 swam

443 3994 577 4057 qua
642 3971 852 4038 multo
917 3979 1118 4037 etlam
1172 3972 1400 4055 plures
1459 3973 1796 4039 affuerunt
1901 3992 2056 4038 uam
2121 3993 2417 4056 unquam

445 4067 659 4126 antea.
683 4143 699 4158 .
745 4059 807 4124 A
851 4056 1129 4142 prandio
1171 4059 1347 4124 itum
1391 4067 1492 4124 est
1530 4056 1615 4158 ad
1658 4058 1884 4125 Marce
1940 4059 1955 4072 '
2004 4057 2416 4159 suburbium,

445 4141 2418 4314 ἲὲίἓῆωὲωηὲἓὲᾞῗῃὲὃῗὲῗωεὲἳᾛῗὲᾝῗΐέἔ

445 4317 683 4402 potuit,
735 4315 1052 4400 quoniam
1105 4337 1226 4383 sua
1282 4324 1517 4400 sponte
1573 4315 1838 4382 infinita
1893 4314 2090 4382 turba
2144 4336 2220 4382 eo
2263 4337 2417 4383 con·

447 4401 715 4481 fluebat,
781 4422 983 4486 quam
1039 4401 1282 4487 alioqui
1339 4401 1631 4469 inimicis
1673 4400 2202 4486 prodidissemus.
2282 4404 2416 4469 Ac·

448 4489 618 4556 cessi
661 4509 702 4554 a
742 4487 1043 4573 prandio.
1144 4485 1387 4555 Aderat
1433 4497 1656 4554 autem
1698 4486 2040 4556 nobiscum
2084 4509 2170 4556 ex
2211 4487 2418 4573 Regi·

449 4596 580 4641 nae
623 4573 936 4641 mandato
975 4572 1254 4659 vigilum
1297 4573 1667 4658 praefectus
1709 4595 1864 4641 cum
1907 4574 2044 4640 suis
2087 4574 2418 4658 apparito-

449 4662 636 4728 ribus
653 4659 712 4746 ι)
775 4659 869 4724 ita
922 4666 1001 4727 ut
1056 4660 1240 4744 regia
1293 4661 1651 4728 auctoritas
1693 4661 1936 4745 ubique
1981 4659 2168 4727 nobis
2204 4659 2418 4744 praei·

626 4950 729 5085 12))
754 4949 1290 5076 {mocolfioeef‘o-
1326 5017 1590 5089 laRoyne
1623 5018 1806 5073 donna
1837 5017 2039 5099 charge
2073 5018 2109 5073 a
2139 5016 2420 5102 Gabaston

456 5087 734 5144 chevalier
765 5089 843 5143 du
875 5093 1010 5159 guet
1043 5093 1104 5144 et
1135 5107 1172 5144 a
1203 5088 1442 5143 d'autres
1471 5102 1673 5143 encore
1687 5087 1779 5160 d’y
1813 5093 2043 5143 ametor
2076 5102 2213 5142 avec
2245 5104 2420 5142 main-

457 5223 596 5280 54³.-
710 5243 748 5297 γ
782 5157 1715 5282 ινᾜὶοιιΡὲιοξῗηοῗῗέιΡπῆοιῖ
1739 5154 2422 5296 doeflareaghauxssoug}

459 5294 667 5361 oreille,
702 5295 929 5349 commis
962 5295 1125 5351 del.
1159 5296 1214 5351 le
1247 5310 1606 5367 gouverneur,
1639 5310 1781 5365 pour
1813 5295 1870 5349 la
1901 5293 2074 5365 garde
2107 5299 2166 5349 et
2201 5295 2420 5351 secrete

2501 558 2623 623 ret.
2710 552 3154 622 Ooncionatus
3196 560 3303 621 est
3344 551 3671 621 Metius.
3679 556 3737 635 ⁸)
3814 554 3990 622 Ecce
4022 554 4233 641 igitur
4267 574 4480 639 quum

2500 640 2619 709 vix
2660 648 2837 706 esset
2877 640 3258 707 concionem
3301 638 3679 724 auspicatus
3695 691 3713 720 ,
3774 647 4137 724 coeperunt
4191 639 4480 708 sacrifici

2501 727 2575 791 in
2638 727 2937 810 proximo
3002 734 3203 809 atque
3268 724 3431 791 adeo
3495 726 3669 793 conti
3722 745 3807 791 uo
3865 724 4170 793 Medardi
4224 725 4480 811 templo

2506 831 2861 895 campanas
2895 831 3053 878 suas
3089 832 3320 877 omnes
3354 831 3552 895 quam
3585 832 3667 880 ve
3718 811 4161 879 ementissime
4187 810 4481 896 pulsare,

2504 898 2689 982 qnasi
2748 919 2904 965 suas
2960 918 3123 980 quas
3176 904 3420 964 vocant
3474 897 3809 982 Vesperas
3851 897 4200 977 cantaturi,
4256 898 4356 964 ita
4394 904 4479 964 ut

2510 981 2815 1050 Maeotim
2859 983 3072 1050 audiri
3107 984 3226 1049 vix
3259 989 3495 1066 posset.
3515 986 3577 1061 ⁴)
3668 982 3775 1049 Ibi
3816 1005 3901 1051 ex
3940 985 4186 1051 nostris
4220 983 4482 1067 aliquis,

2507 1069 2754 1137 nullius
2795 1077 3019 1136 tamen
3077 1070 3285 1149 iussu,
3342 1068 3491 1135 illos
3545 1068 3701 1150 adit,
3757 1077 3827 1137 et
3869 1068 4111 1138 blande
4168 1078 4361 1171 rogat
4397 1076 4481 1136 ut

2505 1155 2926 1240 obstrependi
2984 1156 3188 1221 finem
3242 1154 3508 1221 faciant.
3533 1156 3586 1242 6)
3672 1154 3785 1222 Illi
3841 1155 4027 1240 quasi
4069 1174 4481 1222 occasionem

2507 1241 2689 1308 nacti
2742 1262 2943 1325 quam
2999 1241 3371 1324 captabant,
3430 1252 3506 1307 ut
3557 1242 3671 1326 qui
3714 1262 3850 1308 una
3890 1262 4047 1309 cum
4089 1241 4340 1326 aliquot
4381 1240 4479 1306 si·

2507 1326 2701 1395 cariis
2741 1326 2827 1394 ad
2870 1327 2994 1394 hoc
3038 1329 3257 1411 ipsum
3301 1328 3567 1414 egregie
3605 1348 3749 1395 sese
3792 1334 4300 1412 comparassent,
4345 1326 4479 1392 im·

2506 1420 2735 1497 petum
2768 1414 2838 1480 in
2880 1413 3073 1479 illum
3106 1414 3375 1496 faciunt,
3416 1424 3484 1480 et
3524 1414 3847 1481 inermem
3887 1422 4084 1482 conto
4121 1413 4483 1493 traiiciuns

2508 1519 2705 1583 quem
2763 1499 3212 1584 pertuisanam
3267 1520 3598 1568 vocamus.
3684 1499 3833 1567 Hoc
3875 1499 4088 1567 scelus
4132 1497 4343 1567 nostri
4387 1498 4483 1565 si-

2508 1584 2652 1651 mul
2695 1592 2890 1669 atque
2933 1594 3440 1669 conspexerunt,
3484 1605 3563 1652 eo
3607 1593 3790 1652 recta
3829 1584 4160 1653 feruntur.
4227 1585 4482 1651 Hostes

2510 1679 2578 1737 et
2620 1670 2749 1755 ipsi
2791 1682 3170 1751 occurrunt,
3210 1670 3541 1755 simulque
3584 1691 3671 1737 ex
3714 1670 3884 1737 turri
3926 1680 4063 1737 tem
4108 1669 4161 1736 li
4203 1679 4273 1737 et
4314 1670 4478 1737 vici·

2509 1756 2615 1825 nis
2673 1755 2947 1824 aedibus
2990 1776 3156 1822 saxa
3197 1766 3263 1822 et
3304 1755 3520 1835 sudes,
3579 1757 3769 1840 quasi
3811 1759 4004 1842 signo
4095 1765 4225 1837 ato,
4281 1754 4482 1823 deiici

2507 1852 2880 1926 coeperunt.
2971 1840 3077 1908 Ad
3121 1841 3301 1909 hunc
3343 1842 3726 1921 tumultum,
3772 1843 3885 1927 qui
3927 1844 4311 1910 concionem
4360 1863 4483 1907 an-

2508 1926 2795 2009 diebant,
2840 1928 3097 2012 ingenti
3140 1949 3480 1995 murmure
3522 1934 3772 2009 exorto,
3816 1928 4042 1995 statim
4087 1927 4482 2013 provolant:

2509 2013 2733 2079 omnia
2787 2015 3079 2079 maximo
3138 2013 3430 2080 tumultu
3482 2015 3866 2081 miscentur.
3954 2013 4224 2082 Interea
4266 2013 4482 2080 nostri

2508 2098 2593 2165 ad
2652 2099 2830 2185 ipsas
2881 2121 3089 2183 usque
3147 2100 3377 2183 templi
3436 2100 3610 2167 fores
3668 2100 4084 2167 adversarios
4128 2099 4478 2183 repellunt.

2508 2186 2655 2271 Ego
2697 2186 2865 2252 forte
2904 2186 2975 2251 in
3018 2184 3317 2252 cubiculo
3360 2184 3720 2265 adstabam,
3763 2185 3939 2270 quod
3980 2208 4064 2252 ex
4101 2206 4235 2253 uno
4270 2184 4482 2253 latere

2509 2270 2729 2338 locum
2765 2271 2988 2355 ipsum
3031 2271 3144 2338 ubi
3188 2279 3454 2339 coactus
3499 2281 3644 2337 erat
3684 2281 3932 2351 coetus,
3976 2294 4063 2339 ex
4096 2271 4303 2338 altero
4339 2270 4486 2355 pla-

2510 2365 2688 2423 team
2741 2358 3077 2441 spectabat
3130 2378 3262 2441 qua
3318 2356 3797 2424 transeundum
3858 2366 4002 2424 erat
4041 2356 4351 2425 omnibus
4394 2355 4487 2423 ad

2509 2454 2846 2511 certamen
2924 2444 3449 2527 properantibus.
3562 2441 3857 2510 Gonatus
3936 2465 4086 2511 sum
4149 2452 4480 2527 quantum

2512 2529 2697 2613 potui
2754 2538 2821 2595 et
2875 2549 3033 2595 voce
3087 2538 3156 2593 et
3207 2550 3410 2595 manu
3462 2528 3776 2595 mulieres
3819 2539 3885 2595 et
3927 2530 4199 2596 turbam
4240 2529 4485 2596 confir·

2514 2634 2734 2681 mare:
2790 2621 2857 2680 et
2915 2613 3228 2681 Malotius
3280 2616 3419 2699 ipse
3462 2615 3734 2681 minime
3780 2614 4224 2699 perturbatus,
4290 2614 4486 2699 signo

2516 2700 2665 2767 dato
2709 2707 2787 2767 ut
2828 2700 3169 2767 Psalmum
3214 2699 3545 2766 decimum
3589 2708 3855 2766 sextum
3898 2722 4305 2780 caneremus,
4370 2722 4488 2785 po-

2514 2785 2749 2871 pulum
2804 2794 3135 2869 utcunque
3192 2787 3486 2852 retinuit.
3574 2787 3720 2852 Iam
3774 2787 3981 2872 igitur
4038 2807 4250 2872 paene
4305 2806 4487 2854 oom-

2517 2872 2732 2956 posita
2775 2882 2966 2938 erant
3006 2873 3245 2950 omnia,
3290 2894 3497 2956 quum
3540 2882 3814 2957 repente
3859 2873 4140 2941 sacrifici
4177 2894 4329 2940 cum
4363 2895 4491 2940 sua

2518 2958 2806 3040 cohorte,
2868 2980 3073 3042 quum
3139 2978 3284 3025 sese
3347 2965 3416 3024 et
3479 2979 3520 3024 a
3582 2959 3864 3045 vigilum
3977 2960 4260 3026 raefecto
4321 2967 4391 3025 et
4446 2983 4493 3026 a

2517 3046 2764 3113 nostris
2806 3045 2903 3110 ita
2943 3053 3290 3113 cernerent
3331 3043 3649 3125 obsessos,
3695 3054 3773 3113 ut
3806 3066 3933 3112 eva
3977 3043 4131 3112 endi
4165 3067 4316 3130 spes
4350 3067 4487 3113 non

2518 3139 2706 3210 esset,
2774 3152 3245 3215 campanarum
3306 3131 3524 3215 pulsu,
3592 3153 3793 3216 quem
3860 3133 4165 3198 toxinum
4224 3143 4481 3213 vocant,

2517 3237 2749 3283 omnes
2804 3217 2891 3282 ad
2946 3237 3127 3282 arma
3187 3226 3568 3284 convocant.
3654 3219 3829 3284 'Eum
3870 3237 4030 3285 vero
4076 3219 4285 3284 nostri
4328 3237 4492 3283 con·

2517 3301 2679 3369 ferri
2742 3303 3148 3388 praecipites.
3250 3303 3398 3388 Ego
3463 3325 3669 3387 quum
3733 3306 3867 3370 iam
3930 3324 4273 3370 cernerem
4339 3303 4493 3370 nul·

2518 3387 2658 3454 lum
2722 3409 2866 3456 esse
2929 3389 3219 3455 remedio
3282 3389 3521 3469 locum,
3587 3391 3661 3455 in
3716 3389 4005 3474 plateam
4059 3409 4330 3457 accurro
4384 3391 4492 3456 in·

2518 3495 2732 3541 ermes
2773 3482 3243 3558 procurrentes
3278 3473 3500 3542 verbis
3536 3483 3605 3540 et
3637 3476 3938 3560 opposito
3972 3476 4140 3541 ostio
4174 3473 4485 3560 impedio,

2517 3582 2601 3626 ne
2643 3562 2713 3626 in
2736 3561 3106 3644 periculum
3148 3559 3579 3626 manifestum
3622 3568 3847 3627 ruant:
3894 3560 4066 3645 quod
4090 3560 4360 3645 quidem
4393 3563 4495 3628 ita

2517 3645 2857 3713 commode
2913 3646 3084 3711 mihi
3124 3648 3459 3731 suggessit
3500 3647 3853 3726 Dominus,
3921 3655 4000 3711 ut
4044 3667 4290 3733 magna
4330 3669 4492 3748 pars

2518 3733 2752 3798 turbae
2794 3732 2998 3798 fuerit
3039 3732 3313 3817 periculi
3354 3731 3607 3818 ignara,
3667 3743 3736 3798 et
3778 3730 4088 3799 Malotius
4131 3755 4249 3819 per
4292 3731 4493 3799 dimi·

2519 3817 2695 3883 diam
2752 3817 2991 3883 horam
3028 3819 3216 3902 quasi
3260 3816 3458 3884 rebus
3478 3817 3878 3902 .tranquillis
3922 3819 4291 3902 perrexerit
4328 3839 4493 3885 con·

2518 3903 2786 3984 cionari,
2844 3904 3149 3987 quamvis
3206 3903 3320 3969 ille
3362 3904 3577 3970 toxini
3620 3905 3880 3971 sonitus
3919 3903 4301 3971 auditorum
4345 3905 4495 3971 ani-

2518 4009 2664 4055 mos
2720 3987 2998 4056 subinde
3041 3989 3443 4074 percelleret.
3534 3988 3613 4056 si
3657 3991 3769 4074 qui
3812 3990 4073 4057 interea
4159 3989 4490 4071 redibant,

2517 4077 2613 4142 eis
2654 4075 2855 4143 fiebat
2896 4074 3183 4141 exeundi
3225 4083 3538 4158 potestas,
3597 4076 3715 4142 sed
3757 4094 3911 4141 cum
3953 4096 4078 4142 con
4126 4077 4346 4158 itione,
4413 4086 4497 4144 ut

2519 4160 2955 4228 consisterent
2993 4161 3197 4228 tantis
3244 4181 3318 4226 er
3359 4160 3519 4227 dum
3563 4182 3605 4226 a
3646 4162 3908 4242 nostris,
3954 4162 4015 4228 si
4055 4161 4150 4229 ita
4184 4183 4351 4246 opus
4384 4183 4495 4230 es·

2516 4254 2639 4324 set,
2682 4257 3132 4314 evocarentur.
3272 4268 3384 4314 um
3429 4247 3593 4314 haec
3635 4249 3815 4315 intus
3859 4262 4207 4332 geruntur,
4252 4249 4493 4330 nostri,

2517 4342 2875 4417 praeeunte
2909 4339 2979 4397 et
3010 4332 3279 4399 iubente
3312 4332 3593 4415 vigilum
3627 4334 3974 4417 praefecto,
4017 4335 4275 4418 impetu
4295 4335 4493 4414 facto,

2518 4419 2750 4503 templi
2795 4419 2968 4485 fores
3020 4439 3171 4484 cum
3222 4419 3560 4504 repagulis
3610 4439 3874 4485 summa
3916 4420 3983 4484 vi
4039 4420 4493 4573 perfrinffiunt.

2520 4505 2767 4572 Hostes
2830 4503 3100 4584 balistis,
3159 4505 3444 4587 ensibus,
3506 4505 3737 4586 contis,
3805 4505 4004 4586 saxis,
4082 4517 4150 4572 et
4213 4528 4294 4575 su
4343 4507 4495 4575 'bus

2522 4743 2732 4799 d'icelle
2766 4749 2823 4798 et
2859 4746 3027 4798 estoit
3059 4742 3423 4815 accompagne'
3458 4745 3528 4799 de
3574 4746 3699 4815 cinq
3734 4761 3806 4799 ou
3852 4744 3939 4799 six
3989 4744 4059 4798 de
4106 4761 4197 4801 ees
4246 4745 4494 4803 amba-n.

2527 4811 3332 4892 Gabanonqtapmem‘tcm
3382 4814 4493 4884 numentanam-agedon·-

2630 4943 3654 5033 ,3)10.Μαιοι,οιεαω·ωήκι
3711 4949 4497 5012 adamantum

2524 5018 2757 5214 ‘LK
2728 5017 3425 5213 &af-”im
3323 5086 3521 5213 ωε.
3535 5087 4245 5215 ‘swas-ffe-
4280 5089 4371 5150 ⁶·
4404 5091 4498 5149 Β·

2730 5225 2791 5291 5)
2837 5223 3143 5296 Qudqu’un
3175 5219 3245 5281 δι’
3286 5225 3614 5283 Pescennio
3657 5227 3873 5283 nomme·
3908 5227 4170 5298 Peequot.
4216 5245 4346 5285 sens
4390 5248 4499 5288 en·

2525 5311 2694 5352 cunco
2727 5311 2926 5353 armes.
2996 5294 3177 5362 (Hm.
3207 5296 3333 5354 cccl.
3366 5296 3413 5351 L
3448 5294 3595 5365 671.)
