4900 6125
645 375 730 440 55
2160 370 2689 439 EPISTOLAE
2734 374 3157 438 3974—3077
4539 377 4598 440 ⁵6

644 558 825 661 apud
866 578 976 625 me
1017 563 1194 639 sunt,
1238 564 1308 625 et
1348 577 1386 625 e
1429 577 1708 659 quorum
1751 562 1942 626 coetu
1985 556 2072 625 ad
2113 558 2279 626 1:000
2299 557 2609 626 (noman

646 665 773 799 1320
817 733 877 798 2.
922 643 1502 797 Infiniielbsgiabdun,
1545 664 1667 712 vos
1710 664 1940 712 omnes
2005 643 2314 712 salutant.
2383 643 2607 712 Gene-

1521 866 1855 935 Iohannes
1896 865 2219 935 Calvinus
2262 875 2435 935 tuus.

818 1072 922 1140 Ne
948 1077 1034 1151 ¹¹)
1076 1072 1636 1140 Lutheranismus
1696 1073 1803 1140 vel
1856 1073 2135 1157 obrepat
2178 1073 2287 1141 vel
2330 1073 2610 1142 inveha-

647 1167 757 1226 tur
813 1159 885 1226 in
930 1158 1216 1227 Galliam
1274 1158 1501 1227 sedulo
1559 1158 1866 1245 advigilo,
1933 1159 2100 1225 mihi
2160 1158 2373 1227 crede.
2474 1160 2609 1244 Ap-

646 1246 905 1312 tissima
929 1247 1015 1320 ¹²)
1068 1246 1239 1312 ratio
1289 1245 1435 1313 visa
1490 1251 1592 1312 est
1647 1246 1704 1312 si
1761 1245 2082 1314 confessio
2135 1243 2484 1313 Gondeaem‘s
2538 1251 2610 1311 et

645 1331 925 1398 aliorum
970 1351 1319 1415 procerum
1362 1331 1630 1397 nomine
1673 1352 1712 1397 a
1757 1351 1864 1398 me
1920 1331 2168 1416 scripta
2229 1352 2408 1398 nunc
2451 1327 2605 1397 eda·

645 1418 879 1501 tnr,¹⁸)
924 1438 1058 1500 qua
1099 1417 1299 1483 fidem
1342 1417 1714 1502 famamque
1758 1437 1951 1484 suam
1993 1417 2360 1502 obstringat
2394 1424 2465 1482 et
2506 1437 2609 1483 co-

645 1511 849 1570 netur
893 1501 1263 1569 Germanos
1304 1503 1640 1588 principes
1682 1502 1767 1569 ad
1809 1523 1931 1570 nos
1972 1502 2374 1587 pertrahere.
2463 1502 2605 1569 Ex-

644 1595 868 1673 specto
912 1588 1071 1655 dum
1115 1588 1279 1655 mihi
1322 1588 1732 1672 respondeat.
1821 1589 2252 1656 Admiraldus
2293 1609 2445 1655 eum
2489 1609 2607 1654 ur-

644 1682 776 1761 get.
856 1672 935 1740 Si
978 1673 1195 1742 elicita
1235 1674 1435 1741 fuerit
1476 1673 1885 1759 subscriptio,
1911 1678 1999 1756 ¹⁴)
2044 1674 2209 1742 haec
2247 1695 2356 1741 res
2390 1674 2608 1758 pariet

645 1760 837 1827 nobis
879 1759 1201 1826 iucundos
1242 1758 1451 1827 ludos.
1539 1760 1810 1827 Interea
1860 1760 2093 1828 melior
2146 1768 2246 1827 est
2301 1760 2605 1827 ecclesia-

646 1867 801 1912 rum
866 1844 1155 1913 conditio
1220 1866 1415 1930 quam
1474 1847 1829 1926 existimes,
1898 1854 1964 1913 et
2027 1846 2242 1913 maior
2302 1845 2603 1913 libertas:

646 1932 801 2015 quia
844 1952 969 1998 sua
1009 1931 1142 1998 illis
1184 1932 1306 1998 reli
1356 1932 1416 1997 ‘o
1456 1941 1684 1999 manet
1725 1933 1989 1999 intacta.
2073 1932 2415 2000 Confessio
2462 1932 2607 2017 regi

644 2017 862 2086 oblata
915 2038 1067 2084 cum
1109 1953 1530 2085 Oatecffismo
1587 2018 1723 2085 illis
1778 2019 2200 2103 permittitur.
2296 2018 2606 2102 Denique

645 2103 831 2170 nulla
874 2105 1181 2170 mixtura.
1209 2108 1292 2183 ¹⁸⁵)
1381 2103 1776 2171 Timendum
1831 2125 1991 2172 vero
2035 2124 2170 2170 non
2214 2111 2317 2171 est
2358 2123 2446 2169 ne
2488 2122 2606 2187 pa-

642 2191 855 2341 fi⁸t¹3¹⁰
901 2193 1354 2291 Augustanam
1397 2191 1892 2272 confessionem,
1944 2191 2002 2257 si
2046 2190 2293 2257 centies
2335 2189 2608 2256 obtrusa

673 2285 862 2353 uerit,
903 2285 1242 2360 recipiant.

819 2361 996 2444 Quia
1044 2381 1230 2427 meae
1269 2362 1342 2428 in
1378 2360 1732 2427 Ieremiam
1766 2362 2243 2447 praelectiones

642 2446 961 2514 nundinis
1006 2446 1302 2528 edentur,
1346 2447 1589 2515 librum
1633 2448 1881 2533 placuit
1917 2447 2217 2514 Palatino
2308 2447 2495 2512 care.
2519 2450 2606 2524 ¹¹⁵)

641 2534 723 2599 In
767 2534 1169 2618 praefatione
1214 2533 1509 2600 breviter
1551 2534 1951 2619 complector
1985 2534 2191 2601 totius
2226 2540 2606 2600 controver-

642 2620 781 2686 siae
824 2639 1170 2686 summam.
1259 2620 1370 2686 Ita
1421 2620 1536 2685 fiet
1591 2627 1670 2686 ut
1710 2619 2027 2687 Bremia-s·
2071 2640 2141 2686 se
2199 2624 2432 2688 contra
2497 2637 2605 2683 me

641 2711 881 2773 vertat.
906 2708 992 2785 ¹⁷)

805 2791 1012 2858 Pater
1034 2794 1116 2876 18)
1161 2811 1520 2877 puerorum
1558 2791 1671 2876 qui
1714 2792 1837 2858 has
1872 2789 1994 2856 tibi
2030 2789 2309 2856 reddent
2341 2790 2606 2875 rogavit

636 2885 716 2946 ut
781 2899 893 2945 eos
956 2877 1081 2944 tibi
1145 2876 1689 2945 commendarem.
1768 2878 1981 2945 Porro
2043 2875 2413 2942 molestiam
2480 2873 2604 2941 tibi

638 2963 936 3031 exhiberi
982 2982 1118 3029 non
1162 2964 1363 3049 cupit,
1408 2963 1525 3030 sed
1568 2984 1773 3048 quum
1814 2963 2046 3031 tulerit
2077 2961 2350 3042 occasio,
2393 2968 2472 3028 ιιι
2505 2961 2605 3027 in-

638 3051 865 3136 quiras
908 3071 1107 3135 quam
1149 3049 1446 3118 modeste
1491 3071 1562 3117 se
1605 3059 1844 3137 gerant
1901 3057 1970 3118 et
2024 3069 2214 3117 cures
2272 3048 2347 3114 in
2390 3047 2604 3115 officio

639 3137 980 3206 contineri.

2331 2360 2607 2426 roximis

816 3307 1202 3376 lonvizlaeus
1244 3314 1405 3376 tuus
1445 3316 1512 3375 te
1553 3317 1936 3376 reverenter

640 3403 709 3461 et
751 3415 834 3461 ex
870 3394 1093 3462 animo
1133 3395 1393 3462 salutat.
1425 3396 1512 3477 ¹⁹)

1744 3531 1838 3597 Io.
1885 3530 2212 3598 Calvinus
2255 3539 2429 3597 tuus.

812 3754 903 3822 11)
938 3755 1063 3810 Hoc
1092 3754 1507 3826 post-seriptum
1529 3753 1689 3810 habet
1710 3753 1843 3809 God.
1864 3752 2259 3824 Βαηραῑῑεηεὼ,
2284 3754 2412 3808 item
2441 3750 2604 3806 stri-

636 3825 820 3879 censis
860 3830 982 3879 uter
1128 3830 1182 3880 et
1218 3822 1418 3881 Omen.
1454 3822 1598 3878 107⁸.
1673 3823 1751 3878 In
1794 3822 2082 3879 Matini
2113 3821 2434 3893 apographo
2473 3819 2603 3876 eoa.

640 3891 744 3976 108
777 3900 859 3949 eat
894 3896 1115 3949 initium
1151 3893 1301 3949 alius
1332 3892 1592 3963 epistolae
1624 3894 1681 3949 d.
1719 3892 1803 3946 19.
1832 3892 1971 3949 lulio·
2004 3894 2246 3963 scriptae
2279 3907 2445 3963 quam
2480 3890 2607 3945 vide

636 3962 906 4098 ’'smia)
939 4031 1333 4087 probatissima
1378 4031 1510 4086 mur.
1941 4098 1953 4112 ο
2207 4098 2240 4111 ..
2486 4096 2496 4109 ,

814 4098 906 4166 13)
950 4100 1091 4170 opp.
1137 4099 1253 4155 IX.
1290 4099 1407 4154 753.
1462 4098 1712 4170 Proleqq.
1760 4114 1820 4168 p.
1867 4098 1964 4153 lxi.
2036 4096 2260 4153 Produc
2306 4094 2607 4169 quan-uduo

638 4175 768 4225 ante
806 4168 1030 4225 Calvino·
1059 4169 1280 4225 obitum

814 4238 907 4307 14)
939 4237 994 4291 If
1022 4255 1107 4292 ve
1140 4238 1300 4293 could
1334 4238 1497 4307 bring
1529 4235 1720 4305 poople
1754 4242 1813 4290 to
1848 4236 2149 4291 subscribe.

815 4306 908 4367 15)
947 4307 1131 4378 things
1166 4323 1261 4362 are
1297 4308 1577 4377 strangely
1611 4305 1796 4360 mixed
1827 4322 1925 4428 gg.
2156 4374 2166 4385 ·
2325 4374 2335 4385 ο
2528 4373 2540 4387 Ο

679 4443 718 4498 ἆ
756 4376 1052 4501 N1698H6ic
1094 4377 1344 4432 subsistit
1382 4374 1514 4431 Cod.
1562 4373 1694 4429 Tur.
1728 4373 1795 4429 F.
1901 4412 1915 4427 .
1990 4372 2079 4428 De
2123 4373 2263 4429 libro
2312 4386 2434 4442 ipso
2480 4370 2607 4428 mdo

638 4459 676 4499 a
817 4485 830 4498 .
1008 4485 1019 4498 .

678 4584 687 4595 ⁸
817 4512 905 4581 17)
942 4515 1054 4568 Hic
1098 4513 1347 4570 subsint}
1392 4510 1524 4568 God.
1574 4509 1820 4581 Sanoua.
1865 4511 1965 4582 qun·
2009 4510 2111 4566 hoc
2164 4510 2281 4567 loeo
2327 4511 2604 4579 subscrip·

815 4651 842 4703 1
888 4654 910 4709 )
944 4622 1099 4707 Haec
1134 4666 1202 4705 σε
1243 4649 1415 4707 Godd.
1459 4648 1658 4705 Gener.

816 4718 910 4787 19)
943 4719 1100 4778 Haec
1134 4720 1283 4776 solus
1320 4717 1602 4775 simlerus.

3591 560 3790 634 8975.

3019 695 3671 767 IONVILLAEUS
3717 697 4358 767 BULLINGERO.

2891 851 3192 935 Quaeritur
3246 873 3314 920 se
3364 873 3410 919 a
3470 853 3689 922 Troeio
3758 851 3924 920 nihil
3978 854 4285 938 accepisse
4336 861 4614 937 ωιτοφιαιι

2713 937 2774 1003 is
2822 938 3129 1006 Turicum
3169 938 3493 1022 reliquerit
3533 944 3590 1006 a
3631 939 3908 1006 miratur
3949 960 4038 1006 aa
4071 940 4413 1023 fasciculus
4447 939 4615 1007 warn-

2709 1029 2960 1179 m
2999 1024 3348 1092 labellorum·
3390 1025 3526 1107 ipsi
3568 1026 3907 1093 missorum
3964 1026 4038 1092 in
4080 1027 4219 1093 eius
4259 1046 4618 1111 manuspr-

2707 1265 2819 1334 (Ex
2857 1263 3199 1336 autographo
3233 1265 3403 1319 Arch.
3448 1266 3628 1320 Turio.
3677 1266 3822 1321 Plnt.
3872 1265 3965 1321 VI.
4016 1267 4139 1321 Vol.
4175 1264 4294 1334 166,
4328 1265 4452 1320 olim
4483 1265 4620 1320 Set-in.

3250 1335 3315 1389 B.
3353 1335 3499 1404 Epp.
3546 1336 3698 1390 Tom.
3734 1334 3822 1403 24,
3857 1334 3952 1390 fol.
3986 1334 4136 1403 282.)

2707 1488 3094 1556 Clarissimo
3138 1491 3282 1555 viro
3324 1489 3411 1555 D.
3449 1490 3743 1556 Henrico
3786 1490 4175 1576 Bullingero
4210 1490 4508 1557 ecclesiae
4535 1490 4624 1555 ‘ri-

2772 1576 3055 1660 gurinae
3095 1573 3230 1641 fido
3272 1576 3524 1660 pastori
3556 1577 3727 1641 mihi
3768 1576 4127 1660 plurimum
4170 1575 4580 1642 observando.

2882 1744 2955 1813 S.
3003 1746 3269 1813 Literas
3311 1757 3461 1813 tuas
3515 1751 3590 1812 12
3636 1748 3816 1813 Iunii
3861 1750 4156 1832 scriptas,
4182 1749 4233 1824 ¹)
4290 1749 4402 1812 vir
4442 1747 4632 1814 claris-

2709 1833 2894 1912 sime,
2950 1832 3034 1900 ad
3091 1837 3173 1897 23
3231 1833 3471 1917 aooepi‚
3540 1834 3779 1917 quibus
3843 1833 4242 1918 respondere
4311 1835 4376 1899 si
4428 1833 4632 1898 vellem

2709 1918 3036 2002 copiosius
3092 1918 3262 1983 mihi
3317 1939 3451 1985 non
3498 1919 3656 1986 licet
3714 1941 3833 2003 pro
3881 1930 3983 1986 ter
4039 1920 4264 1988 nuncii
4309 1918 4634 1986 discessum

2709 2005 3154 2089 repentinum.
3244 2004 3415 2070 Nam
3464 2005 3589 2071 hae
3653 2005 3797 2090 ipsa
3899 2026 4015 2072 ora
4070 2003 4155 2069 D.
4205 2005 4506 2071 Galam
4540 2025 4636 2088 pro

2709 2090 3033 2175 singulari
3075 2110 3194 2156 sua
3237 2090 3651 2157 humanitate
3692 2102 3762 2157 et
3800 2110 4064 2157 summa
4119 2111 4280 2175 erga
4322 2111 4434 2156 me
4475 2089 4635 2156 beno·

2710 2177 3001 2244 volentia
3043 2176 3391 2261 significat,
3438 2177 3496 2242 si
3529 2177 3684 2260 quid
3720 2177 3919 2244 velim
3960 2178 4131 2244 istuc
4165 2178 4472 2254 scribere,
4512 2189 4638 2242 ants

2712 2261 2874 2329 duas
2916 2261 3113 2327 horas
3156 2262 3490 2328 abiturum
3543 2264 3656 2346 qui
3712 2264 3938 2328 literas
3990 2282 4173 2330 meas
4213 2265 4529 2346 perferat:
4584 2271 4637 2325 et

2709 2349 2868 2432 quia
2909 2349 3058 2414 aliis
3101 2349 3384 2432 negotiis
3443 2348 3854 2427 distrahitur,
3921 2349 4114 2432 paulo
4158 2357 4306 2431 post
4356 2370 4428 2415 se
4467 2349 4642 2429 scrip-

2710 2444 2933 2500 turum
2978 2433 3062 2499 ad
3103 2442 3174 2499 te
3216 2441 3287 2500 et
3330 2454 3436 2499 me
3491 2444 3878 2500 vocaturum
3933 2442 4011 2500 ut
4053 2435 4403 2533 excipiam.
4489 2432 4640 2497 Dmn

2710 2520 4642 2690 3ffl5.3f.5331.2⁰⁰3ffi⁶’mffzzffmnmbz-„bffgm

2710 2692 2934 2769 bitem,
2979 2692 3140 2775 quin
3183 2710 3366 2756 more
3410 2712 3533 2757 suo
3579 2692 3696 2757 tibi
3741 2692 4235 2775 significaturus
4279 2694 4395 2758 sit.

2889 2778 3184 2845 Trecium
3249 2776 3489 2843 abiisse
3552 2780 3611 2842 6.
3681 2777 3846 2843 Maii
3911 2776 4379 2844 intellexeram
4446 2800 4525 2842 ex
4575 2774 4644 2839 D.

2714 2863 2974 2931 Calvino
3017 2864 3124 2930 cui
3168 2864 3542 2946 scripseras,
3599 2863 3717 2928 sed
3761 2863 3984 2929 nullas
4028 2883 4300 2946 prorsus
4348 2863 4436 2929 ab
4475 2883 4548 2928 eo
4581 2861 4646 2925 li·

2711 2957 2887 3017 teras
2951 2968 3102 3017 aooe
3148 2948 3203 3015 i:
3270 2947 3447 3033 quod
3511 2948 3680 3014 mihi
3743 2959 3882 3015 tam
3943 2948 4300 3016 molestum
4373 2969 4512 3015 non
4549 2959 4645 3026 αι,

2711 3057 2909 3122 quam
2951 3056 3079 3137 quo
3159 3054 3391 3103 vereor
3430 3055 3516 3102 ne
3550 3035 3877 3119 acceperit
3898 3034 4284 3103 fasciculum
4307 3035 4644 3109 literarmn,

2709 3143 2911 3208 quem
2965 3122 3066 3189 illi
3121 3120 3467 3187 mittebam
3525 3129 3682 3186 ante
3753 3122 4022 3187 initium
4080 3122 4266 3187 Maii.
4361 3123 4512 3188 'ribi
4565 3120 4648 3184 in·

2709 3209 3121 3293 scripseram
3165 3206 3323 3293 quia
3363 3214 3524 3273 tunc
3565 3227 3827 3291 quoque
3867 3207 3954 3273 D.
3996 3205 4311 3282 Calvinus
4349 3207 4648 3274 scribebat

2710 3303 2777 3361 et
2818 3293 2904 3360 ad
2945 3302 3013 3361 te
3054 3294 3359 3361 mittebat
3413 3292 3756 3376 exemplar
3813 3314 3897 3359 ex
3942 3294 4242 3361 ositionis
4287 3315 4492 3378 quam
4536 3290 4648 3359 Ad·

2709 3379 3057 3448 monitioni
3122 3400 3280 3446 suae
3349 3377 3433 3445 ad
3499 3378 3785 3445 Polonos
3936 3378 4211 3445 diderat.
4321 3378 4646 3447 Mittehm

2708 3466 2908 3534 etiam
2962 3465 3047 3533 ad
3095 3466 3387 3532 Trecium
3449 3469 3525 3529 15
3585 3465 3696 3531 vel
3748 3462 3943 3548 plura
3997 3465 4416 3549 exemplaria
4471 3476 4546 3531 ut
4581 3462 4648 3528 D.

2713 3552 3074 3633 Gualthem,
3156 3550 3392 3633 Wolff),
3448 3551 3760 3617 Lavatero
3824 3560 3890 3616 et
3955 3550 4102 3617 aliis
4169 3553 4408 3619 amicis
4472 3551 4648 3617 daret

2705 3640 2962 3704 Verum
3018 3636 3195 3703 nihil
3258 3655 3549 3720 unquam
3613 3656 4004 3719 responsum
4060 3639 4305 3721 accepi,
4376 3646 4458 3703 ιιι
4499 3652 4650 3701 nune

2707 3724 2974 3793 credam
3014 3724 3452 3807 interceptum
3506 3723 3709 3787 fuisse
3772 3723 4156 3789 fasciculum
4205 3725 4406 3789 illum
4465 3759 4548 3772 —
4589 3755 4652 3766 -

2707 3845 3312 3857 —————
3357 3807 3557 3889 Quod
3599 3807 3766 3873 mihi
3830 3828 4154 3893 pergrave
4197 3830 4276 3876 ac
4323 3809 4652 3875 molestum

2708 3918 2852 3964 esse
2908 3896 3119 3961 fateor
3175 3914 3308 3960 non
3364 3891 3559 3959 modo
3613 3893 3695 3960 ob
3749 3893 3868 3959 illa
3921 3915 4091 3978 quae
4155 3890 4654 3962 commemoravi

2708 3981 3133 4066 exemplaria,
3175 3996 3242 4046 et
3285 4000 3455 4064 quae
3499 3981 3678 4064 typis
3713 3979 4098 4047 excudenda
4131 4001 4549 4057 curaveram,
4587 3997 4653 4042 ne

2707 4066 3130 4134 intercideret
3171 4065 3290 4131 illa
3323 4064 3709 4150 explicatio:
3755 4065 3873 4131 sed
3913 4067 4069 4150 quia
4101 4066 4462 4134 adiunctae
4495 4072 4658 4132 erant

2707 4154 2939 4221 literae
2981 4174 3022 4217 a
3064 4154 3150 4219 D.
3201 4150 3463 4218 Calvino
3506 4149 3591 4215 ad
3636 4149 4000 4217 Samicium
4043 4166 4110 4217 et
4139 4153 4366 4220 Iacob.
4393 4152 4654 4237 Sylviu-

2708 4248 3008 4324 pastores
3068 4237 3377 4319 Polonos,
3444 4235 3680 4321 quibus
3738 4237 4189 4321 respondebat.
4210 4241 4273 4323 ²)
4366 4236 4566 4320 Quod
4609 4234 4654 4297 si

2715 4325 3010 4391 nondum
3077 4325 3246 4389 forte
3321 4323 3570 4388 videris
3644 4320 3829 4388 illam
3909 4325 4425 4409 expositionem,
4491 4324 4657 4388 mitto

2707 4432 2914 4478 unum
2961 4409 3316 4494 exemplar,
3361 4420 3435 4473 ut
3477 4406 3839 4494 intelligam
3887 4432 3968 4475 ex
4021 4422 4107 4485 te,
4150 4431 4238 4476 an
4285 4408 4656 4478 fasciculum

2710 4497 3058 4650 maa-³22
3117 4495 4540 4667 fflssngssfflffiffissfflffl
4425 4498 4656 4649 ...a
4589 4490 4656 4557 “¹

2711 4669 2884 4753 quod
2940 4667 3164 4734 statim
3209 4667 3295 4732 D.
3346 4665 3608 4732 Calvino
3661 4667 3915 4733 reddidi
3975 4677 4054 4732 ut
4107 4667 4406 4735 volebas.
4465 4702 4548 4714 —
4591 4698 4658 4712 -·

2708 4786 4024 4806 ——————————
4069 4754 4394 4820 Genevae
4439 4754 4656 4837 raptim

2709 4846 2768 4906 2.
2814 4840 2972 4906 Iulii
3023 4843 3204 4904 1563.

3278 4975 3563 5043 Oarolus
3602 4976 4007 5044 Ionvillaeus
4048 4978 4144 5043 tui
4186 4974 4654 5044 observandus.

2710 5147 3297 5213 3075.1)Habenuo
3332 5146 3428 5204 azo
3462 5147 3552 5204 die
3585 5148 3730 5206 duae
3762 5149 3842 5204 ad
3868 5149 4154 5206 Gadaum
4191 5148 4475 5206 &Be-un
4509 5144 4658 5212 scrip-

2710 5225 2817 5283 tae,
2848 5217 3057 5273 swan
3092 5217 3170 5272 ad
3204 5216 3579 5273 Innocuam-n.

2915 5286 2978 5353 2)
3015 5286 3151 5342 Non
3184 5292 3416 5343 amnt.

3424 5428 3844 5446 ἡ
