4900 6125
282 400 407 466 398

279 587 643 655 incolumes
709 598 931 654 servet
995 588 1362 673 spirituque
1428 607 1550 656 suo
1613 597 1818 675 regat.
1932 586 2249 655 Genevae

278 677 358 739 21
408 673 730 741 Novemb.
786 675 1047 754 1548.’)

445 811 738 878 Ministri
773 811 1087 878 ecclesiae
1109 810 1526 878 Genevensis
1560 811 1629 878 in
1665 809 1826 878 urbe
1859 821 1930 877 et
1960 810 2034 876 in
2067 830 2244 896 agro.

691 896 978 964 Ioannes
1017 896 1339 964 Calvinus
1381 897 1662 964 fratrum
1705 897 1991 964 nomine.

1156 1443 1352 1515 4154.

799 1598 1277 1668 CALVINUS
1321 1598 1721 1667 BUCERO.

448 1768 720 1838 Felicem
762 1772 822 1837 ei
863 1773 937 1836 in
957 1771 1203 1856 Anylia
1245 1771 1581 1838 adventum
1620 1770 1981 1856 yratulatus
2018 1776 2245 1837 narrat

271 1856 431 1939 quid
463 1858 788 1938 proximis
828 1856 1148 1924 mensibus
1183 1857 1500 1924 acciderit.

275 2027 388 2092 (Ex
441 2028 781 2097 autographo
845 2027 1209 2082 bibliothecae
1244 2028 1472 2098 collegii
1507 2026 1769 2097 oon-poris
1803 2027 2006 2082 Christi
2042 2027 2244 2083 Canta·

273 2096 484 2167 brigiae
529 2097 662 2153 Cod.
698 2096 810 2152 cn.
848 2096 931 2162 19,
968 2112 1025 2165 p.
1055 2095 1550 2234 ‘a’gtitxeiffigffisrum
1597 2113 1754 2152 usum
1802 2097 2095 2168 descripsit
2147 2098 2244 2153 Dr.

267 2334 655 2403 Clarissimo
713 2337 857 2403 viro
916 2345 981 2402 et
1038 2337 1286 2402 eximio
1329 2336 1641 2404 ecclcsiae
1684 2335 1814 2403 Dei
1856 2338 2108 2421 pastori
2149 2336 2239 2405 D.

265 2421 564 2488 Martino
584 2422 848 2489 Bucero
891 2423 1067 2505 patri
1105 2433 1172 2488 et
1207 2430 1617 2508 symmystae
1652 2442 1915 2507 semper
1948 2423 2239 2491 colendo.

444 2591 518 2659 S.
564 2593 834 2660 Literae
877 2603 1032 2661 tuae
1057 2600 1111 2678 ¹)
1168 2595 1336 2661 mihi
1381 2596 1592 2663 serius
1633 2595 1929 2663 redditae
1971 2594 2242 2662 fuerunt

267 2700 466 2765 quam
512 2691 590 2743 ut
631 2700 673 2744 a
707 2677 966 2746 Fau-ello
1009 2691 1076 2746 et
1128 2679 1334 2747 Virdo
1395 2683 1890 2765 responsionem
1943 2683 2239 2766 accipere

267 2787 452 2833 nunc
496 2764 726 2849 possis.
816 2767 918 2832 Ac
973 2766 1142 2831 mihi
1201 2767 1399 2833 etiam
1441 2779 1705 2850 praeter
1748 2788 1935 2853 spem
1978 2768 2238 2835 oblatus

265 2853 396 2918 fuit
439 2852 547 2918 hic
590 2851 875 2918 nuncius
920 2853 1033 2936 qui
1078 2852 1160 2918 ad
1218 2853 1419 2918 finem
1474 2854 1920 2921 nundinarum
1966 2874 2045 2919 eo
2088 2875 2238 2938 per-

267 2938 531 3005 veniret
573 2937 751 3003 unde
794 2937 914 3003 tibi
958 2937 1074 3003 alii
1116 2938 1423 3004 scribent.
1507 2940 1602 3005 'Pe
1644 2941 1713 3005 in
1758 2939 2076 3024 Angliam
2119 2961 2235 3024 ap·

266 3024 518 3109 pulisse
534 3027 593 3101 ²)
652 3024 785 3090 iam
838 3043 924 3089 ex
977 3023 1388 3109 quorundam
1445 3023 1655 3093 literis
1677 3029 1733 3105 ⁸)
1777 3026 2236 3093 intellexeram

268 3120 339 3177 et
395 3120 706 3178 constans
761 3132 990 3177 rumor
1046 3110 1313 3176 ferebat.
1403 3110 1554 3178 Hoc
1609 3120 1833 3179 tamen
1890 3114 2108 3197 ipsum
2151 3134 2236 3179 ex

267 3205 338 3263 te
381 3196 550 3264 scire
594 3195 804 3262 multo
845 3197 971 3262 fuit
1014 3196 1287 3280 gratius.
1375 3196 1574 3263 Hanc
1617 3198 1849 3265 exsilio
1892 3206 2010 3264 tuo
2054 3199 2237 3284 quie-

259 3292 405 3349 tam
460 3282 683 3348 sedem
752 3284 847 3349 sic
892 3304 932 3348 a
971 3283 1117 3348 Deo
1160 3282 1361 3348 fuisse
1406 3284 1632 3350 datam
1674 3296 1851 3352 certe
1893 3305 2041 3350 sum
2085 3305 2237 3370 per-

259 3389 520 3447 suasus,
567 3381 640 3434 ut
681 3390 816 3435 non
860 3370 1156 3453 patiatur
1197 3368 1503 3434 inutilem
1549 3379 1615 3436 te
1650 3369 1895 3437 sedere.
1968 3372 2068 3437 Ac
2103 3372 2237 3436 iam

257 3453 558 3522 laborem
602 3455 723 3520 tibi
765 3455 1144 3520 iniunctum
1188 3474 1332 3520 esse
1375 3455 1590 3533 audio,
1636 3464 1706 3522 et
1747 3466 1813 3523 te
1859 3455 2136 3541 dignum
2171 3463 2241 3523 et

259 3540 390 3607 toti
433 3541 745 3608 ecclesiae
791 3540 940 3624 plus
983 3560 1180 3624 quam
1226 3540 1475 3606 utilem.
1565 3542 1661 3607 Et
1716 3551 1963 3626 quanto
2005 3542 2155 3625 plus
2200 3563 2241 3608 a

261 3625 666 3694 turbulentis
703 3627 982 3694 assiduis
1028 3645 1112 3690 ue
1145 3626 1699 3709 occupationibus,
1746 3649 1915 3711 quae
1950 3636 2017 3693 te
2053 3636 2239 3694 ante-

263 3712 393 3780 huo
455 3712 856 3792 obruebant,
925 3711 1010 3777 da
1051 3712 1191 3777 itur
1255 3712 1407 3791 otii,
1475 3732 1554 3778 eo
1598 3711 1936 3780 uberiores
1979 3734 2064 3779 ex
2107 3714 2240 3779 tuis

259 3796 834 3898 lucubrationibus
884 3798 1140 3897 fructus
1187 3796 1272 3864 ad
1316 3818 1439 3863 nos
1496 3797 1829 3865 redibunt.
1917 3798 2027 3899 Ita
2079 3820 2239 3865 sane

261 3892 703 4053 ἦωᾞξῗὲἒὶι
739 3886 905 4035 ¹¹33„
939 3884 1456 4034 ¹³ffm3¹³¹mffi³
1470 3883 2238 4055 ”affinfflffi

260 4056 603 4122 fructuosa
665 4077 809 4123 esse
874 4076 985 4121 ecc
1011 4055 1188 4120 esiae
1246 4053 1376 4120 Dei
1441 4055 1694 4123 iudicas
1759 4077 1930 4140 quae
1992 4058 2235 4124 scribo:

263 4141 385 4208 sed
429 4162 558 4225 quo
594 4142 744 4225 plus
788 4141 1000 4217 vales,
1066 4149 1437 4225 praestaret
1480 4140 1604 4208 hoc
1645 4164 1893 4209 munus
1935 4152 2002 4211 te
2045 4163 2238 4210 occu·

259 4247 442 4311 pare.
530 4227 1007 4312 Praeterquam
1073 4226 1253 4291 enim
1319 4226 1494 4310 quod
1560 4230 1951 4294 tenuitatem
2018 4250 2235 4295 meam

263 4332 583 4398 agnosco,
646 4335 779 4380 non
837 4312 1066 4380 credas
1109 4332 1308 4396 quam
1349 4332 1585 4397 parum
1630 4316 1947 4399 temporis
1966 4316 2025 4399 ⁴)
2070 4315 2237 4381 mihi

259 4406 473 4466 restet
530 4399 615 4467 ad
668 4399 1108 4467 scribendum.
1199 4396 1569 4465 Conciones
1629 4408 1698 4466 et
1760 4401 2235 4484 praelectiones

261 4484 556 4552 multum
615 4486 998 4553 absumunt:
1065 4485 1398 4551 continuis
1461 4486 1603 4552 inte
1773 4487 2105 4553 ationibus
2167 4497 2238 4554 et

261 4589 462 4654 saepe
501 4571 983 4638 molestissimis
1026 4570 1193 4636 mire
1235 4569 1568 4638 obturbor.
1704 4572 1970 4640 aletudo
2013 4581 2236 4640 autem

471 4843 1077 4915 ἣδίοαροοωρὺοκ.
1138 4843 2232 4902 Demmnobisnoneomat.

263 4989 591 5038 amioum
625 4998 738 5038 non
768 4981 992 5063 [odunt
1019 4981 1115 5052 (N.
1156 4984 1178 5033 1
1292 5022 1306 5036 .
1341 4981 1518 5051 1100).

263 5050 539 5121 ωι)
739 5121 751 5133 ·
887 5090 2234 5191 '211V.muacasomram(sm‚

1908 397 2699 468 SUPPLEMEN‘HJM.

4189 400 4317 467 394

2347 588 2445 653 sic
2500 587 2711 654 stacta
2765 595 2868 653 est
2882 588 2941 670 ὅ)
3000 595 3081 653 ut
3138 593 3507 671 temperare
3564 585 3647 651 ab
3703 585 4052 654 immodico
4094 587 4317 657 labore

2347 693 2564 758 cogar.
2653 673 2803 758 Ego
2868 680 3089 739 tamen
3155 694 3239 739 ex
3303 671 3471 738 meis
3536 670 3773 738 rivulis
3830 672 4318 758 qualescunque

2346 768 2573 843 guttas
2630 760 2986 844 propinare
3049 758 3204 824 filiis
3247 755 3377 823 Dei
3442 779 3576 823 non
3643 757 3957 825 desinam.
4043 760 4184 826 Abs
4250 768 4317 828 te

2347 842 2595 928 aliquid
2638 846 2852 911 maius
2896 844 3041 909 dari
3083 852 3317 929 potest.
3390 842 3582 910 Adde
3626 844 3803 927 quod
3846 844 3928 909 ad
3964 843 4317 912 sublevan-

2348 929 2506 996 dum
2553 950 2629 996 ac
2670 931 2817 996 miti
2907 929 3113 995 ndum
3156 930 3360 995 animi
3396 929 3499 996 tui
3532 950 3894 997 moerorem
3932 931 4074 998 istis
4108 931 4317 1017 scrip-

2347 1016 2639 1082 tionibus
2681 1017 2823 1083 nih'
2897 1017 3115 1100 aptius
3156 1025 3260 1082 est
3302 1015 3544 1100 quibus
3586 1016 3927 1083 ecclesiam
3971 1023 4318 1102 tantopere

2348 1102 2656 1203 adiuyari
2698 1102 2903 1181 vides,
2950 1102 3135 1168 cuius
3179 1101 3321 1169 sola
3360 1101 3703 1168 calamitas
3742 1111 3809 1168 te
3850 1103 4039 1189 angit
4090 1112 4159 1170 et
4201 1124 4317 1169 ex-

2347 1197 2663 1339 ommleltos
2721 1273 2828 1340 hic
2883 1294 3006 1357 pro
3061 1294 3244 1340 more
3295 1275 3493 1340 certis
3550 1274 3862 1358 periculis
3905 1275 4187 1358 expositi
4233 1275 4316 1341 ad

2348 1359 2764 1443 quotidianas
2807 1360 3022 1426 minas
3064 1358 3503 1427 occalluimus.
3575 1357 3656 1425 si
3698 1359 3828 1425 alia
3867 1370 4043 1427 esset
4082 1362 4156 1427 in
4200 1382 4317 1427 no-

2349 1446 2450 1511 bis
2494 1446 2706 1529 pietas
2750 1445 3047 1529 aliusque
3091 1445 3218 1511 Dei
3259 1445 3458 1510 timor
3501 1464 3696 1528 quam
3742 1446 3814 1510 in
3849 1446 4080 1512 multis
4114 1467 4317 1532 appa-

2347 1539 2485 1610 ret,
2554 1530 2783 1597 liceret
2846 1532 3097 1598 securis
3137 1532 3395 1610 vivere,
3461 1532 3616 1614 quia
3657 1532 3879 1599 felices
3922 1531 4207 1598 vivendo
4250 1540 4319 1599 et

2347 1616 2692 1684 moriendo
2730 1638 3038 1718 essemus.
3129 1615 3265 1718 Sed
3310 1637 3512 1699 quum
3556 1616 3745 1682 video
3770 1617 3920 1718 ‘huc
3963 1625 4066 1684 tot
4122 1617 4317 1685 undi-

2348 1724 2895 1856 ffiffffl?
2933 1703 3058 1856 {¹021
3069 1702 3265 1855 ..313
3272 1703 4319 1869 “ffiwffiwzsssffiss‘z

2348 1875 2480 1939 huc
2545 1895 2615 1940 se
2681 1897 2831 1942 cum
2892 1875 3119 1941 liberis
3184 1875 3451 1959 recepit.
3562 1874 3951 1959 Complures
4019 1876 4317 1943 eiusdem

2346 1960 2610 2044 generis
2675 1960 3125 2026 voluntarium
3192 1960 3316 2026 sibi
3392 1960 3698 2027 exsilium
3788 1960 4176 2028 indixerunt
4239 1971 4316 2029 ut

2345 2046 2568 2111 Deum
2612 2067 2773 2130 pace
2816 2045 3156 2113 nobiscum
3215 2046 3451 2113 colant.
3540 2046 3813 2113 Utinam
3856 2046 4120 2113 Pharao
4163 2069 4314 2115 nos-

2347 2139 2450 2196 ter
2467 2135 2529 2208 3)
2611 2129 2963 2215 aliquando
3017 2153 3248 2217 sapere
3333 2132 3638 2216 incipiat,
3705 2153 3790 2197 ne
3848 2133 3973 2198 sibi
4037 2143 4108 2199 et
4165 2134 4314 2200 aliis

2345 2215 2440 2282 ita
2484 2218 2575 2282 sit
2616 2218 2913 2284 infestus.
2984 2217 3128 2284 Piis
3161 2217 3448 2303 Angliae
3491 2216 4042 2302 gubernatoribus
4063 2222 4119 2296 ⁹)
4163 2241 4315 2305 gra-

2346 2303 2556 2380 tulor,
2625 2305 2736 2388 qui
2802 2306 2979 2369 inter
3043 2305 3335 2370 maxima
3387 2303 3732 2404 ‘obstacula
3772 2303 4026 2370 Christi
4093 2314 4315 2372 tamen

2344 2409 3241 2576 ”gftffi‘tmsszfflffizz
3266 2389 3762 2542 itanu...
3827 2477 3998 2577 s..
4041 2476 4316 2548 diffidi.

2345 2570 3374 2733 23⁹¹..Pt‘tssttpfflz20‘zsst
3443 2560 4021 2733 355²„3ffl?⁶.
4040 2583 4316 2716 '²3:32⁰ss

2343 2742 2422 2799 ut
2498 2735 2569 2799 in
2648 2733 2899 2800 coelum
2978 2735 3150 2800 mira
3228 2734 3382 2800 fidei
3462 2734 3834 2800 constantia
3909 2744 4309 2820 properaret.

2342 2819 2558 2886 Paulo
2621 2832 2772 2902 post
2834 2820 2976 2885 eius
3042 2829 3327 2886 mortem
3434 2819 3448 2833 ⁶
3761 2841 3869 2886 me
3947 2820 4196 2888 contuli
4225 2825 4312 2902 ¹⁰)

2343 2902 2677 2987 (Farellus
2740 2907 3043 2973 comitem
3109 2927 3182 2972 se
3246 2905 3577 2982 adiunxit)
3642 2913 3718 2973 ut
3780 2906 3984 2974 finem
4027 2905 4313 2991 aliquem

2340 2990 2891 3146 {ffffizffiffl
2902 2992 3812 3163 wamma}
3874 2993 4313 3146 ‘'ffrmvffli

2341 3171 2608 3230 nostrae
2671 3165 3123 3231 consensionis
3197 3165 3323 3232 scri
3375 3165 3617 3245 simus,
3707 3165 3893 3231 cuius
3972 3166 4313 3250 exemplar

2341 3247 2463 3314 tibi
2508 3250 2714 3315 mitto.
2794 3251 2945 3317 Etsi
2987 3258 3060 3316 tu
3104 3270 3286 3316 nonn
3363 3251 3426 3315 la
3466 3249 3640 3316 forte
3684 3249 4101 3332 desiderabis,
4145 3251 4313 3323 mihi

2343 3342 2569 3400 tamen
2612 3334 2739 3402 hoc
2780 3338 2942 3403 satis
2984 3336 3203 3403 visum
3246 3344 3348 3401 est
3391 3335 3563 3418 quod
3626 3335 3757 3402 tria
3799 3338 4155 3422 praecipua
4196 3338 4311 3403 ob-

2340 3420 2754 3487 tinuerimus.
2843 3423 3099 3505 Nempe
3142 3430 3557 3489 sacramenta
3598 3442 3735 3488 non
3780 3431 4097 3489 externae
4139 3422 4311 3489 dun·

2340 3514 2531 3573 taxat
2574 3507 2995 3590 professionis
3049 3528 3227 3588 esse,
3293 3507 3408 3573 sed
3453 3528 3615 3574 vera
3656 3510 3909 3593 gratiae
3952 3508 4085 3576 Dei
4122 3509 4310 3575 testi·

2339 3592 2564 3658 monia
2641 3604 2711 3658 et
2778 3594 3011 3679 sigilla.
3124 3592 3382 3660 Deinde
3449 3615 3582 3660 non
3628 3643 3866 3660 .....
3910 3594 4047 3661 illic
4119 3596 4311 3661 nobis

2340 3679 2567 3745 offerri
2632 3681 2914 3764 gratiam
2934 3732 2951 3761 ,
3015 3678 3131 3746 sed
3187 3678 3409 3745 Deum
3476 3680 3831 3746 efficaciter
3890 3728 4129 3747 .....
4190 3680 4311 3746 illa

2341 3811 2639 3831 ......
2668 3770 2687 3806 ¹
2706 3769 2771 3843 1).
2854 3766 3080 3832 Tertio
3122 3766 3233 3849 qui
3277 3764 3409 3830 fide
3451 3785 3530 3831 ea
3572 3766 3920 3850 recipiunt,
3964 3765 4311 3834 Christum

3360 3899 3647 3917 ......
3705 3852 4026 3919 invenire.
4116 3853 4308 3938 Rogo

2338 3944 2563 4088 ntalgaen
2622 3946 2703 4003 ut
2756 3938 2919 4003 mihi
2979 3946 3173 4003 tuum
3227 3936 3547 4003 iudicium
3592 3958 3638 4021 p
3677 3987 4131 4006 .........
4176 3940 4306 4025 sig-

2459 4042 2583 4089 ces.

2512 4107 2701 4188 Vale,
2744 4107 3160 4174 ornatissime
3218 4108 3324 4175 vir
3381 4118 3447 4175 et
3490 4120 3682 4194 pater
3722 4109 3889 4175 mihi
3932 4129 4191 4194 semper
4232 4112 4305 4176 in

2337 4193 2631 4260 Domino
2675 4191 2978 4262 colende:
3025 4215 3220 4278 quem
3266 4215 3502 4278 precor
3544 4204 3619 4261 ut
3659 4217 3918 4280 semper
3970 4194 4088 4261 tibi
4133 4195 4307 4262 adsit

2337 4281 2679 4366 gratiaque
2733 4288 2800 4344 te
2863 4296 3315 4364 prosequatur.
3420 4280 3735 4348 Salutant
3792 4292 3859 4347 te
3922 4290 4306 4348 reverenter

2336 4387 2567 4434 omnes
2631 4364 2797 4432 colle
2976 4368 3109 4432 mei
3166 4374 3234 4433 et
3275 4368 3535 4451 reliqua
3578 4368 3836 4452 piorum
3881 4369 4161 4434 fratrum
4205 4389 4307 4435 co-

2337 4453 2512 4518 hors.
2603 4456 2665 4516 4.
2710 4450 2811 4518 Ca
2834 4451 3042 4519 endas
3083 4452 3309 4519 Iulias.
3342 4455 3427 4537 ¹²)

2339 3850 2478 3917 illic
2543 3871 2694 3917 cum
2763 3852 3072 3918 omnibus
3150 3851 3289 3917 suis

3428 4590 3521 4657 Io.
3567 4589 3707 4657 Cal.
3754 4609 3913 4656 vere
3957 4600 4129 4659 tuus.

2509 5056 2606 5185 103
2648 5120 2782 5192 Rea.
2818 5122 2898 5176 du
2938 5122 3155 5181 Ocnm‘l
3188 5121 3267 5176 ad
3298 5121 3384 5175 20.
3410 5120 3576 5176 Maii.
3634 5120 3903 5202 qpuoeion
3929 5137 3989 5190 p.
4022 5121 4111 5176 ⁴9.
4174 5121 4303 5181 Vua

2712 5232 2724 5245 .
2768 5188 2849 5247 1⁷.
2924 5192 3127 5247 Reduc
3156 5191 3273 5257 fuit
3306 5189 3492 5246 Naum
3525 5189 3732 5245 Ianus.

2509 5257 2573 5313 11
2640 5259 3355 5382 152.m²m
3393 5257 4188 5330 &buchananus-potua.
