4900 6125
619 383 748 440 415

607 569 680 648 je
721 564 838 647 luy
885 561 1156 627 domnae
1215 571 1438 625 entree
1493 571 1562 624 et
1604 578 1790 625 accen
1846 578 2082 624 envers
2127 580 2289 626 vous
2342 567 2410 625 et
2451 582 2575 644 par

615 671 692 716 oc
727 670 964 733 moyen
999 645 1132 730 quil
1169 645 1298 712 soit
1331 667 1462 730 ouy
1499 643 1614 710 des
1657 642 2159 710 ambassadeurs
2194 643 2310 711 des
2345 657 2576 729 quatre

739 757 828 800 es.

789 818 1000 885 Outre
1057 817 1124 883 la
1180 817 1596 885 commission
1655 814 1792 898 quil
1837 836 2001 881 vous
2059 837 2378 900 exposera
2425 817 2572 900 jad·

617 909 948 990 ionsteray
1007 926 1147 989 ung
1203 911 1342 970 mot
1395 901 1710 968 touchant
1765 901 2026 986 largent
2083 900 2198 969 des
2257 904 2575 986 pensions

615 992 732 1076 qui
787 1013 829 1055 a
870 999 1010 1056 este
1067 999 1322 1055 arreste
1365 1010 1406 1054 a
1449 988 1651 1064 Lion,
1709 1009 1874 1070 pour
1930 1009 2001 1053 ce
2055 1010 2181 1070 que
2238 1010 2312 1055 ce
2369 990 2575 1053 seroit

613 1099 744 1143 nne
786 1076 982 1142 chose
1025 1075 1310 1152 odieuse,
1414 1072 1505 1138 nil
1546 1097 1588 1158 y
1635 1095 1676 1140 a
1718 1074 1846 1140 bon
1891 1072 2152 1140 remede
2195 1083 2264 1139 et
2305 1084 2575 1158 prompt

613 1163 698 1229 de
731 1162 798 1228 le
829 1162 988 1226 faire
1023 1161 1324 1228 delivrer.
1461 1161 1557 1226 ais
1591 1159 1640 1224 il
1674 1158 1906 1225 faudra
1940 1181 2064 1241 que
2089 1169 2307 1226 vostre
2343 1161 2573 1226 affaire

613 1271 686 1316 se
749 1268 1084 1333 gouverne
1153 1269 1274 1330 par
1317 1256 1538 1312 vostre
1595 1244 1722 1311 bon
1779 1246 2044 1310 conseil.
2135 1247 2443 1331 Parquoy
2501 1249 2573 1330 je

615 1354 785 1400 vous
829 1334 971 1416 prie
1014 1332 1150 1416 quil
1197 1353 1356 1398 vous
1400 1331 1603 1415 plaise
1648 1330 1899 1396 donner
1942 1331 2334 1398 instruction
2380 1352 2422 1396 a
2454 1353 2575 1399 vos

613 1418 1117 1485 ambassadeurs
1173 1418 1253 1484 de
1307 1438 1379 1483 ce
1435 1439 1560 1499 que
1605 1437 1767 1483 vous
1825 1439 2018 1483 aurez
2077 1417 2301 1484 advise
2356 1418 2575 1484 destre

615 1504 974 1589 expedient
1028 1525 1307 1571 mesmes
1360 1505 1417 1570 si
1461 1502 1602 1569 cela
1646 1515 1802 1586 peut
1858 1505 2161 1587 appaiser
2205 1525 2324 1568 voz
2383 1504 2573 1569 alliez

613 1612 786 1675 pour
844 1591 942 1656 les
994 1589 1160 1655 faire
1217 1589 1389 1655 tenir
1432 1609 1589 1673 coyz
1649 1610 1803 1654 sans
1847 1587 2100 1654 donner
2142 1609 2422 1656 secours.
2512 1589 2577 1654 n

686 1697 850 1742 aura
884 1676 1098 1740 bonne
1133 1676 1461 1759 provision
1498 1685 1561 1740 et
1605 1673 1877 1740 bastive.
1952 1672 2281 1761 Surquoy,
2309 1675 2574 1760 Magni-

616 1700 862 1845 {cques
895 1762 1215 1827 Puissans
1259 1772 1327 1827 et
1371 1759 1859 1826 tresredoubtez
1894 1759 2274 1844 Seigneurs,
2307 1763 2378 1845 je
2419 1783 2574 1845 sup-

618 1846 874 1932 plieray
930 1857 1152 1913 nostre
1207 1847 1534 1931 Seiguenr
1593 1868 1753 1912 vous
1815 1847 1986 1911 tenir
2044 1869 2128 1912 en
2186 1867 2260 1912 sa
2324 1850 2575 1913 saincte

618 1931 824 2085 80de
883 1943 950 1997 et
1005 1954 1169 1998 vous
1232 1934 1580 1999 accroistre
1645 1954 1729 1998 en
1795 1940 1974 1997 toute
2039 1933 2419 2016 prosperite.
2512 1936 2577 1999 A

726 2039 896 2084 neve
939 2038 1012 2086 ce
1056 2020 1386 2085 seiziesme
1428 2018 1509 2084 de
1555 2017 1714 2101 May
1760 2021 1941 2082 1562.

1481 2155 1723 2219 Vostre
1752 2160 1805 2226 ⁴)
1851 2153 2119 2219 humble
2163 2157 2490 2221 servitenr

1722 2240 1934 2306 Iehan
1980 2240 2239 2307 Calvin.

1495 2785 1695 2856 3789.

963 2958 1547 3026 HOTOMANUS
1592 2954 2243 3024 LANDGRAVIO.

791 3131 899 3198 Ex
947 3134 1174 3199 castris
1218 3129 1808 3197 Aurelianmscus.
1888 3128 2234 3194 Auxaaam
2279 3127 2438 3208 pau
2481 3127 2579 3192 in-

615 3224 818 3287 stante
858 3218 1046 3285 hoste.

894 3390 1004 3455 (Ex
1040 3388 1213 3444 Tomo
1247 3390 1388 3457 Epp.
1425 3388 1750 3443 Hotomann.
1786 3388 1870 3440 cd.
1907 3386 2067 3440 Heel.
2105 3402 2160 3455 p.
2191 3383 2304 3451 32.)

785 3560 1244 3627 Illustrissime
1287 3572 1356 3624 et
1386 3560 1838 3643 potentissimo
1870 3556 2154 3641 principi
2190 3577 2266 3623 ac
2288 3556 2577 3621 Domino

617 3648 907 3714 Domino
951 3645 1261 3730 Philippo
1301 3644 1732 3731 Landgravio
1775 3643 2058 3710 Hassiae
2105 3642 2370 3707 domino
2415 3640 2576 3708 Cat-

617 3744 841 3799 torum
885 3741 1004 3798 etc.
1053 3730 1319 3797 domino
1363 3752 1510 3797 meo
1554 3730 2083 3797 clementissimo.

787 3904 1241 3970 Illustrissime
1285 3904 1624 3986 Princeps,
1669 3900 2194 3969 clementissime
2268 3901 2572 3966 Domine.

615 3990 868 4075 Scripsi
912 3993 1045 4055 iam
1090 3989 1164 4055 G.
1207 3990 1289 4053 V.
1338 4000 1559 4054 ternas
1624 3998 1740 4053 aut
1803 3998 2156 4072 quaternas
2221 3987 2450 4052 literas
2509 3996 2576 4050 et

614 4099 820 4163 quum
865 4076 1364 4142 Illustrissimus
1408 4075 1726 4157 Princeps
1783 4086 2005 4140 noster
2027 4072 2077 4158 ¹)
2146 4072 2320 4139 bunc
2364 4072 2575 4138 Baro·

615 4185 768 4229 nem
791 4166 848 4241 ²)
890 4161 972 4228 ad
1019 4182 1136 4226 vos
1179 4162 1490 4238 mitteret,
1535 4160 2014 4226 adolescentem
2060 4158 2472 4225 Germanum
2510 4168 2577 4223 et

615 4248 808 4315 valde
845 4249 1043 4331 pium,
1110 4248 1321 4313 officio
1364 4268 1510 4312 meo
1554 4245 1777 4313 deesse
1822 4246 2022 4311 nolui.
2113 4244 2471 4329 Negotium
2513 4244 2577 4309 ei

613 4336 844 4401 datum
900 4344 1002 4399 est
1059 4344 1131 4397 ut
1189 4333 1374 4398 vobis
1419 4354 1682 4398 omnem
1747 4352 1972 4397 rerum
2018 4340 2394 4396 nostrarum
2438 4338 2574 4396 sta·

608 4432 750 4487 tum
807 4432 1182 4504 exponeret.
1273 4417 1428 4499 Qua
1483 4418 1567 4485 de
1623 4438 1822 4485 causa
1875 4417 2321 4482 narrationem
2387 4414 2573 4481 illam

608 4509 934 4583 omittam,
980 4518 1048 4571 et
1087 4512 1350 4570 tantum
1389 4504 1512 4569 boc
1546 4502 1802 4581 addam,
1853 4504 2106 4569 venisse
2144 4516 2404 4585 tempus
2444 4523 2573 4585 quo

608 4614 910 4678 proceres
954 4594 1163 4657 nostri
1224 4589 1744 4656 benevolentiam
1790 4596 2078 4655 vestram
2123 4588 2569 4671 experientur.

817 4885 875 4947 4)
914 4881 1288 4948 Souscription
1323 4879 1674 4947 autographo.

613 4952 796 5007 8⁷80.
821 4952 877 5017 1)
917 4950 1221 5005 emaum.

820 5018 881 5086 2)
921 5018 1104 5073 Christ
1175 5017 1226 5071 1⁸.
1260 5016 1329 5071 de
1365 5014 1575 5071 Dolum
1609 5015 1735 5069 olim
1769 5014 2212 5070 Helenam
2245 5013 2581 5068 auditore-t.

618 5086 922 5151 (Barthold
934 5085 1083 5147 387.)
1176 5103 1213 5138 n
1237 5083 1400 5139 Min.
1419 5084 1487 5139 de
1509 5082 1694 5139 Condi
1711 5083 1808 5137 111.
1829 5082 1933 5137 49¹2
1951 5089 2159 5137 astat:
2205 5083 2573 5141 Summa-inm

619 5158 994 5210 instructionis
1047 5155 1140 5208 Pr.
1195 5154 1491 5209 condensis
1549 5168 1652 5223 pro
1705 5152 1833 5206 Obr.
1891 5152 2227 5223 Burggravio
2271 5151 2486 5206 Barcne
2537 5169 2572 5204 a

617 5225 779 5279 Dhen
823 5224 953 5290 (εἰσ)
1000 5239 1187 5276 eornm
1236 5240 1376 5291 qnae
1418 5240 1453 5275 a
1492 5262 1508 5278 .
1554 5224 1828 5291 principes
1865 5222 2167 5276 Germanos
2221 5226 2282 5275 Δ.
2333 5221 2571 5289 (λῃ-ιο-

618 5293 774 5348 t-vit.
845 5292 1028 5345 Aurel.
1073 5294 1150 5343 14.
1187 5292 1304 5345 Iun.
1343 5240 1494 5344 1563.

2126 367 2654 436 EPISTOLAE
2699 374 3125 438 3788—3790

4481 379 4583 440 416

2682 559 3233 644 Rockendorphius
3255 561 3310 643 ³)
3376 559 3619 626 dicitur
3682 559 4041 626 adventare
4116 580 4267 627 cum
4338 561 4589 644 equitum

2679 644 2929 712 duobus
2973 645 3263 713 millibus
3307 655 3375 710 et
3418 647 3603 714 nobis
3648 647 3960 713 minitari.
4064 644 4389 713 Dicuntur
4424 667 4591 730 qnae-

2680 730 2830 796 dam
2876 730 2956 798 de
3003 731 3461 816 Riffemberyt‘o.
3480 738 3536 807 ⁴)
3604 732 3947 798 Nonnulla
3989 730 4189 798 etiam
4232 741 4592 816 sparguntur

2678 815 2759 882 de
2798 816 3206 901 Rhinyravim
3226 819 3284 894 ⁵)
3327 838 3493 901 quae
3550 831 3729 885 certe
3773 819 4032 884 affirmo
4075 837 4219 883 esse
4271 817 4593 884 falsissima.

2677 901 2813 968 Sed
2858 912 3081 970 tamen
3125 914 3454 988 coguntur
3499 906 3706 970 nostri
3754 915 4018 988 propter
4061 903 4208 970 illas
4254 902 4597 970 Roclmdor·

2663 988 2815 1071 plaia·
2855 989 3073 1071 copias
3110 999 3395 1057 vestram
3439 1011 3635 1073 opem
3678 990 4045 1074 implorare.
4114 989 4289 1055 Nam
4330 986 4487 1072 quod
4528 987 4595 1054 ad

2678 1072 2971 1142 Gallicas
3004 1076 3223 1159 copias
3267 1076 3507 1141 attinet
3548 1075 3742 1160 longe
3786 1097 4015 1143 sumus
4057 1076 4427 1158 paratiores.
4484 1074 4601 1140 Μο-

2676 1159 2842 1225 mini
2887 1171 3107 1226 autem
3197 1182 3350 1226 uam
3370 1161 3752 1240 liberaliter,
3798 1183 3992 1245 quam
4016 1163 4143 1245 pie,
4188 1181 4381 1245 quam
4402 1181 4599 1226 aman-

2679 1258 2780 1311 ter
2825 1245 2898 1313 C.
2946 1247 3028 1311 V.
3076 1184 3237 1311 mssi
3283 1268 3457 1312 anno
3514 1249 3850 1331 superiore
3910 1246 4188 1313 subsidii
4230 1245 4464 1330 aliquid
4504 1267 4600 1329 pro

2678 1333 2922 1397 nostris
2993 1332 3286 1399 ecclesiis
3365 1334 3759 1416 promiserit,
3870 1343 3940 1399 et
4005 1331 4297 1416 quotidie
4342 1332 4601 1414 Principi

2683 1415 3008 1492 Gondensi,
3055 1418 3401 1484 Antio-allio
3445 1429 3513 1484 et
3566 1421 3838 1485 caeteris
3895 1420 4213 1486 confirmo
4257 1417 4333 1484 G.
4372 1417 4449 1482 V.
4492 1437 4603 1482 nou

2679 1502 3087 1569 deserturam
3121 1526 3264 1570 esse
3300 1504 3474 1570 hanc
3495 1523 3777 1570 causam.
3857 1504 3981 1569 Vix
4020 1504 4147 1570 dici
4182 1513 4398 1588 potest
4426 1522 4603 1585 quan·

2678 1599 2812 1653 tam
2858 1611 3042 1672 spem
3077 1613 3165 1655 ex
3210 1590 3284 1656 C.
3340 1590 3414 1654 V.
3462 1591 3897 1675 conceperint.
3980 1590 4211 1673 Itaque
4253 1589 4604 1673 simpliciter

2678 1689 2746 1739 et
2799 1675 3012 1758 quoad
3070 1697 3337 1759 possum
3396 1674 3635 1741 obnixe
3691 1699 3731 1741 a
3790 1676 3976 1742 vobis
4034 1691 4187 1760 peto
4251 1694 4606 1759 quaesoque,

2678 1761 3001 1844 Princeps
3040 1762 3517 1837 Illustrissime,
3584 1773 3656 1826 ut
3703 1761 3803 1825 illi
3857 1762 3999 1845 spei
4068 1760 4475 1845 respondeas,
4552 1767 4608 1822 et

2681 1857 2939 1912 tantum
2963 1847 3253 1914 officium
3292 1867 3377 1911 ne
3413 1868 3455 1912 a
3472 1846 3831 1913 Germanis
3868 1847 4189 1913 militibus
4222 1845 4609 1912 invadamur.

2678 1932 2851 1997 Nam
2917 1932 3091 2016 quod
3156 1930 3240 1998 ad
3287 1931 3517 1998 Gallos
3573 1933 3826 2012 attinet,
3914 1933 4077 1998 satis
4142 1953 4462 2016 superque
4499 1929 4611 1994 Dei

2678 2017 2992 2085 beneficio
3060 2019 3270 2101 parati
3331 2039 3581 2083 sumus.
3661 2018 3880 2085 Deum
3937 2017 4093 2104 Opt.
4140 2019 4325 2084 Max.
4390 2039 4496 2082 oro
4553 2023 4614 2080 ut

2678 2105 2890 2170 nostri
2933 2104 3323 2170 misereatur
3380 2115 3446 2169 et
3494 2113 3749 2171 vestras
3799 2105 4053 2170 animos
4097 2103 4179 2170 ad
4223 2103 4615 2170 commisera-

2680 2191 2928 2254 tionem
2973 2189 3235 2255 excitet.

2851 2274 3310 2342 Illustrissime
3354 2275 3596 2341 Prinos
3678 2328 3694 2354 ,
3763 2274 4294 2342 Olementissime
4338 2274 4615 2348 Domine,

2683 2361 2844 2427 vale.
2936 2361 3229 2427 Aureliis
3274 2362 3410 2445 xvij
3458 2360 3617 2425 Maii
3674 2365 3920 2438 1562.⁸)

3552 2905 3753 2975 37⁹⁰.

3044 3059 3173 3128 DE
3219 3061 3345 3128 LA
3391 3058 3680 3128 VIGNE
3709 3067 3755 3139 ¹)
3798 3065 3863 3128 A
3913 3058 4286 3130 CALVIN.

2854 3218 3466 3318 Eyuseaeszoz
3538 3230 4626 3300 &ummaucomaeeaem

2674 3340 2943 3404 yomery.
3031 3318 3443 3385 Dis-sensimus
3497 3318 3825 3400 &propos
3880 3318 3957 3384 de
4012 3318 4080 3385 la
4132 3318 4624 3405 tauryacum&-

2677 3426 2831 3472 σακε
2872 3411 2929 3471 et
2965 3405 3044 3472 de
3083 3404 3442 3472 l’aoeession
3478 3403 3883 3488 d’aranqers.

2680 3573 3066 3643 (Antograpbe
3102 3574 3172 3627 de
3208 3575 3263 3627 la
3300 3573 3678 3644 Bibliotbeqne
3713 3575 3783 3629 de
3814 3574 4034 3630 Gen'eve
4070 3576 4183 3630 MS.
4222 3577 4345 3645 109,
4382 3577 4473 3632 sol.
4498 3576 4630 3643 ssoe.)

3066 3745 3408 3812 Monsieur
3451 3746 3794 3812 Monsieur
3835 3747 4254 3831 d’Espeville.

2722 3917 2941 3983 Gracc
2984 3926 3053 3981 et
3095 3918 3251 4001 paix
3294 3938 3416 4001 par
3457 3919 3658 4010 Jesus
3704 3917 3932 3985 Christ
3976 3928 4199 3985 nostre
4243 3919 4589 4006 Seigneur.

2883 4189 2945 4253 3)
2982 4188 3238 4259 Lanyuet
3272 4189 3353 4243 29.
3392 4192 3535 4260 Apr.
3614 4191 3887 4244 Miserunt
3935 4192 4270 4259 (moin)
4311 4194 4375 4246 in
4424 4194 4627 4247 Germ-

2678 4260 2823 4314 ninm
2859 4258 3305 4327 Rocnndolphum
3343 4260 3435 4328 qni
3472 4261 3703 4314 militem
3742 4261 4065 4314 conscribat.
4148 4261 4331 4316 Audio
4366 4279 4491 4315 enm
4522 4277 4631 4315 m·

2674 4331 2733 4383 in
2766 4328 2963 4381 finibus
2981 4328 3369 4397 Lotharingiae
3403 4330 3823 4399 etepiscopatns
3846 4328 4205 4394 Trevirensis,
4242 4330 4263 4382 i
4340 4330 4468 4399 ‘qne
4500 4348 4631 4384 unn-

2677 4397 2824 4451 mitti
2859 4396 3089 4450 militem
3139 4398 3211 4450 ab
3258 4398 3441 4465 episoo
3560 4404 3620 4451 et
3664 4415 3699 4450 a
3742 4398 3911 4452 Petro
3960 4398 4201 4453 Ernesto
4414 4398 4629 4453 ‘eldea‘

2676 4465 2955 4535 praesecto
2997 4466 3225 4519 ducatus
3270 4466 3439 4520 Lutto
3466 4468 3762 4536 burgensis.
3834 4465 3991 4521 Iden
4024 4466 4076 4523 9.
4114 4467 4259 4522 Mai.
4341 4466 4630 4523 Ros-ndei-

2675 4535 2817 4604 phus
2851 4540 2937 4587 est
2970 4535 3028 4588 in
3061 4534 3379 4604 episcopatu
3413 4535 3743 4590 Trevirensi.
3824 4535 4165 4605 Recensebit,
4202 4544 4268 4590 nt
4299 4536 4485 4603 andin,
4516 4552 4630 4591 sn·

2677 4620 2740 4656 co
2782 4605 2861 4656 ias
2895 4603 2965 4656 ad
3002 4601 3072 4655 12
3114 4602 3260 4656 diem
3306 4604 3543 4672 proximi
3588 4605 3807 4658 mensis.
3858 4632 3917 4643 -
3968 4602 4133 4658 Me'ut.
4182 4605 4252 4659 dc
4304 4604 4497 4660 Goade'
4536 4603 4627 4660 m

2672 4621 2804 4726 508:
2851 4673 2971 4725 Ban
3007 4672 3077 4725 de
3112 4672 3236 4726 l'em
3278 4672 3357 4726 ire
3399 4681 3591 4727 contre
3636 4676 3716 4727 les
3752 4673 3973 4728 Bcitres
4014 4683 4070 4727 et
4104 4674 4488 4744 Lansqnenets
4533 4688 4630 4745 qn

2676 4743 2728 4794 le
2766 4739 2958 4794 Oomte
2996 4741 3225 4811 quuen
3265 4742 3377 4795 orfl'
3403 4743 3525 4796 leva
3560 4760 3627 4795 en
3664 4742 3846 4796 Allcm

2880 4808 2944 4960 ἐξ
2971 4810 3125 4933 (am
3268 4879 3303 4932 1.
3338 4880 3376 4937 l.
3424 4811 3499 4933 {L
3550 4809 4098 4948 fflhgidffigravins
4146 4880 4255 4933 iam
4302 4882 4547 4935 mittitur
4578 4880 4629 4933 in

2674 4947 3019 5001 Germaniam
3065 4966 3097 5001 ι
3183 4948 3629 5003 conscribendum
3671 4946 3743 5001 20
3795 4948 4049 5003 cohortes
4094 4948 4341 5017 peditum
4390 4956 4453 5002 et
4492 4948 4629 5003 nino

2674 5017 3051 5139 equitesL(zub
3083 5021 3391 5085 praetextu,
3424 5034 3482 5072 se
3516 5017 3660 5072 πῶϋ
3678 5024 3873 5074 ασκεω
3901 5018 4213 5086 rel-‘qiam
4250 5018 4457 5075 noli-i.
4490 5018 4623 5072 Bar·

2878 5152 2938 5219 6)
2974 5126 3597 5209 ἐιηοηιῡεικιιωιι
3620 5156 3959 5222 samana.
3999 5154 4373 5217 eoduma.
4400 5155 4629 5210 Deam

2674 5224 2737 5275 ε..
2776 5222 2963 5277 Rem
2996 5224 3121 5278 tm
3160 5220 3296 5275 1876
3332 5222 3399 5277 11.
3436 5221 3522 5277 es.

2671 5288 2859 5344 aveo.
2883 5290 2942 5357 ι)
2980 5292 3042 5344 N.
3076 5289 3231 5345 3380.

3955 4758 3987 4795 e
4023 4758 4162 4810 pour
4198 4744 4248 4795 le
4285 4743 4630 4798 ‘rx-inmitti»
