4900 6125
1441 1364 1652 1450 deque
1683 1388 1780 1444 eo,
1824 1366 1998 1450 quod
2032 1366 2118 1433 ad
2152 1365 2580 1433 domesticam

629 1451 1014 1519 seditionem
1049 1461 1118 1517 et
1150 1451 1346 1518 civile
1381 1450 1626 1518 bellum
1658 1452 2004 1519 classicum
2025 1454 2336 1520 insonare
2359 1452 2579 1518 videa-

631 1551 853 1692 πόμ’
805 1535 1286 1690 “⁹2:⁶222:
1323 1536 1548 1690 Ἥ
1591 1539 1808 1690 22¹2
1821 1540 2034 1690 ⁸213:
2073 1538 2355 1691 2222
2383 1539 2579 1690 222:

637 1673 998 1792 „Supeiest
1050 1717 1154 1775 est
1210 1729 1416 1787 nnnc,
1474 1711 1780 1809 generosi
1834 1710 2086 1776 nobiles
2126 1645 2581 1793 etlpraestan-

637 1795 908 1874 „tissimi
951 1793 1101 1872 viri,
1145 1805 1221 1860 ut
1260 1795 1334 1860 in
1377 1793 1576 1862 limus
1616 1815 1886 1862 caussae
1934 1793 2312 1863 defensione
2354 1797 2581 1863 infati-

637 1891 833 1966 ,μω
874 1879 1092 1946 studio
1133 1881 1436 1966 pergatis.
1525 1881 1664 1947 Res
1706 1892 1807 1947 est
1863 1903 1998 1948 non
2051 1881 2218 1948 levis
2261 1881 2583 1948 momenti

639 1979 902 2044 „tenere
1091 1967 1104 1980 ”
1345 1987 1490 2032 esse
1547 1967 1818 2034 unicum
1863 1967 2116 2044 Deum,
2176 1988 2217 2032 a
2271 1987 2401 2052 quo
2448 1968 2587 2032 vita

639 2061 744 2130 „et
806 2051 984 2118 salus
1049 2050 1334 2136 petenda
1394 2063 1530 2134 est,
1594 2063 1664 2119 et
1719 2053 1791 2117 in
1837 2073 1965 2136 qno
2006 2052 2276 2137 gloriari
2320 2053 2422 2119 fas
2466 2064 2583 2119 est.

639 2136 754 2218 „ld
815 2137 1000 2204 vobis
1064 2136 1318 2222 eripere
1380 2147 1708 2206 conantur
1771 2137 2076 2223 sacrilegi
2139 2139 2250 2204 isti
2295 2160 2582 2205 errones.

636 2223 900 2306 „Quare
967 2243 1096 2290 non
1163 2221 1354 2289 aliter
1418 2223 1606 2291 vobis
1664 2223 2048 2292 certandum
2068 2274 2086 2303 ,
2154 2245 2350 2309 quam
2398 2226 2453 2291 si
2498 2223 2584 2290 ad

634 2309 888 2386 „Deum
928 2309 1232 2374 fictitium
1268 2329 1386 2376 vos
1429 2307 1848 2377 abducerent.
1919 2309 2234 2376 Pluribus
2269 2331 2390 2376 vos
2429 2310 2583 2377 hor-

632 2403 876 2472 „tsren
919 2393 1046 2461 nisi
1089 2407 1320 2478 sponte
1363 2394 1527 2462 satis
1568 2396 1893 2461 animatos
1934 2416 2078 2462 esse
2120 2395 2580 2463 confiderem.“

627 2479 777 2546 Hac
833 2489 1028 2546 tenus
1084 2489 1240 2547 sunt
1295 2479 1498 2547 verba
1553 2482 1992 2565 praestantiae
2049 2488 2223 2548 tuae.
2312 2482 2403 2547 Et
2448 2502 2583 2547 non

627 2565 798 2632 {nuit
838 2564 1138 2650 equidem
1174 2564 1448 2633 eandem
1484 2568 1954 2650 praestantiam
1991 2576 2174 2633 tuam
2208 2568 2350 2633 eius
2373 2588 2582 2652 augu-

628 2651 820 2732 rium,
865 2651 1026 2717 satis
1067 2651 1263 2728 enim,
1306 2653 1465 2736 quin
1499 2652 1648 2736 plus
1690 2671 1889 2736 quam
1933 2653 2094 2719 satis
2138 2650 2221 2717 ad
2257 2673 2402 2718 eam
2439 2673 2581 2718 rem

627 2738 808 2816 istos,
853 2736 964 2820 qui
1008 2737 1150 2804 eins
1192 2737 1558 2804 sententiae
1600 2746 1777 2816 sunt,
1823 2738 2149 2805 animatos
2192 2758 2354 2817 esse,
2407 2738 2582 2822 quod

627 2819 938 2889 videlieet
979 2821 1214 2901 armis,
1272 2824 1622 2909 unguine,
1665 2821 2317 2909 persequutionibus,
2384 2833 2581 2908 atque

628 2905 926 2976 adhibita
966 2915 1241 2975 externa
1283 2909 1373 2988 vi,
1431 2929 1618 2976 suam
1662 2908 1925 2993 quidem
1965 2910 2134 2976 tueri
2153 2961 2168 2988 ,
2213 2913 2582 2976 contrariae

627 3015 786 3063 vero
851 2994 1060 3081 partis
1120 2995 1562 3063 exterminare
1622 2996 2026 3061 sententiam·
2081 2994 2206 3063 sibi
2263 3003 2579 3063 statuant.

629 3078 767 3147 Sed
831 3090 898 3147 et
970 3080 1269 3149 diversae
1333 3102 1589 3182 quoque
1646 3081 1911 3149 factioni
1956 3103 2091 3148 non
2145 3080 2329 3148 deest
2372 3082 2583 3148 animi

629 3166 1013 3243 constantia,
1057 3186 1190 3233 non
1225 3167 1408 3234 deest
1442 3168 1704 3246 virium,
1749 3188 1967 3251 opum,
2011 3170 2390 3247 amicorum,
2435 3168 2579 3233 affi-

628 3250 908 3317 nitatum
975 3253 1348 3319 assistentia
1409 3260 1604 3353 atque
1669 3253 1870 3320 robur
1886 3306 1902 3333 ,
1971 3260 2115 3318 tum
2172 3253 2382 3318 maior
2425 3273 2580 3337 pars

628 3334 962 3404 doctorum
1031 3346 1100 3402 et
1163 3338 1622 3405 excellentium
1685 3358 2095 3423 quorumque
2158 3340 2446 3405 virorum
2514 3348 2583 3404 et

627 3420 1081 3489 ministrorum
1115 3444 1234 3507 pro
1277 3422 1400 3491 hae
1443 3432 1630 3509 parte
1672 3432 1839 3503 stat,
1883 3424 1993 3508 qui
2038 3444 2157 3508 pro
2201 3424 2581 3491 defensione

625 3528 891 3575 canuae
955 3530 1112 3575 suae
1156 3510 1367 3593 parati
1411 3518 1569 3577 sunt
1616 3520 1911 3577 extrema
1954 3530 2253 3594 quaeque
2295 3511 2430 3594 pati
2479 3519 2580 3575 at-

628 3614 756 3677 que
812 3592 1009 3661 adire.
1101 3596 1193 3661 At
1232 3616 1542 3679 quorsum
1601 3597 1669 3661 in
1728 3606 1915 3663 tanta
1971 3595 2269 3662 odiorum
2313 3616 2579 3663 exacer-

628 3677 892 3746 batione
937 3700 1040 3747 res
1083 3690 1359 3763 spectet,
1425 3682 1613 3749 facile
1670 3704 1790 3767 pro
1845 3691 1962 3747 tua
2004 3682 2248 3748 eximia
2291 3684 2581 3766 pruden-

629 3764 724 3831 tia
782 3773 996 3832 tecum
1053 3767 1271 3833 animo
1329 3767 1700 3851 expendere
1764 3768 2028 3852 poteris.
2119 3766 2359 3833 Sciunt
2400 3767 2580 3832 enim

628 3848 759 3928 isti,
798 3870 965 3935 quae
1009 3850 1137 3918 suit
1176 3853 1330 3919 olim
1367 3873 1580 3939 poena
1613 3864 1841 3922 eontra
1873 3853 2161 3921 cultores
2196 3853 2579 3918 fictitiorum

627 3935 897 4003 deorum
942 3938 1325 4019 constituta,
1385 3958 1622 4040 nempe
1676 3940 1701 4005 i
1749 3960 1823 4006 sa
1878 3937 2192 4021 lapidatio
2247 3948 2316 4003 et
2358 3946 2577 4003 exter-

627 4021 901 4089 minatio
966 4044 1003 4089 e
1068 4020 1282 4089 medio
1338 4024 1581 4110 populi.
1742 4046 1856 4092 aee
1911 4046 2070 4091 sane
2133 4043 2362 4107 sparsa
2423 4033 2580 4089 sunt

627 4128 743 4192 per
766 4118 971 4174 totam
995 4106 1357 4187 Poloniam,
1395 4132 1528 4176 non
1563 4112 1707 4178 sine
1740 4108 1988 4177 invidia
2025 4110 2310 4176 nominis
2334 4119 2575 4192 praest.

627 4204 796 4260 tuae.
887 4194 1137 4261 Dicunt
1193 4194 1368 4261 enim
1427 4196 1536 4261 isti
1581 4216 1991 4281 nequaquam
2037 4216 2111 4261 se
2152 4194 2366 4261 colere
2408 4196 2576 4261 ficti-

627 4281 751 4345 tios
796 4279 982 4357 deos,
1048 4279 1164 4346 sed
1209 4290 1548 4348 aeternum
1593 4282 1810 4348 Deum
1868 4290 2124 4364 patrem
2171 4278 2575 4346 conditorem

626 4386 846 4431 rerum
904 4367 1196 4433 omnium
1258 4366 1612 4435 visibilium
1671 4376 1740 4435 et
1794 4366 2252 4442 invisibilium,
2312 4374 2380 4429 et
2435 4365 2578 4432 eius

624 4452 1070 4603 ugiigenitnnm,
1116 4463 1532 4605 coaetegmm
1577 4462 1644 4520 et
1685 4451 2307 4603 oonsutbstantialfiim
2341 4451 2576 4551 filium,

623 4556 662 4602 s
777 4556 937 4602 sm
1015 4558 1080 4603 m
1166 4560 1326 4605 sanc
1402 4560 1510 4617 m,
1610 4537 2050 4623 paraeleum,
2156 4558 2343 4601 ium
2474 4557 2577 4601 m·

625 4620 776 4689 dem
812 4558 1253 4707 {oneratione
1273 4676 1288 4699 .
1361 4626 1557 4690 istum
1663 4624 2026 4691 incessione
2067 4557 2493 4687 inenarrabi‘ii
2538 4643 2580 4687 a

623 4716 826 4793 patre.
873 4706 992 4776 hoo
1035 4720 1155 4789 est,
1199 4731 1282 4775 ex
1320 4708 1685 4776 substantia
1718 4710 1924 4794 patris
1959 4708 2413 4784 subsistentes,
2460 4729 2576 4773 ne·

621 4812 750 4877 qus
814 4814 888 4859 ss
953 4796 1218 4861 unicum
1285 4794 1502 4862 Deum
1569 4795 1908 4862 Clu-istum
1989 4794 2202 4859 colere
2266 4792 2576 4860 audacter

623 4880 1035 4963 profitentur,
1079 4880 1254 4964 quod
1299 4902 1429 4948 non
1478 4883 1682 4965 possit
1715 4901 1858 4946 esse
1893 4881 2148 4958 unicus,
2190 4880 2302 4962 qui
2339 4879 2580 4945 habeat

625 4970 878 5048 patrem
935 4975 1005 5031 et
1057 4966 1276 5033 mittat
1315 4968 1618 5051 spiritum
1676 4976 1977 5034 sanctum
2043 4963 2445 5049 paracletum
2507 4966 2575 5030 in

625 5048 822 5115 corda
865 5050 1156 5118 fidelium
1200 5052 1283 5118 ab
1327 5052 1552 5118 eodem
1599 5062 1801 5136 patre,
1843 5050 2017 5134 quod
2059 5049 2311 5117 seilicet
2343 5051 2577 5117 unicus

626 5135 1150 5289 2222222322
1175 5138 1646 5308 33:¹33ss
1663 5136 2445 5290 mffifflmtmssonfflffi
2502 5145 2577 5287 2²

2287 317 2757 387 EPlsmLA
2798 323 2971 386 4125

2680 510 3051 577 divinitate.
3137 511 3349 578 Cuius
3390 514 3485 577 rei
3530 512 3775 595 passim
3819 512 4048 580 dicunt
4090 513 4447 579 meminims
4480 513 4577 580 ffi-

2677 598 2937 674 larium,
2978 609 3211 663 eontra
3249 598 3617 664 solitarium
3658 621 3774 665 seu
3830 600 4100 664 unicum
4144 600 4373 665 Deum.
4452 599 4578 664 Pro-

2676 683 2835 748 inde
2880 705 3013 748 non
3056 682 3365 749 dubitant
3406 684 3755 751 manifeste
3792 697 4204 767 retorquere,
4269 685 4580 749 trinit-rb·

2678 771 2841 834 istos
2882 770 3141 834 fictitios
3184 768 3341 834 deos
3380 781 3449 835 et
3484 771 3719 836 fictitia
3759 772 4027 835 nomina
4082 771 4327 848 colere,
4379 792 4495 835 nou
4530 773 4581 835 in

2678 856 3021 937 seripturis
3062 856 3403 937 patefacta,
3448 854 3564 921 sed
3606 878 3693 922 ex
3735 856 4146 940 philosophia
4180 866 4250 920 et
4280 854 4583 938 sophisti-

2678 940 3042 1023 desumpta-
3124 940 3327 1005 Nulla
3367 941 3547 1006 enim
3588 944 3841 1009 ratione
3884 946 4079 1007 istam
4124 941 4585 1025 propositiom

2680 1025 3031 1092 admittere
3081 1026 3340 1092 volunt:
3398 1037 3620 1109 pater,
3686 1028 3860 1094 filius
3915 1037 3984 1093 et
4035 1027 4309 1110 spiritns
4362 1037 4587 1093 sanetus

2679 1123 2783 1177 est
2835 1122 2954 1177 aut
3004 1121 3165 1178 sunt
3220 1133 3399 1178 unus
3442 1112 3661 1190 Deus,
3730 1113 3845 1180 sed
3903 1112 4304 1196 loquendum
4344 1133 4473 1178 esse
4508 1133 4587 1176 ss·

2680 1198 2974 1263 eundum
3038 1198 3433 1281 scripturam
3497 1220 3643 1265 esse
3706 1197 3856 1265 illos
3918 1220 4158 1277 unum,
4224 1219 4361 1263 non
4416 1218 4585 1262 unus:

2682 1281 2857 1367 quod
2900 1305 3091 1364 unus,
3133 1305 3269 1360 seu,
3309 1293 3388 1349 ut
3430 1283 3679 1363 dicunt,
3723 1284 4079 1370 singularis
4116 1305 4233 1349 seu
4278 1284 4519 1356 unicus.
4560 1302 4589 1346 s

2682 1379 2870 1452 patre
2925 1390 3059 1434 uno
3117 1369 3427 1435 excludat
3468 1369 3682 1436 filium
3725 1381 3794 1436 et
3835 1369 4146 1454 spiritum
4188 1379 4510 1447 sanctum,
4541 1385 4591 1431 st

2682 1456 2943 1520 amittat
2983 1455 3434 1532 mediatorem,
3479 1455 3587 1521 vel
3628 1457 3987 1521 constituat
4027 1455 4468 1520 confusionem
4495 1452 4593 1519 s·-

2682 1540 2897 1606 bellii:
2946 1551 3016 1605 et
3056 1542 3215 1607 oriri
3256 1538 3413 1607 inde
3453 1542 3714 1607 infinita
3753 1549 4066 1619 monstra,
4111 1541 4593 1622 Patripassisnos

2681 1639 2753 1692 et
2804 1627 2874 1692 id
2916 1648 3142 1710 genus.
3231 1626 3638 1693 Manendum
3694 1629 3917 1710 itaque
3958 1625 4185 1692 dicunt
4224 1626 4297 1690 in
4340 1625 4595 1692 tamini-

2682 1712 3072 1795 scripturae,
3126 1734 3294 1796 quae
3334 1734 3660 1796 nusquam
3704 1712 3909 1791 dicat,
3963 1710 4137 1796 quod
4184 1725 4406 1794 pater,
4457 1709 4597 1776 mim

2682 1812 2751 1864 et
2792 1798 3068 1880 spiritus
3110 1805 3381 1864 sanctus
3422 1799 3510 1864 sit
3550 1820 3726 1864 unus
3769 1800 3972 1873 Deus,
4014 1796 4131 1864 sed
4172 1795 4351 1879 quod
4390 1795 4456 1861 hi
4492 1805 4597 1860 tres

2682 1906 2891 1949 unum
2956 1884 3125 1963 sint,
3192 1905 3324 1949 non
3380 1906 3571 1951 nnus.
3659 1886 3760 1952 Ao
3818 1883 4028 1949 multa
4068 1883 4361 1966 profecto
4397 1891 4491 1948 est
4522 1880 4597 1946 di-

2683 1969 2998 2070 gladiatio
3050 1968 3139 2068 de
3180 1969 3329 2035 istis
3368 1970 3618 2036 voculis
3661 1991 3838 2038 unus
3878 1978 3946 2070 et
3970 1987 4227 2069 ‘unumt
4303 1981 4371 2032 et
4406 1987 4599 2067 propo-

2682 2054 3242 2224 25320203&
3273 2054 3707 2208 2303}ss
3758 2065 4379 2223 mmmmm,
4406 2073 4495 2203 12
4512 2051 4601 2234 ’ζ

2683 2247 2840 2291 men
2882 2235 2959 2292 ut
3008 2246 3142 2291 non
3186 2225 3578 2293 excludatur
3618 2226 3799 2293 filius
3841 2247 3883 2291 a
3925 2225 4309 2301 divinitate,
4352 2244 4469 2290 nec
4502 2242 4603 2306 sp·-

2684 2313 2856 2378 ritus
2910 2321 3197 2377 sanetus.
3285 2311 3459 2378 Nam
3523 2322 3593 2378 et
3654 2312 3866 2378 filium
3930 2310 4159 2376 dicunt
4214 2331 4363 2376 esse
4402 2309 4601 2382 Deum.

2685 2405 2755 2463 et
2816 2398 3125 2480 spiritum
3190 2407 3492 2463 sanctum
3555 2397 3751 2464 deum
3766 2447 3787 2480 ,
3849 2396 3966 2464 sed
4007 2394 4265 2462 addunt
4307 2393 4603 2462 cantelam.

2689 2482 2769 2549 de
2810 2484 2954 2548 Deo
2996 2482 3250 2550 seilicet
3377 2490 3500 2562 tre,
3543 2485 3654 2568 qui
3689 2484 3983 2549 omnium
4017 2483 4107 2548 sit
4140 2482 4348 2560 Deus,
4392 2480 4603 2563 quis&

2685 2568 2942 2635 Ohristi
2985 2567 3187 2635 Deus.
3334 2569 3582 2636 hristus
3639 2590 3800 2635 vero
3856 2588 3992 2635 non
4046 2577 4270 2651 posset
4338 2565 4461 2631 dici
4497 2585 4603 2630 om·

2686 2655 2873 2720 nium
2920 2653 3138 2732 Deus,
3196 2653 3372 2738 quod
3416 2676 3500 2720 ex
3542 2655 3656 2720 illo
3714 2675 3846 2719 non
3899 2654 3988 2719 sit
4028 2661 4250 2736 pater,
4310 2651 4427 2718 sed
4463 2650 4603 2716 filiu

2686 2761 2772 2805 ex
2809 2740 3182 2807 substantia
3222 2742 3432 2824 patris
3475 2741 3811 2808 subsistat.
3895 2740 3989 2805 Et
4027 2747 4379 2822 propterea
4417 2735 4603 2832 ordine

2687 2835 2964 2891 naturae
3016 2826 3464 2910 incipiendum
3519 2847 3663 2893 esse
3716 2844 3977 2909 semper
4031 2845 4073 2889 a
4134 2832 4332 2906 patre
4373 2822 4517 2887 dum
4550 2841 4603 2884 m

2687 2912 2883 2977 unius
2904 2912 3033 2978 Dei
3055 2932 3424 2978 sermonem
3446 2911 3817 2979 incidimus.
3860 2913 3961 2977 Ac
3982 2907 4157 2993 quod
4177 2909 4265 2974 ad
4288 2909 4473 2974 illum
4490 2927 4603 2972 ors·

2685 2996 2901 3064 tiones
2935 2998 3511 3082 invocationesque
3545 3006 3808 3065 nostrae
3842 2994 4128 3061 directae
4161 3015 4313 3060 esse
4348 2994 4601 3067 debeant.

2683 3083 2879 3166 idque
2936 3093 3294 3167 praeeunte
3349 3104 3609 3167 semper
3663 3083 3905 3149 fiducia
3956 3080 4340 3146 mediatoris
4373 3080 4603 3151 Christi.

2684 3169 2874 3235 ouius
2914 3169 3472 3252 interpretationis
3506 3170 3863 3253 ipsummet
3897 3166 4245 3233 Christum
4308 3166 4603 3231 dominun

2683 3256 3115 3337 interpretem
3177 3275 3319 3321 esse
3384 3255 3760 3321 ostendunt.
3862 3253 4072 3319 Verbi
4123 3252 4347 3335 gratia
4393 3249 4533 3317 dum
4574 3268 4605 3311 s

2683 3340 3006 3424 propheta
3050 3340 3318 3407 dicitur:
3416 3340 3586 3406 Audi
3631 3339 3857 3415 Israel,
3902 3337 4208 3403 dominus
4244 3337 4431 3402 Deus
4470 3348 4601 3407 mas,

2683 3426 2866 3491 Deus
2909 3446 3084 3491 unus
3127 3433 3256 3492 est:
3331 3447 3448 3510 per
3491 3445 3657 3510 quae
3714 3426 3915 3491 verba
3957 3425 4175 3489 Deum
4234 3432 4491 3505 patrem
4526 3420 4601 3515 ἱιι·ο

2680 3510 3024 3595 telligunt,
3085 3518 3153 3577 et
3207 3511 3546 3578 adducunt
3601 3533 3687 3577 ex
3740 3530 3914 3576 novo
3955 3517 4355 3575 testamento
4395 3506 4601 3573 obs-im

2682 3597 2927 3662 domini
2972 3597 3618 3679 interpretationem:
3704 3595 3924 3678 Quem
3983 3615 4105 3659 vos
4160 3593 4385 3659 dicitis
4426 3593 4603 3659 Deu-

2683 3692 2982 3748 vestrum
3024 3703 3187 3758 esse,
3232 3692 3421 3765 pater
3462 3704 3636 3748 unus
3675 3693 3794 3747 est.
3863 3702 3947 3746 ex
3990 3700 4121 3763 quo
4162 3678 4311 3745 loeo
4353 3692 4421 3744 et
4458 3679 4601 3742 dm}-

2681 3768 2856 3834 libus
2882 3768 3194 3867 ,inferunt
3235 3767 3563 3851 quandam
3609 3766 4117 3834 conclusionem,
4147 3851 4161 3865 .
4198 3763 4601 3844 Quotiescun-

2680 3851 3979 4023 2231132002222?rssssssnfflsssst
4012 3860 4435 4019 ‘'iam‘ss‘m’
4382 3866 4603 4032 “⁰⁹⁶ss

2681 4045 2761 4174 2⁰-
2802 4032 3099 4176 “mis
3131 4024 3362 4194 ‘2222‘
3383 4023 3568 4174 2¹22
3609 4021 4223 4176 ἓῗξξὶἷέῗωᾟ
4244 4028 4319 4173 11¹1
4337 4016 4599 4175 ‘'tffi

2679 4205 2748 4261 et
2803 4193 2976 4279 quod
3042 4195 3264 4261 nullus
3327 4196 3414 4261 sit
3470 4194 3658 4261 Deus
3722 4193 3923 4271 alius,
3990 4193 4120 4258 nisi
4184 4214 4379 4259 unus.
4458 4189 4597 4256 Nn-

2680 4281 2938 4347 etiamsi
2982 4282 3116 4345 sint
3158 4282 3267 4363 qui
3313 4280 3615 4347 dicantur
3658 4280 3790 4355 Dii,
3836 4280 3980 4345 sive
4023 4280 4093 4343 in
4136 4278 4339 4351 coelo.
4382 4280 4511 4343 sive
4544 4276 4597 4369 is

2680 4380 2872 4445 terra,
2916 4366 3466 4449 quemadmodum
3489 4376 3648 4432 sunt
3689 4364 3781 4431 dii
3825 4365 4019 4430 multi
4038 4374 4112 4429 et
4151 4363 4405 4430 domini
4424 4359 4595 4427 muln.

2676 4450 2867 4517 nobis
2913 4462 3135 4516 tamen
3172 4473 3343 4518 unus
3385 4459 3486 4517 est
3507 4452 3709 4529 Deus,
3757 4460 3945 4533 pater
3963 4449 4075 4516 ille
4095 4471 4181 4515 ex
4225 4471 4357 4532 qno
4394 4446 4595 4513 omnis.

2678 4548 2744 4603 et
2801 4558 2923 4602 nos
2966 4537 3037 4602 in
3082 4536 3303 4613 illum,
3362 4548 3431 4603 et
3482 4559 3654 4603 unus
3713 4537 4019 4602 dominus
4074 4535 4265 4600 Iesus
4310 4535 4591 4601 Clu-istus.

2679 4644 2797 4772 Ψ
2828 4622 3765 4775 222222222222201202
3781 4622 4037 4772 i¹222,-nn
4064 4617 4591 4790 amm-2522:

2678 4792 2863 4859 Deus
2908 4804 2976 4860 et
3038 4802 3226 4878 pater
3267 4795 3596 4870 omnium,
3663 4795 3775 4877 qui
3828 4804 3933 4858 est
3984 4813 4187 4874 supra
4241 4812 4488 4865 omnm,
4539 4800 4591 4881 εξ

2677 4901 2796 4963 per
2858 4880 3113 4955 omnia,
3177 4889 3247 4944 et
3301 4882 3372 4945 in
3427 4879 3731 4944 omnibus
3790 4878 3991 4944 vobis.
4062 4879 4256 4943 Rom.
4310 4881 4424 4942 16:
4476 4870 4589 4939 Βὼ

2676 4965 2956 5047 sapienti
2992 4975 3059 5030 et
3093 4965 3451 5030 immortali
3477 4965 3621 5029 Deo
3656 4985 3776 5049 per
3797 4965 4021 5030 Iesum
4045 4964 4385 5030 Christum
4418 4960 4589 5026 honoe

2676 5061 2744 5117 et
2785 5050 2999 5135 gloria
3042 5051 3111 5115 in
3154 5051 3390 5117 secula.
3473 5055 3500 5114 l
3550 5049 3633 5116 ad
3680 5049 3963 5115 Timotb.
4018 5056 4089 5113 1:
4164 5049 4397 5115 Gratia
4426 5046 4585 5111 miso·

2676 5135 2986 5215 ricordia,
3038 5157 3171 5219 pax
3214 5155 3255 5200 a
3290 5138 3434 5202 Deo
3477 5146 3666 5220 patre
3708 5146 3933 5202 nostro
3973 5144 4045 5201 et
4084 5157 4127 5201 a
4167 5136 4322 5201 Iesu
4361 5130 4585 5201 Chri-n

2676 5221 2938 5288 domino
2983 5236 3221 5288 nostro.
3309 5223 3403 5288 Et
3444 5222 3640 5306 paulo
3680 5222 3884 5288 infra:
3936 5222 4113 5308 Regi
4165 5234 4383 5288 antem
4432 5234 4584 5284 sen·

4124 5844 4736 6038 Α
