4900 6125
667 419 793 486 847

673 619 782 688 „et
823 605 1214 693 mysterium
1259 604 1583 688 assumpti
1636 604 1933 686 corporis
1976 603 2430 670 manifestaret
2446 654 2462 681 ,
2521 624 2641 687 per

672 692 1189 777 „continentiam
1253 691 1579 757 dictorum
1644 689 1730 754 ad
1791 687 1861 754 id
1926 688 2200 755 veniens
2265 691 2388 755 ait:
2464 688 2641 771 Quia

673 833 703 859 „
796 788 902 845 ter
965 778 1176 843 maior
1240 795 1348 840 me
1413 785 1531 843 est.
1629 776 1722 841 Et
1784 775 2127 841 confestim
2195 782 2271 840 ut
2334 776 2640 843 absoluta

671 919 702 945 „
759 864 871 933 ‘cti
913 865 1081 930 ratio
1126 861 1453 939 subesset,
1497 869 1566 927 et
1610 861 1936 946 agricolae
1979 868 2048 927 et
2091 861 2246 928 vitis
2289 870 2357 927 et
2398 861 2637 945 palmi-

671 959 856 1031 „tum
899 949 1179 1016 subiecit
1222 948 1622 1033 exemplum,
1665 947 2182 1030 assumptionem
2219 968 2337 1030 per
2381 946 2451 1012 id
2496 969 2636 1015 cor-

673 1057 950 1121 „poreae
986 1035 1379 1102 humilitatis
1415 1033 1793 1107 ostendens,
1835 1043 1904 1098 et
1937 1032 2093 1100 hinc
2133 1053 2402 1099 causam
2437 1033 2637 1099 eundi

672 1123 797 1202 „ad
832 1130 1109 1206 patrem,
1148 1129 1216 1185 et
1248 1119 1627 1186 dilectionis
1662 1120 1982 1185 laetitiam
2017 1140 2222 1203 quum
2258 1119 2342 1186 ad
2377 1129 2639 1203 patrem

673 1210 842 1288 „iret
886 1208 1127 1275 docens
1170 1227 1313 1273 esse
1356 1215 1683 1291 oportere,
1742 1205 1895 1290 quia
1939 1213 2125 1289 pater
2169 1207 2377 1270 maior
2420 1226 2492 1272 se
2534 1226 2636 1271 es-

673 1302 834 1374 „set,
879 1315 921 1359 a
953 1314 1082 1378 quo
1117 1292 1368 1360 scilicet
1410 1299 1583 1358 esset
1618 1291 1894 1376 gloriam
1933 1303 2416 1375 resumpturus,
2464 1289 2636 1376 apud

674 1402 906 1465 „quem
964 1388 1034 1445 et
1089 1380 1161 1444 in
1222 1399 1353 1462 quo
1417 1388 1592 1445 esset
1634 1375 2139 1462 glorificandus,
2201 1398 2350 1441 non.
2381 1377 2636 1443 novello

675 1465 980 1545 „henou-e,
1025 1463 1141 1531 sed
1187 1464 1487 1549 pristino,
1535 1483 1751 1547 neque
1797 1463 2032 1539 aliene,
2076 1462 2191 1528 sed
2226 1484 2422 1547 quem
2461 1461 2637 1546 apud

674 1572 870 1630 „eum
913 1550 1166 1617 habuit.
1259 1548 1339 1616 Si
1380 1550 1599 1633 itaque
1652 1570 1786 1614 non
1841 1549 1911 1614 in
1969 1549 2112 1631 ipso
2169 1548 2637 1633 glorificandus

674 1646 832 1718 „est‚
877 1638 945 1703 id
980 1647 1101 1716 est,
1146 1643 1224 1701 ut
1258 1637 1344 1701 sit
1385 1636 1455 1700 in
1492 1636 1703 1720 gloria
1726 1634 1856 1700 Dei
1944 1636 2125 1713 atris,
2170 1635 2635 1701 contumeliam

673 1721 1011 1805 „adscribe
1057 1729 1367 1787 naturae:
1434 1722 1490 1785 si
1547 1741 1706 1786 vero
1750 1740 1879 1804 quo
1970 1720 2053 1785 ab
2096 1741 2173 1785 eo
2233 1721 2636 1805 glorificatur

676 1809 1072 1887 „auctoritas
1097 1815 1217 1888 est,
1262 1815 1518 1891 patrem
1566 1807 1879 1872 maiorem
1917 1807 1988 1871 in
2024 1807 2433 1890 glorificandi
2482 1826 2633 1872 auc·

675 1897 976 1972 „toritate
1017 1913 1351 1978 cognosce.
1446 1891 1623 1974 Quid
1673 1892 2231 1975 dispensationem
2275 1892 2358 1958 ad
2403 1894 2636 1976 impie-

676 1989 918 2058 „tatem
974 1979 1199 2063 rapis?
1289 1978 1471 2059 Quid
1531 1988 2021 2045 sacramentum
2080 1988 2347 2044 nostrae
2405 1978 2637 2043 salutis

679 2065 979 2147 „invadis
1053 2068 1123 2130 in
1190 2064 1516 2130 mortem?
1594 2065 2085 2149 glorificaturus
2149 2073 2338 2148 pater
2404 2065 2636 2142 filium,

677 2154 924 2230 „maior
967 2159 1098 2216 est:
1168 2150 1573 2236 glorificatus
1633 2152 1704 2216 in
1764 2159 1952 2234 patre
2012 2149 2188 2215 filius
2243 2149 2463 2215 minor
2506 2171 2635 2215 nou

676 2246 833 2314 „est
923 2239 1063 2304 Aut
1115 2236 1439 2320 quomodo
1499 2237 1715 2301 minor
1768 2245 1899 2313 est,
1958 2237 2071 2320 qui
2127 2238 2197 2300 in
2256 2236 2466 2321 gloria
2509 2236 2636 2301 Dei

675 2324 924 2409 „patris
966 2322 1110 2388 est?
1204 2325 1342 2388 Aut
1386 2321 1708 2405 numquid
1772 2335 1962 2405 pater
2017 2321 2228 2386 maior
2288 2343 2420 2387 non
2486 2321 2633 2387 est?

675 2411 933 2488 ,Maior
968 2408 1195 2493 itaque
1232 2417 1436 2491 pater,
1474 2407 1629 2474 dum
1665 2418 1856 2491 pater
1891 2416 2008 2473 est.
2073 2408 2208 2473 Sed
2244 2409 2439 2485 filius,
2479 2407 2635 2473 dum

677 2497 892 2576 „filius
949 2506 1081 2574 est,
1138 2495 1358 2560 minor
1414 2514 1548 2559 non
1606 2504 1726 2559 est.
1817 2493 2148 2559 Nativitas
2201 2494 2322 2559 filii
2378 2502 2634 2578 patrem

677 2582 1063 2660 „coustituit
1104 2581 1438 2647 maiorem.
1517 2581 1844 2646 Minorem
1880 2601 2039 2645 vero
2073 2579 2286 2645 filium
2330 2601 2474 2646 esse
2518 2601 2635 2644 na-

677 2667 1001 2745 „tivitatis
1033 2675 1276 2732 natura
1318 2687 1449 2731 non
1485 2667 1752 2749 patitur.
1826 2666 2046 2731 Maior
2079 2677 2267 2748 pater
2311 2678 2428 2742 est,
2476 2664 2637 2730 dum

677 2753 995 2839 „gloriam
1031 2759 1369 2835 assumpto
1407 2752 1664 2818 homini
1697 2761 1968 2836 rogatur
1990 2760 2068 2816 ut
2102 2749 2353 2817 reddat.
2422 2751 2640 2816 Filius

677 2840 933 2917 „minor
976 2861 1110 2906 non
1154 2849 1273 2917 est,
1318 2837 1475 2902 dum
1511 2837 1790 2922 gloriam
1826 2838 2105 2903 resumit
2148 2837 2323 2920 apud
2359 2846 2637 2921 patrem.

677 2927 941 3008 „Atque
995 2926 1088 2992 ita
1131 2932 1200 2990 et
1254 2933 1743 2990 sacramentum
1788 2923 2192 3000 nativitatis,
2249 2933 2320 2987 et
2372 2923 2638 3006 dispen-

682 3012 884 3093 „satio
939 3010 1417 3095 corporationis
1478 3010 1807 3093 impletur.
1898 3008 2068 3074 Nam
2117 3018 2186 3074 et
2229 3017 2435 3091 pater,
2482 3008 2639 3074 dum

679 3107 785 3175 „et
850 3105 1038 3182 pater
1103 3106 1234 3174 est,
1304 3106 1372 3161 et
1437 3096 1760 3181 glorificat
1824 3117 2001 3161 nunc
2064 3095 2275 3160 filium
2332 3095 2640 3172 hominis,

683 3184 927 3263 „maior
969 3192 1089 3261 est,
1150 3189 1217 3248 et
1258 3190 1449 3266 pater
1491 3190 1559 3247 et
1613 3182 1790 3247 filius
1835 3202 2042 3246 unum
2101 3190 2289 3260 sunt,
2351 3181 2511 3246 dum
2557 3202 2641 3246 ex

681 3276 907 3354 „patre
951 3276 1152 3334 natus
1196 3267 1406 3347 filius,
1452 3276 1602 3350 post
1645 3267 2163 3350 assumptionem
2209 3268 2454 3333 terreni
2500 3286 2642 3332 cor-

680 3354 918 3440 „poris,
955 3354 1365 3441 glorificatur
1398 3354 1467 3418 in
1505 3364 1709 3437 patre.
1776 3353 1927 3418 Non
1964 3352 2166 3419 habet
2208 3354 2431 3436 itaque
2471 3354 2642 3419 nati-

682 3442 894 3519 „vitas
939 3450 1217 3506 naturae
1261 3439 1761 3523 ignobilitatem,
1805 3440 1959 3522 quia
1994 3440 2063 3503 in
2100 3437 2313 3505 forma
2348 3440 2476 3505 Dei
2521 3448 2642 3519 est,

681 3528 833 3611 „qui
878 3548 963 3592 ex
1009 3527 1152 3592 Deo
1197 3526 1508 3591 nascitur.
1597 3526 1692 3590 Et
1734 3547 1939 3608 quum
1986 3523 2256 3590 differre
2309 3525 2642 3609 significa·

684 3614 898 3693 „tione
955 3613 1099 3697 ipsa
1157 3611 1576 3678 existimetur
1632 3609 2111 3677 innascibilitas
2168 3633 2209 3675 a
2265 3610 2641 3689 nativitate,

680 3698 1034 3775 „nativitas
1079 3707 1303 3763 tamen
1337 3719 1470 3763 non
1506 3706 1608 3762 est
1643 3708 1837 3762 extra
1878 3696 2408 3763 innascibilitatis
2445 3706 2642 3762 natu·

679 3805 896 3861 „ramt
962 3787 1116 3868 quia
1174 3804 1307 3849 non
1375 3782 1660 3866 sumpsit
1716 3779 2016 3862 aliunde,
2084 3781 2255 3866 quod
2287 3783 2642 3849 'subsistit

681 3870 890 3949 „Nam
956 3872 1079 3936 etsi
1149 3889 1284 3934 non
1349 3878 1754 3951 consequuta
1822 3869 1947 3947 sit,
2015 3876 2094 3933 ut
2158 3868 2642 3935 coinnascibilis

678 3957 951 4033 „effecta
994 3957 1115 4031 sit,
1174 3955 1426 4039 accepit
1469 3962 1691 4020 tamen
1738 3976 1823 4019 ex
1867 3954 2239 4021 innascibili
2284 3955 2431 4020 Deo
2477 3975 2639 4033 esse,

677 4041 889 4125 „quod
947 4042 1131 4106 Deus
1184 4048 1303 4106 est.
1389 4040 1593 4106 Fides
1646 4040 1854 4124 igitur
1897 4049 2150 4120 nostra,
2197 4042 2320 4106 etsi
2375 4041 2638 4106 initium

681 4129 1091 4205 „nativitatis
1156 4148 1288 4192 nou
1353 4124 1887 4211 apprehendens,
1954 4125 2375 4210 unigenitum
2421 4127 2638 4193 Deum

681 4235 981 4299 „semper
1022 4214 1444 4297 profiteatur,
1501 4214 1655 4297 quia
1691 4222 1931 4277 natura
1965 4233 2102 4277 non
2138 4212 2341 4290 ferat,
2387 4220 2462 4277 ut
2494 4233 2640 4279 coe-

685 4302 894 4383 „pisse
947 4321 1099 4366 eum
1161 4297 1515 4381 aliquando
1581 4299 2003 4376 confiteatur,
2069 4300 2256 4364 cuius
2320 4298 2642 4364 nativitas

682 4405 917 4463 „omne
953 4385 1127 4450 initii
1165 4395 1428 4467 tempus
1467 4382 1772 4450 excedat:
1812 4382 1927 4449 sed
1962 4404 2159 4467 quem
2203 4404 2463 4467 semper
2498 4406 2641 4450 esse

687 4479 788 4551 „et
831 4482 989 4536 anto
1032 4482 1329 4554 tempora
1371 4471 1757 4536 confitetur:
1815 4478 2050 4534 natum
2095 4478 2313 4534 tamen
2360 4473 2428 4535 in
2476 4479 2640 4535 tem-

683 4557 929 4640 „porali
988 4557 1318 4622 infinitate
1364 4577 1499 4621 non
1542 4553 1851 4639 ambigit,
1912 4575 2064 4620 eum
2120 4562 2341 4620 tamen
2385 4576 2470 4620 ex
2515 4557 2641 4620 ini-

687 4642 975 4723 „ciabilis
1018 4641 1497 4727 intelligentiae
1541 4643 1891 4708 nativitate
1934 4642 2290 4708 confessa.“

853 4729 1039 4793 Haec
1080 4737 1255 4806 sunt,
1301 4728 1664 4794 clarissime
1699 4737 1767 4793 et
1804 4727 2222 4793 ornatissime
2266 4729 2390 4805 vir,
2435 4728 2645 4794 amice

679 4816 869 4881 nobis
889 4814 1251 4898 plurimum
1297 4815 1652 4893 carissime,
1696 4835 1865 4895 quae
1901 4813 2259 4879 demeritis
2294 4822 2362 4878 et
2382 4823 2645 4880 contro-

681 4901 916 4967 versiis
959 4920 1234 4966 caussae
1256 4900 1621 4985 praesentis
1656 4899 1740 4964 ad
1787 4911 1850 4964 te
1885 4898 2232 4965 referenda
2265 4920 2412 4965 esse
2447 4907 2644 4982 puta-

679 4988 915 5052 vimus.
1005 4984 1297 5052 Oramus
1341 4994 1590 5063 autem,
1636 4986 2085 5063 obsecramus,
2129 4993 2198 5050 et
2239 4985 2646 5051 obtestamur

679 5082 778 5151 te,
823 5092 942 5155 per
985 5070 1116 5136 Dei
1161 5072 1414 5138 aeterni
1473 5081 1541 5137 et
1598 5070 1994 5136 immortalis
2050 5074 2518 5153 sempiternam
2578 5079 2646 5137 et

682 5178 1022 5241 nunquam
1072 5157 1668 5233 intermorituram,
1730 5157 1981 5222 aeterni
2025 5177 2283 5240 quoque
2335 5156 2483 5222 eius
2526 5157 2644 5222 filii

682 5241 1067 5308 Emanuelis
1102 5245 1316 5309 nostri
1349 5244 1500 5309 Iesu
1539 5242 1792 5308 Christi
1827 5241 2125 5327 gloriam,
2159 5262 2407 5327 perque
2444 5241 2643 5309 fidem

683 5335 902 5406 tuam,
968 5349 1165 5411 quam
1233 5350 1350 5412 pro
1429 5329 1680 5395 ratione
1746 5328 2095 5396 ministerii
2175 5329 2276 5392 tui
2340 5330 2644 5396 omnibus

2343 413 2815 485 EPISTOLA
2855 417 3026 480 4125
4538 422 4621 484 348

2745 603 3002 671 Christi
3043 603 3375 683 fidelibus,
3432 604 3623 671 fidele
3669 606 4014 672 consilium
4058 612 4250 671 tuum
4294 606 4623 688 implorans·-

2745 691 2898 768 bus,
2963 690 3202 757 debere
3256 701 3323 756 te
3379 690 3731 777 intelligis,
3797 701 3874 757 ut
3916 691 4074 776 quid
4118 691 4217 756 illi
4261 691 4342 757 de
4394 703 4510 757 tots
4542 693 4626 760 hnc

2741 776 3189 843 controversia
3231 775 3569 858 videatur,
3625 777 3916 862 quidque
3957 797 4270 861 expresso
4312 777 4494 843 verbo
4526 777 4627 860 Da‘,

2741 871 2810 928 et
2840 863 3131 929 fontibus
3154 862 3424 929 Israelis
3459 863 4131 946 congruentissimum
4166 863 4499 940 existimet,
4523 886 4629 930 cea·

2740 969 2964 1014 suram
3010 970 3196 1015 suam
3243 948 3431 1015 nobis
3475 970 3593 1032 per
3637 949 3864 1016 literas
3907 949 4048 1016 sive
4081 949 4392 1033 privatas,
4432 951 4562 1026 sive,
4592 953 4631 1016 ni

2742 1034 3028 1113 videtur,
3064 1056 3182 1118 per
3218 1034 3562 1119 epistolam
3601 1035 3931 1119 publicam
3968 1034 4313 1101 adscribat.
4382 1035 4633 1102 Consulit

2741 1129 2983 1197 autem,
3027 1141 3148 1206 per
3182 1122 3440 1188 viscera
3474 1121 3963 1187 misericordiae
3987 1122 4114 1187 Dei
4161 1131 4228 1186 te
4263 1140 4508 1186 oramus
4540 1124 4635 1204 pri·

2741 1227 2920 1271 mum
2969 1207 3096 1291 ipsi
3132 1207 3379 1291 pietati,
3427 1217 3496 1273 et
3531 1229 3727 1273 verae
3761 1206 4011 1291 gloriae
4047 1206 4195 1285 Dei,
4242 1206 4467 1272 deinde
4504 1217 4635 1273 usn·

2740 1292 3049 1376 quillitati
3110 1293 3534 1360 ecclesiarum
3597 1301 3665 1358 et
3718 1294 3878 1376 reip.
3925 1303 4223 1370 nostrae,
4283 1293 4471 1377 idque
4517 1303 4635 1358 tem⁴

2740 1379 2994 1462 pestive
3040 1388 3233 1462 atque
3277 1393 3564 1458 mature,
3612 1390 3689 1444 ut
3731 1379 4123 1462 pullulantia
4166 1379 4321 1446 odia
4361 1379 4634 1464 restingui,

2740 1474 2809 1529 et
2851 1464 3304 1547 impendentia
3345 1465 3566 1531 civilia
3608 1464 3804 1542 mala,
3851 1465 4118 1531 domino
4164 1466 4311 1530 Deo
4354 1486 4464 1548 per
4499 1486 4636 1549 orgu-

2740 1572 2903 1616 num
2957 1560 3197 1634 praest.
3245 1561 3398 1617 tuae
3452 1548 3538 1616 ad
3594 1571 3740 1617 eam
3796 1572 3934 1616 rem
3990 1551 4167 1617 vires
4224 1550 4633 1634 suppeditante.

2741 1639 3106 1720 praeverti,
3162 1637 3570 1721 praeveniri,
3629 1639 4137 1720 praecaverique
4194 1640 4459 1720 possint.
4534 1636 4637 1701 Erit

2740 1723 2866 1788 hoc
2909 1732 3299 1806 perpetuum
3347 1731 3415 1788 et
3458 1723 3855 1800 immortale,
3914 1743 4119 1806 quum
4163 1742 4325 1807 erga
4364 1721 4637 1789 ecclesian

2741 1809 2903 1884 Dei,
2961 1816 3105 1874 tum
3161 1830 3323 1893 erga
3382 1809 3559 1874 hunc
3615 1809 3930 1892 pusillum
3990 1812 4063 1874 in
4106 1807 4399 1875 ecclesiis
4452 1809 4639 1872 tensus

2740 1893 2997 1961 Christi
3057 1916 3360 1979 gregem,
3418 1917 3536 1961 nec
3598 1915 3732 1960 non
3791 1896 3859 1959 in
3916 1895 4039 1959 has
4094 1895 4400 1979 regiones
4442 1905 4639 1958 nostru

2738 1981 3285 2064 septentrionales
3330 1995 3723 2066 perpetuum
3767 1990 3835 2046 et
3874 1980 4253 2046 immortale
4296 1980 4639 2052 beneficium.

2740 2066 2927 2131 nullo
2984 2088 3279 2150 unquam
3334 2086 3499 2132 aevo
3555 2067 4061 2133 obliterandum.
4150 2065 4470 2132 Consules
4514 2063 4640 2129 enin

2739 2173 2875 2217 una
2917 2159 2985 2217 et
3027 2153 3255 2219 eadem
3299 2173 3526 2236 opera,
3588 2162 3655 2216 et
3713 2152 4068 2217 immortali
4122 2151 4377 2236 gloriae
4418 2150 4558 2228 Dei,
4598 2163 4641 2212 et

2739 2238 3157 2305 conscientiis
3199 2240 3477 2320 piorum,
3524 2240 3633 2322 qui
3680 2239 3854 2305 hanc
3895 2237 4358 2304 dissectionem
4402 2237 4641 2303 ecclesia-

2739 2345 2888 2389 rum
2934 2325 3350 2409 gementibus
3387 2325 3759 2408 pectoribus
3803 2333 4310 2408 prosequuntur.
4384 2321 4642 2389 Consules

2740 2419 2807 2475 et
2850 2410 3316 2493 tranquillitati
3359 2411 3559 2475 totius
3615 2411 3795 2492 reip.,
3839 2411 4190 2494 extingues
4234 2409 4513 2494 gliscens
4546 2429 4643 2472 m·

2739 2495 2899 2573 lum,
2947 2504 3014 2561 et
3057 2517 3299 2581 magno
3335 2506 3515 2561 metu
3552 2517 3758 2580 remp.
3797 2507 4090 2560 nostram
4148 2495 4477 2570 liberabis,
4526 2514 4647 2560 eon·

2742 2582 3134 2666 parabisque
3170 2582 3290 2646 tibi
3335 2583 3405 2646 in
3449 2584 3595 2648 istis
3630 2582 4010 2667 regionibus
4055 2583 4218 2648 satis
4253 2581 4533 2664 alioquin
4562 2580 4647 2643 ian

2743 2667 2988 2734 claram
3037 2668 3533 2733 immortalitate
3570 2667 4026 2752 dignissimam
4072 2670 4490 2745 memoriam,
4524 2666 4569 2731 si
4600 2683 4647 2726 a

2745 2752 2933 2819 nobis
2985 2753 3453 2837 explicaveris,
3514 2774 3599 2818 ex
3654 2754 3839 2820 verbi
3883 2752 4011 2819 Dei
4072 2753 4356 2832 amussi,
4409 2772 4557 2836 quae
4597 2747 4649 2812 ul

2745 2839 3296 2922 tranquillitatem
3340 2861 3492 2907 cum
3538 2840 3683 2905 Deo
3728 2851 3795 2905 et
3836 2839 3949 2924 pia
3990 2841 4415 2916 conscientia,
4456 2848 4516 2903 et
4548 2855 4647 2920 pro·

2746 2926 2928 2990 ximo
2972 2926 3042 2990 in
3086 2926 3265 2991 civili
3303 2927 3478 2990 vitae
3522 2927 3835 2992 societate
3870 2923 3953 2989 ad
3995 2946 4311 3004 amorem,
4356 2925 4647 2991 carium.

2747 3019 2818 3077 et
2852 3021 3150 3077 mutuam
3186 3010 3716 3077 benevolentiam
3752 3012 3930 3077 inter
3954 3022 4176 3094 partes
4210 3007 4647 3076 conciliandus

2748 3119 2825 3163 ac
2870 3098 2953 3163 ad
2998 3099 3207 3182 ipsam
3257 3099 3419 3163 adeo
3464 3119 3691 3180 pacem
3749 3100 3817 3162 iu
3862 3097 4075 3162 Israel
4127 3097 4551 3163 inducendam
4580 3114 4645 3159 co·

2747 3182 3144 3266 lendamque
3187 3186 3260 3247 in
3304 3203 3466 3249 vera
3509 3185 3748 3266 pietate
3792 3183 4056 3249 faciant.

2920 3269 3150 3353 Neque
3193 3268 3385 3346 dicat,
3432 3290 3761 3353 rogamus,
3809 3278 4049 3351 praest.
4097 3278 4228 3346 tua,
4279 3268 4545 3335 edidisse
4576 3265 4647 3328 '15-

2746 3356 3078 3439 gurinam,
3122 3355 3404 3420 edidisse
3448 3365 3514 3419 et
3560 3353 4200 3438 Heidelburgensem
4246 3354 4567 3421 eeclesiam
4598 3349 4649 3413 de

2747 3442 2871 3508 hoc
2915 3441 3221 3526 dogmate
3277 3462 3467 3507 suam
3512 3461 3877 3506 censuram.
3968 3438 4349 3506 Ediderunt
4400 3441 4559 3506 enim
4588 3435 4647 3499 illi

2744 3548 2866 3610 pro
2910 3528 3159 3593 eximia
3201 3548 3326 3593 sua
3368 3525 3741 3592 eruditione
3784 3536 3982 3608 atque
4022 3526 4287 3608 pietate,
4332 3526 4447 3592 sed
4488 3536 4647 3590 tam

2744 3615 2840 3678 ita
2906 3612 3289 3691 ediderunt,
3356 3611 3720 3679 secundum
3788 3611 3963 3695 quod
4029 3612 4111 3675 ab
4177 3613 4397 3678 altera
4458 3622 4648 3676 tantun

2744 3707 2964 3784 parte,
3021 3700 3146 3764 hoc
3187 3709 3318 3776 est,
3377 3698 3460 3763 ab
3516 3698 3680 3781 ipsis
3723 3697 4102 3762 Trinitariis
4145 3697 4367 3764 edocti
4420 3698 4643 3762 fuerant:

2744 3786 2854 3869 qui
2900 3787 2955 3851 si
3000 3784 3267 3849 fidelius
3311 3783 3392 3848 de
3436 3784 3560 3848 hac
3602 3805 3676 3849 re
3718 3784 4217 3850 commonefacti
4264 3786 4555 3855 fuissent,
4596 3799 4645 3871 σᾳ

2746 3869 2922 3936 haud
2967 3870 3162 3936 dubie
3205 3871 3274 3935 in
3310 3867 3600 3935 medium
3637 3869 4034 3945 attulissent,
4072 3890 4245 3953 quae
4289 3868 4643 3952 explicatius

2743 3956 3314 4039 conciliationique
3402 3964 3628 4020 tantae
3716 3957 4203 4021 controversiae
4293 3953 4645 4020 subserviunt

2744 4043 2974 4126 magis.
3061 4043 3455 4124 Quanquam
3503 4061 3626 4106 nos
3670 4062 3789 4123 pro
3836 4040 4065 4106 iudicii
4111 4041 4325 4106 nostri
4372 4040 4643 4106 tenuitate.

2744 4150 2878 4194 non
2933 4129 3258 4194 sumimus
3301 4128 3490 4193 nobis
3532 4125 3615 4192 de
3672 4128 3876 4192 tantis
3918 4127 4084 4191 viris
4142 4125 4475 4193 iudicium.
4548 4122 4643 4187 Illi!

2742 4216 2961 4297 potius
3027 4213 3188 4280 haec
3253 4212 3713 4290 adscribimus,
3780 4213 3891 4295 qui
3951 4233 4083 4277 nou
4149 4213 4409 4278 sinoere
4457 4210 4527 4275 ad
4570 4226 4643 4271 ens

2744 4300 2826 4365 de
2848 4300 3102 4365 meritis
3145 4319 3414 4364 caussae
3448 4299 3814 4381 praesentis
3858 4319 3942 4363 ex
3967 4297 4247 4363 Polonia
4281 4299 4637 4382 scripserunt

2915 4384 3110 4466 Quod
3188 4391 3424 4464 restat,
3501 4404 3767 4450 oramus
3846 4395 4187 4448 aeternum
4272 4380 4641 4473 Emanuelq

2744 4471 3085 4539 Christum
3131 4470 3388 4549 Iesum,
3444 4469 3782 4535 sedentem
3826 4469 3908 4534 ad
3956 4468 4261 4534 dextram
4310 4470 4437 4535 Dei
4474 4478 4640 4559 pff!-

2744 4567 2813 4623 et
2854 4558 2998 4642 pari
3035 4556 3346 4639 potentia,
3392 4556 3605 4639 gloria
3646 4567 3714 4620 et
3756 4556 4117 4632 maiestate,
4160 4556 4233 4620 in
4283 4556 4521 4620 unitate
4550 4570 4641 4631 ⁵1!-

2744 4645 2913 4709 ritus
2976 4643 3187 4709 sancti
3233 4662 3385 4708 cum
3430 4650 3619 4723 patre
3664 4653 4090 4725 regnantem,
4150 4652 4229 4705 ut
4287 4652 4353 4707 te
4396 4640 4559 4706 nobi·
4598 4646 4639 4695 d

2745 4728 3056 4795 ecclesiae
3099 4749 3257 4793 suae
3299 4735 3643 4794 conservet
3684 4729 3756 4792 in
3802 4726 4069 4811 longam
4115 4736 4182 4791 et
4215 4727 4489 4792 multam
4516 4730 4641 4787 ast·-

2747 4824 2882 4880 tem
2920 4833 3233 4898 perquam
3277 4814 3638 4878 florentem.
3710 4812 4033 4878 Mittimus
4068 4823 4293 4878 autem
4332 4814 4493 4877 hanc
4518 4823 4639 4889 ep·-

2747 4900 2949 4967 tolam
2984 4898 3069 4965 ad
3105 4910 3188 4977 te,
3226 4919 3345 4982 per
3379 4899 3706 4965 illustrem
3743 4898 4084 4964 dominum
4106 4892 4639 4985 Nicolaumchrip-

2744 4986 3101 5069 tophorum
3148 4984 3485 5063 Radeivil,
3546 4985 3819 5050 filiolum
3863 4994 4198 5063 nostrum,
4256 4986 4373 5068 qui
4415 5000 4563 5048 nuno
4592 4994 4637 5038 1³

2744 5072 2983 5139 studiis
3025 5071 3367 5136 literarum
3412 5070 3840 5155 Argentorati
3883 5078 4216 5149 versatur,
4262 5080 4331 5137 et
4376 5089 4515 5135 vers
4546 5082 4637 5213 Ε,-

2746 5159 2901 5225 tatis
2943 5179 3020 5224 ac
3066 5157 3329 5223 virtutis
3374 5157 3631 5222 semina
3686 5156 3960 5224 imbibit.
4050 5156 4269 5223 Discit
4321 5156 4505 5221 etiam
4562 5234 4575 5246 ·

2746 5264 2911 5329 guas
2954 5252 3023 5309 et
3064 5252 3271 5322 artes,
3329 5243 3440 5326 qui
3478 5244 3675 5307 etiam
3720 5263 3840 5308 suo
3885 5250 4182 5325 tempore
4224 5240 4315 5307 ad
4359 5254 4419 5307 te
4459 5244 4633 5303 rmut-

2746 5342 2814 5395 et
2855 5351 2980 5396 sua
3014 5329 3388 5413 praesentia
3422 5337 3720 5394 nostrum
3754 5349 3915 5413 erga
3949 5340 4015 5393 te
4048 5326 4371 5405 studium,
4402 5332 4633 5390 nunu
