4900 6125
318 390 430 454 2⁷⁷

475 574 858 643 Clarissimo
917 577 1466 661 ornatissimoque
1508 577 1595 643 D.
1643 576 1959 645 Heinrico
2004 577 2266 643 Bullin-

318 682 462 749 gero
504 662 862 748 'l'igurinae
905 661 1214 729 ecclesiae
1258 663 1542 730 antistiti
1586 663 2087 748 vigilantissimo
2153 661 2268 729 do-

318 749 484 815 mino
525 756 592 813 ct
633 748 1037 832 praeceptori
1079 769 1201 815 suo
1243 748 1714 816 colendissimo.

323 1089 608 1168 Oohinus,
697 1091 766 1156 ui
811 1102 875 1157 te
918 1092 1246 1157 immerito
1281 1103 1350 1158 et
1391 1092 1689 1177 graviter
1729 1092 1997 1157 interim
2040 1090 2265 1157 tradu-

316 1177 413 1254 cit,
459 1177 528 1241 in
572 1176 671 1243 Po
696 1177 911 1242 oniam
1003 1177 1425 1244 roficiscitur:
1454 1178 1505 1262 ¹)
1562 1199 1641 1244 eo
1701 1180 1903 1244 etiam
1948 1190 2093 1243 erat
2134 1178 2267 1242 itu-

315 1284 421 1329 rus
444 1260 829 1340 Castanea)
865 1198 1000 1328 sed,
1015 1263 1466 1346 inexspectata
1500 1284 1680 1331 mors
1714 1284 1865 1329 eum
1901 1262 2267 1347 praevenit.

313 1347 474 1414 Heri
517 1347 625 1414 hic
667 1347 843 1431 apud
895 1368 1003 1413 me
1066 1348 1198 1414 fuit
1238 1348 1672 1416 Sebastianus
1719 1348 2053 1429 Paeonius,
2078 1351 2132 1425 ⁸)
2197 1347 2268 1413 ni

312 1432 502 1499 fallor
544 1432 839 1500 Polouus
879 1433 994 1499 ille
1036 1434 1153 1500 tibi
1200 1443 1279 1500 ut
1332 1435 1616 1502 arbitror
1660 1435 1824 1502 bene
1867 1444 2097 1510 notus,
2197 1433 2266 1499 ui

313 1540 483 1585 nova
524 1518 843 1602 quaedam
887 1520 1133 1603 scripta
1173 1522 1245 1587 in
1289 1520 1567 1587 Polonia
1608 1519 1787 1587 edita
1823 1519 1988 1585 mihi
2021 1527 2166 1585 attu
2199 1520 2267 1598 't,

314 1605 557 1688 aliquot
620 1625 776 1671 vero
842 1604 1250 1689 exemplaria
1312 1606 1644 1673 Basileam
1714 1604 1990 1673 abstulit
2013 1656 2030 1684 ,
2097 1626 2266 1688 quae

314 1690 603 1757 fortassis
667 1712 708 1756 a
773 1689 1067 1757 Borrhao
1130 1691 1421 1775 accipere
1486 1691 1732 1776 potoris
1748 1740 1765 1765 .
1830 1690 1960 1758 nisi
2023 1690 2267 1774 alioqui

311 1797 384 1842 ea
425 1787 626 1842 antea
667 1776 788 1842 tibi
833 1777 969 1842 sint
1010 1776 1231 1843 missa.
1301 1777 1387 1843 In
1429 1778 1513 1843 iis
1556 1777 1881 1863 Tigurini,
1918 1776 2270 1844 Geneven-

312 1883 413 1928 ees
455 1871 524 1927 et
563 1861 804 1928 caeteri
847 1861 1041 1947 pleno
1093 1884 1206 1928 ore
1250 1861 1555 1929 ridentur
1597 1873 1666 1929 et
1701 1863 2073 1929 Lutherani
2115 1883 2269 1928 cum

311 1947 739 2032 Zwinglianis
803 1948 1154 2029 pontificiis
1218 1960 1770 2027 annumerantur,
1852 1959 2048 2032 atque
2113 1969 2269 2014 vero

312 2032 618 2099 wclesiae
657 2032 1087 2100 fundamento
1129 2055 1354 2100 carere
1398 2035 1706 2101 dicuntur
1770 2041 1890 2099 etc.
1977 2033 2272 2100 Tabulae

312 2138 518 2184 novae
560 2127 830 2185 exstant
872 2129 1024 2185 tres.
1113 2120 1269 2186 Una
1312 2121 1513 2187 habet
1556 2140 1754 2185 verae
1796 2129 1863 2185 et
1919 2119 2124 2186 falsae
2166 2140 2272 2186 ec-

310 2204 544 2271 clesiae
588 2214 694 2281 (ut
736 2204 1001 2290 putant)
1045 2205 1416 2286 imaginem.
1486 2206 1571 2271 In
1607 2227 1687 2272 ea
1721 2226 1917 2271 verae
1960 2205 2274 2272 ecclesiae

310 2289 812 2356 fundamentum
857 2300 961 2356 est
1003 2291 1444 2357 manifestat-io
1511 2292 1714 2357 trium
1756 2290 2000 2356 Matth.
2046 2295 2103 2355 3.
2149 2290 2273 2356 fal-

307 2396 421 2443 sae
464 2397 624 2442 vero
664 2397 844 2442 unus
887 2375 1050 2443 deus
1093 2377 1365 2453 Trium,
1434 2398 1606 2442 unus
1650 2376 1810 2443 deus
1853 2378 1921 2443 in
1968 2377 2272 2454 essentia,

309 2482 483 2527 unus
535 2461 696 2528 deus
751 2471 818 2528 et
874 2470 1009 2528 tres
1065 2483 1410 2546 personae,
1477 2471 1599 2529 etc.
1681 2459 1995 2530 Secunda
2048 2461 2274 2528 tabula

308 2545 496 2614 docet
558 2548 631 2612 in
699 2546 1012 2633 religione
1076 2556 1376 2614 extrema
1437 2568 1698 2631 semper
1756 2569 1898 2614 esse
1959 2549 2163 2633 impia
2205 2558 2272 2613 et

306 2632 655 2714 haeretica,
701 2634 773 2698 in
816 2633 1032 2699 medio
1075 2650 1178 2698 est
1220 2634 1452 2717 pietas,
1493 2654 1660 2717 quae
1703 2647 1833 2700 est:
1891 2655 2066 2698 unus
2110 2632 2270 2699 deus

305 2729 512 2803 pater,
559 2740 730 2785 unus
775 2718 1078 2785 dominus
1114 2718 1307 2785 Iesus
1342 2718 1655 2786 Christus
1697 2719 1880 2785 filius
1901 2716 2052 2797 Dei,
2098 2740 2270 2785 unus

304 2804 579 2955 sipiritus
622 2813 924 2884 sanctus,
969 2806 1043 2869 in
1101 2826 1231 2888 quo
1273 2805 1634 2871 clamamus
1677 2805 1871 2871 Abba
1912 2815 2102 2889 pater
2144 2815 2268 2872 etc.

364 2891 534 2957 ertia
574 2890 865 2958 ostendit
905 2889 1143 2973 quibus
1185 2890 1399 2957 modis
1422 2889 1634 2956 Satan
1668 2889 2028 2957 aboleverit
2060 2911 2271 2956 unum

304 2997 540 3042 verum
599 2976 796 3043 deum
854 2986 1111 3060 patrem
1156 2973 1428 3042 Christi.
1517 2975 1874 3042 Praeterea
1914 2975 2116 3041 libelli
2156 2996 2270 3041 cu-

301 3063 568 3129 iusdam
610 3063 848 3130 titulus
890 3071 1023 3129 est:
1068 3063 1301 3128 Turris
1323 3061 1549 3129 Babel.
1628 3061 1826 3129 Alius
1858 3063 2269 3130 inscribitur:

301 3148 595 3216 Carmen
659 3148 743 3214 ad
808 3148 902 3215 Io.
973 3148 1310 3216 Calvinum
1376 3158 1444 3213 et
1506 3148 1650 3234 pios
1693 3149 2032 3227 fratres,⁴)
2084 3148 2271 3215 cuius

299 3244 494 3301 autor
540 3233 886 3302 Gribaldus
944 3233 1211 3318 quidam
1277 3254 1422 3300 esse
1489 3241 1778 3318 putatur.
1796 3235 1855 3311 ⁶)
1942 3234 2269 3300 Postremi

297 3543 500 3599 4080.
515 3543 574 3612 1)
612 3541 857 3598 onlnem
900 3547 1150 3611 maeste
1185 3540 1492 3597 Nove-obre
1545 3539 1746 3596 furseo
1785 3541 1984 3610 pulsu
2025 3541 2270 3609 panae·

295 3612 589 3669 Basileon
622 3627 680 3666 se
723 3610 981 3676 contudit,
1029 3609 1225 3665 deinde
1261 3610 1686 3679 Nou-imberque·
1728 3617 1778 3665 et
1814 3609 2271 3677 F'raneoturtum

295 3688 575 3752 pontano
612 3679 949 3761 Οναοουξαιι.
1005 3678 1282 3761 (murat-h
1311 3695 1367 3747 ρ.
1402 3677 1509 3734 810
1541 3693 1616 3734 es.
1661 3676 1909 3759 stechel
1940 3678 2010 3732 11.
2049 3676 2199 3745 268.)

401 3819 414 3832 ·
511 3746 710 3870 2331».
735 3748 838 3803 tal·
872 3750 1103 3872 ωὲοαιρ
1134 3747 1278 3801 καλεῖ
1310 3763 1400 3816 ap.
1448 3746 1806 3872 Tragasaeum
1841 3753 1894 3802 et
1932 3747 1998 3800 M
2033 3816 2115 3870 Po
2197 3763 2263 3829 ug.

297 3889 514 3943 amicos
709 3888 720 3900 '
745 3901 804 3941 ee
814 3823 962 3956 ,aqui
991 3823 1273 3951 fortuni:
1290 3886 1343 3938 ei
1374 3893 1597 3939 autores
1629 3832 2049 3949 fumexmmae
2082 3832 2269 3941 coum

295 3955 471 4022 daec,
504 3962 654 4024 patet
686 3971 755 4010 σε
788 3955 863 4007 iis
894 3970 1035 4036 φωρ
1068 3954 1459 4035 &acecpimus
1491 3952 1570 4007 ad
1608 3953 1683 4007 N.
1716 3951 1875 4034 4079.

511 4024 571 4145 δὲ
606 4023 699 4079 De
747 4022 944 4079 Pechto
989 4037 1102 4077 m
1147 4022 1446 4090 boblwpola
1491 4039 1555 4076 ιη
1607 4021 1843 4076 Pelorum
1885 4021 1958 4088 cf.
1992 4019 2073 4077 N.
2109 4018 2267 4078 3217.

511 4162 571 4229 4)
609 4160 815 4242 Sandis·
833 4159 977 4242 Bel.
1009 4175 1068 4240 P:
1102 4156 1190 4211 43.
1260 4157 1422 4227 (ἓως.
1442 4158 1630 4239 Eruli:
1666 4158 1981 4241 Tabula-de
2015 4158 2265 4212 trinitate

291 4236 1025 4378 m‚·3{‚‘3¹·.1¹.⁹·32;31‘t{
1053 4226 1671 4376 ffiffiafssgtmztiz‘z:
1707 4227 2266 4378 {ffinlssfflssss

289 4369 456 4438 puris
490 4367 732 4422 fontibus
751 4368 904 4420 verbi
926 4366 1044 4429 Dei,
1082 4366 1380 4418 Ananiam:
1414 4374 1726 4418 accusatur:
1760 4365 1857 4418 sed
1921 4381 2041 4418 uem
2065 4372 2265 4418 merito

289 4454 401 4491 voe
440 4436 689 4491 videritis
724 4441 819 4490 ete.
891 4433 1148 4488 Eiusdem
1195 4433 1443 4486 meminit
1476 4432 1735 4487 Calvinus
1783 4434 1841 4486 in
1925 4434 2039 4486 revi
2075 4432 2266 4487 admo·

287 4506 510 4561 uitione
545 4505 616 4559 ed
650 4505 850 4559 fratres
885 4504 1123 4557 Polonoe
1167 4501 1252 4554 his
1288 4501 1504 4555 verbis:
1553 4502 1818 4555 Tabulam
1855 4518 2031 4571 nuper
2064 4502 2123 4554 in
2157 4502 2264 4556 Po·

285 4576 450 4630 lonis
501 4575 732 4635 editam,
783 4588 924 4642 quae
975 4570 1248 4626 Christum
1301 4576 1360 4624 et
1412 4569 1676 4638 Spiritum
1740 4581 1986 4625 sanctum
2039 4571 2176 4625 alios
2228 4588 2263 4624 a

285 4642 472 4698 Patre
514 4644 647 4697 deos
699 4641 854 4708 facit,
899 4657 1007 4693 nou
1062 4639 1182 4692 eine
1230 4636 1580 4693 acerbissimo
1624 4656 1876 4693 moerore
1923 4640 2156 4709 inspexi.
2195 4668 2260 4679 —

285 4712 495 4767 Turris
531 4709 714 4767 Babel.
755 4708 1002 4763 Francos.
1037 4706 1100 4760 8ο
1131 4707 1299 4777 (quae
1333 4720 1460 4775 erqo
1494 4713 1546 4761 et
1577 4708 1705 4776 ipsa
1725 4705 1900 4762 Paula·
1930 4724 2072 4775 opus
2098 4708 2259 4774 erat).

284 4808 365 4822 —-
403 4781 633 4835 Carmen
670 4779 741 4833 ad
774 4779 852 4834 lo.
886 4778 1168 4833 Calvinum
1214 4783 1275 4830 et
1320 4777 1442 4846 pios
1485 4776 1686 4830 fratres
1717 4775 1796 4830 8⁰.
1871 4776 2027 4842 Quod
2063 4777 2142 4831 eie
2176 4777 2258 4830 in·

437 4968 707 5026 unximus
742 4982 1007 5028 errorum,
1042 4970 1180 5034 quot
1212 4971 1342 5019 sunt
1415 4974 1620 5034 uotque
1654 4971 1784 5019 ante
1819 4965 2057 5032 fuerunt,

440 5040 584 5105 Quot
616 5037 706 5091 vel
741 5042 918 5095 erunt.
954 5034 1195 5097 Calvino,
1231 4983 1430 5088 “¹qu
1503 5033 1752 5089 renditnr
1787 5049 1957 5101 error,

438 5107 686 5173 Quium
763 5104 904 5158 raeci
946 5102 1467 5157 itiealamodescri
1509 5103 1664 5165 imin
1702 5119 1811 5156 uno

437 5176 579 5231 'l'ree
707 5174 718 5186 ’
762 5189 856 5227 ere
929 5188 1041 5237 eos,
1071 5170 1313 5240 Patrem,
1337 5171 1584 5226 Verbum
1620 5180 1679 5226 et
1713 5172 2054 5226 Paracletum
2092 5176 2188 5226 etc.

505 5310 567 5379 5)
601 5310 724 5365 1⁸0
758 5308 991 5371 Panem,
1025 5308 1079 5362 a·
1115 5307 1331 5365 sanae
1360 5306 1501 5376 aaa
1532 5306 1803 5364 samm

1874 392 2036 455 1564
2081 388 2764 458 mam—Almus.

4205 395 4335 460 2‘18

2369 577 2603 645 titulus
2644 579 2738 643 ita
2772 577 3000 645 habet:
3046 578 3404 663 Epistola&
3439 579 3747 664 Gregorii
3781 579 4002 647 Paulli
4043 580 4334 648 minicia-i

2367 663 2829 731 Oracoviensis
2889 664 3243 730 monitoria
3305 664 3387 731 ad
3434 665 3793 750 Tigurinos
3856 666 4198 733 ministros
4261 677 4332 732 et

2372 747 2724 826 Οσῑυίηαηι,
2768 750 2884 816 ubi
2926 750 3125 816 etiam
3171 750 3648 817 confessionem
3704 771 3891 818 suam
3949 751 4032 819 de
4074 753 4221 819 Deo
4262 760 4335 820 et

2369 834 2497 900 Dei
2532 834 2691 914 filio,
2729 844 2871 901 tum
2909 835 2990 901 de
3028 837 3264 919 spiritu
3299 846 3527 903 sancto
3561 836 3698 903 edit
3730 835 4047 904 adversus
4080 838 4332 905 calum·

2368 920 2675 988 niatores.
2763 921 2870 986 Ex
2928 921 3035 988 his
3092 921 3281 988 facile
3322 921 3628 1006 colligere
3692 931 3879 1006 potes
3923 921 4083 1008 quid
4125 923 4334 990 medi·

2369 1013 2549 1072 tetur
2593 1006 2803 1074 Satan
2846 1016 2916 1073 et
2957 1020 3205 1091 quanta
3247 1006 3463 1075 clades
3520 1007 3832 1075 ecclesiae
3888 1008 4332 1094 exspectanda

2368 1094 2458 1158 sit
2503 1128 3894 1148 ———————————
3938 1094 4333 1162 Frankods-

2369 1178 2512 1244 liae.
2584 1176 2857 1244 Oalend.
2905 1177 3154 1262 Aprilis
3208 1182 3387 1244 1564.

3030 1315 3131 1380 tui
3173 1316 3663 1382 amantissimus
3706 1325 3774 1381 et
3816 1315 4333 1384 studiosissimus

3333 1401 3576 1468 Petrus
3617 1400 3986 1468 Dathenus.

3246 1947 3448 2019 4⁰9⁰.

2429 2101 2785 2169 OALVIN
2829 2103 2893 2168 A
2939 2102 3064 2167 LA
3108 2101 3606 2172 DUOHESSE
3649 2103 3779 2170 DE
3822 2102 4295 2172 FERRARB..

2548 2272 2992 2355 &plicatione
3031 2293 3123 2339 aa
3179 2275 3344 2356 Μαι
3398 2276 3476 2341 de
3528 2293 3631 2340 ses
3673 2272 4076 2356 predantes
4114 2273 4338 2342 lettres.

2374 2356 4342 2427 Eoehorwtionestimukrkeeledoladuckemde

2379 2443 2622 2511 Savot'e.

2374 2614 2597 2685 (Copies
2634 2615 2777 2668 Bibl.
2812 2615 2882 2668 de
2912 2614 3154 2670 Geueve.
3186 2614 3307 2668 Vol.
3336 2612 3456 2680 107,
3498 2614 3590 2669 fol.
3634 2614 3752 2670 173.
3788 2615 3910 2672 vol.
3946 2613 4094 2687 nr»,
4126 2615 4218 2669 fol.
4252 2612 4338 2670 25.

2375 2685 2557 2738 Berne
2594 2683 2657 2737 F.
2705 2700 2760 2753 p.
2796 2682 2847 2739 1.
2882 2712 2950 2723 —
2986 2683 3200 2738 Bucbat
3234 2682 3358 2739 vn.
3391 2681 3517 2737 412.
3569 2682 3818 2747 Orottet,
3862 2683 3932 2738 N.
3969 2681 4054 2740 68.
4122 2683 4343 2739 Bounet

2833 2751 2903 2807 11.
2938 2750 3059 2806 568.
3098 2780 3163 2792 -
3198 2751 3362 2805 Trad.
3400 2752 3542 2822 angl.
3580 2752 3686 2808 IV.
3736 2751 3884 2820 360.)

2548 2920 2877 3021 Madame,
2927 2923 2999 3006 je
3053 2940 3221 3021 vous
3279 2921 3545 3008 prieray
3602 2943 3712 2988 me
3755 2921 4132 3008 pardonncr
4174 2926 4233 2989 si
4267 2944 4343 3076 ig

2373 3005 3267 3194 {gblfflnplzrqtizllffin
3280 3006 3418 3161 siliis
3433 3007 4236 3194 Ἒῖῃᾶοῗθέῇαῗέιῗΐςῗιξ
4276 3094 4342 3162 ie

2374 3180 2620 3246 souffre
2678 3178 2759 3245 de
2815 3178 3110 3245 diverses
3166 3179 3512 3256 maladies,
3572 3180 3848 3246 deffault
3898 3179 4214 3259 d’alaine‚
4271 3181 4341 3248 la

2374 3265 2620 3349 pierre,
2679 3265 2745 3330 la
2796 3271 3027 3349 goutte
3083 3273 3154 3329 et
3201 3286 3332 3332 une
3390 3264 3607 3332 ulcere
3677 3287 3812 3332 aux
3855 3267 4083 3333 vaines
4124 3286 4340 3333 esmo-

2373 3364 2670 3435 rolcques
2714 3352 2826 3434 qui
2867 3350 3289 3434 mempesche
3334 3350 3415 3417 de
3457 3350 3742 3436 prendre
3785 3372 4000 3419 aucun
4022 3353 4338 3433 exercice,

2370 3436 2611 3521 auquel
2647 3438 2850 3503 seroit
2882 3446 3066 3502 toute
3101 3435 3482 3519 lesperauce
3518 3435 3980 3522 dallegement.
4048 3438 4099 3506 J
4099 3459 4137 3504 e
4169 3459 4340 3505 vous

2369 3522 2634 3607 prieray
2679 3522 2854 3588 aussi
2900 3542 3250 3588 mexeuser
3290 3523 3348 3587 si
3391 3531 3569 3589 ceste
3611 3524 3806 3589 lettre
3848 3534 3951 3589 est
3985 3530 4209 3590 courte
4244 3545 4331 3590 au

2367 3610 2507 3693 pris
2551 3608 2632 3673 de
2674 3608 2740 3673 la
2782 3614 3023 3686 vostre,
3049 3610 3102 3687 ¹)
3144 3605 3452 3672 daultant
3492 3628 3621 3692 que
3652 3609 3897 3677 iattens
3929 3629 4198 3676 encores
4232 3608 4331 3675 les

2370 3705 2628 3760 retours
2646 3695 2704 3771 2)
2749 3692 2833 3758 de
2873 3693 3219 3758 Monsieur
3262 3692 3456 3760 Βαᾶἑ
3471 3697 3530 3776 ⁸)
3574 3713 3696 3779 par
3747 3694 3965 3779 lequel
4010 3716 4176 3762 vous
4218 3715 4329 3761 me

2370 3788 2737 3865 promecter.
2781 3779 2946 3844 faire
2988 3778 3245 3845 scavoir
3288 3776 3370 3844 de
3404 3800 3527 3845 voz
3563 3780 3923 3859 nouvelles,
3968 3782 4169 3847 ioinct
4202 3802 4329 3864 que

2368 3869 2430 3931 ie
2475 3865 2624 3950 n’ay
2671 3885 2863 3930 recen
2899 3863 3113 3929 nulles
3135 3862 3365 3930 lettres
3388 3864 3470 3930 de
3492 3864 3840 3931 Monsieur
3862 3863 3943 3931 de
3969 3866 4327 3951 Coumayes,

2368 3972 2538 4036 pour
2580 3949 2899 4016 entendre
2935 3949 3154 4033 quelle
3188 3948 3547 4034 procedure
3581 3949 3633 4014 il
3668 3950 3928 4016 fauldra
3948 3954 4126 4017 tenir
4157 3971 4329 4036 pour

2367 4037 2671 4122 appaiser
2713 4036 2811 4101 les
2853 4034 3164 4102 differens
3208 4034 3291 4101 de
3327 4045 3548 4102 vostre
3582 4037 3855 4115 maison,
3898 4048 3968 4102 et
4002 4035 4327 4104 remedier

2366 4144 2536 4208 pour
2580 4122 2837 4188 lavenir
2879 4127 2924 4186 a
2964 4131 3110 4187 tout
3150 4142 3226 4188 ce
3267 4123 3380 4206 qui
3422 4120 3608 4207 peult
3648 4141 3881 4188 causer
3927 4122 4216 4190 troubles
4260 4130 4330 4189 et

2366 4210 2614 4283 riottes,
2661 4228 2741 4272 ou
2790 4207 3057 4272 nourrir
3099 4206 3332 4272 haines
3375 4219 3444 4273 et
3485 4228 3830 4276 rancunes.

2539 4293 2885 4359 Touchaut
2927 4293 3026 4359 les
3063 4291 3310 4360 aultres
3353 4314 3621 4377 propos,
3665 4291 4007 4371 Madame,
4064 4294 4124 4360 si
4167 4312 4326 4358 mon

2364 4379 2609 4447 conseil
2653 4399 2693 4443 a
2736 4378 3014 4462 quelque
3067 4378 3201 4444 lieu
3261 4399 3499 4445 envers
3557 4399 3759 4457 vous,
3821 4380 3882 4445 ie
3941 4398 4106 4444 vous
4206 4378 4325 4457 rie,

2364 4487 2497 4531 nen
2543 4463 2884 4530 travaillez
2929 4463 3082 4547 plus
3125 4474 3351 4530 vostre
3396 4465 3635 4549 esprit,
3680 4486 3795 4531 car
3835 4484 4013 4549 quoy
4056 4485 4097 4547 q
4150 4465 4164 4479 ⁶
4237 4485 4322 4530 en

2362 4552 2491 4617 soit
2533 4550 2633 4616 les
2675 4550 2981 4636 passione
3025 4560 3171 4633 trop
3213 4550 3645 4616 vehementes
3678 4548 4093 4635 engeudrent
4125 4548 4323 4615 beau-

2362 4656 2529 4721 coup
2574 4635 2657 4701 de
2700 4635 3089 4713 fascheries,
3136 4644 3202 4700 et
3244 4637 3529 4702 ferment
3571 4634 3637 4701 la
3677 4646 3867 4720 porte
3909 4642 3954 4701 a
3996 4635 4061 4701 la
4104 4636 4324 4701 raison

2361 4732 2432 4789 et
2473 4724 2702 4789 verite.
2790 4721 3080 4787 Mesmes
3122 4720 3235 4805 iay
3280 4730 3418 4788 este
3462 4721 3711 4797 esbahi‚
3758 4720 4102 4801 Madame,
4145 4740 4323 4788 com·

2359 4809 2511 4874 bien
2547 4811 2743 4892 qu’en
2789 4806 3050 4890 parlant
3071 4806 3187 4873 des
3209 4827 3591 4891 reprouvez,
3635 4808 3871 4874 i’eusse
3909 4815 4325 4874 notamment

2361 5165 2548 5221 ⁴0⁹0
2565 5096 2638 5233 61))
2666 5096 3074 5223 madal
3112 5096 3362 5153 sandius
3390 5097 3529 5165 (not.
3560 5095 3642 5165 4).

2565 5234 2629 5297 2)
2665 5252 2930 5291 revenuee
2969 5234 3056 5290 Bt.

2566 5304 2630 5372 8)
2668 5304 2793 5361 We
2822 5306 3033 5375 perluit
3062 5304 3236 5374 plum
3270 5304 3405 5359 ἄκη
3441 5302 3529 5359 Π.
3576 5302 3913 5446 Ἰῦᾱωίῗέ.
