4900 6125
595 406 725 468 491

597 589 776 658 Nam
816 587 1014 655 audio
1055 586 1324 655 illorum
1378 610 1524 657 esse
1579 610 1838 671 novem,
1885 593 1925 656 6
1969 589 2224 660 scilicet
2262 598 2564 676 pastores

600 683 671 743 et
712 679 752 741 3
797 672 1118 755 diaconos,
1181 676 1299 759 qui
1343 696 1498 744 cum
1540 697 1661 743 suo
1698 677 2003 762 episcopo
2043 677 2219 745 facta
2257 677 2563 744 coniura-

597 763 775 828 tione
838 760 1300 828 oonstituerint
1361 782 1489 830 sua
1550 763 1770 846 potius
1821 762 2195 830 ministeria
2257 761 2563 831 deserere

597 868 793 932 quam
835 846 1282 913 defensionem
1326 867 1487 914 suae
1529 868 1783 916 causae.

770 931 972 1016 Apud
1016 932 1278 999 Vallem
1321 933 1697 1000 Marianam
1738 935 1812 1000 in
1856 933 2117 1020 Fiyonii
2160 934 2375 1004 locum
2427 935 2564 1002 suf-

595 1019 806 1087 fectus
847 1029 950 1086 est
991 1017 1058 1084 N
1056 1018 1306 1086 icolaus
1350 1018 1756 1100 muci-ecus,
1782 1022 1842 1100 2)
1884 1020 2011 1088 hac
2047 1031 2270 1089 tamen
2308 1022 2452 1107 lege
2489 1028 2567 1087 ut

595 1103 910 1172 articulos
952 1124 993 1169 a
1039 1102 1291 1172 colonio
1333 1107 1613 1190 scriptos
1657 1106 2058 1190 approbarit,
2125 1117 2196 1174 et
2236 1105 2366 1174 fide
2410 1106 2566 1173 data

595 1212 747 1259 cum
791 1189 1214 1257 iureiurando
1257 1198 1326 1257 et
1361 1192 1643 1278 principi
1677 1202 1748 1258 et
1779 1193 2166 1260 consistorio
2200 1193 2566 1261 solenniter

723 1277 990 1354 miserit,
1028 1297 1101 1343 se
1134 1277 1637 1344 observaturum
1677 1298 1844 1362 quae
1878 1279 1949 1346 in
1986 1280 2084 1346 eis
2117 1281 2364 1364 scripta
2384 1287 2562 1346 sunt.

668 1361 794 1429 uod
829 1363 890 1429 si
929 1361 1160 1429 feeerit
1210 1362 1234 1426 i
1319 1362 1421 1430 ’us
1477 1385 1677 1448 opera
1730 1386 1863 1430 non
1922 1366 2052 1431 erit
2109 1365 2207 1430 illi
2250 1364 2565 1432 ecclesiae

598 1448 874 1514 inutilis.
963 1449 1190 1529 Quum
1238 1384 1369 1515 ffic
1423 1450 1917 1531 intellexissem,
1980 1451 2214 1535 scripsi
2279 1451 2362 1517 ad
2408 1472 2567 1518 eum

596 1533 826 1600 literas
880 1534 953 1599 in
1009 1531 1249 1618 quibus
1305 1534 1493 1601 illum
1548 1535 1859 1603 admonui
1916 1537 2020 1604 sui
2077 1537 2296 1615 officii,
2355 1537 2565 1603 amice

597 1619 1022 1704 compellans,
1083 1620 1241 1703 quia
1282 1621 1656 1688 existimavi
1711 1622 1866 1706 plus
1908 1622 2084 1707 apud
2137 1623 2332 1689 illum
2390 1622 2567 1690 effici

597 1726 790 1789 posse
831 1705 1101 1771 lenitate
1143 1726 1339 1790 quam
1384 1709 1753 1791 asperitate.

771 1791 1014 1858 Petrus
1059 1790 1472 1860 Foumeletus
1516 1804 1737 1877 pastor
1782 1793 2092 1862 ecclesiae
2115 1794 2564 1862 catalaunen-

599 1876 769 1961 sis⁸)
834 1877 1017 1944 iussu
1073 1879 1342 1963 reginae
1401 1882 1635 1946 matris
1701 1883 1807 1964 (ut
1869 1881 2111 1965 fertur)
2177 1881 2454 1949 ecclesia
2496 1890 2566 1947 et

600 1963 764 2030 urbe
807 1962 1035 2047 pulsus
1079 1974 1181 2029 est
1223 1985 1375 2030 cum
1418 1986 1626 2031 uxore
1668 1974 1738 2032 et
1778 1965 2021 2032 liberis.
2111 1967 2215 2034 Ne
2253 1966 2565 2034 Trecensi

601 2049 915 2116 molesiae
957 2049 1173 2115 simile
1214 2052 1559 2136 contingat
1600 2073 1932 2117 veremur.

775 2134 881 2199 De
924 2135 1167 2201 auxilio
1210 2138 1587 2219 germanico
1633 2149 1699 2203 et
1733 2158 1898 2223 quae
1933 2139 2019 2203 sit
2052 2159 2201 2223 spes
2237 2158 2320 2204 ex
2363 2137 2565 2205 Dom-

604 2221 996 2288 martiniano
1017 2220 1209 2287 modo
1231 2221 1475 2289 audies.
1525 2223 1854 2290 Dominus
1891 2233 2240 2291 conservet
2275 2234 2565 2290 vestram

601 2306 942 2374 ecclesiam
989 2317 1072 2371 et
1099 2307 1384 2391 reliquas
1429 2330 1600 2393 quae
1642 2309 1867 2393 aliqua
1906 2309 2219 2376 fruuntur
2257 2330 2439 2394 pace,
2498 2320 2569 2377 et

648 2401 905 2478 retegat
947 2392 1109 2460 alias
1151 2414 1318 2477 quae
1359 2395 1429 2460 in
1475 2398 1805 2479 praesenti
1849 2407 2202 2462 versantur
2252 2396 2563 2480 periculo.

669 2477 775 2545 ale
829 2480 901 2544 in
946 2476 1253 2559 Domino,
1313 2480 1422 2545 vir
1466 2481 1846 2561 clarissime,
1914 2489 1983 2548 et
2037 2483 2249 2548 nostri
2305 2483 2378 2547 in
2433 2482 2565 2549 tuis

601 2563 907 2648 precibus
950 2565 1351 2632 memineris.
1440 2568 1867 2652 Argentorati
1912 2569 2015 2633 28.
2060 2567 2219 2634 Iulii
2269 2570 2453 2633 1562.

1376 2685 1754 2754 Gulielmus
1796 2686 2171 2755 Holbracus
2214 2693 2388 2755 tuus.

1489 3199 1683 3272 3831.

1101 3353 1599 3422 PARELLUS
1646 3354 2087 3423 OALVINO.

778 3523 1064 3591 Nomina
1104 3530 1162 3591 et
1202 3527 1449 3609 neyott'a
1480 3528 1555 3592 in
1588 3546 1838 3593 scenam
1863 3528 2159 3611 producit
2191 3532 2363 3594 sueto
2399 3548 2569 3595 more

599 3614 672 3676 ut
702 3608 797 3676 vel
838 3611 995 3693 quid
1036 3610 1161 3676 sibi
1196 3612 1342 3678 velit
1380 3612 1879 3696 haudquaquam
1913 3613 2398 3696 perspiciamus.

603 3780 1116 3904 ffimautpgrggho
1160 3781 1291 3837 eod.
1338 3783 1544 3838 Genev.
1591 3782 1709 3847 115,
1761 3782 1855 3837 sol.
1905 3780 2009 3837 146
2059 3784 2182 3839 eoll.
2235 3799 2286 3840 c.
2334 3786 2567 3868 exempl:

781 3858 884 3904 tun
933 3849 963 3902 1
1034 3890 1051 3917 ,
1101 3851 1196 3905 fol.
1229 3849 1364 3919 ‚141,
1417 3852 1561 3975 1363:
1596 3853 1775 3989 1302?
1814 3851 1904 3907 VI.
1957 3869 2013 3923 p.
2050 3851 2191 3907 1020
2241 3858 2301 3908 et
2346 3853 2569 3909 simleri

779 4088 997 4171 Quam
1042 4091 1610 4174 praestantissimo
1635 4090 1890 4158 Christi
1932 4114 2127 4160 servo
2162 4094 2257 4159 Io.
2283 4093 2569 4162 Calvino

601 4176 852 4261 pastori
896 4174 1207 4242 ecclesiae
1250 4175 1664 4245 Genevensis
1706 4177 1902 4244 fratri
1943 4188 2013 4245 et
2053 4188 2463 4266 symmystae
2495 4181 2568 4247 in

601 4261 836 4346 primis
878 4260 1305 4329 observando.

2056 4350 2393 4419 Genevae.

774 4483 848 4552 S.
895 4483 1031 4567 Qui
1095 4484 1322 4549 literas
1382 4483 1500 4550 tibi
1557 4483 1848 4552 reddidit
1909 4492 2013 4552 est
2085 4488 2143 4554 is
2208 4488 2569 4557 advocatus

599 4580 827 4637 noster
889 4572 1001 4656 qui
1067 4568 1343 4637 oonsilio
1397 4578 1463 4637 et
1528 4572 1783 4638 viribus
1840 4571 2037 4639 valet.
2140 4573 2367 4656 Quum
2433 4597 2567 4642 non

598 4654 871 4723 redierit
933 4657 1210 4723 coniicio
1268 4676 1419 4721 eum
1493 4677 1644 4723 eum
1708 4657 1857 4724 aliis
1920 4659 2285 4742 profectum
2339 4661 2564 4729 fuisse.

602 4741 917 4810 Christus
978 4764 1207 4809 omnes
1264 4750 1487 4809 servet
1553 4744 1923 4828 efficiatque
1988 4753 2065 4811 ut
2127 4766 2292 4830 pure
2341 4768 2570 4815 omnes

806 4980 1441 5065 2)Ν.6826.σια.1.
1525 4982 1779 5038 oliuu·
1839 4984 2197 5055 ’ωορρίάο
2246 4984 2572 5042 &Mariae

603 5050 859 5241 {ugr-:ff
870 5128 1199 5202 sucessum
1233 5051 1891 5203 afflaf'latmpffiquau
1911 5054 2574 5205 womwtevzae

787 5186 1115 5323 11me
1081 5190 1508 5331 Dgxazbss
1522 5196 1864 5261 συνωρίσι
1895 5196 1951 5247 a
1980 5207 2021 5246 a
2053 5191 2300 5249 Damno
2333 5194 2578 5251 mam

812 5320 877 5390 8)
913 5324 992 5383 N.
1020 5325 1176 5383 8519.

2127 400 2653 472 EPISTOLAE
2694 404 3124 473 asso-3833

4480 413 4589 482 m

2669 592 3033 660 Dominum
3097 594 3409 661 serviant.
3497 595 3692 662 Mora
3753 616 3957 681 supra
4019 594 4289 664 modum
4348 595 4593 668 molen

2664 678 2815 756 fuit,
2850 698 3020 762 quae
3054 687 3193 746 tam
3226 680 3454 747 multis
3486 681 3849 765 perniciem
3881 681 4123 748 attulit.
4190 680 4527 750 Manutius
4549 686 4593 766 ι)

2666 763 2837 830 mihi
2859 763 3052 831 valde
3077 765 3345 849 placuit,
3390 767 3503 851 qui
3545 788 3701 834 mox
3744 789 3901 834 mox
3921 773 3957 808 ⁸
3996 767 4447 851 impetendum
4464 768 4596 836 bos-

2668 858 2804 916 tem
2854 850 3159 918 invocato
3204 850 3493 918 Domino
3551 854 3806 921 censuit
3847 863 3917 919 et
3957 854 4242 920 obtinuit
4274 853 4465 920 solus.
4538 857 4597 924 A

2666 937 3009 1021 sanguine,
3086 937 3199 1003 ubi
3262 938 3540 1005 victoria
3583 960 3895 1022 praesens
3957 951 4119 1018 erat,
4185 939 4493 1007 abstinuit
4536 949 4598 1008 et

2666 1042 2942 1105 prorsus
2984 1044 3027 1088 a
3070 1022 3331 1106 praeda,
3369 1027 3672 1108 quamvis
3715 1026 3827 1091 alii
3861 1024 4135 1110 indigne
4167 1025 4404 1104 ferant„
4434 1047 4599 1109 prae·

2665 1110 3013 1262 ⁰¹⁹⁰⁶N23³
3028 1108 3451 1279 (11.1,ῗὲζίἷέ
3485 1110 4020 1264 ἓῗιῖηξθῷῗῗιὶῖ
4040 1111 4601 1264 ᾘιέἓίὶῗωκέ

2666 1280 2994 1364 quomodo
3057 1280 3194 1347 fere
3217 1285 3254 1321 ¹¹
3298 1290 3516 1366 potest
3578 1292 3716 1348 tam
3782 1282 3977 1367 longo
4045 1292 4343 1367 tempore
4400 1291 4603 1350 tantus

2667 1367 3017 1433 exercitus.
3129 1364 3267 1433 Sed
3352 1367 3525 1452 quod
3589 1368 3919 1453 aliquibus
3982 1370 4264 1454 contigit
4342 1368 4604 1436 eeclesiis

2666 1452 2881 1518 multo
2924 1464 3024 1518 est
3065 1453 3527 1520 calamitosius.
3594 1454 3799 1520 Pater
3841 1476 4037 1538 quam
4080 1455 4607 1522 clementissimus

2670 1559 2823 1605 suos
2866 1552 3090 1605 servet
3131 1539 3453 1623 faciatque
3508 1551 3582 1605 ut
3640 1542 3886 1623 passim
3929 1540 4243 1607 Christus
4283 1549 4511 1625 regnet
4548 1547 4609 1606 et

2668 1623 2884 1690 omnis
2932 1625 3236 1708 impietas
3289 1646 3327 1691 e
3384 1624 3599 1691 medio
3643 1626 3930 1703 tollatur,
3995 1626 4140 1693 sine
4198 1624 4373 1693 bello
4412 1623 4610 1710 gladio

2668 1721 2736 1776 et
2778 1712 3123 1795 sanguine,
3174 1720 3242 1776 et
3292 1719 3370 1776 ut
3404 1711 3725 1795 templum
3762 1711 4179 1779 aedificatum
4210 1711 4344 1776 fuit
4385 1712 4611 1778 nullius

2666 1794 2888 1861 mallei
2954 1797 3201 1863 securis
3267 1805 3385 1863 aut
3437 1797 3861 1865 instrumenti
3918 1798 4115 1864 ferrei
4176 1795 4404 1864 audito
4466 1818 4611 1864 sono

2666 1882 2973 1949 omnibus
3013 1881 3217 1966 probe
3263 1884 3611 1968 apparatis,
3678 1885 3775 1950 ita
3830 1904 4021 1950 suam
4077 1882 4383 1950 aedificet
4428 1881 4613 1952 eccle·

2667 1969 2837 2034 siam
2881 1968 3095 2033 multa
3136 1989 3312 2052 pace.

2847 2053 3036 2136 Quae
3080 2055 3454 2137 accepimus
3498 2053 3579 2121 de
3617 2055 3916 2139 principe
3959 2065 4026 2120 et
4046 2065 4273 2121 -matre
4292 2059 4352 2134 8)
4387 2074 4461 2121 oo

2670 2139 2928 2220 referet,
2998 2149 3066 2204 et
3121 2149 3197 2205 ut
3251 2161 3361 2205 res
3406 2150 3668 2207 nostrae
3710 2140 3977 2206 habent.
4066 2140 4433 2207 Molestum
4539 2143 4551 2154 ‘
4599 2140 4612 2153 ‘

2670 2234 2773 2292 est
2814 2225 2989 2309 quod
3033 2245 3140 2291 me
3182 2226 3516 2310 relinquit,
3539 2231 3597 2310 ⁴)
3640 2229 3940 2310 quamvis
3985 2247 4223 2310 parum
4269 2237 4391 2293 aut
4432 2247 4619 2311 paene

2669 2516 2848 2571 8881„
2869 2515 2928 2580 1)
2966 2517 3210 2570 Antoine
3246 2521 3303 2570 et
3338 2516 3547 2571 Paulon
3583 2517 3652 2569 de
3675 2514 3918 2586 momen,
3953 2517 4234 2586 seigneur·
4268 2517 4343 2571 de
4362 2517 4621 2582 nsum,

2670 2585 2782 2639 dits
2826 2585 2896 2638 de
2930 2584 3215 2654 Mouvans,
3263 2585 3358 2639 nes
3403 2587 3438 2641 a
3471 2585 3778 2640 Castellane
3820 2601 3887 2639 en
3924 2586 4205 2640 Provenee
4251 2585 4416 2640 d’une
4462 2587 4625 2640 bonne

2670 2654 2893 2718 famine,
2944 2655 3080 2708 mais
3131 2671 3382 2724 pauvres.
3452 2653 3637 2723 Apu-es
3671 2654 3827 2708 avoir
3859 2656 4005 2708 servi
4039 2670 4169 2710 sous
4204 2654 4471 2722 Franeois
4504 2655 4546 2709 1.
4575 2659 4627 2707 et

2668 2722 2844 2776 Henri
2878 2722 2953 2779 11.
2986 2724 3056 2777 ils
3100 2722 3484 2777 retournerent
3528 2722 3658 2776 chen
3710 2739 3816 2776 eux
3850 2722 4009 2793 apres
4044 2724 4101 2777 la
4133 2724 4263 2792 paix
4308 2723 4383 2776 de
4417 2724 4628 2779 &ten-

2670 2791 2994 2846 Cambresis.
3078 2792 3264 2861 Ayant
3306 2791 3578 2847 embrasse
3628 2792 3682 2844 la
3730 2791 3968 2848 reforma
4013 2792 4081 2846 ils
4115 2793 4171 2845 la
4202 2791 4569 2863 propaget-ent
4594 2791 4627 2845 λ

2671 2859 2997 2914 castellane.
3078 2861 3184 2914 Les
3231 2860 3571 2927 catholiques
3617 2860 3875 2914 fanatises
3922 2861 4253 2915 assaillirent
4286 2862 4413 2915 leur
4446 2877 4626 2915 assu·

2672 2927 2812 2982 ble'e.
2885 2928 2964 2981 Le
3007 2931 3315 2998 parlament
3358 2928 3523 2983 d’Aix
3569 2945 3883 2996 commenca
3926 2947 4001 2983 un
4048 2930 4246 3000 proces
4289 2935 4485 2984 sonu-e
4516 2945 4625 2983 eux.

2672 2996 2824 3051 Dans
2857 3014 2932 3051 nn
2967 3014 3178 3068 voyage
3214 2998 3342 3069 qu'il
3377 2998 3443 3052 fit
3476 2996 3509 3051 a
3538 2998 3885 3068 Draguignan
3922 3014 4063 3067 pour
4096 3015 4157 3052 se
4194 3006 4483 3053 concertor
4513 3014 4627 3052 aveo

2672 3066 2752 3119 les
2791 3071 3129 3136 protestante
3176 3084 3271 3121 sur
3314 3067 3396 3120 les
3448 3083 3670 3137 moyens
3716 3067 3787 3121 de
3820 3068 4041 3122 defense
4078 3068 4319 3122 Antoine
4372 3069 4459 3122 fut
4506 3084 4627 3121 m·-

2670 3136 2826 3189 sacre
2874 3136 2926 3189 le
2975 3134 3061 3188 23.
3101 3133 3219 3189 Oct.
3269 3135 3422 3190 1559.
3493 3136 3630 3189 Paul
3675 3136 3945 3190 demanda
3981 3137 4182 3206 justiee
4224 3139 4259 3193 a
4292 3137 4353 3190 la
4386 3153 4530 3193 cour.
4588 3134 4627 3189 n

2670 3203 2757 3257 fut
2789 3203 2878 3257 61ιι
2913 3203 3042 3259 chef
3071 3204 3170 3258 des
3204 3212 3541 3274 protestante
3574 3205 3644 3258 de
3680 3205 3961 3259 Provence
4007 3222 4075 3260 en
4112 3204 4269 3262 1560.
4341 3206 4455 3261 De·
4539 3206 4549 3219 ‘

2670 3272 2905 3326 ciations
2937 3270 3260 3327 amonerent
3302 3291 3377 3327 un
3422 3280 3602 3343 temps
3655 3272 3725 3327 de
3767 3280 3890 3327 tran
3933 3273 4125 3329 uillite'.
4192 3273 4526 3330 Ne'anmoins

2672 3340 2964 3395 embuches
2998 3340 3136 3395 dont
3168 3342 3209 3394 il
3244 3359 3304 3395 se
3344 3343 3421 3395 vit
3466 3342 3764 3396 environne
3797 3342 3940 3397 l’ob'
3988 3342 4139 3396 'rent
4173 3343 4242 3399 de
4278 3360 4344 3398 se
4381 3344 4575 3397 retiret
4600 3341 4633 3395 ὶ

2670 3407 2912 3465 Geneve.
2976 3408 3023 3463 11
3060 3416 3250 3463 rentra
3293 3428 3361 3464 en
3399 3410 3607 3464 France
3653 3428 3722 3464 au
3756 3418 4219 3467 commencement
4264 3412 4339 3467 de
4378 3411 4529 3479 1562,
4558 3427 4633 3464 as·

2669 3479 2807 3531 sista
2840 3476 2877 3531 a
2909 3477 2964 3530 la
2997 3479 3146 3547 prise
3180 3478 3251 3531 de
3286 3479 3502 3548 Barjols
3538 3480 3589 3533 le
3624 3477 3678 3535 6.
3704 3496 3849 3534 mars
3885 3488 3942 3534 et
3994 3496 4054 3536 se
4086 3481 4188 3534 mit
4223 3498 4293 3534 an
4332 3483 4541 3535 servios
4572 3479 4632 3533 ds

2670 3545 2780 3600 Des
2826 3546 3044 3600 Adrets.
3117 3549 3267 3601 Avec
3301 3547 3543 3617 Cipieres
3587 3548 3625 3601 il
3661 3565 3854 3603 amena
3887 3550 3985 3603 des
4033 3564 4255 3603 seeours
4289 3567 4403 3604 anx
4439 3556 4631 3620 protus-

2668 3619 2821 3669 tants
2863 3615 2933 3668 de
2968 3614 3250 3669 Provence
3295 3616 3641 3671 commendes
3688 3633 3789 3685 par
3824 3618 4063 3687 Beaujeu
4108 3618 4179 3671 de
4582 3624 4633 3669 et

2669 3682 2866 3737 retires
2900 3683 2937 3737 a
2970 3683 3218 3738 Sisteron
3253 3701 3348 3739 sur
3381 3686 3435 3738 la
3469 3685 3733 3740 Durance.
3796 3687 3887 3741 Au
3922 3693 4168 3741 moment
4199 3685 4271 3741 οιὶ
4308 3689 4359 3743 F
4509 3686 4631 3741 elci·

2670 3753 2789 3805 vait
2822 3758 2971 3806 cette
3006 3752 3169 3808 lettre
3204 3753 3246 3807 il
3279 3769 3315 3821 y
3349 3753 3489 3808 etait
3523 3754 3731 3835 assiege'
3776 3770 3878 3823 par
3910 3754 4249 3810 Sommerive
4298 3756 4359 3811 le
4394 3756 4524 3811 che(
4546 3755 4631 3809 des

2670 3821 2848 3875 forces
2891 3820 3094 3875 catboli
3137 3838 3250 3876 ues.
3320 3822 3508 3892 Ayant
3554 3822 3740 3891 epulae
3787 3840 3875 3877 ses
3911 3824 4208 3879 munitions
4244 3832 4304 3878 et
4338 3826 4633 3896 provi-*ou

2672 3890 2711 3943 il
2747 3887 3072 3943 abandonna
3098 3839 3161 3943 ‘ia
3194 3890 3323 3946 ville
3360 3897 3419 3945 et
3451 3891 3728 3945 conduisit
3759 3908 3847 3946 ses
3881 3898 4109 3963 troupes
4143 3900 4203 3947 et
4237 3896 4543 3965 nnepartie
4570 3892 4631 3945 ds

2670 3958 2726 4012 la
2760 3960 3079 4025 population
3114 3957 3151 4012 a
3183 3959 3353 4050 Lyon.
3406 3958 3455 4013 n
3492 3967 3641 4014 resta
3675 3978 3747 4013 un
3784 3961 3881 4015 des
3915 3962 4038 4030 plns
4072 3963 4331 4016 vaillauts
4366 3962 4518 4017 chef:
4549 3962 4634 4015 de·

2712 4032 3014 4107 rotestants
3052 4028 3277 4149 gggqua
3322 4027 3551 4151 cenau’il
3598 4029 3784 4109 perdit
3831 4031 3886 4083 la
3928 4032 4016 4084 vie
4062 4030 4200 4085 dans
4236 4031 4289 4084 le
4325 4033 4546 4112 cumb-t
4572 4030 4633 4083 ds

2672 4092 3051 4243 1)ῗῖἶὲῗᾶοέ
3081 4135 3172 4218 85Ῑ
3206 4096 3899 4223 ιέῑξααοἯῗεῗῖόαώῗ.
3930 4114 4041 4222 ⁵1⁷2
4074 4098 4385 4238 Jpss‘ae..
4414 4117 4490 4227 ΞΤ.
4520 4113 4635 4224 n}

2664 4248 2936 4383 ²⁹⁰⁸me
2958 4231 3591 4384 fflnffffi’ffle'vas,
3608 4303 3735 4372 srq.
3754 4302 4118 4385 ‹ummo-u
4150 4306 4351 4361 coma
4367 4307 4440 4363 ae
4456 4308 4511 4363 za
4526 4304 4635 4361 aa

2669 4369 3225 4439 &mmmmm
3246 4371 3371 4438 eluet
3393 4388 3504 4443 par
3531 4373 3962 4443 lovcal-olma
3991 4347 4380 4431 ἀορνοωκοο.
4421 4377 4633 4432 Hom-o

2668 4439 2807 4495 rude
2830 4439 3091 4508 d’aspect,
3112 4450 3401 4511 menacant
3416 4450 3471 4497 et
3489 4443 3655 4507 eracl,
3674 4445 3853 4498 oultre
3871 4443 4002 4513 qu'il
4019 4445 4173 4498 avoit
4186 4446 4433 4515 dilapido
4450 4454 4505 4500 et
4520 4460 4637 4500 eo·-

2668 4508 2822 4562 sumd
2876 4524 3113 4631 prescffie
3164 4516 3289 4565 tout
3334 4527 3431 4565 son
3518 4511 3807 4566 atrimoine
3852 4513 3947 4581 qui
3991 4512 4213 4568 n'estoit
4247 4515 4525 4594 mediocre
4572 4530 4635 4567 σι

2666 4577 2796 4631 luxe
2833 4583 2891 4631 et
2923 4576 3021 4630 des
3094 4578 3259 4632 uches
3295 4579 3426 4633 deso
3497 4596 3699 4635 onnees
3717 4579 4181 4645 (Nostram,
4213 4581 4347 4638 hut.
4372 4586 4429 4639 d
4462 4582 4633 4638 dron-

2669 4644 2738 4700 δι
2773 4643 3057 4700 Provenco
3100 4662 3153 4717 p.
3196 4646 3339 4714 170).
3410 4648 3642 4703 Homme
3686 4651 3910 4719 capable
3957 4650 4027 4703 de
4062 4660 4493 4721 compromettre
4526 4662 4634 4706 teu-

2668 4719 2757 4768 tes
2801 4716 2881 4767 les
2928 4732 3117 4769 causes
3169 4733 3271 4786 par
3322 4733 3422 4771 son
3472 4718 3876 4773 enthousiasme
3920 4718 4195 4786 farouche,
4241 4738 4307 4775 sa
4340 4722 4551 4785 dux-ete,
4578 4736 4635 4773 ιι

2670 4783 2916 4838 violence
2951 4790 3011 4837 et
3055 4801 3156 4838 son
3191 4784 3495 4851 fanatisme,
3546 4802 3655 4856 que
3702 4804 3773 4841 ne
3808 4787 4173 4857 tempe'roient
4204 4790 4263 4843 ni
4302 4806 4412 4845 une
4449 4789 4635 4845 ianni-

2741 4868 2839 4906 nce
2874 4852 3107 4907 cultive'e
3142 4854 3199 4906 ni
3235 4855 3316 4907 les
3349 4855 3674 4910 sentimenta
3708 4857 3929 4911 tendres
3963 4856 4032 4910 de
4068 4858 4122 4910 la
4155 4857 4379 4915 familie.
4450 4857 4633 4926 (13.-

2823 4920 2858 4977 1.
2894 4934 2939 4974 c.
3018 4961 3027 4971 .
3070 4920 3219 4986 121.)
3272 4922 3504 4977 Homme
3539 4923 3651 4979 d'es
3692 4926 3768 4978 rit
3801 4926 3977 4979 mutin
4011 4931 4072 4979 et
4104 4926 4321 4981 vicienx
4356 4944 4428 4982 en
4464 4934 4631 4983 tout·

2670 4996 2851 5045 sortes
2917 4935 3061 5044 Hput.
3098 4990 3223 5047 eccl.
3258 4991 3303 5046 Ι.
3341 4990 3474 5059 891)
3508 4992 3581 5059 ct.
3668 5033 3681 5046 .
3716 4991 3874 5050 3737.

2676 5059 3145 5183 Leonor)du12⁸de
3287 5061 3299 5074 ·
3342 5064 3353 5072 .
3481 5060 3548 5118 de
4069 5064 4083 5076 .
4180 5062 4251 5118 ὼ
4500 5064 4515 5077 .
4584 5066 4631 5118 ἀ

2882 5193 3188 5263 4)01.Ν.
3366 5199 4629 5267 ‚Ammd‚verdoetiusau‚waeuu-

2673 5262 3151 5331 fedancio-ua.
3197 5264 3335 5320 1561
3379 5268 3793 5338 abiissem
3862 5268 4633 5327 Euaimon-b

2679 5347 2829 5387 nun
2872 5339 3080 5390 ustae
3130 5332 3268 5389 1562
3314 5334 3647 5394 Nm
3694 5336 3993 5410 nb'quu’ua
4088 5335 4353 5407 Qum
4384 5338 4635 5399 tna-
