4900 6125
264 367 371 433 625

261 553 451 622 durch
507 551 633 620 den
690 552 971 639 gelouen
1026 553 1236 622 durch
1290 552 1397 621 die
1448 552 1627 640 gnad
1813 575 1885 622 es
1927 575 2039 624 om
2082 554 2189 622 die

256 637 436 707 liefde
476 658 676 725 synes
721 659 916 707 sones
957 639 1114 708 Iesu
1158 639 1415 708 Christi
1456 661 1649 708 onses
1739 655 1899 708 eren
1942 641 2190 708 sunder

257 745 404 792 mse
446 725 503 791 ei
588 747 632 791 n
675 725 1117 794 verdiensten.

415 810 473 878 G
736 811 878 878 αὖθι
919 813 1004 894 jn
1056 812 1224 880 allen
1276 812 1556 879 anderen
1605 818 1881 896 pandent
1920 832 2038 879 vus
2078 813 2191 880 der

255 896 722 981 cuspuryisoher
761 897 1125 982 confession,
1178 896 1320 963 aick
1367 918 1520 982 yeme
1571 898 1862 985 hein-1692
1901 897 2191 984 bykump-

252 988 371 1051 stou
431 982 588 1049 noch
649 985 1108 1084 vergaderunqe
1161 981 1467 1063 totamm,
1531 985 1769 1052 sunder
1831 985 2001 1052 allen
2063 984 2192 1050 end

240 1068 395 1151 ’⁰³⁶'
404 1089 481 1135 “⁸
520 1070 900 1136 ‘mmm
931 1068 2191 1242 mmmmm

251 1238 890 1324 uileytenplebisoiteu
924 1242 1050 1308 vnd
1075 1239 1416 1327 assumsit
1444 1261 1714 1326 ymos-ss
1745 1241 2035 1310 tohaldm
2063 1242 2190 1309 ond

250 1324 337 1393 tho
372 1345 440 1392 er
519 1326 533 1339 '
573 1346 667 1405 en,
712 1326 1025 1412 daryeyen
1065 1328 1165 1394 nit
1207 1326 1462 1394 thodoin
1499 1328 1654 1394 ader
1684 1327 1886 1394 durch
1919 1327 2191 1395 anderen

245 1347 859 1496 wammam
899 1412 1001 1479 tho
1034 1412 1599 1480 reiaemwedermit
1632 1413 1890 1481 worden
1921 1413 2190 1481 wercken

248 1496 993 1582 aderjeniwzeywiess
1044 1498 1536 1566 vndmanieren
1590 1498 2189 1584 bypenennabe-

248 1667 333 1734 ω
371 1583 1084 1736 Μωίᾶαίῌηωοηᾶἰώ
1118 1584 1298 1651 dm’en
1333 1583 1931 1669 dayendessrstatt
1967 1584 2191 1653 Wesell

618 1689 750 1736 evm.

1169 1893 1245 1960 C.

602 2028 1129 2098 CONFESSIO
1176 2029 1798 2099 VESALOENSIS

244 2151 338 2216 cui
370 2157 593 2218 coetus
628 2149 927 2218 Gallicus
961 2150 1688 2303 gd‘ffpulassffmmm
1723 2173 1793 2218 se
1830 2150 2191 2219 declaravit

1005 2286 1021 2303 .
1124 2258 1226 2304 ov.
1445 2285 1462 2302 .

928 2388 1198 2457 (Wolters
1231 2406 1285 2459 p.
1317 2387 1466 2458 458.)

348 2534 398 2594 1.
441 2529 551 2595 De
596 2527 948 2594 divinitate
990 2535 1059 2594 et
1102 2527 1512 2594 humanitate
1556 2526 1829 2594 Domini
1872 2529 2089 2597 nostri

968 2612 1124 2680 Iesu
1169 2613 1443 2680 Christi.

394 2750 751 2818 Credimus
811 2771 893 2817 ea
955 2771 1100 2817 esse
1162 2771 1327 2818 vera
1390 2770 1558 2834 quae
1627 2751 2052 2818 continentur
2116 2751 2190 2817 in

244 2837 518 2936 symbolo
556 2836 1021 2922 apostolorum,
1065 2835 1323 2903 concilii
1358 2835 1595 2903 Niceni
1630 2844 1700 2902 et
1717 2835 1789 2903 S.
1815 2835 2188 2918 Athanasii,

244 2932 396 2989 sicut
457 2923 721 2989 nullum
778 2923 1173 2989 confitemur
1249 2922 1455 2988 alium
1518 2942 1663 2988 esse
1728 2920 1925 2988 deum
1990 2944 2189 3007 quam

242 3027 435 3076 unum
478 3009 698 3076 solum
739 3018 809 3075 et
852 3029 983 3074 non
1028 3007 1252 3093 plures
1287 3007 1455 3087 deos,
1506 3008 1579 3074 in
1623 3017 1758 3075 tres
1801 3008 2189 3077 distinctum

242 3114 554 3177 personas,
601 3104 859 3179 patrem
905 3095 1118 3161 filium
1162 3102 1229 3161 et
1269 3117 1301 3162 s
1346 3095 1579 3160 iritum
1621 3104 1950 3162 sanetum.
2024 3095 2187 3163 Cre-

244 3179 439 3248 dimus
504 3183 706 3248 etiam
771 3179 946 3265 quod
1004 3179 1197 3247 Iesus
1248 3179 1305 3247 C
1357 3180 1562 3247 rietus
1618 3179 1798 3247 filius
1837 3180 1968 3247 Dei
2033 3203 2188 3248 oon-

240 3276 450 3351 coptus
494 3268 700 3335 fuerit
742 3265 824 3332 de
879 3267 1117 3349 spiritu
1170 3274 1401 3333 sancto
1444 3275 1514 3333 et
1555 3273 1756 3332 natus
1799 3287 1886 3333 ex
1927 3267 2189 3353 virgine

242 3352 458 3435 Maria,
502 3361 574 3418 et
616 3352 791 3436 quod
845 3351 1019 3418 idem
1078 3352 1192 3419 ille
1235 3372 1435 3419 verus
1493 3352 1584 3419 sit
1626 3351 1815 3419 Deus
1872 3362 1940 3418 et
1984 3374 2188 3420 verus

241 3436 436 3517 homo,
496 3440 611 3524 qui
675 3458 941 3504 carnem
1009 3458 1201 3503 suam
1265 3436 1518 3521 accepit
1574 3446 1642 3503 et
1704 3459 1901 3504 suum
1957 3460 2188 3507 verum

241 3526 613 3610 sanguinem
669 3544 753 3589 ex
799 3523 1060 3607 virgine
1102 3523 1336 3599 Maria,
1393 3531 1462 3588 et
1513 3523 1685 3606 quod
1744 3543 1865 3609 per
1907 3533 2186 3592 mortem

241 3628 411 3675 suam
454 3632 532 3678 ae
577 3611 950 3696 passionem
986 3607 1342 3675 redemerit
1374 3629 1493 3674 nos
1529 3629 1572 3674 a
1602 3609 1890 3693 peccatis
1924 3612 2185 3691 nostris,

241 3704 301 3759 et
336 3716 451 3780 per
493 3717 685 3762 suam
743 3694 1097 3780 gloriosam
1151 3715 1228 3761 ac
1285 3694 1810 3793 triumphantem
1851 3716 2186 3764 resurrec-

240 3780 471 3848 tionem
501 3778 981 3849 iustificaverit.
1044 3778 1394 3846 Credimus
1415 3790 1619 3846 etiam
1640 3782 2187 3848 resurrectionem

240 3867 440 3935 carnis
503 3876 575 3934 et
638 3866 811 3951 quod
877 3886 1298 3951 resurgemus
1341 3886 1384 3931 a
1426 3872 1636 3932 morte
1694 3867 1764 3932 in
1825 3869 2185 3935 novissimo

242 3950 335 4018 <lie
370 3975 519 4020 cum
565 3953 691 4019 hac
734 3952 1003 4036 propria
1047 3960 1273 4019 nostra
1314 3971 1533 4030 earne,
1592 3951 1747 4017 boni
1833 3953 2054 4021 uidem
2100 3953 2186 4020 ad

241 4037 505 4106 salutem
550 4047 620 4106 et
663 4038 877 4104 vitam
919 4044 1274 4116 aeternam,
1333 4036 1494 4102 mali
1536 4058 1696 4104 vero
1873 4040 2183 4107 condem-

238 4126 553 4192 nationem
596 4132 669 4191 et
710 4132 1010 4189 mortem.

908 4299 966 4361 2.
1013 4295 1118 4361 De
1158 4295 1504 4379 baptismo.

393 4417 498 4484 Ad
537 4417 703 4484 hmo
737 4416 1125 4483 confitemur
1159 4436 1370 4481 unum
1403 4415 1806 4501 baptismum
1838 4416 1911 4482 in
1947 4418 2180 4484 remis-

242 4500 474 4569 sionem
517 4511 954 4588 peccatorum,
1010 4508 1078 4567 et
1118 4501 1292 4585 quod
1346 4502 1631 4570 infantes
1686 4503 1826 4588 (qui
1879 4504 2179 4589 concepti

243 4589 487 4655 suntin
532 4590 829 4674 peccato)
889 4587 1025 4652 sint
1085 4585 1479 4673 baptisandi,
1538 4609 1695 4654 nam
1751 4588 2095 4673 promissio
2138 4610 2181 4656 a

245 4670 351 4739 deo
408 4674 581 4742 facta
642 4672 1067 4741 redemtionis
1133 4673 1462 4740 humanae
1516 4695 1635 4759 per
1684 4673 2027 4741 Christum
2094 4675 2180 4742 ad

245 4777 341 4826 eos
377 4762 682 4862 pertinet,
724 4759 860 4825 imo
904 4760 1047 4845 ipse
1089 4758 1397 4860 Christus
1445 4760 1733 4845 appellat
1776 4760 2177 4845 baptismum

242 4851 1440 5018 mffiffissxtffiffifm
1500 4862 1922 5012 ”⁰333ss
1962 4868 2177 5001 affl

242 5011 413 5097 ferni,
454 5028 521 5084 et
562 5019 761 5084 fimus
804 5017 922 5083 filii
965 5017 1159 5098 vitae,
1202 5017 1337 5083 imo
1421 5018 1690 5085 aeredes
1731 5019 2026 5085 omnium
2062 5017 2176 5086 bo-

242 5120 459 5170 norum
505 5103 611 5170 dei
653 5124 739 5191 ac·
772 5102 1167 5171 cohaeredes
1200 5102 1469 5169 Christi.
1541 5105 1635 5170 Et
1667 5104 1794 5171 hac
1835 5105 1979 5190 ipsa
2020 5124 2174 5171 oon-

242 5183 507 5256 fessione
560 5191 1004 5275 improbamus
1046 5209 1124 5256 ac
1168 5188 1574 5257 detestamur
1616 5211 1846 5259 omnes
1888 5191 2173 5275 rebapti-

243 5282 400 5343 ustos
454 5284 569 5342 aut
624 5275 1077 5360 anabaptistae
1130 5283 1200 5341 et
1255 5296 1365 5344 eos
1423 5276 1730 5344 similiter
1784 5276 1898 5362 qui
1956 5276 2171 5361 despi-

424 5377 649 5437 Galeind
686 5394 873 5450 opera.
955 5378 1071 5436 Vol.
1104 5376 1276 5434 XIX.

1941 366 2105 431 1563
2149 365 2536 437 IANUAR.

4122 373 4250 440 626

2293 555 2544 624 cientes
2585 554 2696 623 vel
2738 560 3232 623 contemnentes
3274 574 3326 621 s.
3374 552 3772 640 baptismum
3816 574 4051 639 pueros
4094 575 4250 625 suos

2292 661 2427 708 non
2471 641 2834 728 baptisatos
2874 660 3145 709 manere
3185 640 3548 723 patiuntur,
3602 647 3718 707 aut
3761 640 3874 725 qui
3917 661 4037 726 per
4080 641 4248 709 osci-

2292 728 2571 794 tantism
2615 727 2725 794 vel
2769 728 2940 814 neg'
2992 724 3240 795 entiam
3283 726 3725 793 voluntariam
3771 725 4034 795 eosdem
4078 729 4250 794 mori

2291 813 2519 880 sinunt
2561 820 2916 899 antequam
3045 812 3393 897 ptisentur,
3452 812 3907 879 existimantes
3950 818 4018 879 et
4072 832 4248 881 asse-

2292 907 2516 967 rentes
2539 900 2938 983 bsptismum
2959 897 3181 983 pueris
3219 919 3364 964 esse
3399 900 3813 984 superfluum
3846 899 4001 981 quia
4020 900 4253 966 sancti-

2287 985 2560 1068 ficantur
2592 986 2868 1068 infantes
2889 1005 3013 1069 per
3040 983 3539 1068 promissionem,
3563 1004 3758 1067 quum
3788 989 4251 1053 sacramentum

2291 1070 2377 1136 sit
2417 1070 2810 1153 confirmatio
2855 1070 3167 1154 quaedam
3209 1070 3568 1152 infirmitati
3614 1069 3930 1137 humanae
3969 1089 4248 1138 necessa·

2292 1156 2419 1237 ria,
2465 1163 2536 1224 ut
2576 1156 2693 1224 hac
2734 1155 4254 1240 ratiomprmniseiomaqtsnosprovocarede-

2292 1241 2429 1396 gea&
2487 1243 2575 1309 ad
2629 1242 3010 1327 baptismum
3063 1261 3256 1325 quam
3308 1241 3396 1308 ad
3452 1241 3646 1308 huius
3696 1246 4098 1326 contemtum
4152 1242 4253 1309 in-

2336 1347 2533 1395 acere.

2880 1536 2938 1600 3.
2985 1530 3091 1599 De
3133 1552 3336 1600 ooena
3378 1532 3667 1599 Domini.

2468 1668 2817 1737 Credimus
2872 1669 3074 1736 etiam
3131 1668 3308 1754 quod
3362 1687 3568 1736 coena
3611 1669 3881 1735 Domini
3938 1667 4256 1737 celebrari

2292 1755 2532 1823 debeat
2573 1763 2641 1821 et
2684 1753 3134 1821 administrari
3179 1753 3484 1821 omnibus
3516 1753 3891 1826 hominibus
3935 1756 4056 1822 sub
4092 1755 4256 1823 dua-

2291 1841 2416 1908 bus
2460 1841 2822 1926 speciebus,
2866 1840 3181 1906 nimirum
3222 1861 3395 1925 pane
3437 1847 3507 1907 et
3539 1840 3714 1922 vino,
3760 1842 3951 1908 iuxta
3991 1841 4256 1909 ordina-

2294 1928 2545 1994 tionem
2610 1933 2679 1994 et
2743 1926 3229 1993 institutionem
3284 1924 3557 2008 Christi,
3623 1934 3692 1991 et
3758 1927 3931 2012 quod
3995 1927 4067 1994 in
4132 1929 4259 1997 hac

2292 2033 2497 2080 coena
2562 2012 2934 2080 substantia
2996 2012 3140 2078 veri
3205 2013 3497 2097 corporis
3564 2018 3632 2078 et
3695 2012 4039 2098 sanguinis
4103 2013 4261 2081 Iesu

2292 2098 2552 2167 Christi
2595 2118 2795 2183 quam
2839 2098 3088 2197 accepit
3123 2096 3205 2164 de
3241 2097 3501 2184 virgine
3535 2097 3754 2164 Maria
3797 2098 4105 2167 omnibus
4141 2121 4259 2166 ex-

2293 2184 2602 2252 hibeatur
2659 2195 2797 2249 tam
2855 2182 3041 2250 bonis
3099 2203 3296 2268 quam
3340 2183 3549 2250 malis.
3637 2183 3728 2249 Et
3768 2184 3906 2252 licet
3945 2186 4070 2252 soli
4123 2190 4261 2253 tan-

2292 2276 2426 2336 tum
2464 2270 2683 2352 fideles
2723 2270 2852 2336 sint
2884 2270 2998 2353 qui
3040 2289 3180 2336 vere
3216 2268 3545 2353 recipiant,
3589 2273 3737 2336 sunt
3780 2274 3984 2336 tamen
4025 2275 4085 2337 et
4126 2272 4260 2355 ipsi

2292 2356 2575 2439 infideles
2607 2359 2739 2422 tam
2775 2354 3060 2437 corporis
3089 2375 3282 2439 quam
3313 2354 3651 2440 scaffnis
3691 2356 3809 2436 rei,
3851 2356 4010 2440 quia
4041 2376 4256 2425 sacra-

2291 2446 2569 2509 mentum
2601 2440 2894 2523 polluunt
2920 2440 3076 2506 dum
3115 2441 3449 2525 recipiunt.
3526 2441 3678 2509 Hoc
3719 2443 4105 2509 confitentes
4147 2463 4254 2510 re-

2292 2528 2555 2595 iicimus
2612 2527 2812 2592 etiam
2869 2525 3677 2594 transsubstantiationem
3735 2527 4147 2611 pepistarum
4187 2535 4256 2594 et

2294 2613 2669 2698 opinionem
2715 2611 3281 2696 Capernaitarum,
3326 2611 3564 2678 deinde
3597 2612 3795 2679 etiam
3831 2631 4059 2680 eorum
4102 2612 4255 2681 doo-

2295 2699 2543 2765 trinam
2585 2698 2700 2782 qui
2743 2696 2980 2764 docent
3035 2696 3303 2782 signum
3346 2705 3605 2763 tantum
3648 2718 3793 2765 esse
3845 2704 3917 2765 et
3967 2700 4254 2784 figuram

2294 2784 2545 2851 nudam
2605 2784 2901 2867 corporis
2949 2791 3020 2849 et
3075 2784 3420 2868 sanguinis
3460 2782 3616 2850 Iesu
3676 2782 3948 2864 Christi,
4008 2784 4253 2870 quique

2295 2871 2531 2937 docent
2573 2889 2694 2936 nos
2745 2869 3048 2952 spiritum
3091 2887 3280 2935 suum
3321 2876 3582 2935 tantum
3627 2870 3932 2954 recipere,

2293 2956 2614 3024 aduolare
2650 2975 2903 3023 earnem
2946 2959 3005 3020 et
3044 2955 3432 3040 sanquinem,
3475 2975 3629 3022 nam
3664 2955 3901 3023 dietum
3944 2961 4066 3023 est.-
4106 2975 4256 3025 caro

2292 3038 3123 3110 meavereestoibuset
3381 3041 4251 3126 ismeusvereestpotus.

2294 3128 3678 3212 thuamvistalisroeeptiospiriumlis
3733 3128 4258 3209 sinidmim'me

2292 3214 2799 3282 mdieerenon
2852 3214 3258 3281 esserealem
3313 3213 3878 3281 acmultominus
3933 3214 4252 3300 immina-

2291 3302 2481 3368 riam.
2557 3298 2931 3382 Confitentur
2970 3300 3139 3366 enim
3170 3300 3353 3382 quod,
3399 3299 3692 3384 quamvis
3736 3298 4027 3367 clamans
4068 3302 4255 3369 iuxta

2288 3391 2591 3453 naturam
2622 3385 2968 3453 humanam
3003 3384 3268 3453 innodo
3307 3386 3768 3453 mendosum
4085 3406 4254 3466 mus,

2287 3473 2750 3539 sedeattamen
2805 3472 3148 3538 mundum
3204 3471 3521 3554 infinitam
3577 3472 3867 3539 vio-tuam
3919 3492 4108 3541 suam
4163 3473 4256 3539 ad

2286 3556 3955 3641 mamddmwiswiquaeubiquoemenditm.
4025 3558 4256 3643 anue

2285 3644 2898 3711 einedesoensuaut
2938 3643 3664 3727 lecimutationepotest
3703 3643 4253 3713 deultnosvere

2286 3729 2537 3797 nutrire
2565 3749 2682 3797 suo
2712 3748 2965 3813 corpore
2998 3732 3056 3795 et
3088 3729 3398 3814 sanquine
3416 3729 3595 3795 modo
3624 3729 4248 3813 makmas.

2495 3942 2556 4000 4.
2600 3933 2709 4001 De
2751 3933 3158 4001 confessione
3201 3944 3268 4002 et
3310 3934 3575 4020 privata
3618 3933 4044 4002 absolutione.

2458 4071 2941 4138 Existimamus
2961 4070 3179 4151 etiam,
3222 4070 3290 4137 id
3336 4091 3420 4138 ue
3454 4091 3574 4156 pro
3621 4077 3723 4136 ter
3755 4070 4049 4136 rationes
4081 4089 4255 4153 quae

2286 4166 2355 4225 et
2413 4155 2680 4224 laudem
2723 4165 3061 4224 merentur
3117 4165 3185 4223 et
3227 4180 3268 4225 v
3339 4179 3450 4223 ere
3495 4155 3576 4222 de
3659 4162 3754 4234 nt,
3810 4154 4255 4222 christianum

2285 4263 2430 4310 esse
2483 4252 2552 4309 et
2608 4242 2852 4308 bonum
2910 4250 2987 4308 ut
3038 4243 3487 4327 unusquisque
3542 4250 3843 4307 nostrum
3896 4260 3970 4306 se
4024 4258 4256 4306 coram

2286 4329 2588 4395 ministro
2643 4328 2955 4396 ecclesiae
3010 4329 3200 4396 sistat
3256 4348 3406 4394 oum
3463 4326 3859 4393 contritione
3897 4330 3966 4389 et
4021 4325 4257 4405 poeni-

2281 4416 2492 4481 tentia
2533 4422 2967 4499 peecatorum,
3014 4422 3371 4497 antequam
3416 4432 3675 4479 sacram
3718 4428 3991 4477 coenam
4034 4405 4256 4490 adeat,

2280 4501 2624 4585 requirens
2666 4506 2735 4567 et
2775 4500 3099 4584 recipiens
3142 4499 3224 4565 ab
3268 4496 3500 4565 eodem
3543 4495 3852 4563 ministro
3895 4491 4264 4591 absolutio-

2283 4606 2436 4653 nem
2461 4587 2806 4671 privatam,
2842 4606 3035 4669 quam
3075 4590 3284 4652 tamen
3316 4583 3405 4652 ad
3441 4582 3715 4650 salutem
3746 4596 3870 4644 non
3908 4580 4272 4646 dommus

2278 4692 2412 4739 esse
2451 4673 2889 4740 necessariam.

2567 4882 2626 4945 6.
2672 4879 2778 4947 De
2821 4878 3218 4965 magistratu
3261 4878 3331 4939 et
3373 4874 3704 4955 potestate
3748 4861 3979 4950 gladii.

2448 5014 2816 5083 Censemus
2869 5022 2941 5083 et
2996 5012 3331 5082 credimus
3387 5003 3792 5102 magitratus
3850 5016 3933 5061 ac
3995 5018 4126 5099 ρος.
4177 5003 4304 5087 qul

2277 5106 2668 5184 potestatem
2729 5101 2934 5187 gladii
3001 5100 3259 5168 habent
3325 5084 3713 5189 audiendos·
3771 5102 3924 5180 esse
4012 5082 4312 5187 stinguo

2275 5186 2787 5271 obsequendum,
2823 5210 2958 5256 non
2993 5186 3214 5254 solum
3237 5179 3432 5244 boms
3455 5178 3525 5237 et
3548 5170 3875 5269 ‘benignis
3909 5164 4049 5231 sed
4091 5178 4326 5272 eta-am

2277 5271 2470 5339 malis
2503 5293 2578 5340 ac
2615 5276 2881 5356 severis,
2920 5272 3114 5342 modo
3137 5262 3316 5333 nihil
3345 5259 3764 5344 praempumt
3782 5248 3991 5405 guod
4014 5250 4338 5325 Ohnsto
