4900 6125
359 403 466 465 365

357 586 454 652 det
494 585 648 665 Rex,
694 607 779 651 ne
837 587 1176 669 patiantur
1232 585 1539 651 iniuriam
1589 586 1726 669 pati
1781 605 2003 651 sacros
2046 593 2284 661 coetus,

352 683 497 756 quos
547 672 620 736 in
673 671 870 736 fidem
924 684 993 736 et
1043 673 1481 757 patrocinium
1541 692 1735 737 suum
1781 671 1910 737 reci
1959 672 2032 749 it,
2092 668 2286 735 modo

352 778 389 823 a
424 756 700 822 tumultu
743 769 814 823 et
855 759 1057 823 armis
1101 759 1474 825 abstineant
1517 758 1739 822 nostri.
1801 754 1854 822 S
1986 755 2168 821 vides
2202 774 2286 820 ex

349 843 544 909 Besae
596 841 807 908 literis
862 854 939 908 ut
984 843 1233 928 Reyina
1290 843 1417 909 sibi
1460 853 1528 909 et
1569 843 1704 908 filio
1747 863 1868 909 suo
1909 852 2161 907 metuat
2204 842 2286 906 ab

350 928 600 996 audacia
656 929 965 1008 hostium,
1011 951 1095 994 ne
1149 928 1399 996 scilicet
1455 929 1583 993 sibi
1627 926 1858 1012 Reyem
1915 927 2285 1004 vendicent,

347 1035 416 1082 ac
453 1013 571 1080 sub
615 1015 755 1080 eius
798 1016 1065 1081 nomine
1103 1036 1432 1081 summam
1472 1035 1694 1081 rerum
1738 1013 1820 1078 ad
1881 1034 1952 1078 se
1995 1012 2284 1078 trahant.

346 1099 713 1185 Optandum
780 1111 884 1166 est
945 1111 1022 1166 ut
1082 1100 1510 1167 illustrissimi
1564 1098 1917 1176 Cantones,
1938 1101 1993 1176 ⁷)
2049 1098 2288 1183 quibus

347 1185 509 1251 cordi
565 1197 668 1253 est
725 1208 1007 1269 regnum
1066 1185 1338 1267 Christi,
1403 1185 1788 1268 intelligant
1828 1185 1962 1251 ista
2004 1205 2080 1250 ac
2123 1195 2288 1249 tam-

344 1273 456 1337 etsi
499 1285 572 1337 tu
614 1291 737 1356 pro
782 1285 899 1337 tua
938 1271 1291 1355 prudentia
1332 1272 1523 1339 facile
1557 1270 1848 1338 iudicare
1881 1271 2093 1354 possis
2129 1269 2285 1353 quid

345 1357 582 1423 consilii
623 1356 1018 1442 capiendum
1039 1358 1145 1434 sit,
1191 1359 1358 1423 mihi
1402 1371 1625 1423 tamen
1670 1367 1738 1422 et
1760 1355 1949 1422 bonis
1984 1357 2286 1422 omnibus

343 1443 594 1509 videtur
636 1443 822 1509 nulla
864 1465 936 1509 re
995 1443 1233 1510 melius
1292 1464 1481 1527 posse
1538 1443 1882 1526 comprimi
1927 1443 2174 1508 rabiem
2220 1451 2288 1506 et

341 1530 657 1595 amentiae
735 1529 1002 1612 plenum
1080 1530 1425 1597 consilium
1503 1549 1700 1613 quam
1778 1530 1833 1595 si
1913 1527 2288 1612 intelligant

340 1615 604 1699 tyranni
645 1615 760 1681 isti
804 1637 938 1681 non
982 1614 1208 1681 deesse
1243 1616 1633 1681 fortissimos
1667 1615 1845 1680 viros
1879 1627 1946 1679 et
1979 1623 2285 1698 potentes

339 1701 657 1785 principes
721 1702 834 1784 qui
893 1701 1146 1784 Regem
1209 1721 1343 1766 non
1400 1701 1593 1766 modo
1647 1721 1769 1784 per
1824 1699 2076 1784 legatos
2133 1720 2286 1765 suos

338 1798 558 1871 rogent
614 1807 700 1852 ne
758 1787 947 1853 cedat
1003 1786 1346 1852 hominum
1405 1786 1765 1852 amentium
1807 1787 2013 1851 furori
2054 1786 2125 1851 in
2170 1806 2285 1850 ne·

338 1875 504 1957 gotio
548 1883 686 1937 tam
730 1873 923 1950 serio,
969 1893 1205 1957 nempe
1251 1875 1320 1937 in
1365 1893 1494 1955 quo
1537 1872 1891 1939 coniuncta
1933 1879 2038 1938 est
2079 1872 2285 1938 eccle·

335 1959 462 2023 siae
503 1958 685 2024 salus
727 1978 878 2024 cum
925 1960 1067 2024 eius
1110 1959 1461 2024 autoritate
1503 1960 1704 2043 regia,
1784 1958 1899 2024 sed
1945 1958 2162 2035 etiam,
2228 1957 2286 2022 si

333 2064 486 2127 opus
528 2045 636 2122 sit,
683 2044 1003 2110 auxilium
1028 2045 1330 2110 offerant.
1397 2044 1545 2129 Ego
1591 2044 1727 2122 tibi,
1764 2044 1873 2108 vir
1905 2043 2285 2120 clarissime,

333 2150 459 2195 non
512 2128 599 2194 do
662 2130 1029 2209 consilium,
1096 2129 1210 2195 sed
1278 2131 1595 2208 animum,
1661 2150 1794 2196 non
1860 2150 2102 2206 meum,
2170 2126 2286 2194 sed

329 2213 616 2280 fidelium
671 2216 968 2280 omnium
1028 2216 1268 2298 aperio.
1369 2214 1642 2282 Utinam
1701 2235 1823 2298 per
1874 2215 2082 2281 otium
2145 2213 2288 2280 Gal-

331 2301 466 2366 vino
519 2313 752 2367 nostro
809 2301 1100 2367 licuisset
1157 2299 1238 2366 de
1297 2301 1406 2366 his
1461 2300 1656 2366 rebus
1716 2303 1798 2366 ad
1858 2311 1926 2365 te
1980 2301 2285 2373 scribere,

330 2385 438 2451 sed
517 2407 642 2453 nec
721 2387 928 2452 otium
993 2385 1138 2463 fuit,
1226 2395 1295 2451 et
1370 2385 1568 2451 biduo
1632 2401 1784 2452 ante
1850 2385 2207 2452 discessum
2231 2389 2287 2468 ⁸)

331 2471 682 2554 scripserat
722 2473 804 2537 ad
851 2485 931 2537 te.
1000 2472 1200 2538 Iussit
1248 2487 1468 2537 tamen
1514 2483 1590 2536 ut
1632 2492 1713 2536 ex
1759 2473 1995 2537 itinere
2039 2482 2103 2537 te
2148 2493 2286 2537 cer·

332 2558 558 2623 tiorem
606 2579 800 2641 quam
846 2558 1137 2641 primum
1181 2559 1544 2624 faceremus
1586 2567 1656 2623 et
1699 2558 2039 2623 literarum
2077 2555 2290 2623 Besae

331 2643 664 2727 exemplar
719 2645 1150 2709 mitteremus.
1240 2643 1413 2708 Nam
1473 2645 1588 2710 vix
1630 2657 1823 2728 capto
1866 2643 2143 2709 consilio
2187 2643 2285 2708 di·

329 2729 507 2794 missi
565 2750 803 2795 sumus
860 2739 936 2794 ut
999 2729 1105 2795 his
1147 2729 1230 2793 de
1275 2728 1474 2795 rebus
1517 2728 1912 2796 clarissimos
1956 2729 2286 2813 principes

328 2816 636 2881 certiores
700 2817 1037 2894 faciamus,
1104 2836 1267 2898 quos
1317 2814 1798 2900 Heidelbergae
1854 2816 1987 2880 iam
2044 2835 2284 2881 conve-

329 2901 498 2966 nisse
563 2899 961 2967 audivimus.
1064 2901 1159 2966 Te
1212 2901 1414 2966 etiam
1472 2915 1673 2984 atque
1726 2903 1924 2967 etiam
1981 2921 2142 2985 rogo
2202 2911 2283 2965 ut

327 2987 534 3071 primo
581 3007 839 3072 quoque
883 2997 1176 3070 tempore
1220 2985 1305 3050 ad
1349 2984 1435 3051 D.
1478 2984 1814 3054 Calvinum
1848 2985 2094 3053 scribas
2129 3006 2280 3052 sen-

327 3074 606 3139 tentiam
647 3084 851 3151 tuam,
917 3093 958 3137 a
1000 3094 1127 3158 quo
1171 3073 1292 3139 tibi
1335 3072 1614 3138 multam
1657 3073 1800 3140 dico
1844 3073 2141 3148 salutem.
2216 3083 2286 3138 et

326 3178 363 3222 a
385 3158 734 3226 Ionvillaeo
773 3161 998 3237 fratre,
1044 3158 1129 3224 ad
1162 3179 1362 3242 quem
1404 3161 1461 3225 si
1497 3161 1854 3244 scripseris,
1897 3168 2143 3225 statum
2179 3179 2284 3224 ec-

326 3243 678 3311 clesiarum
746 3245 863 3310 tibi
933 3245 1292 3328 perscribet
1350 3243 1848 3330 diligentissime
1867 3296 1882 3322 ‚
1949 3265 2106 3310 nam
2170 3245 2284 3310 ab·

325 3342 506 3396 sente
549 3352 664 3396 me
705 3331 789 3396 ad
830 3353 984 3397 eum
1026 3330 1253 3396 omnia
1294 3331 1566 3397 Lutetia
1607 3331 1995 3399 scribentur.
2099 3329 2286 3396 Bene

325 3415 488 3497 vale,
557 3418 668 3483 vir
737 3417 906 3483 mihi
960 3417 1035 3481 in
1100 3418 1330 3500 primis
1386 3416 1855 3484 colendissimo.
1955 3414 2287 3483 Salutabis

327 3504 598 3568 nomine
625 3523 775 3568 meo
799 3502 1270 3568 officiosissime
1304 3522 1532 3568 omnes
1552 3504 1696 3586 pios
1733 3505 1971 3569 fratres
1994 3503 2108 3586 qui
2143 3503 2291 3568 istic

323 3602 493 3653 sunt.
593 3592 696 3653 29.
742 3588 970 3654 Martii
1015 3592 1197 3653 1562.

967 3727 1147 3791 Tuae
1193 3725 1631 3792 humanitatis
1672 3725 2292 3793 observantissimus

1296 3811 1581 3877 Ioannes
1626 3811 1954 3878 Budaeus.

1214 4324 1414 4395 8758.

732 4479 1394 4549 BULLINGERUS
1453 4478 1891 4545 CALVINO.

507 4653 708 4719 Notat
762 4653 1025 4719 consilia
1081 4652 1618 4729 adversariorum,
1680 4653 1848 4718 inter
1901 4672 2056 4734 quos
2116 4652 2293 4719 Gaas·

321 4741 530 4821 prs-i
574 4745 676 4805 ast
733 4760 858 4805 non
920 4738 1058 4805 soli.
1147 4737 1350 4803 Mittit
1407 4736 1737 4803 nonnullos
1791 4738 1985 4804 libros
2023 4759 2193 4817 suo-3,
2237 4744 2294 4805 et

539 4864 1216 4977 D-I-Vn'ln'ltalet'actum
1271 4908 2294 4979 estnequablldvetffiemquea

602 4978 2299 5048 ‘quun-memmeaeomnommpacisma·

328 5047 576 5103 undae
607 5051 840 5103 conam
870 5047 1065 5102 irritos
1093 5048 1316 5127 faceret:
1389 5045 1687 5127 Palatinas
1723 5046 1872 5100 solus
1905 5047 1983 5101 ad
2021 5046 2105 5102 Re
2241 5064 2294 5102 n

328 5114 1424 5251 ἓὲῑῆωἴωοᾷἪλέἒθὲἑἭ
1451 5116 2295 5253 Ἢῖᾰεὲἶὲῒᾶὸωέιῖῗ

329 5255 364 5309 L
401 5270 450 5310 ε’
485 5250 851 5385 1.ng
883 5338 1011 5391 erqo
1043 5337 1112 5376 ω
1147 5324 1356 5377 itinere.
1427 5320 1650 5377 calvini
1691 5322 1880 5377 litem
1915 5337 2024 5378 non
2060 5329 2291 5378 exuam.

2099 398 2260 461 1562
2304 393 2589 461 MART.

4215 400 4341 462 366

2386 582 2615 660 tradit,
2680 583 3025 648 novissima
3092 583 3168 648 de
3229 583 3500 651 concilio.
3595 583 3931 651 Gloriatur
3990 584 4345 652 <laxatione

2385 668 2699 735 vocatione
2741 668 3185 734 Lausannensi
3218 690 3340 753 per
3378 672 3593 752 ipsum
3631 671 3952 752 fasmate.

2388 856 2502 922 (Ex
2538 856 2877 926 autographo
2913 856 3077 911 Arch.
3107 856 3289 912 Turic.
3328 857 3468 911 Plnt.
3516 857 3607 911 VI.
3648 858 3772 913 Vol.
3825 857 3939 922 129,
3989 860 4117 912 olim
4167 861 4339 913 Scrin.

2614 925 2673 979 Β.
2709 925 2850 995 Epp.
2887 925 3036 979 Tom.
3072 924 3159 994 30,
3190 925 3280 979 fol.
3315 924 3435 980 445.
3478 954 3537 964 -
3575 926 3773 982 Simler
3809 928 3935 981 Vol.
3978 927 4117 992 104.)

2559 1096 2942 1163 Clarissimo
3008 1098 3148 1162 viro
3192 1098 3276 1163 D.
3321 1097 3555 1163 Ioanni
3603 1097 3885 1164 Oalvino
3931 1100 4345 1166 Genevensis

2384 1182 2695 1250 ecclesiae
2750 1181 3128 1248 fidelissimo
3188 1185 3435 1268 pastori
3494 1183 3759 1249 domino
3804 1206 3923 1251 suo
3967 1184 4236 1251 colendo
4280 1199 4346 1253 et

2383 1268 2574 1334 fratri
2619 1269 2970 1334 carissimo.
3952 1358 4161 1424 Gonff

2561 1525 2632 1593 S.
2689 1526 2774 1591 D.
2864 1525 3116 1592 Omnes
3182 1541 3250 1591 et
3315 1527 3610 1612 singulas
3680 1541 3828 1593 tuas
3892 1529 4117 1594 literas
4181 1548 4346 1612 quas

2387 1613 2644 1689 misisti,
2688 1610 3143 1679 colendissime
3189 1613 3450 1677 domine
3493 1627 3561 1678 et
3596 1616 3801 1679 frater
3835 1615 4191 1694 carissime,
4238 1637 4345 1681 us-

2385 1719 2512 1782 que
2555 1697 2637 1763 ad
2682 1697 3046 1764 adventum
3090 1698 3419 1783 Scipionis
3465 1699 3600 1766 Cal.
3628 1705 3677 1779 ¹)
3724 1702 3962 1786 accepi,
3999 1711 4194 1784 atque
4230 1722 4348 1784 pro

2386 1785 2495 1849 his
2516 1785 2838 1850 maximas
2882 1784 3003 1849 tibi
3047 1804 3172 1869 ago
3197 1786 3465 1868 gratias.
3524 1785 3886 1851 Dominum
3932 1808 4045 1852 oro
4090 1799 4167 1852 ut
4189 1786 4348 1853 Gal-

2386 1871 2515 1935 liae
2575 1880 2641 1935 et
2700 1879 2998 1935 nostrum
3043 1872 3337 1936 omnium
3383 1873 3692 1936 misertus
3743 1873 3981 1955 eripiat
4034 1873 4220 1938 illam
4279 1885 4348 1939 et

2387 1978 2510 2021 nos
2564 1977 2651 2021 ex
2709 1954 3007 2022 faucibus
3059 1955 3287 2034 leonis,
3366 1976 3442 2022 ac
3498 1971 3759 2024 sanctos
3803 1980 3956 2024 suos
4001 1958 4347 2025 confirmet

2385 2054 2465 2107 ut
2521 2042 2794 2107 stabiles
2859 2051 2926 2106 et
2989 2042 3224 2108 sinceri
3280 2054 3728 2125 permaneant.
3830 2044 4106 2109 Interim
4168 2047 4350 2110 venit

2385 2126 2625 2193 nobilis
2668 2125 3055 2192 Ludovicus
3099 2150 3141 2191 a
3175 2127 3341 2206 Bar,
3362 2127 3418 2210 ²)
3455 2131 3564 2211 qui
3599 2141 3783 2195 recta
3815 2130 4349 2213 proficiscebatur

2385 2212 2469 2277 ad
2514 2215 2598 2278 D.
2642 2212 2836 2278 Hart.
2884 2235 2927 2278 a
2970 2212 3333 2297 Hallvyl‚³)
3378 2215 3531 2280 inde
3577 2216 3660 2280 ad
3702 2217 4030 2300 principes
4067 2216 4349 2282 Germa-

2386 2300 2537 2364 niae
2580 2298 2825 2382 aliquot
2867 2300 3109 2364 missus
3154 2321 3194 2364 a
3239 2301 3480 2366 nostris
3522 2301 3654 2366 illis
3697 2303 4121 2386 principibus.
4212 2301 4347 2367 Ve-

2386 2405 2537 2450 reor
2580 2406 2664 2450 ne
2706 2386 3039 2450 invenerit
3079 2387 3411 2469 principes
3454 2399 3902 2471 congregatos.
4012 2388 4185 2452 Nam
4231 2408 4347 2471 po-

2387 2471 2589 2536 tiores
2633 2481 2940 2536 evocarat
2983 2471 3368 2535 Bruxellam
3394 2476 3449 2549 ⁴)
3494 2493 3695 2556 supra
3738 2473 4003 2557 Spiram
4066 2473 4350 2540 Wirtem-

2387 2556 2719 2641 bergensis,
2829 2556 3108 2622 Utinam
3193 2579 3329 2621 non
3392 2560 3602 2641 egerit
3667 2560 3843 2642 apud
3888 2581 3999 2624 eos
4078 2580 4348 2626 causam

2390 2642 2908 2726 Guysianorum.
3011 2642 3184 2708 Illuc
3248 2645 3588 2708 festinavit
3656 2646 4032 2712 Ludom'cus.
4144 2645 4352 2711 Venit

2387 2729 2646 2793 interea
2698 2739 2765 2793 et
2806 2727 2888 2792 D.
2938 2729 3335 2812 Goynetiusv
3397 2731 3477 2793 ad
3541 2751 3736 2812 quem
3793 2730 3907 2795 illa
3950 2732 4093 2814 ipsa
4152 2729 4234 2796 de
4280 2751 4353 2796 re

2389 2816 2742 2897 scripserat
2784 2815 3227 2880 Admiraldus.
3333 2815 3615 2881 Vocavit
3660 2838 3816 2901 ergo
3863 2816 4196 2901 coynetius
4235 2817 4351 2882 Ti-

2485 2921 2632 2966 rum
2698 2899 2886 2963 illum
2953 2899 3035 2965 ab
3100 2899 3378 2984 Halzvyl.
3480 2901 3702 2968 Venit.
3800 2903 3961 2986 Egit
4014 2925 4164 2969 cum
4218 2901 4350 2969 illo.

2389 2921 2814 3070 guigniflcavit
2858 2981 3031 3050 Han.
3078 2984 3491 3069 quorundam
3538 2988 3794 3053 animos
3837 2989 4194 3067 refrixisse,
4238 2990 4353 3056 ubi

2389 3071 2792 3137 audiverunt
2855 3070 3171 3138 defecisse
3227 3094 3268 3137 a
3322 3075 3604 3139 veritate
3662 3074 3917 3160 Regem
3986 3077 4229 3141 Novar.
4288 3090 4355 3142 et

2388 3168 2733 3243 postquam
2799 3156 3007 3223 auditi
3087 3169 3245 3223 sunt
3309 3158 3641 3243 Guysiani
3701 3182 3742 3225 a
3810 3160 4356 3245 Winemberqensi

2389 3244 2475 3309 ad
2518 3243 2856 3308 Tabernas
2898 3243 3217 3310 alsaticas.
3308 3243 3667 3310 Caeterum
3709 3262 4050 3331 postquam
4093 3248 4353 3314 intelle-

2389 3340 2636 3394 xerunt
2678 3329 2841 3394 alios
2880 3329 3211 3413 principes
3246 3350 3519 3396 manere
3552 3332 3841 3398 sinceros
3874 3346 3941 3398 et
3974 3346 4353 3400 constantes

2388 3414 2681 3480 crevisse
2749 3437 2977 3480 rursus
3043 3416 3335 3498 ipsorum
3410 3417 3681 3483 animos.
3778 3416 4063 3503 Ideoque
4128 3418 4353 3485 audito

2389 3499 2734 3568 Ludovico
2779 3522 2822 3565 a
2864 3499 3012 3565 Bar
3052 3502 3270 3584 ipsum
3317 3500 3557 3584 (Hau.)
3584 3502 3790 3568 veluti
3836 3504 3917 3569 de
3962 3526 4132 3571 novo
4174 3504 4354 3570 solli·

2391 3589 2628 3654 citasse
2688 3585 3001 3669 quosdam
3060 3588 3359 3666 istorum,
3426 3608 3466 3651 a
3520 3588 3754 3672 quibus
3798 3611 4189 3675 responsum
4235 3612 4351 3655 ex-

2392 3682 2647 3755 spectet
2723 3672 3016 3737 dandum
3094 3672 3277 3740 hisce
3341 3673 3594 3740 diebus.
3699 3673 3896 3757 Quod
3962 3679 4204 3741 referet
4268 3675 4351 3741 ad

2395 3757 2771 3843 Goynetium,
2814 3770 2957 3823 tum
3002 3759 3202 3823 etiam
3246 3780 3365 3843 per
3407 3780 3514 3824 me
3548 3772 3743 3843 atque
3778 3772 3844 3826 te
3878 3762 3961 3827 ad
3991 3763 4076 3827 D.
4109 3761 4353 3828 Bonam

2392 3856 2461 3909 et
2503 3844 2870 3929 Principes.
2959 3842 3231 3927 Optime
3272 3858 3493 3929 sperat
3538 3844 3715 3911 Hau.
3759 3868 4133 3931 quanquam
4183 3849 4349 3913 nihil

2394 3929 2651 3997 dubitet
2694 3931 2948 3995 animos
2990 3951 3111 4014 per
3153 3932 3475 3997 actionem
3512 3931 3697 3997 illam
3742 3932 4080 3999 alsaticam
4116 3937 4352 4000 nonni·

2395 4016 2492 4082 hil
2534 4018 2990 4100 perturbatam
3034 4026 3103 4081 et
3145 4017 3235 4081 im
3283 4014 3545 4082 editam.
3567 4020 3625 4095 ⁶)
3710 4020 4038 4085 Dominus
4082 4020 4356 4104 dissipet

2394 4102 2668 4168 consilia
2733 4102 3100 4185 impiorum.
3270 4102 3595 4186 igilath
3658 4104 3812 4170 boni
3874 4107 3945 4170 in
4012 4105 4224 4170 Gallia
4288 4118 4355 4170 et

2393 4189 2677 4253 orabunt
2721 4186 3080 4253 Dominum
3127 4209 3210 4253 ne
3237 4187 3474 4273 Gwysii
3514 4188 3613 4253 illi
3657 4210 3975 4274 magnum
4020 4192 4177 4257 dent
4211 4213 4352 4257 ma-

2391 4494 3145 4559 3758.1)Sc.0azandrim·
3182 4494 3857 4552 Luecmussuceoeeita.
3894 4496 4347 4554 lofflinm'm’s-

2391 4568 2536 4620 terso
2574 4564 2867 4635 Morbeym‘
2899 4566 2961 4619 in
3010 4564 3159 4620 Valle
3204 4563 3415 4619 Tollit-a
3447 4564 3660 4631 infelici
3693 4564 3929 4620 Gener-so
3961 4573 4015 4619 et
4057 4564 4351 4621 Ulmum-

2393 4635 2632 4702 u‘myo,
2683 4633 2804 4702 ipse
3114 4634 3178 4687 in
3328 4639 3483 4702 qesta
3533 4649 3741 4689 mem.
3823 4633 4031 4702 (Porta
4081 4634 4150 4689 11.
4204 4634 4352 4703 483.)

2397 4702 2682 4783 Commi&
2710 4702 2826 4769 fuit
2884 4703 3066 4757 uliam
3093 4648 3431 4758 Uolumni
3519 4704 3560 4783 J
3590 4719 3644 4756 a.
3680 4700 3818 4783 1556
3853 4701 4098 4759 laxa-⁸
4131 4705 4350 4774 reliquit

2393 4780 2446 4826 et
2495 4772 2695 4827 ηοῠαὲο
2744 4773 2924 4841 qen-tis
2978 4770 3313 4826 Oeneum
3666 4772 3779 4837 fiant
3830 4788 3982 4828 nunc
4031 4774 4347 4830 anthane.

2390 4839 2641 4909 (Galiffe,
2679 4839 2812 4897 Not.
2845 4836 2964 4903 ce'n·
3000 4838 3072 4894 11.
3104 4838 3240 4908 536,·
3275 4838 3533 4923 Ερμιιιιοτί1
3566 4839 3821 4910 Lucques
3854 4838 4003 4903 205.)

2392 4978 2420 5033 Ι
2470 4909 2663 5043 265ξ)
2698 4908 2781 4963 Μ.
2839 4896 3054 4965 Martio
3114 4914 3364 4978 serpente
3414 4907 3810 4977 Hadelberuae
3858 4909 3987 4975 fuit.
4081 4908 4345 4975 (XI-acu.

2600 5044 2664 5182 P)
2677 5044 3301 5239 gaggaimzfiiaew
3335 5131 3426 5171 eos
3460 5131 3573 5171 aon
3607 5121 3961 5185 confiscatos
3995 5116 4219 5185 adiisse
4255 5116 4348 5172 sed

2603 5252 2662 5315 5)
2695 5254 2855 5309 nodo
2889 5270 2957 5308 σε
2998 5253 3186 5310 Gallia
3220 5253 3411 5308 redux.

2601 5320 2661 5389 6)
2695 5326 2789 5379 nie.
2865 5322 3129 5378 &dalens
3161 5322 3423 5377 menam.
