4900 6125
623 403 754 466 467

627 605 1140 746 ffiggmffiggoe,
1186 603 1445 748 truce-1¹³}¹
1449 581 1812 734 tinliihumani
1857 675 1924 733 et
1965 579 2363 766 mugga&
2372 667 2580 751 insig-

631 777 769 834 nes,
837 754 1002 820 nihil
1046 773 1310 821 necesse
1365 763 1464 818 est
1516 764 1592 820 ut
1646 752 1871 819 multis
1930 751 2150 819 verbis
2193 753 2581 837 exprimam,

673 839 886 906 nando
951 839 1033 905 ab
1097 838 1333 906 harum
1399 839 1661 917 nuncio,
1723 838 1926 904 fratre
1991 845 2219 904 nostro
2276 847 2343 904 et
2402 837 2579 904 fideli

629 863 880 994 albu-isti
923 927 1245 1003 ministro,
1290 925 1374 990 D.
1418 925 1710 1007 &cepoe-7,
1766 922 2169 990 commodius
2211 924 2430 989 omnia
2474 944 2581 990 ac·

623 1011 831 1096 eipies
893 1032 1090 1095 quam
1155 1030 1278 1097 ego
1347 1009 1503 1077 ullis
1567 1009 1773 1076 literis
1839 1011 2096 1094 assequi
2159 1010 2421 1094 possim.
2508 1008 2579 1075 Is

627 1117 894 1182 gregem
928 1105 1226 1164 nostrum
1249 1095 1404 1163 visit
1439 1096 1661 1179 illique
1681 1103 1986 1162 aeternae
2008 1094 2241 1162 salutis
2263 1094 2578 1160 alimenta

627 1181 1042 1262 ministravit,
1107 1202 1356 1266 noeque
1408 1182 1479 1248 in
1523 1181 1631 1248 bis
1686 1191 2052 1265 temporum
2096 1180 2579 1248 calamitatibus

628 1277 1081 1420 ffffim
1101 1265 1367 1419 „m
1392 1265 2577 1438 ᾮἘΐὲἒὲωῃῧέῗὼῗὲἑὲἷωὲζ

627 1438 862 1506 clesiae
931 1438 1233 1505 minister
1279 1437 1624 1516 Maserius,
1686 1439 1799 1522 qui
1853 1447 2115 1504 matura
2167 1439 2323 1522 fuga
2377 1436 2576 1504 saluti

625 1544 783 1590 suae
838 1523 1176 1591 consulere
1227 1525 1523 1590 omnium
1579 1544 1847 1590 suorum
1905 1523 2205 1608 precibus
2247 1524 2576 1590 excitatus

625 1611 897 1695 cogitur.
967 1609 1072 1676 Ab
1116 1619 1389 1694 utroque
1431 1609 1778 1694 intelliges,
1824 1610 2244 1676 ornatissime
2285 1612 2411 1688 vir,
2490 1629 2574 1675 uc

628 1695 697 1760 in
743 1702 924 1762 statu
958 1696 1092 1761 sint
1133 1715 1240 1760 res
1282 1696 1577 1761 omnium
1619 1704 1922 1761 nostrum
1964 1696 2372 1761 constitutae.
2512 1715 2577 1760 e-

621 1779 904 1847 riculosa
944 1789 1102 1846 sunt
1143 1781 1402 1847 omnia:
1447 1780 1703 1866 placida
1744 1781 1963 1865 quiete
2004 1778 2252 1846 diutius
2293 1780 2400 1847 hic
2442 1781 2577 1846 frui

859 1863 1231 1932 diffidimus.
1317 1866 1552 1934 Parari
1608 1867 1799 1933 nobis
1863 1864 2133 1933 insidias
2176 1876 2246 1931 et
2287 1877 2577 1933 armatos

670 1957 843 2018 ostes
907 1953 972 2016 in
1038 1971 1160 2018 nos
1215 1953 1467 2018 irruere
1531 1961 1784 2019 certum
1851 1961 1968 2018 est.
2056 1951 2134 2018 Si
2192 1951 2398 2037 igitur
2454 1971 2576 2018 nos

622 2037 998 2103 certaminis
1041 2035 1392 2104 difficultas
1443 2053 1510 2105 et
1562 2038 1968 2104 imminentis
2013 2039 2418 2121 tempestatis
2461 2058 2576 2123 pe-

623 2122 902 2190 riculum
963 2122 1116 2190 binc
1172 2124 1461 2209 migrare
1518 2144 1660 2190 com
1747 2123 1883 2202 llat,
1930 2124 1997 2189 in
2050 2124 2314 2208 privata
2355 2122 2579 2207 aliqua

621 2208 975 2274 amicorum
1034 2207 1223 2274 domo
1282 2210 1420 2274 ruri
1479 2229 1599 2275 nos
1681 2210 1916 2274 atitare
1974 2207 2312 2293 oportebit,
2369 2208 2577 2276 donec

620 2311 740 2378 per
783 2293 912 2360 Dei
977 2293 1392 2360 clementiam
1463 2315 1592 2378 pax
1651 2294 1939 2361 ecclesiis
1994 2295 2300 2360 restituta
2356 2294 2576 2373 fuerit,

622 2388 737 2445 aut
796 2377 924 2444 alio
984 2399 1091 2445 me
1144 2380 1402 2446 miserit
1463 2380 1765 2468 princeps
1821 2387 2183 2463 pastorum,
2247 2389 2324 2445 ut
2388 2380 2576 2465 gregi

620 2473 1456 2650 &mmm
1503 2465 1857 2617 „ma
1899 2463 2042 2650 ..ξέ
2085 2464 2279 2635 „2¹32
2318 2473 2575 2635 ..ῑῑῗε

619 2655 786 2700 nam
831 2635 982 2702 Iesu
1026 2635 1298 2703 Obnsti.
1381 2636 1462 2701 In
1506 2657 1635 2721 quo
1677 2637 1824 2703 vale
1881 2635 2039 2703 felix
2096 2655 2247 2702 cum
2300 2634 2577 2702 ecclesia

621 2729 742 2785 tua
828 2740 902 2786 ro
960 2740 1089 2805 qua
1146 2721 1406 2788 assidue
1449 2741 1731 2802 oramus,
1798 2722 2212 2806 potissimum
2256 2741 2374 2805 pro
2415 2741 2575 2805 prn-

620 2804 802 2871 denti
849 2827 927 2872 us
969 2807 1307 2907 ministris·
1335 2827 1498 2891 quos
1540 2807 1883 2874 constituit
1923 2806 2271 2906 Dominus,
2314 2813 2394 2872 ut
2429 2826 2575 2872 eam

617 2890 1088 3077 mm
1118 2893 1508 3045 xxm„
1534 2892 2578 3046 mmffisngeseissxzsffizffi

619 3083 747 3215 33⁰
767 3070 1029 3213 Ispiritu
1074 3073 1140 3130 et
1183 3066 1363 3131 omni
1409 3064 1879 3131 benedictionis
1922 3084 2164 3149 genere
2206 3064 2577 3147 locupletet.

705 3200 719 3212 .
802 3170 961 3215 unu.

1497 3692 1688 3763 8811.

992 3846 1504 3915 HALLERUS
1550 3846 2188 3915 BULLINGERO.

797 4017 1014 4084 Novae
1056 4017 1524 4101 disceptationis
1565 4038 1608 4083 a
1647 4017 2109 4087 Getieum-sibus
2142 4024 2463 4085 moventur
2504 4020 2582 4087 de

617 4104 893 4171 ecclesiis
935 4104 1022 4169 ad
1065 4108 1393 4185 mamae
1435 4102 1881 4186 rempublicam
1924 4104 1995 4169 in
2037 4103 2222 4172 rebus
2264 4105 2580 4171 ecclesias·

619 4362 730 4431 <¹²¹¹
769 4359 1530 4499 ⁸⁰ffiss⁰wtxthzff1⁰·
1544 4359 2029 4483 53023212323·
2063 4358 2182 4485 ξεῖ
2231 4362 2376 4497 1²3¹ss
2403 4363 2579 4417 ⁸⁰⁶⁸·

795 4599 1175 4665 Clarissimo
1224 4600 1362 4665 viro
1408 4601 1488 4665 D.
1541 4599 1925 4684 Heinrycbo
1970 4600 2356 4687 Bullingero
2378 4603 2579 4689 'rigu-

623 4687 809 4751 rinae
853 4686 1162 4752 ecclesiae
1206 4686 1448 4769 pastori
1495 4683 1875 4751 fidelissimo
1923 4685 2183 4753 domino
2227 4709 2346 4753 suo
2378 4687 2581 4755 bonc-

623 4771 832 4837 raudo
873 4782 940 4835 et
981 4771 1300 4853 compatri
1346 4770 1700 4837 carissimo,
2148 4858 2408 4925 mirinh-

799 5030 869 5095 S.
939 5030 1105 5094 Sero
1149 5027 1414 5094 tandem
1498 5050 1578 5094 ex
1649 5028 1920 5094 Badena
1997 5050 2146 5096 acce
2193 5030 2214 5094 i
2291 5051 2453 5113 quas
2522 5036 2580 5097 9.

627 5113 804 5178 Iunii
848 5114 930 5179 ad
975 5134 1082 5178 me
1127 5112 1382 5180 dedisti.
1453 5114 1640 5195 Quae
1687 5134 1808 5201 ego
1852 5135 2030 5181 nunc
2075 5114 2162 5182 ha
2207 5118 2278 5181 ui
2322 5114 2407 5181 ad
2449 5117 2583 5183 fra-

630 5207 796 5264 trem
841 5200 1088 5283 scripsi.
1180 5198 1246 5265 Is
1290 5198 1406 5265 illa
1449 5200 1567 5268 tibi
1613 5200 2135 5267 communicabit.
2207 5200 2432 5268 Unum
2480 5202 2584 5269 his

627 5282 866 5350 addere
909 5306 1102 5371 cogor
1144 5284 1313 5368 quod
1363 5307 1466 5352 me
1509 5286 1578 5351 in
1621 5286 1848 5369 primis
1883 5287 2084 5370 angit.
2156 5287 2585 5355 Genevenses

2141 392 2667 462 EPISTOLAE
2712 395 3138 460 3810-3813

4482 398 4583 460 46⁸

2682 583 2861 647 enim
2905 583 2976 648 in
3020 581 3255 648 mediis
3298 581 3475 648 hisce
3510 581 3815 665 periculis
3852 581 3959 647 his
3992 579 4223 645 diebus
4254 578 4338 644 ad
4371 593 4583 650 nostros

2682 666 2983 734 scribunt
3023 668 3182 735 satis
3238 669 3665 753 contemptim
3721 666 3803 732 de
3856 667 4135 749 privatis
4191 665 4321 731 illis
4370 679 4585 732 contro·

2681 753 2916 820 versiis
2957 775 3120 837 quas
3162 773 3315 820 cum
3356 754 3519 837 ipsis
3561 751 3824 819 habent.
3914 752 4099 818 Inter
4146 751 4275 818 alia
4318 770 4462 817 vero
4496 752 4586 818 dc-

2679 840 3005 907 nunciant
3044 841 3206 924 ipsis
3248 848 3325 904 ut
3365 840 3505 905 suis
3562 839 3850 905 ecclesiis
3938 837 4315 920 mspiciant,
4355 857 4419 902 se
4457 858 4587 921 quo-

2678 946 2808 1010 que
2848 945 3005 991 suas
3046 933 3407 993 curaturos.
3495 924 3777 991 Factum
3821 944 3998 990 enim
4042 933 4146 989 est
4188 922 4487 989 hactenus
4521 944 4587 989 ex

2678 1031 2809 1094 quo
2852 1009 3189 1078 Sabaudia
3243 1031 3284 1076 a
3345 1011 3589 1077 nostris
3654 1019 3967 1094 occupata
4031 1009 4155 1074 fuit
4219 1019 4295 1074 ut
4361 1019 4589 1093 propter

2677 1097 3207 1163 commoditatem
3250 1097 3540 1164 locorum
3577 1095 3777 1180 aliqui
3813 1094 4309 1163 Genevensium
4344 1095 4589 1160 ministri

2676 1183 2752 1247 in
2794 1182 2955 1249 loeis
2997 1182 3083 1248 ad
3126 1191 3385 1249 nostros
3427 1179 3906 1266 pertinentibus
3963 1180 4329 1248 concionati
4380 1182 4499 1246 sint
4533 1191 4589 1244 et

2678 1268 2972 1335 vicissim
3015 1270 3221 1334 nostri
3266 1268 3336 1334 in
3378 1268 3536 1335 locis
3576 1268 3891 1353 ipsorum.
3981 1266 4177 1332 Hanc
4222 1267 4591 1333 communic-

2678 1373 2833 1419 nem
2876 1375 3053 1420 nunc
3093 1355 3219 1438 ipsi
3262 1353 3491 1421 tollere
3553 1353 3779 1420 volunt
3835 1361 3903 1418 et
3943 1352 4119 1435 quod
4162 1372 4371 1418 unum
4410 1372 4503 1417 me
4538 1363 4593 1417 et

2677 1449 2934 1506 nostros
2975 1460 3203 1506 omnes
3236 1440 3524 1506 maxime
3558 1448 3834 1523 torquet,
3884 1440 4054 1504 inter
4092 1437 4221 1503 alia
4256 1437 4381 1504 boc
4414 1456 4595 1504 soom·

2675 1534 2854 1591 mate
2904 1533 3205 1605 utuntur,
3259 1537 3515 1592 nostros
3573 1525 3907 1591 ministros
3963 1522 4343 1608 praedicare
4394 1543 4593 1589 secun·

2678 1609 2834 1677 dum
2894 1611 3425 1678 reformationem
3480 1621 3791 1690 nostram,
3834 1611 4126 1693 ipsorum
4187 1630 4345 1676 vero
4396 1628 4599 1676 secum

2677 1695 2834 1762 dnm
2883 1695 3155 1763 verbum
3199 1697 3344 1762 Dei.
3432 1695 3942 1763 Dasbisetvnd
3994 1696 4202 1762 vewirt
4263 1695 4600 1760 dicem-n

2676 1781 2925 1861 notabat,
2963 1782 3227 1848 utnihil
3262 1803 3478 1866 supra.
3536 1781 3994 1849 Aleohatm
4066 1783 4287 1865 osy-3¹)
4324 1778 4604 1860 ascham-⁸

2676 1868 2811 1934 und
2872 1868 2967 1935 lat
3025 1869 3139 1933 der
3202 1867 3322 1953 kyb
3374 1869 3502 1935 vad
3759 1868 3855 1933 nit
4068 1917 4081 1932 .
4176 1865 4323 1933 Gau
4385 1863 4603 1930 arm

2678 1952 2814 2019 sich
2858 1973 3055 2034 unser,
3098 1954 3235 2020 und
3275 1954 3517 2020 bessere
3713 2002 3728 2018 .
3776 1984 4605 2001 ———————

2680 2075 2762 2086 —
2816 2076 2889 2088 -
2942 2075 3022 2087 —
3069 2039 3328 2106 Bornae
3373 2043 3474 2104 21.
3521 2038 3697 2105 Iunii
3750 2041 3929 2103 1562.

3823 2173 4105 2240 Ioannes
4149 2173 4463 2240 Hauon-us

3886 2268 4201 2344 perpetuo
4247 2268 4421 2324 tuus.

3559 2804 3755 2876 8812.

3169 2958 3670 3027 PARELLUS
3715 2957 4153 3026 CALVINO.

2858 3130 4621 3300 Haewwmarmorepubuoeaoeepoeu

2679 3388 2791 3458 (Ex
2827 3388 2959 3443 Ood.
2997 3387 3161 3445 Goth.
3210 3386 3331 3455 405,
3378 3387 3471 3443 fol.
3530 3387 3645 3441 111.
3714 3387 3907 3444 Edidit
3942 3387 4367 3444 Bretsobneideoe

2890 3456 3312 3527 Ponuoeiptum
3344 3456 3520 3512 solum
3556 3456 3757 3510 Farelli
3794 3474 3956 3511 mann
3991 3463 4277 3513 exaratum
4312 3463 4417 3511 est

4420 3406 4473 3523 ς.
4524 3382 4623 3439 18-

2854 3628 3431 3696 Praestantissimo
3496 3626 3749 3694 Christi
3804 3648 3997 3694 servo
4060 3626 4297 3697 Ioanni
4360 3626 4623 3694 Calvino

2682 3714 2931 3798 pastori
2996 3713 3307 3781 ecclesiae
3366 3712 3780 3779 Genevensis
3852 3713 4037 3778 fratri
4103 3724 4171 3779 et
4234 3720 4627 3799 symmystae

2681 3797 2877 3865 valde
2920 3798 3341 3866 observando.
4137 3885 4291 3952 Gen

2856 4054 2927 4121 S.
2997 4054 3323 4121 Pontificii
3401 4056 3643 4122 milites
3732 4056 3927 4122 hodie
4006 4055 4131 4123 hac
4212 4058 4627 4125 transierunt.

2683 4140 2983 4225 quamvis
3029 4147 3182 4205 ante
3226 4139 3365 4207 dies
3423 4141 3670 4226 aliquot
3728 4142 3951 4208 omnia
3994 4163 4162 4226 quae
4204 4143 4393 4226 potui
4441 4138 4627 4206 addu-

2686 4227 2896 4292 xerim
2953 4247 3038 4291 ne
3090 4224 3156 4290 id
3213 4225 3457 4306 liceret,
3485 4226 3539 4310 ¹)
3584 4248 3785 4311 quum
3850 4226 3921 4292 hi
3976 4227 4274 4312 iugulum
4322 4230 4629 4311 impetant

2684 4313 2997 4396 principis
3041 4309 3233 4377 valde
3279 4314 3533 4391 infensi,
3580 4312 3751 4396 quod
3798 4322 4055 4379 tantum
4097 4312 4433 4380 Ber-nates
4476 4310 4631 4377 invi·

2684 4399 2844 4464 serit
2886 4396 3033 4463 aliis
3079 4398 3467 4480 praeteritis,
3526 4409 3595 4463 et
3652 4407 3930 4464 matrem
3985 4399 4187 4465 etiam
4231 4397 4513 4475 oderint,
4572 4404 4631 4457 ct

2684 4504 2885 4583 quum
2952 4503 3206 4549 summe
3265 4482 3699 4551 adversentur
3755 4484 4115 4582 evangelio,
4182 4506 4315 4550 non
4384 4490 4631 4549 tantum

2682 4569 2766 4635 iis
2811 4569 2924 4652 qui
2965 4576 3125 4635 sunt
3164 4568 3234 4632 in
3281 4568 3521 4648 Gallia,
3590 4592 3823 4637 vorum
3874 4580 4076 4636 etiam
4118 4569 4309 4636 nobis
4351 4578 4633 4636 exn-em

2683 4656 3046 4720 minantur:
3138 4661 3361 4720 tamen
3439 4653 3604 4720 nihil
3682 4656 3871 4740 potui
3934 4654 4248 4721 obtinere.
4354 4655 4633 4721 'Panum

2684 4742 2915 4807 urbem
2960 4740 3134 4805 hano
3176 4741 3366 4822 pauci
3409 4742 3764 4807 intrarunt.
3851 4738 4031 4822 Quid
4099 4741 4309 4806 nostri
4354 4742 4495 4806 sint
4536 4758 4631 4801 ae-

2684 4827 2816 4891 turi
2854 4846 2982 4891 nou
3029 4826 3189 4892 satis
3224 4826 3435 4891 video.
3507 4826 3731 4893 Verba
3764 4825 3975 4891 multa
4008 4826 4219 4903 audio,
4261 4826 4373 4891 sed
4414 4840 4631 4889 veoeor

2682 5030 2861 5154 {gi}
2881 5031 2947 5165 11))
2976 5035 3632 5155 23.‘1....·0³1=5roew.22,
3674 5099 3983 5169 quenda-iu·
4029 5114 4135 5155 κο
4170 5098 4371 5155 mma
4408 5102 4473 5151 ⁸:-
4512 5094 4631 5151 ent

2682 5169 2815 5224 uam
2868 5168 3127 5233 doduaeie‚·
3170 5170 3313 5223 cim
3346 5167 3655 5249 Beretum
3706 5170 3864 5250 quitto
3897 5169 4229 5292 mm
4279 5175 4342 5225 a
4372 5168 4633 5243 nand-⁸·

2686 5252 2760 5357 :a
2802 5240 3111 5371 morgan.
3162 5235 3786 5371 αξειέῐρὶιῶιὲυφαφα
3829 5252 3881 5291 ιι
4238 5252 4297 5292 se
4339 5242 4537 5306 aper*-
4584 5246 4633 5285 κ

3580 5420 3635 5453 s.
