4900 6125
529 428 656 490 695

529 612 728 678 Nunc
759 609 966 695 igitur
1008 609 1418 676 constituetis
1466 614 1652 674 3630.

531 697 729 764 Nunc
768 694 1057 763 instandi
1101 702 1360 780 tempus
1404 703 1508 762 est
1553 699 1697 763 666.

528 784 727 849 Nunc
767 781 1013 848 iterum
1054 780 1303 848 discere
1340 786 1484 847 554.

528 869 727 935 Nunc
767 866 997 934 multis
1038 876 1392 952 occupatus
1440 873 1619 931 1541.

529 955 729 1020 Nunc
769 973 903 1020 non
947 960 1141 1020 vacat
1183 961 1400 1020 tecum
1453 960 1634 1016 1531.

530 1040 729 1106 Nunc
769 1059 903 1105 non
947 1046 1142 1106 vacat
1183 1038 1413 1124 longas
1465 1044 1646 1105 1654.

529 1126 729 1193 Nunc
770 1145 935 1209 opus
977 1132 1079 1191 est
1120 1133 1187 1190 te
1229 1127 1449 1192 virum
1498 1130 1642 1190 617.

529 1211 724 1278 Nunc
768 1231 967 1294 quum
1009 1210 1257 1278 multas
1298 1212 1606 1296 Europae
1653 1213 1839 1278 2781.

530 1297 727 1363 Nunc
767 1295 1094 1362 scribendi
1139 1318 1274 1362 non
1320 1305 1424 1363 est
1465 1298 1673 1363 otium
1723 1301 1906 1365 1962.

530 1382 726 1449 Nunc
769 1383 941 1449 serio
987 1382 1173 1449 nobis
1217 1383 1606 1449 certandum
1654 1388 1795 1450 921.

527 1468 727 1535 Nunc
770 1467 1041 1535 tandem
1084 1470 1514 1536 accersendas
1559 1473 1744 1533 3341.

526 1554 931 1620 Nunciatum
976 1563 1079 1620 est
1120 1555 1286 1620 mihi
1332 1558 1516 1620 2512.

525 1640 830 1706 Nuncius
873 1639 980 1706 die
1024 1661 1156 1705 uno
1199 1642 1409 1707 serius
1454 1646 1597 1705 309.

525 1726 827 1792 Nuncius
870 1724 983 1791 ille
1025 1725 1287 1792 Sonerii
1339 1732 1480 1791 159.

524 1812 828 1878 Nuncius
870 1812 1309 1878 Pictaviensis
1353 1815 1539 1876 3289.

526 1897 828 1964 Nuncius
870 1919 1018 1964 sero
1062 1898 1224 1963 mihi
1271 1907 1418 1963 tuas
1470 1901 1649 1961 1502.

525 1984 885 2066 Nunquam
931 1982 1013 2048 de
1057 1991 1122 2049 te
1162 1984 1451 2068 cogitare
1498 1985 1617 2044 259
1629 1988 1683 2046 2.

524 2070 884 2152 Nunquam
927 2089 1049 2151 ego
1091 2077 1426 2152 putassem
1472 2074 1657 2132 2682.

525 2156 884 2238 Nunquam
926 2155 1141 2240 magis
1183 2176 1451 2239 pressus
1496 2158 1682 2218 3694.

523 2242 883 2324 Nunquam
926 2261 1036 2306 me
1079 2242 1293 2325 magis
1338 2248 1649 2306 vexatum
1689 2244 1875 2305 3688.

524 2328 883 2409 Nunquam
974 2328 1158 2394 utavi
1201 2326 1567 2411 cogitavive
1616 2331 1755 2389 330.

525 2413 758 2495 Nuper
799 2412 884 2478 ad
986 2422 1211 2478 ontem
1257 2417 1442 2476 3254.

522 2499 754 2581 Nuper
797 2498 880 2563 ad
924 2497 1367 2583 Megandrum
1414 2502 1558 2562 594.

522 2585 756 2665 Nuper
797 2582 882 2648 ad
922 2591 988 2650 te
1030 2582 1397 2651 scribebam
1447 2587 1629 2647 1183.

524 2670 755 2753 Nuper
797 2669 882 2734 ad
925 2677 993 2735 te
1032 2670 1267 2754 scripsi
1322 2674 1501 2734 1670.

523 2756 755 2839 Nuper
796 2754 879 2820 ad
923 2776 1046 2822 vos
1089 2755 1418 2821 scribendi
1464 2757 1650 2820 3763.

524 2843 758 2924 Nuper
799 2849 1069 2908 coortus
1112 2848 1213 2908 est
1258 2845 1443 2904 3895.

522 2928 757 3011 Nuper
801 2925 1143 2993 discedens
1186 2928 1410 2994 curavi
1457 2932 1556 2989 54.

522 3013 754 3099 Nuper
797 3012 1151 3081 habuimus
1195 3034 1235 3079 a
1276 3012 1535 3080 Bucero
1583 3015 1724 3076 338.

522 3100 753 3183 Nuper
798 3100 922 3167 hac
964 3101 1375 3167 transierunt
1419 3102 1563 3162 510.

521 3187 754 3271 Nuper
797 3188 973 3251 intra
1055 3205 1250 3252 aucos
1294 3184 1435 3251 dies
1473 3190 1660 3248 2701.

521 3272 755 3356 Nuper
798 3273 894 3337 ita
936 3293 1014 3337 su
1060 3273 1193 3337 itus
1234 3272 1359 3336 fuit
1404 3274 1590 3334 2982.

520 3358 753 3442 Nuper
794 3380 995 3442 quum
1042 3358 1123 3424 de
1167 3357 1403 3443 gallica
1449 3358 1635 3421 2562.

521 3445 755 3528 Nuper
795 3465 996 3528 quum
1039 3444 1206 3510 irem
1249 3442 1652 3509 Neocomum
1703 3445 1886 3508 1463.

521 3530 755 3613 Nuper
797 3551 1002 3614 quum
1046 3530 1363 3596 nuncium
1408 3528 1492 3594 ad
1532 3540 1598 3594 te
1642 3532 1786 3594 439.

520 3615 751 3699 Nuper
793 3613 1237 3682 reddebantur
1281 3624 1433 3680 tuae
1478 3621 1579 3679 59.

523 3703 756 3785 Nuper
798 3702 1034 3784 scripsi
1077 3700 1160 3767 ad
1205 3710 1273 3767 te
1320 3704 1465 3765 812.

523 3788 757 3871 Nuper
798 3787 1064 3870 spurius
1109 3792 1256 3852 817.

524 3874 760 3958 Nuper
799 3871 1068 3939 tandem
1111 3881 1265 3958 post
1305 3872 1505 3957 longa
1550 3874 1739 3935 2120.

1459 4078 1546 4148 0.

528 4217 592 4284 Ο
635 4216 1070 4282 laetissimum
1113 4216 1289 4281 hunc
1338 4221 1524 4280 2644.

529 4302 594 4370 O
638 4304 730 4367 mi
775 4300 1056 4367 Calvino
1103 4304 1247 4365 927.

530 4387 595 4455 O
640 4408 839 4471 quam
884 4387 1099 4452 sentio
1144 4392 1289 4452 403.

529 4472 775 4541 Oblata
818 4473 1156 4539 occasione
1206 4479 1386 4537 1003.

530 4559 762 4627 Oblati
805 4569 963 4625 sunt
1004 4559 1169 4623 mihi
1212 4563 1396 4621 1536.

532 4644 828 4712 Obsecro
871 4643 1045 4728 quod
1092 4654 1309 4710 tecum
1354 4643 1697 4728 expostulo
1744 4647 1886 4708 206.

532 4730 1052 4798 Observationes
1095 4738 1351 4796 vestras
1397 4736 1583 4794 2050.

533 4817 849 4884 Officium
894 4817 965 4880 in
1008 4816 1351 4882 scribendo
1398 4818 1541 4880 271.

532 4902 787 4970 Omnes
831 4910 899 4966 et
940 4901 1239 4985 singulas
1281 4912 1430 4967 tuas
1478 4906 1664 4967 3758.

531 4988 789 5055 Omnes
831 4987 1063 5052 literae
1106 4997 1258 5052 tuae
1304 4993 1490 5052 2921.

533 5073 790 5141 Omnes
832 5073 976 5140 vias
1020 5081 1235 5138 tentat
1277 5072 1563 5139 Satanas
1609 5076 1795 5138 2523.

534 5159 781 5226 Omnia
824 5180 865 5224 a
906 5178 1014 5223 me
1055 5168 1423 5241 reportaret
1470 5162 1572 5225 26.

537 5244 870 5311 Omnibus
909 5243 1122 5310 modis
1164 5245 1431 5310 student
1477 5249 1665 5310 2877.

537 5330 833 5398 Omnino
875 5351 1109 5397 censeo
1151 5330 1459 5415 expedire
1504 5337 1649 5395 543.

1972 419 2357 491 INDICES
2392 420 3086 490 EPISTOLARUM.

2605 609 2897 676 Omnino
2939 608 3105 675 illud
3148 609 3553 694 sequendum
3592 613 3776 675 2203.

2605 695 2920 763 Omnium
2966 706 3118 780 post
3158 694 3503 761 hominum
3554 701 3740 760 4147.

2605 780 2864 865 Operae
2906 781 3193 867 pretium
3238 791 3340 848 est
3380 787 3568 845 3359.

2604 866 2860 951 Opinor
2904 876 2968 934 te
3013 866 3094 933 de
3138 867 3401 935 Oalvini
3452 872 3635 932 1174.

2604 953 3066 1036 Opportunam
3109 953 3305 1037 plane
3352 957 3536 1017 3026.

2602 1039 2990 1124 Opportune
3031 1039 3201 1105 mihi
3241 1061 3422 1106 nunc
3469 1042 3656 1103 2895.

2602 1125 2932 1209 Optamus
2974 1124 3241 1209 quidem
3281 1147 3402 1190 nos
3454 1130 3635 1188 1315.

2601 1211 2921 1296 Optarem
2965 1211 3240 1277 meliora
3285 1215 3474 1274 3678.

2602 1297 2960 1383 Optassem
3002 1298 3293 1363 maxime
3335 1296 3410 1361 id
3450 1297 3692 1363 rescire
3743 1299 3924 1361 1869.

2602 1383 2953 1467 Optassem
2998 1382 3262 1468 quidem
3311 1386 3496 1447 3867.

2601 1469 2857 1555 Optimi
2900 1470 2972 1537 hi
3017 1470 3146 1536 viri
3194 1472 3378 1531 2511.

2603 1555 2745 1622 Ora
2785 1555 3152 1622 Dominum
3195 1576 3315 1639 pro
3357 1553 3547 1619 nobis
3598 1558 3781 1620 1045.

2603 1641 2895 1709 Oramus
2940 1663 3058 1708 vos
3100 1642 3171 1706 in
3218 1641 3507 1706 Domino
3559 1645 3740 1705 1177.

2601 1726 2772 1793 Orat
2813 1736 2880 1793 te
2918 1728 3242 1793 Erasmus
3286 1730 3431 1790 565.

2601 1812 2809 1880 Orate
2853 1814 3214 1879 Dominum
3258 1812 3569 1877 ardenter
3614 1815 3760 1877 891.

2602 1899 2812 1966 Orate
2854 1900 3214 1966 Dominum
3262 1918 3381 1981 pro
3424 1918 3584 1982 pace
3631 1903 3773 1961 493.

2602 1984 2988 2051 Orationem
3033 1985 3118 2051 ad
3161 1992 3229 2050 te
3272 1985 3599 2049 misissem
3652 1986 3835 2048 1932.

2600 2070 2962 2137 Oravimus
3002 2092 3216 2153 nuper
3257 2069 3561 2136 Basileae
3606 2074 3707 2135 37.

2602 2156 2741 2222 Oro
2785 2177 2908 2224 vos
2949 2178 3067 2241 per
3113 2157 3473 2221 Dominum
3526 2161 3659 2218 116.

2602 2241 3007 2308 Ottomanus
3051 2243 3160 2309 hic
3205 2242 3312 2307 vir
3359 2247 3544 2305 2311.

3534 2448 3617 2515 Ρ.

2601 2588 2797 2653 Pacis
2842 2606 3064 2652 amore
3106 2584 3492 2668 plerumque
3541 2585 3727 2647 3304.

2599 2673 2884 2738 Parcere
2928 2670 3048 2737 tibi
3090 2670 3355 2736 mallem
3401 2673 3586 2734 2943.

2601 2759 2855 2824 Parum
2897 2757 3107 2823 abfuit
3150 2757 3310 2840 quin
3354 2755 3494 2820 ludi
3541 2759 3685 2818 807.

2604 2845 2852 2910 Parum
2896 2844 3107 2909 abfuit
3148 2842 3310 2925 quin
3352 2841 3715 2907 Merlinum
3769 2842 3948 2903 1078.

2601 2931 2854 2996 Parum
2895 2927 3105 2995 abfuit
3146 2929 3310 3011 quin
3353 2927 3699 3011 privignus
3750 2928 3930 2989 1000.

2603 3016 2807 3083 Pater
2849 3015 3146 3084 coelestis
3189 3013 3303 3097 qui
3345 3012 3611 3079 tandem
3666 3012 3847 3076 1442.

2599 3103 2802 3168 Pater
2845 3103 3046 3168 huius
3090 3101 3275 3185 pueri
3323 3103 3513 3164 2515.

2600 3189 2838 3254 Patres
2879 3188 3229 3271 neptunios
3275 3189 3418 3248 934.

2600 3274 2826 3340 Pauca
2867 3273 3080 3340 scribo
3123 3271 3299 3356 quod
3346 3275 3532 3335 3574.

2599 3361 2838 3426 Paucis
2881 3360 3122 3425 abhinc
3165 3355 3396 3423 diebus
3443 3360 3633 3419 2864.

2598 3446 2843 3512 Paucis
2885 3445 3105 3530 accipe
3148 3451 3528 3509 nostrarum
3573 3445 3761 3505 3731.

2601 3532 2841 3597 Paucis
2885 3532 3107 3614 accipe
3151 3527 3309 3613 quid
3355 3528 3444 3594 sit
3489 3532 3676 3591 2210.

2600 3618 2845 3683 Paucis
2888 3626 3043 3682 ante
3088 3615 3318 3680 diebus
3363 3613 3514 3679 dedi
3565 3616 3745 3676 1504.

2601 3704 2845 3769 Paucis
2886 3723 3148 3768 mecum
3191 3702 3329 3785 egit
3369 3701 3559 3764 2348.

2600 3789 2844 3854 Paucis
2886 3787 3433 3871 occupatissimus
3481 3788 3666 3848 3008.

2602 3875 2842 3940 Paucis
2885 3873 3170 3939 rescribo
3214 3872 3569 3938 festinante
3617 3872 3804 3935 2802.

2602 3961 2845 4026 Paucis
2887 3958 3224 4024 vobiscum
3270 3977 3465 4039 agam
3515 3960 3700 4019 1924.

2601 4046 2815 4111 Paulo
2860 4055 3015 4110 ante
3059 4054 3198 4108 tum
3247 4047 3434 4106 3877.

2602 4131 2816 4197 Paulo
2860 4139 3212 4213 antequam
3257 4127 3423 4193 mihi
3466 4135 3619 4192 tuae
3657 4129 3843 4192 2579.

2603 4216 2817 4283 Paulo
2862 4224 3211 4299 antequam
3258 4214 3518 4279 veniret
3553 4216 3741 4279 3803.

2604 4301 2813 4368 Paulo
2857 4312 3008 4385 post
3048 4302 3279 4367 uxoris
3324 4301 3512 4365 3412.

2600 4389 2812 4454 Paulo
2855 4388 3064 4453 serius
3107 4387 3226 4451 tibi
3274 4388 3460 4449 4202.

2603 4473 2853 4539 Paulus
2896 4492 3116 4539 comes
3158 4472 3374 4538 scriba
3422 4474 3602 4532 1433.

2603 4559 2857 4625 Paulus
2899 4558 3011 4623 ille
3054 4558 3264 4623 Italus
3316 4559 3498 4619 1778.

2604 4645 2854 4711 Paulus
2897 4644 3160 4709 natione
3202 4642 3418 4708 Italus
3469 4646 3652 4706 1768.

2602 4732 2866 4813 Pauper
2906 4728 3198 4796 Michael
3237 4730 3494 4813 cogitur
3541 4733 3724 4793 1547.

2604 4817 2737 4882 Per
2785 4815 3192 4899 bibliopolam
3234 4818 3418 4879 2712.

2603 4903 2737 4968 Per
2780 4902 3330 4984 Christophorum
3375 4900 3594 4987 accepi
3640 4904 3783 4967 523.

2604 4990 2736 5055 Per
2780 4988 3140 5054 Dominum
3183 4986 3529 5053 Christum
3569 4986 3797 5053 hortor
3839 4993 3939 5053 97.

2603 5075 2738 5140 Per
2780 5073 3118 5156 exemplar
3159 5072 3497 5138 literarum
3543 5077 3726 5139 1097.

2604 5161 2737 5226 Per
2778 5158 3101 5225 famulum
3143 5158 3226 5224 ab
3269 5158 3495 5223 Allein
3543 5161 3686 5221 652.

2605 5248 2739 5313 Per
2779 5246 3209 5312 Franciscum
3254 5246 3365 5328 qui
3411 5266 3546 5309 una
3597 5249 3740 5309 579.

2603 5333 2739 5399 Per
2781 5332 3044 5397 Heliam
3089 5352 3299 5415 nuper
3339 5330 3572 5414 scripsi
3611 5333 3797 5395 2953.

4453 420 4582 482 696
