4900 6125
594 415 735 480 1563

598 603 826 670 bonne
857 600 1181 754 diligence
1213 623 1341 688 que
1374 622 1541 672 vous
1576 623 1733 674 aves
1775 606 1931 671 faite
1974 624 2218 672 envers
2260 604 2357 672 les
2399 624 2562 690 gou-

600 708 923 756 verneurs
1011 710 1048 756 e
1092 690 1304 756 Milan
1344 711 1516 776 pour
1569 690 1737 758 faire
1792 690 2123 758 relascher
2165 690 2422 758 Claude
2464 691 2563 757 la-

588 773 781 841 duim
808 776 856 850 ¹)
898 784 1125 841 nostre
1158 776 1528 862 bourgeois,
1563 786 1631 842 et
1664 776 1961 844 ladessus
1995 776 2288 843 entendu
2322 784 2468 842 tout
2501 775 2564 841 le

596 859 897 927 discours
954 860 1037 925 de
1093 870 1316 929 vostre
1372 863 1730 948 messagier
1795 862 1959 930 dont
2012 883 2183 929 nous
2240 882 2404 928 vous
2458 882 2562 927 re-

598 944 931 1012 mercions
972 946 1102 1013 fort
1145 949 1744 1029 affectueusement,
1789 970 1954 1015 vous
1985 950 2212 1033 priant
2253 947 2335 1013 de
2376 956 2562 1013 tous·

597 1030 780 1097 iours
814 1033 1157 1098 continuet
1190 1033 1255 1098 la
1289 1033 1508 1099 bonne
1541 1036 1843 1101 affection
1878 1044 1946 1100 et
1979 1034 2204 1100 amitie
2234 1055 2363 1119 que
2392 1053 2563 1098 nous

599 1136 762 1181 aves
801 1127 1028 1201 portee
1061 1120 1336 1202 jusques
1370 1122 1507 1204 ch,
1550 1139 1802 1185 comme
1838 1121 2017 1187 aussi
2052 1140 2219 1185 nous
2264 1118 2562 1187 desimus

599 1200 685 1267 de
730 1212 954 1268 nostre
1006 1215 1155 1287 part
1211 1225 1378 1270 nous
1432 1207 1772 1290 employer
1812 1204 1894 1271 de
1952 1207 2084 1272 bon
2140 1227 2346 1272 cueur
2395 1226 2565 1290 pour

597 1307 767 1353 vous
823 1286 890 1352 la
946 1308 1032 1354 on
1086 1309 1250 1356 none
1306 1311 1390 1357 en
1447 1312 1689 1359 aurons
1754 1292 1817 1357 le
1872 1312 2131 1376 moyen.
2222 1294 2333 1358 Au
2387 1300 2565 1357 reete

598 1393 770 1438 nous
811 1395 896 1439 ne
954 1395 1230 1442 scavons
1287 1397 1454 1458 pour
1494 1377 1560 1444 le
1613 1387 1881 1461 present
1934 1387 2123 1443 autre
2166 1376 2429 1445 remede
2474 1378 2564 1442 si-

599 1478 741 1523 non
786 1457 868 1524 de
909 1471 1223 1527 remettre
1266 1461 1521 1528 laffaire
1555 1485 1595 1528 a
1630 1464 1802 1545 dieu,
1846 1463 2101 1547 Lequel
2135 1485 2303 1530 nous
2337 1464 2564 1547 priene

601 1544 1044 1629 magniflques
1089 1556 1156 1613 et
1201 1548 1617 1615 treshonores
1661 1551 2000 1635 seigneurs
2042 1569 2208 1616 vous
2252 1549 2437 1615 avoir
2479 1572 2562 1617 en

600 1649 680 1695 sa
719 1630 970 1698 saincte
1011 1631 1231 1716 garde.
1302 1633 1545 1700 Donne
1591 1655 1666 1702 ce
1709 1637 1890 1721 xxvj.
1937 1634 2242 1703 doctobre
2292 1638 2475 1702 1562.

1483 2181 1688 2253 3869.

1070 2333 1546 2404 CALVINUS
1592 2336 2099 2405 OLEVIANO.

782 2505 1130 2591 chimyero
1172 2511 1242 2571 ut
1278 2506 1750 2592 Heidelberqam
1784 2514 1885 2574 eat
1914 2510 2294 2592 persuaderi
2334 2511 2563 2593 nequit.

605 2592 964 2660 Consilium
1008 2593 1185 2657 addit
1225 2593 1301 2659 de
1343 2593 1683 2677 disciplina
1719 2595 2126 2662 instituenda.

604 2767 719 2832 (Ex
766 2763 1082 2888 apographo
1128 2764 1257 2818 Ccd.
1295 2763 1498 2818 Genev.
1539 2763 1684 2830 107⁸,
1735 2766 1828 2822 sol.
1862 2764 1983 2848 ²:53⁹
2036 2767 2158 2821 coll.
2195 2783 2241 2823 e.
2276 2767 2408 2823 Cod.
2446 2766 2566 2834 108,

809 2836 880 2889 cl.
919 2833 1037 2902 142,
1072 2833 1213 2903 Epp.
1250 2834 1414 2887 Bern.
1452 2833 1541 2886 VI.
1580 2833 1713 2887 1101
1751 2843 1809 2888 et
1843 2835 2051 2890 Simler.
2091 2837 2207 2891 Vol.
2244 2836 2388 2902 105.)

779 3005 1049 3074 Eximio
1093 3013 1160 3070 et
1202 3003 1381 3071 fideli
1424 3003 1678 3072 Christi
1723 3026 1917 3072 servo
1954 3008 2041 3075 D.
2080 3007 2372 3093 Gaspari
2407 3008 2566 3077 Ole-

598 3093 803 3160 viano
846 3091 1037 3158 fratri
1080 3100 1146 3157 et
1189 3100 1595 3177 symmystae
1636 3092 2085 3178 integerrimo.

1887 3196 2387 3284 Heidelbergae.

779 3369 852 3436 S.
922 3367 1147 3450 Quum
1196 3366 1421 3432 literas
1463 3387 1645 3435 meas
1687 3374 1989 3454 putarem
2034 3370 2167 3435 iam
2209 3370 2281 3435 in
2326 3370 2566 3436 itinere

605 3478 769 3537 esse,
824 3455 1209 3521 nunciatum
1254 3460 1356 3519 est
1398 3475 1678 3537 puerum
1721 3453 1936 3520 adhuc
1979 3456 2248 3521 comites
2292 3476 2566 3540 exspec-

606 3552 771 3610 tare.
866 3540 1100 3624 Itaque
1161 3537 1585 3623 Sorimyerum
1617 3543 1668 3618 ¹)
1728 3538 1811 3606 ad
1875 3560 1982 3605 me
2048 3542 2299 3620 vocavi,
2364 3551 2443 3607 ut
2509 3543 2567 3607 si

605 3629 871 3696 animus
914 3627 1054 3692 eins
1099 3624 1182 3690 ad
1232 3625 1711 3709 suscipiendam
1755 3645 1924 3709 quae
1968 3625 2143 3709 apud
2184 3648 2304 3693 vos
2347 3626 2569 3693 oblata

604 3724 708 3782 est
758 3712 1189 3800 provinciam,
1254 3710 1360 3776 vel
1403 3712 1536 3776 iam
1578 3731 1947 3796 propensus
1990 3720 2181 3790 esset,
2238 3712 2343 3779 vel
2387 3714 2566 3780 flecti

607 3811 845 3887 posset,
892 3819 1044 3863 eum
1090 3796 1392 3862 hortarer
1433 3816 1510 3863 ac
1553 3797 1979 3864 stimularem.
2049 3796 2303 3864 Verum
2349 3799 2566 3882 reperi

605 3886 779 3972 quod
821 3882 1221 3967 suspicabar,
1272 3903 1407 3947 non
1449 3902 1640 3965 posse
1682 3882 1807 3948 hoc
1849 3892 2143 3968 tempore
2187 3883 2444 3963 adduci,
2489 3893 2566 3950 ut

604 3973 912 4056 cuiquam
958 3969 1099 4035 loco
1144 3987 1413 4052 operam
1460 3989 1648 4033 suam
1693 3967 1969 4035 addicat.
2038 3969 2314 4037 Electus
2358 3990 2399 4034 a
2441 3989 2563 4035 no-

604 4059 708 4127 bis
773 4057 989 4123 fuerat
1050 4054 1313 4137 linguae
1381 4074 1654 4138 graecoe
1730 4054 2093 4138 professor:
2113 4057 2174 4133 2)
2253 4055 2562 4135 conditio,

601 4144 908 4229 quamvis
972 4140 1229 4225 exigua,
1295 4139 1533 4205 fuisset
1597 4148 1822 4207 tamen
1889 4141 2167 4207 honesta
2229 4152 2297 4208 et
2360 4141 2562 4207 utilis.

598 4227 993 4315 Respondit,
1030 4226 1089 4291 si
1121 4224 1290 4292 liber
1322 4233 1513 4303 esset,
1556 4246 1628 4291 se
1662 4224 1852 4291 nobis
1887 4226 2002 4293 obs
2085 4233 2352 4294 uentem
2388 4227 2562 4293 fore:

602 4316 721 4384 sed
776 4314 933 4400 quia
989 4311 1188 4378 fldem
1245 4311 1689 4378 obstrinxerat
1731 4311 2003 4378 Ulricho
2109 4333 2353 4398 uqyem,
2379 4317 2433 4393 ⁸)
2493 4332 2565 4379 se

601 4519 872 4584 8868.1)
908 4519 1003 4571 ric.
1039 4515 1110 4583 cf.
1150 4515 1225 4570 N.
1257 4515 1397 4570 3849
1429 4522 1542 4570 not.
1615 4516 1691 4570 In
1732 4516 2045 4572 nonium
2084 4518 2334 4585 propriis
2366 4518 2568 4573 mirum

777 4586 1117 4720 052¹·ng
1149 4590 1299 4640 enter
1330 4585 1544 4640 calamo
1574 4586 1667 4639 usi
1698 4586 1827 4641 sint.

809 4724 872 4787 2)
912 4723 1136 4792 Lapm
1168 4722 1370 4778 calami
1410 4737 1525 4776 oue
1564 4723 1797 4777 videtur.
1866 4722 2257 4791 Philosophiae
2296 4723 2572 4790 professio

602 4799 659 4853 ei
700 4794 909 4916 αωιάαὶδ
910 4799 970 4915 ig
1009 4793 1233 4914 Ῑιιιῖἑιὲὶ
1254 4791 1371 4928 )1η
1417 4794 1636 4862 praecis
1677 4792 1882 4860 lembo!
1932 4792 2138 4847 Franc-
2184 4791 2359 4847 Porto
2399 4792 2570 4864 (Ray.

812 4932 877 4993 3)
920 4877 1209 4999 ὥρμηκε
1243 4931 1624 4997 Ammonias,
1665 4944 1717 4981 α.
1754 4926 1892 4982 1560
1930 4927 2241 4998 Seu-imore
2272 4929 2570 4985 mandave-

602 5008 700 5058 rat
741 5006 804 5055 ut
837 5000 1008 5054 libros
1042 5014 1213 5052 manu
1255 5002 1493 5066 scriptos
1534 5006 1587 5052 et
1620 5001 1911 5066 impressa
1952 5000 2072 5052 suis
2117 4999 2422 5066 εωρτῶιω
2457 5014 2570 5054 cce·

600 5078 785 5138 neret,
831 5070 973 5123 alios
1016 5070 1167 5137 typis
1210 5068 1303 5121 edi
1349 5074 1584 5129 curaret,
1620 5068 1857 5121 maxine
2022 5066 2199 5120 Henr.
2236 5066 2571 5136 ῧτῳὴωιυω

594 5140 707 5210 qui
739 5154 795 5192 se
838 5136 902 5192 U.
938 5136 1189 5205 Fuqu·
1229 5136 1628 5205 typoqraphum
1670 5136 1733 5188 in
1778 5137 1845 5189 tit
1902 5138 1954 5188 is
1995 5135 2260 5190 labrorum
2295 5153 2333 5190 a
2367 5152 2425 5189 se
2457 5136 2570 5191 edi·

598 5216 784 5263 torum
818 5206 1145 5275 appellabat.
1205 5205 1400 5259 Verum
1436 5208 1548 5258 iam
1582 5220 1650 5257 m.
1672 5203 1808 5260 Dec.
1846 5202 1979 5256 1561
2002 5210 2280 5272 patronus
2328 5205 2569 5264 clientem

600 5278 670 5358 ἡ·
703 5277 792 5329 im
826 5275 1042 5409 mig-³3&
1080 5274 1383 5341 Scrimyero
1414 5274 1557 5329 litem
1592 5275 1711 5328 eius
1742 5275 1960 5329 nomine
1987 5279 2337 5344 persequente
2368 5273 2572 5339 (Gaul-

2109 414 2639 484 EPISTOLAE
2683 417 3103 484 3868-3871

4483 421 4586 484 564

2668 604 2882 673 vereri
2939 603 3233 671 levitatis
3286 610 3532 685 notam,
3597 603 3654 671 si
3710 603 3920 670 ullum
3981 603 4322 689 publicum
4377 626 4588 676 munus

2665 690 2893 757 obiret.
2967 691 3192 774 Quum
3227 710 3461 758 rursus
3494 691 3962 774 exciperemus,
4003 711 4138 757 non
4176 691 4457 776 amplius
4491 715 4591 761 nos

2666 778 2962 862 exigere,
3025 797 3227 861 quam
3284 775 3458 861 quod
3517 777 3600 842 ab
3664 776 3806 861 ipso
3864 776 4123 844 Ulm'cho
4184 777 4589 862 impetrasset,

2663 863 2907 928 iterum
2968 861 3330 942 excusavit,
3395 860 3601 930 donec
3645 883 3688 928 a
3740 863 4045 947 pactione
4108 862 4306 947 plane
4365 863 4593 933 solutus

2665 948 2850 1027 foret,
2906 947 3076 1013 nihil
3133 947 3255 1014 sibi
3309 969 3454 1015 esse
3511 948 3863 1033 integrum.
3952 948 4208 1015 Eadem
4272 948 4387 1014 illa
4444 971 4592 1019 nunc

2665 1055 2865 1118 quum
2931 1041 3274 1117 repeteret,
3340 1033 3623 1118 amplius
3685 1054 3924 1119 urgere
3990 1054 4193 1101 ausus
4253 1056 4389 1100 non
4452 1057 4592 1103 sum.

2663 1119 2836 1185 Nam
2880 1125 2959 1185 ut
3023 1119 3284 1186 scholae
3326 1128 3588 1185 vestrae
3653 1121 3943 1186 maxime
3997 1129 4420 1206 prospectum
4475 1142 4596 1188 esse

2664 1205 2946 1289 cupiam,
3005 1205 3202 1272 simul
3259 1212 3484 1271 tamen
3539 1206 3735 1272 amici
3791 1204 4229 1273 verecundiae
4280 1206 4596 1274 consulere

2664 1311 2929 1358 necesse
2972 1298 3091 1370 est,
3148 1292 3537 1375 praesertim
3582 1312 3787 1374 quum
3831 1313 4011 1358 nunc
4057 1291 4508 1359 inhumaniter
4543 1301 4601 1358 et

2666 1376 3135 1445 contumeliose
3192 1375 3494 1444 Ulrichus
3533 1377 3675 1460 ipse
3717 1397 3760 1442 a
3801 1378 4097 1462 cog-natis
4137 1384 4480 1444 tractetur.

2840 1461 3036 1544 Quod
3080 1462 3161 1528 de
3203 1462 3697 1529 constituendae
3737 1462 4124 1548 disciplinae
4164 1463 4424 1529 ratione
4468 1483 4600 1530 con·

2665 1548 2889 1614 silium
2945 1569 3170 1614 meum
3224 1549 3547 1633 postulas,
3608 1549 3725 1615 vix
3783 1549 4071 1616 occurrit
4123 1549 4296 1634 quod
4350 1571 4601 1634 respon·

2666 1633 2878 1713 deam,
2921 1634 3051 1700 nisi
3092 1633 3457 1717 optandum
3501 1656 3663 1712 esse,
3707 1642 3783 1700 ut
3817 1633 3981 1701 duos
4015 1636 4319 1719 princeps
4353 1635 4438 1701 de
4471 1657 4605 1702 con·

2667 1720 2801 1786 silii
2844 1721 2950 1786 sui
2993 1721 3324 1786 sententia
3356 1722 3673 1799 nominet,
3704 1718 3871 1787 duos
3902 1720 4319 1800 universitas,
4343 1729 4607 1803 quatuor

2667 1813 2890 1871 autem
2932 1827 3277 1873 commune
3321 1806 3524 1886 urbis,
3570 1807 3683 1890 qui
3726 1826 3861 1872 una
3902 1827 4054 1873 cum
4096 1806 4476 1890 pastoribus
4515 1827 4606 1872 eo-

2666 1891 2901 1958 clesiae
2935 1893 3247 1976 praesint,
3285 1911 3361 1958 ac
3393 1891 3533 1958 sint
3565 1912 3829 1957 morum
3862 1911 4188 1959 censores.
4255 1892 4408 1958 Hoc
4450 1893 4606 1958 enim

2666 1979 2861 2046 modo
2904 1987 3144 2065 partes,
3202 1998 3369 2062 quae
3412 1977 3657 2062 alioqui
3710 1977 3849 2044 suis
3891 1977 4234 2044 ordinibus
4276 1976 4608 2044 distinctae

2667 2079 2839 2146 sunt,
2876 2066 3317 2133 coalescerent
3347 2063 3420 2128 in
3455 2085 3665 2129 unum
3689 2084 3944 2147 corpus,
3981 2063 4256 2131 ecclesia
4289 2065 4397 2130 ius
4430 2084 4612 2131 suum

2667 2152 3002 2230 retineret,
3059 2150 3283 2217 nullus
3335 2156 3557 2215 autem
3613 2157 4025 2234 gravaretur.
4097 2148 4318 2216 Modis
4361 2149 4610 2233 quidem

2668 2236 2974 2303 omuibus
3026 2235 3409 2303 instandum
3453 2245 3572 2310 est,
3632 2243 3709 2300 ut
3749 2234 4143 2301 mediocrem
4202 2235 4442 2301 saltem
4496 2234 4612 2300 dis·

2667 2323 2977 2407 ciplinam
3040 2320 3349 2388 obtineat.
3373 2325 3431 2399 ⁴)
3531 2319 3840 2387 Difficilis
3905 2320 4089 2386 labor
4157 2330 4227 2385 et
4288 2321 4612 2396 molestus,

2667 2410 2893 2487 fateor,
2942 2407 3110 2474 addo
3153 2408 3353 2473 etiam
3397 2404 3679 2486 odiosus,
3724 2406 3841 2472 sed
3885 2406 3999 2474 ubi
4034 2406 4383 2473 Christum
4431 2406 4617 2472 haboe

2669 2495 2921 2572 ducem,
2964 2515 3101 2559 non
3135 2500 3237 2559 est
3270 2492 3444 2577 quod
3480 2512 3770 2576 unquam
3804 2491 4123 2578 fatigeris.
4195 2490 4272 2558 Si
4311 2492 4438 2557 tibi
4479 2512 4614 2558 cum

2667 2579 3134 2646 iureconsultis
3197 2575 3587 2645 certandum
3650 2586 3780 2659 est,
3849 2579 4018 2644 scias
4090 2578 4213 2644 hoc
4277 2576 4617 2642 hominum

2669 2687 2880 2752 genus
2941 2664 3183 2748 ubique
3247 2665 3384 2729 fere
3449 2684 3592 2730 esse
3649 2664 3906 2729 Christi
3970 2664 4179 2729 servis
4238 2663 4614 2728 adversum:

2669 2751 2826 2834 quia
2870 2772 3007 2816 non
3050 2749 3433 2815 existimant
3486 2770 3556 2815 se
3614 2748 3894 2833 gradum
3936 2769 4133 2814 suum
4186 2768 4384 2833 posse
4444 2748 4617 2825 tueri,

2668 2838 2728 2904 si
2770 2857 2899 2920 qua
2937 2837 3163 2920 vigeat
3203 2834 3514 2902 ecclesiae
3556 2835 3888 2901 autoritas.
3960 2834 4366 2901 Constanter
4412 2843 4619 2900 tamen

2668 2922 3100 3007 pergendum,
3145 2921 3318 3005 qnod
3351 2941 3428 2986 eo
3463 2920 3584 2986 tibi
3619 2920 3875 2988 facilius
3910 2920 4056 2998 erit,
4101 2921 4255 3004 quia
4295 2919 4619 2985 adiutores

2670 3018 2904 3076 nactus
2962 3029 3036 3075 es
3093 3027 3230 3073 non
3271 3006 3438 3074 fidos
3480 3006 3691 3085 modo,
3747 3006 3863 3073 sed
3921 3005 4123 3072 etiam
4173 3006 4510 3073 animosos
4561 3011 4622 3070 et

2670 3103 2994 3162 strenuos.
3064 3093 3255 3172 Vale,
3321 3092 3562 3159 eximie
3620 3093 3725 3160 vir
3788 3100 3856 3159 et
3918 3094 4123 3159 stater
4185 3092 4324 3158 inte
4416 3093 4618 3157 rrime.

2668 3181 2754 3247 D.
2783 3181 2983 3247 Petro
3010 3177 3337 3262 Bocquino
3378 3178 3659 3245 multam
3704 3177 3988 3245 salutem
4023 3199 4270 3262 precor,
4379 3228 4395 3243 .
4435 3177 4623 3243 etiam

2668 3266 2916 3346 Dilero,
2961 3264 3181 3331 Mario
3211 3267 3267 3348 ⁵)
3331 3274 3398 3329 et
3457 3264 3725 3349 reliquis
3787 3264 4034 3331 amicis.
4123 3263 4462 3330 Dominus
4519 3281 4622 3326 vos

2668 3372 2896 3418 omnes
2939 3357 3161 3418 servet
3200 3349 3580 3430 incolumes,
3639 3356 4034 3434 sanctosque
4076 3358 4333 3416 vestros
4380 3349 4626 3415 labores

2669 3438 3027 3506 benedicat.
3102 3436 3418 3503 Genevae
3463 3439 3566 3501 27.
3616 3434 3922 3503 Octobris
3970 3438 4156 3500 1562.

3598 3605 3885 3673 Ioannes
3930 3604 4253 3674 Calvinus
4296 3611 4478 3673 tuus.

3557 4317 3752 4389 8870.

3103 4491 3579 4561 CALVINUS
3631 4491 4206 4561 TREMELLIO.

2766 4755 2780 4769 .
2843 4665 3170 4819 ἔέεηιεῑῑίί
3213 4663 3693 4731 mmmtarius
3733 4665 3805 4729 in
3854 4662 4135 4730 Hoseam
4182 4661 4475 4729 Gentem
4515 4663 4626 4726 is·-

2659 4774 2844 4838 przm
2938 4773 2994 4818 r.

2695 4924 3089 4981 Anthenticum
3124 4938 3231 4976 nou
3268 4925 3468 4975 exstat.
3537 4920 3759 4974 Habent
3793 4919 4119 4973 Turretinus
4161 4920 4220 4973 in
4257 4919 4384 4974 cod.
4417 4919 4628 4974 Genu.

2704 4995 2791 5062 08,
2839 4994 2932 5051 sol.
2970 4992 3090 5057 142,
3125 4990 3285 5047 Arch.
3323 4991 3488 5045 Beru.
3531 4989 3621 5044 VI.
3659 5007 3713 5060 p.
3760 4988 3893 5042 1102
3938 4994 3998 5042 et
4029 4988 4296 5042 Simlerus
4327 4988 4451 5042 Vol.
4492 4985 4630 5051 lm)

2874 5268 2939 5405 ἐξ
2967 5263 3641 5407 mma-312⁸
3653 5263 4106 5404 rme·
4135 5263 4438 5334 «Μὴ
