4900 6125
308 418 410 480 617

306 599 609 687 spopondi.
675 601 887 669 Paulo
932 611 1097 687 post,
1140 603 1361 669 nescio
1402 599 1742 686 quomodo,
1790 600 2086 667 confessa
2131 606 2232 666 est

304 687 450 772 apud
500 695 634 752 tres
692 688 929 756 fratres
987 690 1336 773 primarios
1378 687 1652 754 huiusce
1710 687 1902 772 regni
1961 686 2230 761 nobiles,

303 795 362 840 se
397 794 515 839 non
560 772 751 840 valde
808 775 1023 840 officio
1065 795 1214 841 11188
1274 773 1602 841 delectari.
1677 773 1937 854 Quibus
1990 772 2072 838 (18
2127 795 2231 838 18-

299 861 406 926 bus
436 858 748 942 prolixius
782 869 850 926 te
885 859 1373 926 admonendum
1408 861 1782 926 existimavi
1819 881 1922 937 ne,
1968 857 2025 925 si
2062 858 2232 924 forte

300 943 514 1028 aliquid
582 944 664 1010 ad
732 956 797 1010 te
863 948 1201 1029 scripserit
1222 1000 1238 1026 ‚
1302 947 1598 1012 omnium
1664 946 1944 1011 istarum
2007 965 2229 1010 rerum

298 1033 572 1114 ignarum
653 1031 1122 1115 deprehendat.
1216 1031 1370 1098 Scio
1435 1030 1827 1116 quibusdam
1894 1032 2232 1115 negotium

298 1118 477 1182 fuisse
532 1115 757 1183 datum
815 1133 891 1184 ut
946 1119 1480 1202 circumspiciant
1534 1120 1589 1183 si
1636 1139 1831 1201 quem
1887 1118 2231 1183 conciona-

298 1215 479 1269 torem
515 1204 806 1271 nancisci
839 1213 1155 1288 poterunt
1187 1202 1560 1270 modestum
1597 1211 1667 1269 et
1699 1202 1938 1280 lenem,
1984 1202 2234 1269 scilicet

297 1288 395 1372 qui
434 1288 779 1355 connivent
835 1291 1185 1374 omniaque
1230 1291 1535 1356 omnibus
1590 1287 1948 1373 indulgeat.
2038 1287 2231 1369 Quod

296 1374 367 1440 ad
405 1395 504 1439 me
545 1375 808 1456 attinet,
867 1398 1003 1442 11811
1055 1379 1319 1461 ingrato
1363 1375 1585 1441 animo
1629 1375 1712 1441 ab
1772 1375 2054 1459 ingratis
2097 1373 2232 1438 (118-

295 1458 565 1526 cederem
601 1464 730 1527 nisi
769 1482 877 1527 me
912 1463 1112 1529 huius
1146 1463 1369 1548 gregis
1405 1461 1584 1527 salus
1619 1467 2081 1528 commoveret.
2147 1459 2232 1525 In

295 1567 405 1630 quo
441 1549 870 1630 parturiendo
914 1558 1109 1632 atque
1154 1547 1492 1614 educando
1536 1568 1734 1630 quam
1778 1545 2047 1612 sedulus
2092 1547 2232 1611 fue-

293 1632 422 1710 rim,
486 1633 764 1700 aliorum
829 1642 971 1702 esto
1036 1634 1369 1701 iudicium.
1464 1633 1878 1700 Gravissime
1940 1632 2232 1716 profecto

294 1737 568 1804 angerer,
614 1722 673 1786 si
714 1730 952 1788 venter
995 1720 1231 1804 aliquis
1281 1720 1643 1802 subrepens
1686 1717 1938 1784 biennii
1981 1740 2019 1783 8
2070 1738 2165 1797 118,
2177 1721 2232 1800 ⁶)

291 1803 443 1888 quod
483 1806 646 1871 mihi
691 1807 962 1890 plenum
1007 1806 1346 1872 molestiae
1389 1805 1788 1889 periculique
1841 1803 1985 1883 fuit,
2081 1824 2235 1868 orae

293 1903 602 1957 momento
639 1894 1068 1960 subverteret.
1126 1891 1458 1957 Dominus
1493 1898 1751 1956 tantam
1790 1890 2233 1956 calamitatem

290 1986 524 2042 avertat
566 1987 763 2064 teque
808 1979 1068 2045 salvum
1115 1986 1183 2044 et
1231 1978 1629 2044 incolumem
1674 1975 2048 2042 diutissime
2091 1975 2234 2042 suis

289 2062 555 2131 ecclesiis
600 2073 839 2133 servet.

1151 2594 1355 2666 3892.

642 2749 1116 2819 OALVINUS
1162 2746 1773 2817 MORELLANO.
1802 2747 1857 2833 ¹)

438 2923 797 3008 Respondet
840 2923 928 2989 ad
960 2923 1445 3006 praecedentem.

279 3097 453 3161 (nanu
494 3099 709 3168 scripta
742 3112 853 3151 non
898 3099 1099 3152 exstat.
1166 3092 1423 3148 Servavit
1462 3093 1605 3149 Besa
1651 3093 1962 3163 suppressis
1998 3092 2231 3147 nomini·

276 3166 366 3220 bns
398 3168 453 3220 in
488 3167 576 3222 ed.
616 3167 823 3220 GeneV.
860 3183 913 3236 p.
933 3162 1054 3231 264,
1091 3163 1254 3218 Laus.
1291 3181 1344 3234 p.
1364 3162 1487 3232 546,
1523 3163 1735 3217 Hanov.
1771 3180 1827 3233 p.
1860 3160 1983 3228 613,
2017 3161 2232 3216 monet

276 3251 324 3304 p.
367 3236 482 3302 361,
540 3242 725 3291 Amet.
777 3252 833 3305 p.
882 3234 1001 3289 165.
1093 3233 1569 3371 Θέ11ἒ8189οἶ8188111
1624 3233 1856 3300 praebet
1909 3231 1997 3287 ed.
2049 3231 2228 3286 Berol.

433 3474 708 3542 Literas
755 3483 922 3554 tuas,
985 3473 1414 3558 integerrime
1467 3472 1692 3549 frater,
1754 3491 1904 3537 8818
1961 3469 2231 3538 tandem

275 3563 479 3645 accepi
536 3572 691 3646 post
732 3580 1030 3627 mensem
1085 3559 1386 3643 elapsum
1444 3579 1526 3623 ex
1570 3577 1699 3641 quo
1753 3558 2036 3641 scriptae
2090 3559 2232 3624 fue-

274 3658 429 3712 rant.
510 3648 668 3713 Etsi
711 3658 932 3712 autem
977 3646 1145 3711 mihi
1189 3656 1455 3730 gratum
1499 3644 1646 3723 fuit,
1703 3663 1789 3709 ex
1832 3651 1900 3708 te
1944 3645 2087 3728 ipso
2129 3644 2233 3709 in-

274 3731 561 3818 telligere
632 3731 953 3817 quomodo
1008 3732 1283 3811 valeres,
1349 3750 1427 3797 ac
1478 3729 1689 3795 multo
1753 3730 1967 3815 magis
2034 3751 2233 3814 quam

461 3954 525 4019 6)
563 3955 716 4026 quod
746 3958 809 4009 tu
840 3956 1093 4023 pressius
1124 3952 1338 4020 exigere
1381 3951 1625 4008 nolueris
1659 3951 1756 4016 (cf.
1790 3951 1855 4006 N.
1891 3949 2075 4020 3495.)
2138 3952 2236 4005 Ve-

272 4039 381 4077 ns·
427 4025 667 4089 sufficiet
718 4023 796 4077 ad
830 4023 1313 4077 dmonstrandum
1365 4022 1510 4076 hanc
1564 4022 1641 4075 ad
1678 4021 1851 4090 finem
1907 4026 2047 4075 anni
2097 4020 2236 4075 1562

269 4095 603 4156 reserenda-u
658 4108 791 4161 esse,
843 4093 959 4147 nisi
1014 4092 1253 4157 fortasse
1312 4092 1609 4147 sonitem-is
1659 4105 1776 4144 ean
1826 4097 1955 4157 post
2001 4105 2233 4145 anensem

270 4160 584 4217 Ianuarium
646 4160 778 4215 1563
821 4162 1085 4230 scriptam
1129 4162 1322 4230 fuisse.
1402 4157 1561 4227 Quod
1614 4168 1789 4213 tamen
1840 4161 2023 4213 minus
2054 4160 2234 4228 placet

270 4232 315 4281 su·
346 4233 634 4285 exordium
670 4230 1097 4286 consideramus.
1183 4229 1317 4284 Vide
1351 4243 1561 4298 quoque
1597 4243 1771 4296 supra
1804 4234 1917 4282 not.
1952 4226 2002 4280 2.

267 4297 444 4354 8802.
474 4301 529 4367 1)
572 4300 664 4354 De
714 4302 932 4353 nomine
983 4299 1123 4352 nulli
1173 4298 1490 4352 dubitamus
1541 4313 1706 4367 quum
1758 4303 1810 4351 st
1857 4296 2232 4366 praecedatis

266 4368 399 4421 idea·
434 4378 602 4424 autor
637 4370 808 4433 luerit
843 4369 920 4421 ad
1063 4384 1116 4420 m
1151 4367 1284 4421 haec
1317 4366 1718 4420 evidentissime
1748 4367 2052 4433 respondet.
2090 4366 2231 4420 Sim-

267 4437 400 4489 lerus
442 4439 464 4501 (
481 4439 597 4493 Vol.
641 4436 768 4505 102)
811 4443 1128 4505 suspicatur
1177 4437 1354 4503 tuilsse
1399 4435 1476 4490 ad
1514 4434 1823 4489 Gallasium
1869 4436 1984 4490 scri
2021 4442 2131 4489 tam
2178 4443 2229 4490 et

264 4504 448 4561 budae
482 4509 547 4560 in
584 4524 707 4561 eun
747 4506 911 4573 finem
958 4506 1125 4560 huius
1158 4504 1443 4573 ερίεωῑαηι
1479 4503 1555 4558 ad
1594 4504 1929 4558 Genevenses
1997 4543 2011 4557 .
2051 4505 2103 4558 d.
2140 4504 2225 4559 21.

268 4572 385 4629 Ian.
423 4575 560 4629 1562
614 4592 758 4646 quae
800 4576 960 4629 nobis
1003 4590 1115 4628 non
1162 4575 1420 4629 innotuit.
1495 4571 1602 4626 Sed
1643 4576 1865 4627 omnino
1899 4575 2109 4627 erravit
2141 4577 2228 4628 vir

266 4642 459 4698 dedus.
547 4644 810 4700 Caeteros
855 4646 1000 4698 enin
1057 4642 1298 4697 Gallasii
1388 4642 1461 4697 N.
1508 4640 1666 4695 3596.
1708 4639 1873 4705 3680)
1917 4641 2081 4708 plane
2127 4642 2228 4697 ali·

266 4718 337 4765 tar
368 4719 615 4769 sonant„
640 4712 728 4767 De
762 4720 1000 4781 tempore
1031 4713 1248 4782 quidem
1283 4714 1348 4766 ni
1382 4712 1426 4766 il
1459 4714 1595 4765 certi
1622 4712 1906 4777 affirmare
1937 4712 2230 4779 audentium

268 4783 373 4835 nisi
401 4786 552 4852 quod
588 4782 744 4836 Besa
790 4798 845 4835 a.
885 4780 1015 4835 1561
1060 4781 1383 4838 adscribens
1416 4782 1627 4849 eyreqie
1657 4780 1839 4845 falsus
1873 4783 1966 4834 ext.
2047 4780 2227 4836 Caue-

266 4864 379 4904 18·
413 4852 560 4918 sons.
596 4851 846 4921 praeced.
881 4860 990 4907 not.
1027 4853 1122 4906 alt.

2100 415 2263 478 1562
2306 431 2357 479 8.
2404 410 2465 480 (1.

4170 419 4302 482 618

2336 607 2608 668 strenue
2678 602 3070 685 cordateque
3130 623 3251 687 per
3296 623 3440 669 eres
3509 603 3581 667 in
3646 602 3947 670 obeundo
4000 624 4297 686 munere,

2334 688 2765 755 vehementer
2818 697 3040 755 tamen
3094 688 3295 768 (181111,
3350 689 3713 756 certamina
3769 688 3891 754 tibi
3947 690 4201 755 moveri
4258 711 4301 756 a

2337 773 2572 857 quibus
2615 775 2888 840 minime
2931 773 3219 854 decebat,
3264 775 3397 840 imo
3432 796 3595 858 quos
3638 796 3759 858 par
3793 782 3938 840 erat
3971 774 4136 840 fidos
4180 774 4300 841 tibi

2336 881 2481 925 esse
2558 860 2908 926 adiutores.
3016 862 3080 925 A
3149 860 3465 944 professis
3543 861 3843 927 hostibus
3931 863 4301 945 oppugnari

2340 944 2592 1012 Obristi
2660 967 2916 1026 servos,
2985 968 3201 1029 neque
3266 968 3517 1013 novum
3581 955 3686 1013 est
3751 969 3965 1031 neque
4028 948 4296 1013 mirum.

2340 1031 2515 1098 Cum
2574 1032 2907 1098 intestinis
2964 1031 3362 1098 adversariis
3417 1033 3771 1117 confligere
3814 1033 4156 1100 molestius
4200 1041 4302 1100 est

2338 1126 2537 1200 atque
2579 1116 2898 1184 acerbius.
2986 1117 3386 1202 Quanquam
3432 1117 3516 1183 ad
3562 1119 3685 1185 hoc
3726 1141 3982 1203 quoque
4036 1140 4301 1203 pugnae

2338 1225 2548 1286 genus
2590 1225 2710 1269 nos
2754 1204 3153 1270 assuefactos
3208 1224 3350 1270 esse
3404 1213 3685 1288 oportet:
3748 1205 3904 1287 quia
3956 1226 4300 1288 nunquam

2337 1289 2409 1353 in
2456 1289 2728 1355 ecclesia
2771 1311 2878 1355 res
2921 1288 3082 1354 adeo
3141 1288 3306 1355 bene
3370 1291 3640 1356 fuerunt
3681 1292 4093 1374 compositae,
4140 1291 4300 1374 quin

2338 1396 2376 1440 e
2420 1375 2635 1440 medio
2695 1376 2836 1441 eius
2884 1375 3036 1440 sinu
3090 1376 3432 1458 prodirent
3486 1397 3782 1442 remorae
3826 1387 3890 1442 et
3944 1375 4300 1456 obstacula,

2339 1461 2733 1544 quibuscum
2779 1460 2968 1527 nobis
3022 1460 3405 1527 luctandum
3452 1471 3568 1528 est.
3653 1461 3922 1546 Optime
3966 1481 4124 1528 vero
4169 1461 4301 1529 fao-

2337 1555 2486 1611 tum
2530 1545 2703 1630 quod
2746 1546 3244 1631 inexpugnabili
3292 1546 3544 1613 Christi
3588 1548 3836 1614 virtute
3892 1548 4099 1614 fretus
4142 1547 4300 1614 hac-

2338 1640 2535 1698 tenus
2590 1653 3020 1716 perrumpere
3073 1654 3210 1698 non
3265 1631 3600 1699 dubitasti.
3673 1633 3872 1711 Malo,
3918 1633 4090 1716 quod
4134 1632 4300 1698 mihi

2338 1718 2750 1803 incognitum
2811 1728 2973 1798 erat,
3031 1719 3223 1784 citius
3279 1718 3526 1784 mederi
3585 1740 3720 1784 non
3777 1721 3978 1803 potui.
4051 1719 4132 1784 N.
4179 1718 4300 1784 ali-

2380 1802 2496 1869 uid
2532 1804 2613 1869 de
2656 1804 2864 1869 nimia
2897 1803 2983 1870 D.
3006 1807 3064 1882 ²)
3108 1825 3268 1889 erga
3313 1826 3471 1871 suos
3513 1804 3929 1890 indulgentia
3963 1805 4297 1870 retulerat.

2393 1890 2531 1955 erio
2576 1910 2730 1955 eum
2756 1891 2813 1974 ⁸)
2858 1888 3188 1955 admonui.
3276 1890 3454 1971 Quia
3495 1890 3665 1956 nihil
3707 1890 4048 1974 respondit
4090 1890 4301 1975 suspi-

2336 1983 2527 2041 catus
2592 1997 2740 2041 sum
2797 1995 2929 2040 non
2996 1976 3199 2042 fuisse
3263 1976 3632 2042 iucundum
3698 1998 3922 2042 meum
3987 1976 4297 2061 rigorem.

2338 2061 2533 2128 Nunc
2577 2082 2784 2145 quum
2843 2071 2912 2126 et
2963 2061 3166 2127 stulta
3219 2061 3607 2129 credulitate
3664 2072 3731 2128 et
3775 2062 3922 2128 aliis
3964 2061 4177 2128 modis
4220 2082 4300 2127 88

2336 2168 2547 2231 usque
2610 2167 3039 2231 progressum
3117 2147 3409 2232 legerem
3424 2199 3440 2227 ,
3521 2149 3656 2215 fere
3720 2147 4045 2231 obstupui.
4152 2147 4301 2214 Etsi

2337 2243 2559 2298 autem
2604 2232 2967 2299 remedium
3023 2232 3195 2317 quod
3242 2234 3404 2300 utile
3462 2241 3529 2299 et
3580 2241 4020 2317 opportunum
4076 2233 4303 2301 censui

2337 2319 2577 2386 afferre
2620 2329 2896 2385 conatus
2953 2341 3099 2385 sum
3147 2319 3530 2403 prolixeque
3573 2319 3654 2386 (18
3698 2318 4070 2404 praecipuis
4121 2320 4303 2402 capi-

2336 2403 2516 2471 tibus
2571 2404 2874 2484 disserui,
2932 2426 3169 2471 vereor
3222 2412 3444 2471 tamen
3499 2427 3586 2472 ne
3629 2406 3869 2490 vulpes
3925 2404 4118 2472 aulici
4163 2403 4304 2471 diu-

2337 2499 2536 2556 turno
2594 2490 2809 2557 taedio
2868 2498 2932 2557 te
2986 2500 3324 2557 macerent
3379 2513 3457 2558 ac
3512 2492 3883 2570 conficiant,
3943 2491 4073 2557 nisi
4114 2490 4304 2558 Deus

2335 2575 2731 2643 mirabiliter
2765 2585 3083 2643 occurrat.
3156 2577 3411 2643 Locum
3450 2577 3659 2643 deseri
3696 2577 3883 2643 1111118
3919 2577 4114 2644 1118(18
4156 2576 4303 2662 pla-

2336 2671 2459 2741 cet,
2504 2662 2635 2728 nisi
2679 2663 2990 2747 obtigerit
3030 2663 3181 2747 pius
3237 2683 3602 2730 successor:
3659 2664 4046 2748 praesertim
4092 2661 4302 2731 donec

2337 2747 2460 2813 tibi
2516 2748 2802 2814 liberum
2859 2749 2985 2814 erit
3026 2769 3314 2815 manere.
3399 2749 3573 2815 Nam
3634 2752 3692 2815 si
3745 2770 3862 2833 pro
3921 2748 4192 2833 imperio
4235 2758 4303 2816 te

2338 2834 2726 2919 expelleret,
2792 2833 2914 2899 tibi
2976 2835 3312 2920 patienter
3377 2834 3647 2901 ferenda
3709 2836 3817 2901 vis
3881 2842 4074 2901 esset.
4161 2834 4302 2903 Nec

2333 2941 2495 2987 vero
2554 2941 2595 2985 a
2649 2920 2931 2986 statione
2990 2919 3268 2988 discedit
3329 2922 3442 3005 qui
3519 2920 3693 2989 cedit
3748 2920 4016 2987 invitus.
4106 2918 4304 3002 Quod

2335 3007 2393 3073 si
2450 3006 2764 3074 ecclesiae
2818 3014 3232 3091 prospectum
3289 3006 3710 3075 mediocriter
3762 3006 3978 3083 fuerit,
4034 3015 4102 3073 et
4157 3006 4301 3074 eius

2334 3095 2663 3178 permissu
2708 3094 3083 3179 resignatus
3119 3094 3321 3160 fueris
3356 3094 3552 3160 alteri
3591 3094 3921 3169 ecclesiae,
3963 3093 4135 3159 forte
4178 3114 4302 3161 1188

2381 3180 2596 3246 11111188
2663 3200 2784 3246 1188
2862 3180 3175 3265 privatim
3255 3180 3688 3262 improbanda
3765 3188 3939 3246 esset
4003 3180 4301 3245 mutatio.

2333 3202 2612 3333 {stiuam
2656 3287 2861 3349 quum
2905 3276 2970 3331 te
3013 3266 3164 3331 RR.
3183 3268 3243 3343 ⁴)
3287 3266 3727 3350 postularunt,
3784 3266 4027 3349 probus
4069 3267 4176 3332 vir
4218 3264 4304 3331 ad

2334 3372 2608 3417 manum
2673 3351 2907 3417 fuisset
2971 3352 3103 3417 tuis
3158 3350 3458 3434 partibus
3515 3351 3863 3418 obeundis:
3931 3350 4124 3417 modo
4181 3371 4305 3417 sua

2334 3437 2579 3523 populo
2638 3436 2872 3503 relicta
2929 3446 3101 3504 esset
3158 3438 3443 3503 libertas.
3516 3437 3735 3504 Unius
3793 3437 3972 3503 enim
4027 3437 4302 3503 arbitrio

2338 3522 2535 3608 deligi
2593 3531 2890 3607 pastores
2945 3523 3056 3589 vel
3113 3524 3386 3603 moveri,
3440 3544 3714 3606 prorsus
3771 3521 4124 3588 barbarum
4182 3532 4300 3588 est.

2339 3610 2604 3674 Interea
2668 3617 2733 3675 te
2794 3607 2879 3675 ad
2939 3609 3523 3693 perseverantiam,
3590 3609 3907 3694 quidquid
3974 3608 4303 3690 acciderit,

2338 3696 2690 3762 confirma:
2736 3717 2814 3762 ac
2856 3696 3234 3761 memineris
3279 3716 3412 3760 non
3455 3695 3702 3762 frustra
3746 3694 4115 3761 admonitos
4157 3715 4302 3762 esse

2340 3802 2381 3846 a
2435 3781 2709 3847 Christo
2769 3781 3142 3865 discipulos,
3203 3788 3279 3846 ut
3334 3780 3460 3847 sibi
3515 3790 3825 3848 caverent
3879 3801 3919 3846 a
3977 3782 4303 3847 fermento

2337 3867 2849 3933 Pharisaeorum
2897 3876 2966 3932 et
3006 3865 3324 3932 Herodis:
3385 3867 3538 3949 quia
3592 3888 3852 3953 semper
3908 3867 4138 3934 aulicis
4194 3887 4301 3933 so-

2337 3952 2536 4019 lenne
2580 3953 2706 4018 fuit
2749 3953 2888 4018 suis
2929 3952 3321 4036 corruptelis
3364 3952 3732 4036 simplicem
3776 3952 4105 4036 evangelii
4150 3951 4301 4019 doc-

2336 4040 2581 4104 trinam
2625 4039 2911 4104 inficere.
2985 4039 3260 4124 Ignosce
3296 4038 3353 4105 si
3393 4048 3532 4104 tam
3566 4039 3786 4123 ampla
3817 4039 4100 4104 materia
4133 4038 4301 4103 mihi

2337 4132 2654 4209 suggesta
2695 4122 2988 4193 breviter
3030 4136 3099 4191 et
3152 4125 3477 4191 succincte
3520 4125 3638 4191 tibi
3693 4126 3996 4191 rescribo.
4066 4124 4300 4206 Quan-

2335 4231 2530 4295 quam
2592 4230 2749 4275 vere
2814 4210 2934 4276 tibi
2992 4212 3269 4290 affirmo,
3337 4210 3794 4296 indignatione
3849 4211 4097 4278 factum
4153 4229 4299 4276 esse

2333 4317 2548 4449 ffiaffis
2563 4317 2813 4449 I:lglam⁵
2859 4297 3130 4382 pigritia
3186 4304 3263 4363 ut
3324 4297 3452 4363 sim
3519 4297 3615 4362 ita
3675 4296 4035 4364 restrictus.
4105 4295 4295 4362 Vale.

2536 4570 2571 4624 2
2630 4571 2905 4626 Ducissae.

2537 4571 2598 4707 83
2651 4640 2787 4694 Vide
2831 4656 2908 4695 aa
2955 4640 3055 4695 hoc
3089 4640 3273 4696 Besae
3317 4639 3660 4695 tribuendum
3697 4640 3785 4705 sit,
3831 4652 3993 4709 quium
4033 4636 4298 4692 &binus

2328 4727 2447 4765 eam
2484 4712 2782 4776 scripserit,
2815 4717 2864 4763 et
2892 4724 3096 4778 porro.-
3131 4726 3489 4780 progressam.

2534 4777 2597 4846 4)
2629 4779 2999 4847 Bupellenses.

2538 4846 2599 4914 5)
2635 4848 2730 4902 sic.
2819 4847 2955 4903 Vide
2987 4853 3098 4901 not.
3138 4846 3185 4903 1.
