4900 6125
283 424 349 486 21
2074 422 2236 486 1563
2283 421 2480 488 MAI.

281 607 576 693 Refinam
598 613 784 674 trans
804 607 1122 692 Ligerim,
1145 607 1442 691 capiendi
1479 606 1735 673 consilii
1768 627 1967 675 causa
2000 615 2218 675 trans-

278 695 366 773 iit,
411 702 478 760 et
524 693 621 759 ita
667 692 956 773 tandem,
1001 693 1256 760 sublato
1293 693 1424 772 illo,
1469 714 1597 777 quo
1642 695 1996 777 superstite
2028 695 2221 760 firma

276 801 400 864 pax
443 779 620 845 nullo
682 778 872 845 modo
917 779 1224 845 constitui
1283 786 1603 863 potuerat,
1669 781 1847 863 pacis
1902 780 2219 846 conditio-

276 887 387 932 nes
430 865 734 949 scriptae,
779 886 1057 949 quarum
1100 865 1475 949 exemplum
1511 865 1646 930 iam
1680 865 1869 930 vobis
1890 864 2221 932 redditum

276 972 410 1017 esse
464 951 881 1018 arbitramur.
971 950 1377 1034 Supervenit
1435 950 1838 1032 Amiraldus,
1867 953 1950 1029 12)
2017 972 2221 1035 quum

272 1038 399 1103 iam
443 1047 848 1104 transactum
894 1044 1083 1116 esset,
1143 1035 1303 1102 adeo
1361 1045 1793 1120 properarent
1849 1037 2072 1103 hostes
2116 1058 2219 1102 re-

274 1123 476 1188 ditum
516 1133 817 1190 nostrum
863 1131 1292 1200 antevertere,
1338 1144 1415 1188 ac
1459 1123 1648 1197 initio
1692 1121 1956 1205 quidem
2002 1122 2220 1188 durio·

273 1231 370 1275 res
415 1209 606 1275 nobis
647 1211 813 1274 istae
856 1208 1266 1275 conditiones
1309 1206 1725 1286 videbantur,
1784 1229 1985 1292 quum
2030 1229 2219 1294 prae-

272 1296 494 1361 sertim
539 1296 866 1379 integram
913 1297 980 1359 in
1037 1295 1337 1361 manibus
1394 1294 1744 1359 victoriam
1791 1294 2216 1360 haberemus:

269 1380 377 1446 sed
423 1379 684 1446 tandem
732 1402 847 1463 spe
883 1381 1072 1446 nobis
1109 1379 1378 1446 meliore
1414 1380 1602 1457 facta,
1643 1401 1727 1444 ne
1762 1382 2011 1463 patriae
2034 1402 2219 1445 cver-

269 1468 517 1532 sionem
565 1467 967 1551 quaesivisse
1024 1466 1414 1544 videremur,
1484 1486 1607 1530 nos
1662 1487 1918 1549 quoque
1962 1467 2218 1549 acquic·

270 1553 506 1619 vimus.
594 1552 806 1618 Paulo
862 1560 1011 1636 post
1053 1552 1506 1634 Hispanorum
1564 1551 1877 1634 reliquiae
1936 1551 2219 1617 secundo

266 1640 469 1704 fluvio
501 1647 660 1704 sunt
702 1640 768 1703 in
793 1638 1190 1720 Hispaniam
1227 1638 1559 1714 remissae,
1608 1645 1673 1702 et
1716 1647 1988 1720 uterque
2032 1658 2219 1702 exer-

265 1727 433 1791 citus
520 1724 838 1806 paulatim
907 1724 1221 1808 dilapsus.
1342 1723 1611 1787 Retenti
1693 1729 1911 1787 tamen
1994 1732 2221 1805 postea

264 1811 559 1875 Helvetii
605 1811 895 1894 itemque
939 1831 1021 1875 ex
1068 1819 1293 1874 nostra
1350 1818 1537 1891 parte
1583 1808 1903 1873 Germani
1947 1810 2216 1891 equiteS,

262 1896 340 1960 ad
385 1917 619 1960 eorum
662 1905 981 1961 terrorem
1051 1896 1160 1978 qui
1214 1894 1396 1978 pacis
1461 1893 1869 1959 conditiones
1925 1894 2217 1977 accipere

260 1991 654 2048 recusarent.
744 1981 939 2046 Nunc
983 2003 1139 2064 ergo
1185 2000 1483 2064 proceres
1526 1980 1595 2043 in
1641 1999 1717 2044 eo
1761 1986 1919 2044 sunt
1962 1988 2035 2045 ut
2078 2001 2217 2044 om·-

260 2066 454 2132 nibus
499 2067 890 2133 tumultibus
932 2067 1163 2149 sopitis
1217 2088 1347 2150 pax
1393 2065 1697 2130 obtineat.
1788 2065 2215 2144 ParisienscS‚

260 2154 562 2236 quamvis
605 2154 676 2217 in
733 2174 894 2236 pace
940 2152 1213 2235 excepti,
1275 2161 1341 2216 et
1397 2151 1510 2215 alii
1570 2151 1761 2216 multi
1822 2172 2043 2216 eorum
2101 2173 2214 2216 ex-

260 2239 552 2322 emplum
623 2239 908 2321 sequuti,
979 2238 1501 2322 pertinacissime
1558 2257 1628 2301 se
1686 2236 1952 2302 Christo
2018 2258 2215 2320 oppo-

258 2335 447 2390 nunt.
538 2325 683 2407 Ego
728 2345 885 2390 vero
931 2325 1223 2389 futurum
1290 2343 1480 2405 spero
1524 2333 1601 2386 ut
1644 2322 1831 2387 brevi
1876 2344 2032 2388 suae
2067 2344 2215 2405 per-

256 2409 545 2476 vicaciae
588 2431 833 2493 poenas
877 2410 1083 2486 luant,
1131 2418 1197 2473 et
1230 2410 1453 2474 invitis
1490 2408 1621 2472 illis
1658 2429 1935 2493 regnum
1960 2408 2217 2474 Christi

256 2495 568 2560 obtineat.
660 2495 829 2560 Nam
878 2506 1012 2561 toto
1054 2497 1179 2560 hoc
1222 2495 1391 2561 bello
1435 2493 1893 2560 animadversa
1936 2505 2035 2558 cst
2078 2494 2213 2559 sin-

255 2581 511 2665 gularis
556 2602 716 2666 erga
758 2602 877 2647 nos
902 2583 1026 2647 Dei
1073 2580 1457 2664 benignitas,
1504 2591 1571 2645 et
1614 2580 1901 2645 hostium
1940 2579 2213 2645 ducibus

252 2666 577 2744 omnibus,
626 2668 737 2750 qui
776 2667 1047 2733 alicuius
1074 2666 1444 2732 autoritatis
1481 2673 1670 2730 erant
1704 2665 1810 2731 vel
1849 2664 2213 2745 trucidatis,

252 2753 358 2818 vel
407 2773 489 2818 eo
533 2752 831 2831 redactis,
878 2763 954 2818 ut
996 2773 1395 2836 magnopere
1454 2751 1643 2818 nobis
1702 2772 1833 2816 non
1897 2751 2032 2817 sint
2073 2771 2211 2816 me-

254 2839 509 2916 tuendi,
579 2848 647 2902 et
709 2839 854 2922 ipso
902 2837 1210 2904 Condensi
1276 2838 1585 2920 Principe
1650 2858 1801 2903 cum
1845 2838 2212 2920 praecipuis

253 2934 635 2990 nostrarum
682 2925 975 3008 partium
1035 2922 1118 2988 ad
1176 2924 1365 3007 regni
1425 2922 1866 3007 gubernacula
1922 2923 2209 3001 sedente,

253 3009 423 3075 nihil
472 3010 599 3076 nisi
644 3011 960 3094 optimum
1005 3031 1269 3094 sperare
1308 3030 1596 3093 possum,
1661 3009 1787 3074 nisi
1842 3009 2006 3074 forte
2060 3029 2209 3091 pec·

251 3107 552 3161 catorum
601 3108 971 3162 nostrorum
1010 3096 1395 3181 magnitudo
1432 3095 1914 3161 misericordiae
1950 3094 2211 3160 divinae

252 3204 524 3249 cursum
567 3182 898 3265 impediat.
985 3183 1086 3247 Ea
1141 3182 1319 3246 enim
1378 3190 1479 3247 est
1522 3182 1729 3246 nostri
1777 3180 1971 3265 Reqis
2015 3190 2211 3263 atque

249 3270 455 3333 etiam
498 3269 706 3350 ipsius
749 3269 1025 3332 fratrum
1070 3266 1339 3345 indoles,
1404 3286 1571 3349 quae
1626 3274 1804 3332 certa
1857 3274 1926 3331 et
1970 3286 2212 3349 magna

249 3355 520 3436 pietatis
577 3355 983 3419 incrementa
1035 3353 1164 3435 piis
1218 3352 1519 3418 omnibus
1585 3373 1717 3417 non
1776 3350 2009 3417 debeat
2073 3372 2208 3415 non

249 3439 565 3521 polliceri.
656 3439 857 3503 Faxit
899 3437 1086 3504 Deus
1131 3437 1443 3521 Optimus
1486 3437 1840 3515 Maximus,
1885 3444 1963 3502 ut
2002 3437 2211 3519 ipsius

247 3524 599 3609 evangelio
643 3524 971 3589 coniuncti
1027 3545 1255 3590 omnes
1314 3523 1521 3606 ipsius
1565 3522 1813 3607 gloriae
1852 3522 1926 3587 in
1969 3523 2211 3588 sancti·

248 3622 385 3676 tate
463 3622 528 3676 et
592 3610 844 3674 iustitia
908 3611 1290 3675 serviamus.
1401 3609 1548 3692 Ego
1613 3608 1885 3687 interea,
1952 3606 2210 3687 fratres,

248 3716 463 3778 quum
520 3694 603 3760 ab
662 3696 786 3761 hac
852 3695 1123 3761 ecclesia
1187 3716 1317 3760 non
1379 3714 1590 3759 essem
1649 3693 1777 3758 alia
1840 3692 2210 3759 conditione

246 3782 583 3860 dimissus,
630 3802 825 3863 quam
867 3791 943 3845 ut
984 3801 1179 3864 quam
1225 3779 1511 3864 primum
1555 3780 1695 3844 fieri
1740 3788 1962 3861 posset
2012 3778 2091 3842 ad
2139 3800 2209 3844 se

246 3867 559 3944 redirem,
608 3865 820 3933 libens
877 3865 960 3931 ad
1018 3887 1236 3931 meam
1295 3865 1647 3931 stationem
1692 3886 1837 3929 sum
1885 3885 2206 3941 reversus,

242 3953 312 4016 in
360 3974 499 4036 qua
542 3973 928 4035 permanere
972 3952 1284 4017 constitui
1338 3949 1647 4034 quamdiu
1692 3950 1979 4015 Domino
2025 3949 2207 4016 vide-

245 4036 447 4104 bitur.
509 4038 864 4103 Caeterum
889 4036 969 4101 de
1005 4036 1421 4121 tyrannicida
1446 4036 1532 4118 ¹¹¹)
1570 4034 1722 4119 quid
1758 4035 1957 4101 fuerit
1978 4044 2209 4119 postea

243 4123 684 4189 constitutum
735 4145 852 4189 vos
898 4122 1230 4189 audivisse
1287 4123 1610 4187 existimo.
1698 4121 1899 4186 Initio
1940 4120 2208 4203 quidem

244 4210 615 4275 Dominum
676 4210 1133 4276 Admiraldum
1219 4229 1370 4276 cum
1437 4207 1683 4291 aliquot
1746 4207 1895 4272 aliis
1960 4228 2035 4272 ac
2103 4226 2209 4272 me

242 4296 456 4360 etiam
521 4296 916 4361 nominatim
979 4295 1154 4360 inter
1220 4294 1512 4360 conscios
1578 4291 1948 4376 appellavit.
2038 4292 2207 4357 Res·

242 4380 604 4464 pendimus
647 4381 820 4464 quod
864 4402 971 4446 res
1016 4390 1175 4459 erat,
1222 4389 1291 4445 et
1331 4380 1444 4445 ille
1486 4381 1625 4462 ipse
1670 4399 1789 4443 nos
1834 4386 2059 4461 postea
2101 4398 2208 4444 co-

242 4488 396 4532 ram
447 4465 769 4533 iudicibus
805 4464 1063 4532 abunde
1099 4466 1426 4550 purgavit.
1495 4464 1805 4530 Traditus
1850 4473 1951 4530 est
1984 4473 2210 4548 postea

244 4553 617 4618 Parisiensi
665 4553 947 4630 senatui,
991 4552 1058 4616 id
1103 4561 1205 4616 est
1248 4551 1648 4618 saevissimis
1691 4550 2009 4629 hostibus,
2074 4571 2207 4614 non

244 4650 391 4703 tam
439 4637 830 4703 iudicandus
871 4658 1068 4721 quam
1126 4637 1305 4703 omni
1362 4635 1764 4703 crudelitatis
1808 4657 2046 4721 genere
2091 4657 2206 4701 ex-

244 4723 756 4789 carnificandus.
826 4723 1057 4807 Itaque
1101 4723 1295 4807 paulo
1331 4730 1479 4806 post
1512 4744 1712 4805 supra
1752 4722 1969 4806 ipsum
2004 4741 2208 4805 paene

252 4810 487 4875 Gaisii
527 4810 825 4887 cadaver,
871 4810 1085 4893 primo
1129 4808 1451 4875 candente
1506 4807 1680 4874 ferro
1740 4829 1860 4892 per
1912 4808 2208 4892 singulas

243 4896 550 4978 corporis
592 4904 813 4979 partes
867 4895 1206 4975 laceratus,
1280 4894 1515 4960 deinde
1568 4904 1904 4977 amputata
1958 4893 2205 4972 dextra,

244 5002 287 5044 a
334 4992 620 5065 quatuor
661 4984 849 5065 equis
889 4980 1018 5047 fuit
1059 4980 1441 5065 discerptus,
1505 5000 1713 5064 neque
1749 4980 1872 5046 hac
1914 4978 2211 5045 inaudita

434 5203 525 5267 12)
562 5202 679 5257 ibid
712 5203 829 5257 335.

4195 428 4282 490 22

2325 608 2604 675 saevitia
2647 613 3027 675 contentum
3073 607 3315 695 vulgus
3341 609 3429 675 ·in
3466 608 3775 693 discerpti
3810 612 4098 695 corporis
4132 632 4288 697 par-

2324 701 2425 760 tes
2469 694 2725 760 saevire
2769 696 2956 778 prius
3013 715 3149 760 non
3211 695 3478 775 destitit,
3541 717 3737 779 quam
3792 697 3961 761 nihil
4006 718 4284 782 prorsus

2324 802 2409 845 ex
2476 800 2552 845 eo
2616 788 3006 864 superesset.
3095 781 3250 863 Ipse
3314 801 3446 847 non
3516 783 3734 848 minus
3798 781 3991 848 fortis
4056 783 4127 849 in
4172 785 4280 850 his

2321 865 2626 931 omnibus
2669 867 3080 946 cruciatibus,
3118 885 3312 950 quam
3348 869 3421 932 in
3457 869 3597 950 ipso
3630 868 3954 950 patrando
3989 869 4278 935 facinore

2321 951 2525 1017 fuisse
2590 950 2846 1030 dicitur,
2937 971 3013 1018 ac
3100 953 3343 1018 diserte
3407 954 3606 1018 etiam
3671 953 3924 1020 Ohristi
3989 955 4278 1022 inimicis

2322 1036 2631 1102 ultimum
2690 1039 2969 1103 exitium
3014 1039 3447 1121 propinquum
3508 1039 3792 1105 moriens
3845 1039 4272 1123 praedixisse.

2321 1122 2508 1188 Haec
2551 1131 2708 1188 sunt
2750 1123 3056 1189 miranda
3107 1135 3173 1189 et
3236 1124 3491 1190 occulta
3533 1125 3659 1191 Dei
3718 1124 3974 1204 iudicia,
4040 1126 4146 1192 cui
4190 1127 4280 1191 sit

2322 1207 2465 1274 laus
2503 1217 2569 1273 et
2606 1207 2818 1292 gloria
2860 1211 2925 1274 in
2974 1211 3465 1293 sempiternum.

2496 1294 2792 1372 Habetis,
2861 1296 3113 1373 fratres,
3180 1296 3446 1361 brevem
3504 1303 3570 1361 et
3636 1295 4039 1362 inconditam
4105 1297 4278 1362 mul-

2323 1386 2542 1444 tarum
2587 1401 2803 1446 rerum
2848 1381 3208 1459 historiam,
3255 1381 3512 1464 qualem
3557 1379 3875 1457 videlicet,
3921 1382 4278 1448 festinante

2325 1464 2684 1546 tabellari0‚
2751 1466 2862 1549 qui
2907 1475 3169 1549 praeter
3228 1467 3780 1551 exspectationem
3825 1467 4129 1545 occurrit,
4171 1489 4280 1533 re-

2322 1559 2519 1633 pente
2562 1561 2631 1616 et
2673 1572 2756 1616 ex
2794 1561 3085 1636 tempore
3120 1553 3402 1618 scribere
3446 1552 3648 1617 licuit.
3716 1553 3906 1636 Rogo
3944 1561 4021 1616 ut
4055 1554 4278 1618 omnia

2320 1637 2388 1700 in
2436 1636 2674 1701 bonam
2721 1651 2975 1721 partem
3021 1639 3372 1720 accipiatis,
3431 1647 3498 1703 et
3538 1658 3662 1716 me,
3725 1636 4275 1721 quemadmodum

2322 1720 2582 1787 assidue
2625 1744 2741 1789 vos
2783 1723 3017 1789 fecisse
3060 1746 3132 1788 re
3175 1725 3318 1807 ipsa
3361 1744 3507 1787 sum
3551 1735 3878 1806 expertus,
3939 1725 4032 1788 ita
4075 1724 4276 1789 etiam

2321 1827 2515 1889 porro
2574 1806 2881 1893 deinceps
2935 1808 3224 1874 Domino
3282 1808 3766 1887 commendetis,
3827 1815 3902 1873 ut
3957 1810 4272 1874 miserum

2320 1914 2426 1957 me
2493 1894 2818 1975 respiciat,
2879 1903 2948 1959 et
3003 1894 3332 1961 laboribus
3390 1895 3630 1960 nostris
3675 1894 4031 1960 benedicat.
4121 1895 4269 1978 Ego

2319 1979 2505 2043 illum
2564 1981 2852 2046 vicissim
2911 2001 3157 2063 precor,
3216 1991 3435 2064 patres
3494 1989 3559 2046 et
3614 1979 3851 2045 fratres
3907 1981 4268 2063 plurimum

2319 2064 2591 2144 colendi,
2638 2075 2714 2129 ut
2757 2088 2874 2131 vos
2915 2066 3272 2133 incolumes
3316 2074 3600 2144 tueatur,
3645 2077 3711 2130 et
3753 2087 4032 2149 regnum
4073 2087 4268 2132 suum

2319 2159 2542 2215 vestra
2585 2150 2912 2217 industria
2955 2172 3030 2218 ac
3074 2150 3418 2235 diligentia
3461 2172 3654 2235 quam
3699 2151 4079 2236 longissime
4115 2171 4270 2235 pro-

2319 2243 2537 2320 paget,
2581 2237 2664 2302 ad
2708 2238 2992 2303 nominis
3037 2238 3140 2302 sui
3199 2238 3474 2322 gloriam
3531 2246 3598 2301 et
3640 2245 3925 2302 vestram
3970 2237 4270 2303 consola·

2319 2320 2583 2388 tionem.
2653 2321 2906 2388 Valete.
2981 2322 3292 2390 Genevae
3341 2326 3416 2388 12
3463 2323 3628 2387 Maii
3679 2327 3860 2387 1563.

3468 2459 3708 2524 Vester
3750 2480 3832 2523 ex
3875 2458 4096 2522 animo

3544 2543 3789 2609 Theod.
3836 2544 4028 2609 Beza.

3073 2839 3482 2851 ———

3194 3089 3397 3159 3953.

2765 3242 3237 3312 OALVINUS
3282 3242 3815 3311 HOLBRAOO.

2493 3414 2842 3514 Consilium
2882 3417 2942 3481 ei
2982 3420 3238 3517 royatus
3280 3415 3394 3515 dat
3412 3415 3644 3567 aqbuoad
3662 3415 3996 3517 ’tram-item
4009 3433 4270 3514 sequeus-

2311 3502 2466 3568 dum
2507 3522 2577 3565 m
2619 3521 2810 3567 causa
2874 3500 3354 3585 subscriptionis
3534 3501 3796 3568 arbitris
3836 3506 4180 3583 inmeantes.
4209 3500 4264 3585 ¹)

2312 3759 2497 3812 8958.
2536 3759 2590 3824 1)
2627 3756 2722 3811 Ad
2753 3757 2898 3811 hanc
2930 3771 3010 3824 ep.
3047 3756 3434 3812 illustrandam
3471 3755 3736 3811 nonnulla
3771 3771 3836 3809 ex
3872 3755 4108 3812 historia
4142 3757 4268 3811 ecel.

2313 3827 2801 3896 Ammoi-atensis
2846 3826 3142 3894 repetenda
3187 3833 3331 3879 sunt.
3406 3824 3648 3881 Rasum
3682 3824 3965 3879 Zanchius
4002 3826 4272 3881 Mai-bur·

2308 3898 2559 3965 qensium
2595 3894 3130 3963 Heidelberyensium
3166 3900 3216 3948 et
3249 3894 3645 3949 Basiliensium
3683 3894 3990 3948 testimonia
4017 3910 4127 3962 pro
4161 3910 4268 3949 sua

2313 3966 2568 4019 doctrina
2621 3964 2908 4030 attulerat,
2977 3962 3328 4018 schoeno-chae
3377 3966 3496 4016 eius
3545 3962 4002 4030 praelectionibus
4053 3963 4267 4018 decreto

2314 4034 2695 4102 suspensionis
2726 4032 2886 4098 finem
2919 4032 3238 4099 imposuere.
3308 4031 3421 4085 Die
3442 4030 3528 4087 22.
3550 4032 3753 4085 Martii
3775 4030 3912 4085 1562
3940 4032 4074 4086 collo
4150 4034 4266 4085 ium

2311 4102 2420 4157 sibi
2436 4101 2570 4155 dari
2596 4101 2792 4169 petivit
2826 4106 2874 4154 ei
2904 4099 3076 4154 theses
3109 4114 3241 4155 suas
3266 4101 3624 4169 magistratui
3639 4115 3759 4154 eum
3775 4101 3886 4154 dlis
3910 4116 4054 4169 appr
4196 4101 4208 4112 '

2310 4170 2476 4225 nibus
2511 4169 2763 4224 tradidit.
2833 4171 2942 4222 Die
2967 4167 3051 4221 24.
3074 4168 3235 4223 Iunii
3260 4169 3624 4224 Mai-bachius
3657 4184 3777 4224 cum
3811 4171 4038 4225 caderis
4071 4169 4265 4223 minis·

2311 4241 2414 4293 tris
2447 4237 2829 4308 refutationem
2864 4239 3073 4292 obtulit.
3131 4237 3323 4292 Mense
3347 4237 3569 4294 Octobri
3583 4238 3940 4305 maqistratus
3964 4238 4268 4306 postulavit

2312 4323 2349 4361 a
2384 4306 2628 4362 Zanchio
2663 4308 3054 4369 contessionem
3163 4307 3187 4359 i
3216 4322 3374 4360 suum
3409 4320 3726 4361 eonsensum
3761 4322 3804 4359 c.
3840 4306 4054 4360 Bucero
4094 4304 4266 4370 Capi-

2311 4382 2436 4431 tone
2488 4379 2540 4430 et
2602 4374 3010 4444 Tetrapolitana
3107 4378 3458 4429 emansiravit
3514 4375 3590 4440 (0
3668 4414 3681 4428 .
3729 4374 3846 4429 VII.
3909 4375 3950 4427 l.
4003 4387 4061 4441 p.
4107 4371 4262 4437 278).

2322 4444 2517 4526 The-ses
2560 4444 2717 4513 ipsae
2759 4458 2803 4497 c.
2840 4444 3068 4499 caeteris
3120 4443 3457 4525 documentis
3489 4445 3559 4499 ab
3691 4444 3849 4497 arina
3891 4444 4190 4506 impressae
4219 4459 4262 4523 μ

2309 4518 2640 4636 rme
2651 4528 2999 4649 mm
3027 4510 4263 4660 {wmamfflsssswzzrfflww

2309 4652 2619 4720 beroensem
2653 4656 2704 4705 ei
2721 4650 3062 4705 Basilica-ses
3096 4649 3239 4703 adin
3261 4652 3360 4719 qui
3393 4649 3584 4718 legatis
3617 4655 3802 4702 missis
3835 4649 4256 4702 controversiam

2308 4720 2474 4774 istam
2518 4719 2726 4773 iudicio
2769 4718 3027 4774 arbitrali
3067 4718 3395 4773 dirimerent.
3470 4717 3661 4771 Mense
3707 4716 4015 4772 Februario
4060 4717 4257 4782 adfue-

2308 4794 2443 4843 runt
2477 4786 2594 4842 Iac.
2628 4787 2903 4848 Andreae,
2941 4786 3246 4840 Kaumana
3276 4786 3666 4841 Flinsbaehius
3701 4785 4054 4853 Bipontinas,
4091 4786 4262 4839 Basi-

2307 4856 2504 4911 lienses
2541 4856 2595 4911 S.
2637 4856 2896 4911 Sulcerus
2928 4862 2978 4910 et
3022 4854 3140 4910 Ulr.
3181 4855 3419 4919 Caecius,
3466 4870 3588 4910 cum
3669 4854 3953 4909 uibusdam
3998 4856 4256 4908 consilia·

2307 4927 2412 4981 riis
2444 4926 2618 4980 laicis.
2689 4924 2802 4979 Die
2838 4924 2921 4979 10.
2961 4923 3166 4977 Martii
3200 4924 3436 4979 Senatus
3469 4938 3573 4977 con
3661 4928 3772 4976 tiam
3807 4923 4013 4977 editum
4047 4929 4152 4976 est:
4193 4938 4255 4976 er

2310 4994 2470 5048 welle
2505 4994 2596 5047 bei
2630 4993 2732 5047 der
2765 5011 2830 5046 zu
2867 4992 3185 5061 Naumburg
3219 4991 3353 5046 1561
3391 4992 3907 5045 unterschriebenen
3939 4994 4002 5044 A.
4022 4989 4078 5043 C.
4115 4991 4256 5044 blei·

2307 5064 2430 5125 ben,
2483 5079 2545 5117 so
2599 5064 2698 5116 vie
2749 5062 2841 5115 bei
2893 5061 2993 5115 der
3034 5063 3440 5131 Wittcnberger
3487 5061 3783 5115 concordie
3830 5078 3881 5111 v.
3919 5058 4070 5112 1536.
4143 5060 4256 5113 Der

2308 5132 2721 5200 Tetrapolitana
2768 5131 2902 5185 sollo
2949 5148 3071 5183 man
3119 5130 3200 5184 nit
3245 5130 3542 5193 godenken,
3594 5129 3834 5183 disselbe
3871 5127 4056 5182 weder
4091 5128 4256 5183 loben

2252 5186 2259 5261 Ῑ
2309 5201 2442 5255 noch
2481 5199 2740 5253 schelten.
2814 5199 2907 5252 Sic
2942 5198 3159 5252 tandem
3199 5200 3557 5253 Mai-bachius
3604 5202 3716 5251 voti
3759 5200 3849 5251 sui
3882 5210 4095 5262 compos
4125 5197 4254 5261 fuit.

430 5271 521 5339 13)
564 5272 771 5327 Poltrot
821 5272 888 5325 de
926 5267 1083 5325 Me‘re'
1114 5270 1271 5339 (ibid.
1328 5269 1620 5325 291-334.
1700 5268 1862 5323 Mem.
1900 5270 1966 5323 de
2005 5268 2201 5324 Conde'.
2252 5304 2259 5343 4
2322 5269 2480 5324 Vide.-
2517 5268 2778 5322 Andreae
2795 5268 3126 5321 Consensum
3163 5268 3309 5321 inter
3343 5267 3625 5335 theologos
3663 5276 3718 5320 et
3753 5266 4084 5334 professores
4121 5268 4250 5318 eccl.

246 5342 345 5393 IV.
385 5340 705 5405 285-309).

2252 5368 2259 5383 ·
2310 5348 2365 5391 et
2423 5337 2638 5391 scholae
2693 5339 2823 5405 Arg.
2875 5338 2944 5390 de
2996 5352 3162 5389 coena
3216 5344 3270 5389 et
3323 5337 3833 5405 praedestinatione.
3916 5336 4045 5403 Arg.
4104 5333 4256 5387 1563.

3768 5418 3842 5472 2.
