4900 6125
257 452 383 515 ⁸77

1126 636 1326 708 42⁶4.

787 808 1196 877 VIRE'I'US
1240 807 1682 877 OALVINO.

431 980 642 1068 Royat
704 1001 846 1048 eum
910 987 981 1048 ut
1045 981 1305 1048 Riverio
1365 979 1752 1066 typoyrapho
1807 979 1921 1061 pr*
2092 978 2106 993 ⁶
2152 997 2216 1043 m

253 1072 512 1135 senatus
546 1067 811 1134 obtineat
830 1087 961 1152 pro
984 1070 1203 1151 primo
1235 1067 1396 1134 libro
1420 1067 1807 1133 Lausannao

580 1240 690 1309 (Ex
724 1238 1066 1309 autographo
1101 1238 1230 1293 eod.
1269 1238 1475 1294 Genev.
1514 1237 1635 1301 115,
1670 1238 1764 1293 fol.
1798 1236 1912 1303 68.)

427 1410 695 1477 Eximio
757 1410 1013 1477 Christi
1078 1429 1271 1476 servo
1337 1411 1572 1476 Ioanni
1639 1409 1924 1476 Oalviuo
1992 1407 2216 1475 Gene-

254 1496 480 1563 vensis
521 1495 834 1563 ecclesiae
868 1495 1113 1579 pastori
1150 1495 1656 1580 vigilantissimo
1698 1495 1888 1560 fratri
1933 1502 2003 1560 et
2035 1514 2217 1579 sym·

254 1590 513 1668 mystae
557 1581 917 1665 plurimum
961 1580 1392 1647 observando.
1711 1665 2046 1732 Genevoe·

430 1838 501 1906 S.
579 1837 1034 1905 Plessiacensis
1065 1838 1271 1904 vertit
1306 1837 1379 1903 in
1413 1837 1684 1922 gallicos
1719 1838 2018 1924 rythmos
2054 1837 2217 1903 Pro·

256 1923 484 1992 verbia
546 1933 616 1990 et
669 1924 1113 1992 Ecclesiasten
1182 1923 1574 1991 Salomonis.
1662 1921 1967 1989 Rivcrius
2029 1930 2219 2009 typo·

253 2010 551 2097 graphus
593 2010 740 2077 illos
784 2010 1112 2077 excudere
1154 2021 1369 2093 parat,
1469 2009 1581 2074 uia
1623 2029 1759 2074 non
1803 2009 2002 2075 habet
2043 2031 2219 2077 nunc

253 2117 416 2181 prae
457 2095 764 2162 manibus
827 2094 1009 2196 aliud
1075 2115 1238 2196 opus
1296 2114 1426 2179 quo
1535 2093 1847 2174 excudat,
1916 2115 2039 2162 nec
2095 2114 2219 2161 nos

254 2289 408 2334 mus
450 2202 679 2334 ῗιὶιῗίειιε11
692 2191 956 2335 &baffi
992 2178 2222 2365 &gdsoerligrlimeseggscifflagvlessggr

255 2362 485 2419 autem
528 2374 643 2431 ne,
699 2352 758 2418 si
802 2353 981 2437 typis
1025 2350 1298 2419 mandet
1337 2353 1482 2418 sine
1525 2351 1728 2419 vestri
1771 2359 2042 2418 senatus
2082 2372 2221 2434 prx-

255 2438 528 2523 vilegio,
594 2438 799 2505 vestri
862 2437 1267 2524 typographi
1328 2437 1631 2522 protinus
1692 2438 1818 2504 sibi
1875 2447 2220 2520 quaestum

254 2524 700 2609 intercipiant.
789 2524 1080 2608 Rogavit
1142 2543 1250 2589 me
1312 2523 1538 2606 itaque
1599 2544 1752 2590 cum
1801 2521 2222 2590 Phasiacam

254 2618 335 2677 ut
374 2610 504 2677 hac
546 2608 628 2675 de
671 2630 744 2675 re
787 2607 873 2675 ad
915 2617 983 2675 te
1024 2607 1395 2676 scriberem.
1481 2608 1584 2674 'l'u
1626 2608 1686 2674 si
1729 2628 2006 2692 aequam
2049 2607 2220 2674 iudi·

256 2695 1171 2865 muffihffisssswza
1190 2691 2224 2864 “ug'gffaffflmffimgssffiess

257 2875 332 2934 et
371 2866 442 2933 id
484 2888 592 2934 res
636 2873 792 2932 tuae
826 2829 1204 2951 patiantur:

434 2953 542 3019 De
585 2951 782 3019 rebus
823 2952 1068 3018 nostris
1111 2949 1315 3018 habes
1357 2950 1521 3030 iam,
1580 2957 1659 3016 ut
1695 2950 1959 3034 opinor,
2018 2956 2223 3015 totam

260 3038 627 3106 historiam.
698 3036 924 3121 Quare
968 3057 1100 3103 nou
1144 3046 1213 3103 te
1257 3036 1558 3122 pluribus
1593 3057 1634 3102 a
1667 3035 1952 3123 negotiis
1994 3035 2222 3102 melio-

259 3126 445 3193 ribus
495 3145 634 3191 non
656 3130 691 3165 ⁵
754 3124 1090 3192 revocabo.
1176 3122 1349 3189 Vale
1412 3124 1658 3207 optime
1702 3144 1778 3191 ac
1835 3121 2220 3188 diutissime.

258 3212 661 3279 Lausannae
703 3213 806 3275 2⁷.
851 3209 1162 3278 Decemb.
1197 3209 1251 3294 ¹)

1330 3346 1514 3413 Tuus
1554 3344 1800 3412 Petrus
1843 3342 2138 3413 Viretus.

1046 3638 1454 3648 ——

1133 3890 1328 3960 4205.

769 4044 1235 4114 INOER'PUS
1280 4043 1721 4112 OALVINO.

431 4218 642 4302 Quis?
681 4217 885 4301 quid?
923 4216 1139 4284 undo?
1184 4217 1491 4300 munao?

563 4388 677 4456 (ax
712 4387 1053 4458 autumpno
1088 4388 1223 4442 cos.
1261 4388 1470 4444 eum.
1507 4386 1626 4451 118,
1660 4386 1751 4442 ron.
1789 4386 1906 4454 73.)

571 4561 636 4625 A
680 4560 1151 4644 Monseigneur
1191 4559 1441 4625 Monsr.
1486 4557 1904 4643 d'Espeville.

425 4730 497 4799 S.
536 4732 614 4798 P.
684 4730 837 4796 Non
881 4729 1141 4808 dubito,
1186 4728 1479 4810 domine,
1521 4732 1684 4815 quin
1728 4732 1862 4797 iam
1905 4731 2131 4799 literas
2173 4754 2217 4799 a

245 4819 460 4885 fratre
496 4830 650 4882 tuus
692 4823 1095 4966 sgmmystes
1131 4817 1471 4899 acceperit,
1515 4817 1753 4900 quibus
1787 4818 2216 4885 renunciatur

246 4902 592 4972 adventus.
677 4901 716 4966 1
760 4903 930 4968 circo
989 4920 1168 4967 nunc
1223 4921 1337 4967 ero
1393 4903 1657 4969 brevior
1721 4902 1792 4968 in
1849 4903 2211 4972 scribendo.

243 4989 609 5072 Nunquam
674 4987 745 5052 in
809 5006 888 5052 ea
950 4986 1047 5053 fui
1108 4989 1436 5053 senoentia
1490 4995 1570 5054 ut
1631 4987 1746 5055 ille
1808 4997 2213 5072 evocaretur,

453 5450 678 5507 Calvino·
704 5464 894 5520 opem.
969 5446 1087 5506 Vol.
1120 5446 1257 5506 XX.

1883 445 2671 518 SUPPLEMENTUM.

4162 457 4291 521 5⁷8

2318 638 2456 704 imo
2499 637 2775 705 dissuasi
2835 647 3154 724 quantum
3212 644 3416 728 potui.
3504 641 3893 710 Statuebam
3938 649 4091 710 ante
4130 662 4291 710 ocu-

2320 723 2437 802 los,
2484 734 2551 790 et
2599 725 2793 791 Groto
2835 735 2903 792 et
2946 730 3088 795 eius
3130 732 3341 804 uxori,
3393 729 3774 814 priusquam
3820 728 3903 795 ad
3947 749 4059 795 eos
4103 750 4290 796 acce·

2321 808 2506 875 deret
2577 808 2884 889 Grauius,
2952 823 3198 897 quanta
3263 815 3417 881 inde
3482 815 3776 898 pericula
3842 816 4287 881 imminerent.

2319 894 2655 980 Urgebam
2689 897 3017 964 medicum
3054 907 3131 965 ut
3165 901 3234 965 in
3271 900 3339 965 id
3376 921 3631 967 mecum
3668 899 4095 979 incumberet,
4140 909 4289 967 tum

2319 983 2502 1064 aegri
2546 983 2683 1047 suis
2726 982 2977 1050 viribus
3020 985 3212 1052 valde
3255 985 3620 1053 diffidentis
3665 985 3957 1051 animum
4003 987 4086 1051 ad
4129 1008 4291 1071 pro·

2198 1114 2213 1130 .
2319 1067 2668 1133 sectionem
2712 1089 2832 1151 pro
2887 1091 3009 1136 sua
3064 1080 3253 1155 parte
3310 1073 3632 1139 excitaret
3675 1079 3872 1155 atque
3914 1072 4291 1137 inflamma·

2321 1160 2453 1230 ret,
2513 1153 2786 1219 minima
2841 1157 3041 1221 etiam
3094 1156 3556 1223 commoditate
3599 1156 3840 1222 oblata.
3930 1155 4288 1224 anterum

2322 1259 2362 1303 a
2406 1236 2552 1304 Deo
2596 1238 2750 1324 Opt.
2797 1240 2979 1307 Max.
3040 1242 3298 1309 obviam
3364 1241 3678 1327 periculis
3742 1245 3908 1308 itum
3969 1251 4107 1320 est,
4171 1243 4287 1327 qui

2321 1344 2441 1389 sua
2484 1325 2888 1409 benignitate
2930 1329 3239 1395 misertus
3282 1338 3399 1406 est,
3445 1330 3555 1412 qui
3599 1329 3856 1412 piorum
3898 1349 4127 1413 preces
4170 1350 4286 1395 ex-

2322 1407 2594 1476 audivit.
2687 1410 2865 1478 Huic
2905 1413 3113 1496 igitur
3152 1414 3360 1479 multo
3405 1414 3643 1480 melius
3686 1422 3788 1480 est
3830 1415 3913 1481 ab
3957 1416 4176 1480 animo
4221 1423 4289 1480 ct

2321 1515 2621 1580 corpore,
2684 1496 2847 1563 adeo
2890 1508 2964 1563 ut
3054 1498 3386 1582 ropediem
3430 1497 3788 1565 adiuvante
3831 1500 4117 1566 Domino
4159 1500 4288 1566 iter

2321 1582 2740 1665 ingressurus
2783 1584 2887 1649 sit.
2964 1521 3318 1666 siz-phonas
3359 1606 3511 1652 cum
3557 1606 3783 1664 uxore,
3829 1605 3953 1670 ego
3990 1606 4284 1668 meaque,

2322 1666 2526 1732 frater
2569 1676 2638 1732 et
2686 1667 2991 1750 Garama-3,
3042 1680 3109 1736 te
3154 1692 3230 1737 ac
3272 1681 3461 1736 tuum
3506 1670 3833 1755 hospitem
3877 1671 4285 1756 perofficiose

2322 1766 2750 1836 amanterque
2791 1755 3171 1822 salutamus.
3244 1758 3490 1841 Per-gat
3524 1755 3711 1822 Deus
3755 1776 3876 1840 per
3919 1755 4286 1822 Dominum

2321 1838 2545 1905 Iesum
2588 1840 2947 1907 secundare
2991 1851 3141 1907 tuos
3183 1841 3459 1909 labores.

3060 1979 3242 2045 'l'uus
3284 2000 3367 2044 ex
3412 1978 3635 2130 animIo
3679 1979 3884 2130 gater
3925 1987 3995 2046 et
4037 1980 4291 2046 amicus

2481 2266 2721 2352 Ignose
2754 2289 3015 2352 quaeso,
3041 2268 3321 2346 domine,
3358 2270 3672 2335 infantiae

2324 2372 2527 2418 meae.
2600 2354 2665 2418 A
2699 2360 2766 2420 te
2798 2363 3189 2438 provocatus
3230 2375 3373 2420 rem
3415 2356 3669 2421 tentavi

2325 2460 2365 2505 a
2400 2460 2508 2504 me
2542 2439 2851 2506 omissam
2895 2442 3095 2525 (quae
3130 2461 3276 2506 mea
3311 2452 3414 2506 est
3455 2439 3668 2525 negli-

2372 2524 2582 2624 entia)
2637 2525 2921 2610 amplius
2964 2527 3122 2592 anni
3165 2534 3321 2593 sunt
3362 2533 3673 2610 quatuor·

2373 2629 2561 2676 emm.

3212 3152 3405 3227 42⁶6.

2836 3309 3303 3380 INOER'PUS
3346 3310 3790 3380 OALVINO.

2321 3590 2363 3636 v
2643 3619 2659 3634 .

2325 3740 2439 3807 (Ex
2475 3738 2816 3811 autographo
2850 3737 2982 3794 eod.
3018 3737 3222 3795 Genev.
3263 3737 3378 3805 118,
3412 3740 3505 3795 fol.
3544 3738 3669 3796 114.
3721 3741 4113 3812 Fragmentum
4146 3742 4301 3800 vids·

2838 3812 2933 3862 tur
2966 3807 3133 3879 idque
3167 3807 3548 3863 difficillimum
3580 3808 3776 3879 lectu.)

2777 3979 3118 4045 Monsieur
3160 3979 3418 4046 Monsr.
3462 3979 3545 4045 de
3586 3979 3834 4047 Passel.

2494 4151 2598 4216 Ea
2638 4169 2902 4233 semper
2957 4150 3084 4215 fuit
3138 4149 3339 4217 facies
3382 4149 3780 4234 reipublicae
3823 4162 3904 4218 ut
3944 4174 4289 4238 nunquam

2321 4238 2392 4302 in
2437 4236 2669 4303 eodem
2711 4246 2889 4304 statu
2924 4235 3120 4301 firma
3159 4246 3366 4302 staret
3400 4237 3587 4321 quasi
3621 4238 4001 4306 mutationis
4036 4260 4288 4324 secura,

2320 4321 2438 4388 sed
2472 4342 2591 4388 suo
2624 4331 2923 4404 tempore
2944 4319 3054 4386 vel
3091 4320 3360 4387 caderet
3381 4324 3485 4389 vel
3514 4321 4000 4390 reformaretur.
4049 4325 4288 4395 Gladio

2319 4419 2388 4474 et
2451 4408 2655 4473 armis
2717 4408 3019 4491 quaesita
3083 4405 3493 4492 dissipantur
3513 4459 3528 4485 ,
3613 4408 3810 4474 verbo
3872 4409 4005 4476 Dei
4067 4422 4289 4480 erecta

2319 4495 2795 4561 confirmantur
2810 4544 2827 4572 ,
2893 4502 3121 4559 autore
3187 4502 3257 4559 et
3318 4495 3679 4578 perfectore
3736 4493 3882 4560 Deo
3939 4496 4124 4563 verbi
4180 4500 4286 4565 sui

2318 4579 2562 4664 praede
2585 4577 2868 4645 assiduo.
2916 4577 3211 4644 Humani
3234 4578 3451 4646 fastus
3487 4588 3555 4645 et
3587 4590 4018 4647 externarum
4040 4581 4286 4650 virium

2319 4665 2603 4733 accessio
2666 4666 3051 4749 plerumque
3116 4663 3588 4748 impedimento
3644 4685 3788 4731 esse
3844 4666 4028 4733 solet.
4113 4668 4284 4768 Ego,

2318 4758 2643 4836 quantum
2686 4748 2771 4816 ad
2814 4769 2923 4816 me
2967 4748 3237 4825 attinet,
3294 4750 3700 4816 infirmitatis
3740 4769 3928 4818 meae
3980 4772 4284 4822 conscius

2317 4857 2601 4922 agnosco
2656 4835 2831 4902 iuste
2884 4834 3103 4900 Deum
3156 4835 3402 4936 iratum
3462 4836 3740 4921 sagittas
3797 4856 3950 4904 suas
4008 4838 4279 4921 acuisse,

2313 4920 4018 5106 {sarmadpezffs‘xamffhsssssssazffiffi
4037 4933 4284 5077 ω

2313 5092 2725 5160 medicinam.
2813 5090 3030 5158 Hodie
3074 5092 3457 5176 premimur.
3546 5093 3820 5159 Praesto
3864 5100 3967 5158 est
4020 5101 4091 5158 et
4130 5115 4283 5178 per-

2313 5180 2381 5247 vi
2432 5180 2446 5195 ”
2520 5178 2730 5246 hostis
2770 5190 2847 5245 ut
2887 5185 3151 5255 noceat,
3198 5198 3329 5243 non
3378 5178 3593 5244 solum
3638 5179 3811 5245 facta
3853 5176 3970 5245 sed
4014 5186 4084 5244 et
4125 5198 4284 5245 eon·

2312 5265 2459 5331 siha
2501 5272 2729 5331 nostra
2777 5262 3145 5332 incredibili
3201 5261 3548 5349 diligentia
3591 5263 3931 5349 vestigans
3974 5263 4295 5334 omnibus

2311 5351 2692 5435 insequitur.
2806 5349 3233 5434 Suspirantes
3309 5349 3645 5416 interdum
3719 5358 3787 5415 et
3864 5350 3937 5415 in
4018 5361 4293 5419 montes
