4900 6125
291 407 401 473 ⁷17

289 611 389 660 eos
426 588 731 657 articulos
773 590 1129 676 diligenter
1185 589 1364 656 domi
1408 611 1595 657 meae
1646 610 1768 676 per
1819 592 2027 658 otium
2073 611 2225 657 exa-

285 680 518 744 minem
581 674 659 741 ad
728 676 1024 762 Lydium
1091 695 1426 744 sacrarum
1497 677 1841 743 literarum
1918 675 2224 759 lapidem.

285 761 597 831 Postridie
659 761 866 847 igitur
928 764 1118 829 venit
1179 763 1350 829 alius
1414 782 1497 827 ex
1562 762 2101 846 compositoribus
2161 771 2229 828 et

284 849 573 916 hortatur
616 857 693 913 ut
732 869 818 914 ne
863 848 1109 914 diutius
1152 848 1455 914 relucter.
1538 850 1706 934 Ego,
1752 850 2044 932 inquam,
2088 869 2227 914 non

425 956 532 999 um
578 934 762 1000 salva
804 935 1203 1002 conscientia
1245 941 1314 1000 et
1355 934 1842 1000 existimatione
1887 954 2035 1000 mea
2074 934 2228 1001 ullis

282 1020 564 1087 articulis
619 1019 1028 1087 subscribere
1072 1021 1199 1087 nisi
1245 1020 1430 1103 prius
1473 1019 1640 1086 bene
1683 1027 1753 1086 et
1793 1019 2145 1105 diligenter
2187 1039 2229 1085 a

281 1128 381 1173 me
440 1104 614 1171 domi
680 1125 863 1171 meae
927 1106 1345 1186 examinatis,
1411 1117 1476 1171 et
1542 1107 1977 1173 conscientiae
2041 1125 2226 1172 meae

279 1192 676 1276 approbatis:
722 1212 854 1257 non
900 1193 1078 1258 enim
1115 1212 1379 1276 possum
1425 1191 1851 1270 subscribere,
1897 1191 2001 1259 cui
2041 1192 2227 1276 prius

278 1299 403 1343 non
468 1277 838 1344 subscribat
901 1277 1329 1353 conscientia,
1397 1299 1473 1345 ac
1539 1278 1745 1343 miror
1807 1297 1953 1354 vos,
2020 1297 2225 1361 quum

277 1364 417 1430 sitis
459 1362 763 1447 theologi,
806 1363 979 1430 hanc
1023 1364 1195 1429 inire
1237 1363 1558 1429 rationem
1602 1382 1771 1446 qnae
1814 1372 2045 1429 contra
2086 1383 2226 1428 om·

276 1470 388 1516 nes
429 1457 534 1515 est
573 1448 755 1532 leges
790 1448 1051 1516 divinas
1088 1456 1285 1532 atque
1322 1449 1648 1515 humanas
1685 1455 2043 1532 contraque
2084 1468 2220 1513 om-

276 1555 419 1601 nem
487 1537 904 1618 aequitatem.
976 1534 1257 1619 Vesperi
1320 1535 1542 1619 itaque
1604 1534 1784 1601 illius
1846 1534 2028 1600 tertii
2095 1533 2223 1600 diei

274 1621 531 1688 eosdem
598 1620 907 1688 articulos
972 1619 1056 1686 ad
1119 1642 1225 1686 me
1289 1621 1666 1686 retulerunt
1722 1622 1793 1685 in
1848 1619 2225 1702 praesentia

274 1706 483 1772 nostri
541 1706 829 1785 sium-ii,
897 1714 976 1771 ιιι
1041 1705 1215 1772 domi
1282 1725 1468 1772 meae
1532 1727 1644 1773 eos
1706 1706 2080 1772 examinem
2146 1726 2225 1770 ea

272 1801 491 1858 nocte:
540 1793 656 1859 sed
698 1792 822 1858 hac
868 1792 1013 1877 lege
1048 1800 1126 1858 ιιι
1168 1813 1253 1857 ne
1288 1792 1649 1859 describam
1686 1790 1801 1859 sed
1838 1813 2031 1857 mane
2067 1813 2222 1857 mox

270 1877 559 1944 reddam.
635 1878 1034 1944 Adiecerant
1091 1877 1199 1943 hic
1254 1879 1592 1962 generalia
1646 1879 1845 1943 etiam
1899 1877 2221 1962 quaedam

267 1965 347 2029 de
389 1983 631 2032 coena:
673 1973 751 2031 ιιι
792 1964 1044 2031 scilicet
1087 1962 1401 2030 doceatur
1438 1985 1522 2030 ex
1558 1964 1767 2031 verbo
1797 1963 1943 2040 Dei,
1989 1984 2222 2029 secun-

269 2050 422 2116 dum
466 2049 942 2117 confessionem
994 2051 1450 2135 Augustanam
1511 2061 1579 2116 et
1621 2051 1763 2116 eius
1806 2052 1870 2115 A
1919 2048 2222 2133 clogiam,

268 2144 331 2201 et
372 2136 692 2203 articulos
726 2133 1107 2202 concordiae
1145 2135 1323 2202 inter
1358 2135 1730 2202 Lutherum
1766 2145 1837 2201 et
1933 2156 2220 2201 ucerum.

266 2219 554 2288 Summo
596 2242 792 2287 mane
832 2222 1026 2288 venio
1061 2219 1144 2287 ad
1185 2220 1552 2300 &un-mium,
1590 2222 1701 2288 ubi
1746 2221 1938 2286 multi
1983 2220 2095 2286 alii
2139 2241 2223 2286 ex

267 2308 514 2374 nostris
573 2307 889 2373 fratribus
946 2315 1012 2373 et
1070 2306 1355 2392 collegis.
1426 2309 1690 2386 Before,
1735 2304 1890 2391 quid
1932 2307 2098 2373 mihi
2141 2304 2223 2372 de

262 2393 341 2459 iis
384 2393 693 2460 articulis
736 2393 1069 2459 videatur:
1113 2392 1286 2459 idem
1333 2414 1571 2478 nempe
1591 2394 1763 2477 quod
1799 2391 1879 2457 de
1900 2393 2223 2494 principio

261 2478 599 2545 dixeram:
642 2501 774 2545 non
809 2500 954 2545 esse
987 2479 1196 2562 igitur
1228 2478 1772 2546 subscribendum
1809 2479 1934 2544 nisi
1969 2476 2224 2544 adiecta

257 2564 455 2630 etiam
507 2564 685 2631 bona
726 2573 796 2630 et
837 2561 1141 2647 prudenti
1186 2567 1672 2648 protestatione.

428 2651 622 2716 Dum
661 2650 826 2715 haec
870 2651 1047 2716 inter
1079 2672 1203 2716 nos
1237 2650 1710 2717 deliberantur:
1756 2651 2220 2733 compositores

254 2735 526 2801 iverunt
575 2737 647 2800 in
690 2747 1016 2814 senatum,
1059 2735 1276 2820 ibique
1319 2757 1512 2803 suum
1549 2737 1631 2802 de
1674 2736 1838 2803 actis
1871 2746 1940 2801 et
1973 2735 2219 2802 utrius-

253 2841 381 2904 que
426 2822 647 2906 partis
701 2822 965 2905 scriptis
1022 2835 1217 2905 atque
1273 2822 1691 2889 sermonibus
1746 2820 2059 2888 iudicium
2115 2842 2219 2887 re·

255 2908 597 2973 tulerunt:
637 2919 831 2991 atque
865 2929 1064 2991 quum
1102 2906 1183 2972 de
1219 2928 1326 2973 me
1362 2907 1700 2987 dixissent,
1739 2906 1932 2973 audio
1962 2906 2220 2973 Petrum

256 2992 627 3060 mium
682 3003 1053 3078 praetorem
1112 3001 1181 3058 et
1231 2993 1684 3060 scholarcham
1740 2992 2018 3059 dixisse:
2086 2991 2219 3059 Ubi

252 3080 274 3144 i
323 3080 462 3147 ‘tur
498 3102 686 3147 nunc
720 3090 879 3146 sunt
911 3088 1009 3146 tot
1042 3090 1109 3146 et
1143 3089 1366 3146 tantae
1402 3081 1710 3147 haereses
1743 3101 1909 3163 quae
1944 3079 2221 3145 Zenobio

248 3187 287 3231 o
331 3166 787 3234 iiciebantur?
868 3165 1269 3232 Concessum
1330 3176 1550 3232 autem
1607 3165 1795 3233 nobis
1852 3166 2085 3243 fuerat,
2144 3175 2221 3230 ut

248 3262 782 3337 protestaremur
827 3273 1014 3319 voce:
1072 3252 1188 3318 sed
1233 3261 1309 3318 ιιι
1361 3273 1447 3318 ne
1488 3252 1694 3318 ullam
1754 3253 1895 3319 eius
1938 3252 2216 3317 mentio-

244 3360 401 3404 nem
473 3340 553 3405 in
621 3338 1101 3423 subscriptione
1165 3337 1548 3405 faceremus.
1633 3338 1783 3403 Hoc
1840 3336 2038 3403 etiam
2096 3338 2220 3402 fuit

246 3425 414 3490 mihi
462 3434 871 3507 suspectum,
922 3432 991 3489 et
1042 3424 1294 3490 veritus
1336 3445 1505 3504 sum,
1559 3445 1645 3490 ne
1689 3423 1931 3490 nostris
1973 3423 2221 3490 vellent

243 3511 431 3577 abuti
478 3510 961 3594 scriptionibus
1004 3509 1207 3593 aliqui
1249 3510 1540 3594 ipsorum
1587 3509 1668 3575 ad
1714 3508 1899 3587 alios,
1942 3518 2020 3575 ιιι
2062 3510 2219 3574 sim-

240 3597 517 3680 pliciter
565 3596 684 3661 tali
727 3595 1061 3662 doctrinae
1104 3595 1534 3673 subscribant,
1581 3602 1805 3662 nostro
1849 3595 2219 3661 testimonio

238 3681 775 3767 permovendos:
823 3681 995 3747 nolle
1038 3680 1244 3766 igitur
1278 3702 1384 3747 me
1426 3680 1852 3761 subscribere,
1896 3681 2022 3747 nisi
2065 3679 2217 3747 sub·

237 3770 541 3835 scribam
570 3768 768 3833 etiam
791 3787 1007 3833 meam
1029 3768 1586 3851 protestationem,
1629 3764 1824 3850 idque
1861 3787 1937 3833 eo
1978 3766 2217 3843 minus,

238 3855 417 3940 quod
478 3855 688 3919 etiam
743 3853 1209 3936 compositores
1252 3875 1292 3917 a
1334 3873 1441 3918 me
1486 3852 1819 3931 admoniti,
1878 3860 1957 3917 ut
2008 3852 2216 3918 ambi-

237 3962 409 4027 guas
459 3958 669 4007 voces
711 3938 1134 4023 explicarent,
1192 3938 1407 4005 facere
1460 3938 1526 4003 id
1573 3938 2014 4004 detrectarint.
2086 3937 2220 4003 Hic

232 4046 501 4105 omnes,
552 4048 597 4091 a
637 4025 911 4089 minimo
968 4044 1173 4108 usque
1239 4023 1322 4090 ad
1368 4025 1729 4089 maximum
1791 4033 2019 4088 contra
2074 4041 2214 4088 me:

232 4132 346 4179 me
390 4132 622 4180 unum
666 4112 739 4176 in
783 4130 979 4176 causa
1024 4110 1316 4175 futurum
1362 4118 1438 4175 ut
1483 4118 1671 4174 tanta
1713 4108 2056 4176 concordia
2093 4111 2217 4174 im-

233 4200 589 4282 pediatur,
634 4209 710 4262 ut
751 4196 1026 4262 eeclesia
1060 4195 1406 4262 Gallicana
1439 4203 1792 4270 evertatur,
1835 4204 1913 4260 ut
1949 4195 2217 4260 civitate

230 4305 393 4351 cum
432 4284 724 4350 infamia
757 4282 999 4363 eiiciar,
1023 4302 1466 4365 magnumque
1489 4280 1959 4364 praeiudicium
1983 4301 2216 4347 causae

232 4383 525 4437 nostrae
572 4370 713 4434 fiat:
778 4369 1075 4433 futurum
1142 4370 1359 4448 etiam,
1425 4376 1501 4432 ut
1564 4365 1921 4432 adversarii
1989 4376 2217 4433 contra

230 4477 345 4523 me
394 4466 733 4539 tanquam
779 4453 1286 4521 condemnatum
1333 4473 1370 4517 e
1421 4455 1749 4538 suggestis
1792 4452 2216 4535 proclament,

230 4554 307 4609 ut
356 4544 856 4611 confirmentur
898 4540 1111 4617 multi,
1167 4558 1334 4623 quae
1376 4560 1495 4622 per
1547 4538 1943 4605 calumniam
1987 4538 2068 4604 de
2109 4560 2217 4604 me

230 4630 528 4695 fuerant
594 4646 839 4710 sparsa,
906 4646 981 4691 ea
1046 4625 1249 4691 fuisse
1307 4625 1666 4691 verissima.
1752 4624 1898 4708 Ego
1956 4632 2213 4690 contra:

228 4715 492 4781 debere
544 4733 667 4779 nos
709 4731 963 4796 urgere,
1019 4720 1096 4776 ut
1148 4730 1348 4777 causa
1400 4719 1820 4776 controversa
1873 4708 2218 4789 iudicetur,

231 4800 495 4867 deinde
560 4801 642 4864 de
698 4818 871 4864 nova
927 4796 1201 4863 docendi
1257 4795 1539 4862 formula
1591 4817 1710 4863 nos
1766 4816 2214 4879 responsuros.

225 4891 329 4955 At
369 4887 525 4966 alii,
586 4904 719 4951 non
772 4903 883 4951 eos
926 4884 1189 4949 venisse
1245 4892 1322 4948 ut
1373 4880 1681 4958 iudicent,
1737 4880 1852 4947 sed
1909 4892 1985 4947 ut
2037 4903 2215 4948 com·

223 4981 535 5059 ponant.

418 5056 593 5126 Non
638 5076 902 5141 possum
946 5054 1171 5121 omnia
1211 5053 1443 5121 dicere.
1522 5052 1801 5119 Relictis
1842 5053 1865 5119 i
1916 5053 2045 5119 'tur
2087 5053 2217 5121 col·

224 5146 409 5232 legis
460 5144 585 5228 qui
628 5144 701 5208 in
739 5141 969 5208 eadem
1010 5161 1210 5207 causa
1251 5148 1459 5217 erant,
1501 5139 1804 5206 consului
1918 5140 1931 5154 '
2052 5141 2214 5205 ami·

222 5254 347 5302 cos
397 5240 480 5298 et
528 5229 674 5312 pios
716 5228 927 5295 viros:
972 5227 1237 5311 quidam
1279 5224 1763 5306 dissuadebant,
1806 5224 2071 5308 quidam
2116 5236 2215 5292 ta-

224 5340 398 5386 men
467 5314 680 5383 etiam
730 5314 1042 5399 spectatis
1097 5312 1180 5378 iis
1224 5332 1391 5397 quae
1433 5320 1703 5395 possent
1742 5311 1873 5378 nisi
1930 5312 2214 5379 subscri·

2028 405 2191 468 1563
2232 400 2545 470 APRIL.

4168 409 4302 475 718

2328 590 2557 657 berem
2619 589 2960 674 consequi,
3044 589 3357 656 dixerunt
3419 611 3611 676 posse
3675 611 3783 658 me
3861 593 4290 678 subscribere,

2328 676 2591 743 etiamsi
2625 675 2877 742 nullam
2900 676 3393 759 protestationis
3416 677 3815 743 mentionem
3850 679 3922 745 in
3957 680 4291 766 subscrip-

2328 763 2507 829 tione
2570 761 2823 840 faciam,
2889 770 3004 827 aut
3069 761 3270 827 etiam
3335 763 3646 847 scriptam
3713 784 3860 829 eam
3916 764 4289 849 exhibeam,

2328 847 2522 914 modo
2564 867 2784 913 coram
2820 848 3126 914 omnibus
3160 869 3322 914 voce
3357 857 3682 933 protester
3716 849 3877 915 satis
3912 851 4071 917 fore.
4139 852 4289 920 Etsi

2328 954 2486 1001 vero
2516 934 2679 1001 haec
2714 932 3076 1011 audiebam,
3116 934 3518 1000 conscientia
3551 941 3776 1000 tamen
3811 956 3960 1002 mea
4113 938 4289 1005 uies·

2328 1041 2475 1087 cere
2515 1041 2648 1085 non
2690 1025 2976 1103 poterat:
3022 1017 3192 1102 quod
3238 1018 3564 1098 videbam,
3608 1020 3757 1086 fieri
3797 1041 4005 1105 posse,
4050 1045 4109 1089 si
4152 1043 4285 1091 non

2327 1105 2396 1172 in
2442 1104 2833 1189 praesentia,
2901 1103 3134 1170 saltem
3193 1104 3263 1169 in
3321 1113 3681 1189 posterum,
3746 1116 3824 1173 ut
3886 1128 4034 1174 meo
4100 1110 4288 1176 testi-

2328 1192 2551 1257 monio
2592 1190 2786 1256 multi
2829 1188 3257 1275 simpliciores
3317 1188 3736 1258 seducantur.
3811 1191 4036 1275 Quum
4080 1194 4288 1280 igitur

2327 1297 2556 1343 omnes
2609 1275 2732 1341 reli
2779 1276 2846 1341 ui
2903 1276 3192 1361 collegae
3245 1275 3426 1342 irent
3467 1277 3549 1342 ad
3605 1276 3799 1345 aedes
3843 1278 3958 1345 ubi
4013 1298 4286 1366 congre-

2328 1363 2464 1448 gati
2501 1371 2694 1429 erant
2728 1297 3019 1440 Domini,
3056 1360 3508 1428 subscribendi
3543 1363 3839 1431 articulis
3877 1365 4117 1448 gratia:
4164 1386 4288 1452 ego

2327 1449 2520 1514 renui
2577 1468 2655 1513 eo
2695 1448 2954 1513 venire:
3021 1446 3219 1513 malle
3277 1469 3385 1513 me
3444 1449 3590 1514 eiici
3655 1450 3839 1528 urbe,
3905 1462 4022 1517 aut
4083 1451 4285 1518 etiam

2327 1535 2518 1612 mori,
2563 1554 2757 1618 quam
2819 1533 2915 1598 ita
2966 1533 3355 1617 simpliciter
3408 1534 3606 1600 talem
3650 1534 3985 1602 doctrinae
4038 1538 4284 1604 formu·

2325 1619 2460 1685 lam
2496 1640 2645 1686 mea
2678 1638 2883 1684 manu
2917 1619 3362 1703 comprobare.
3424 1618 3649 1701 Quum
3674 1620 3939 1687 domum
3976 1621 4284 1702 redirem,

2325 1717 2675 1772 revocatus
2709 1704 2802 1770 fui
2823 1703 2907 1769 ab
2931 1705 3157 1782 amico,
3195 1714 3268 1771 ut
3297 1705 3530 1771 saltem
3564 1706 3979 1774 interessem:
4024 1710 4284 1776 etiamsi

2325 1791 2734 1858 subscribere
2786 1789 3046 1857 nollem.
3117 1789 3332 1868 Redii,
3399 1790 3513 1857 sed
3581 1790 3687 1858 hic
3751 1793 3990 1859 iterum
4049 1815 4285 1879 rogare

2324 1897 2444 1963 per
2487 1876 2710 1944 Iesum
2756 1873 3120 1954 Christum,
3176 1884 3253 1940 ιιι
3297 1876 3493 1942 velim
3552 1897 3689 1943 una
3731 1899 3881 1944 cum
3925 1878 4075 1946 aliis
4128 1880 4282 1947 sub·

2325 1962 2632 2040 scribere,
2698 1962 2867 2028 nihil
2929 1982 3072 2028 esse
3135 1962 3440 2045 periculi,
3506 1962 3676 2028 nihil
3740 1964 4149 2044 insidiarum,
4216 1973 4286 2032 et

2326 2049 2538 2114 multa
2570 2047 2638 2114 id
2661 2068 2871 2134 genus
2905 2047 3051 2113 alia.
3123 2048 3420 2114 Tandem
3446 2050 3695 2132 putavi,
3740 2070 3847 2116 me
3869 2072 4056 2134 posse
4092 2051 4284 2119 salva

2325 2135 2745 2212 conscientia,
2800 2154 3052 2199 morem
3109 2134 3319 2200 amico
3364 2141 3433 2200 et
3486 2134 3796 2202 fratribus
3838 2136 3987 2202 aliis
4030 2158 4280 2223 gerere,

2326 2221 2384 2287 si
2430 2221 2525 2285 ita
2558 2219 3036 2285 subscriberem
3073 2219 3384 2299 articulis,
3421 2228 3499 2286 ιιι
3537 2240 3616 2286 ea
3651 2230 3910 2287 tantum
3932 2223 4282 2307 probarem

2326 2315 2526 2390 atque
2580 2306 2956 2391 reciperem,
3016 2325 3185 2389 quae
3241 2306 3352 2390 pia
3405 2326 3547 2371 esse
3592 2326 3714 2390 ego
3770 2308 3911 2391 ipse
3968 2328 4280 2393 agnosce-

2325 2413 2488 2472 rem,
2592 2392 2923 2458 raemissis
2965 2392 3253 2475 primum
3297 2392 3811 2475 exceptionibus.
3886 2392 4112 2476 Quum
4157 2396 4280 2461 ita-

2325 2499 2458 2562 qua
2630 2499 2770 2543 rem
2810 2487 3082 2543 ventum
3129 2487 3250 2554 est,
3311 2474 3452 2542 dixi
3493 2498 3601 2543 me
3643 2477 3904 2562 quidem
3949 2480 4202 2547 subscri

2326 2573 2582 2629 turum:
2621 2563 2736 2630 sed
2775 2563 2934 2630 haec
2969 2562 3151 2647 prius
3179 2564 3546 2648 protestari.
3603 2564 3908 2630 Primum
3943 2586 4050 2632 me
4085 2587 4169 2631 no
4222 2588 4278 2646 e,

2323 2659 2396 2716 ιιι
2441 2648 2567 2715 hac
2624 2670 2774 2714 mea
2831 2649 3313 2733 subscriptione
3372 2648 3578 2714 ullum
3633 2651 3750 2716 fiat
3807 2650 4279 2734 praeiudicium

2323 2734 2472 2800 aliis
2515 2734 2822 2813 ecclesiis,
2870 2734 3220 2801 academiis
3262 2756 3337 2801 ac
3384 2736 3664 2800 veritati.
3746 2735 4022 2816 Deinde,
4068 2758 4278 2822 neque

2324 2831 2399 2887 ut
2466 2820 2710 2905 aliquid
2770 2820 3121 2921 derogetur
3175 2819 3511 2887 doctrinae
3567 2820 3686 2898 illi,
3752 2843 3947 2905 quam
4008 2823 4117 2889 hic
4159 2844 4279 2908 per

2326 2906 2714 2974 decennium
2776 2905 2986 2986 docui,
3047 2915 3116 2972 et
3157 2927 3323 2991 quae
3380 2907 3756 2973 continetur
3812 2908 3881 2973 in
3927 2909 4091 2975 meis
4147 2908 4279 2975 lec·

2323 2992 2631 3072 tionibus,
2679 2992 3247 3078 disputationibus,
3293 2991 3829 3060 confessionibus.
3908 2994 4275 3076 Postremo,

2321 3089 2401 3145 ut
2441 3079 2608 3145 mihi
2649 3078 2844 3146 liceat
2884 3089 3020 3145 tam
3065 3079 3187 3144 hos
3224 3079 3549 3155 articulos,
3596 3100 3793 3163 quam
3819 3082 4277 3166 Augustanam

2320 3167 2812 3246 confessionem,
2880 3164 3272 3250 Apologiam
3288 3216 3304 3244 ,
3371 3173 3441 3229 et
3503 3165 3809 3233 articulos
3873 3166 4275 3249 concordiae,

2319 3251 2742 3336 interpretari
2806 3252 2993 3316 iuxta
3057 3250 3352 3335 regulam
3415 3251 3604 3316 verbi
3669 3252 3828 3330 Dei,
3909 3251 4275 3319 doctrinam

2323 3337 2683 3422 Augustini
2743 3346 2810 3402 et
2874 3336 3195 3415 Lutheri,
3253 3335 3849 3422 explicationesque
3911 3338 4151 3406 Buoeri
4208 3348 4277 3405 et

2319 3424 2791 3490 confessionem
2858 3423 3054 3489 huius
3110 3424 3690 3507 Argentoratensis
3746 3424 4048 3490 civitatis.
4137 3424 4272 3490 De-

2320 3508 2474 3574 inde
2515 3511 2585 3574 in
2630 3508 2792 3575 haec
2833 3507 3038 3573 verba
3079 3508 3465 3592 subscripsi:
3526 3509 3719 3576 Hanc
3764 3510 4097 3576 doctrinae
4141 3510 4274 3575 for-

2320 3595 2565 3660 mulam
2626 3605 2701 3659 ut
2756 3595 2932 3679 piam
2993 3615 3294 3680 agnosce,
3361 3595 3454 3660 ita
3520 3595 3719 3660 etiam
3785 3596 4060 3680 recipio:
4129 3596 4276 3682 Ego

2319 3681 2506 3746 Hier.
2538 3680 2889 3747 Zanchius.
2961 3679 3039 3747 Si
3074 3680 3232 3763 quid
3279 3680 3482 3765 igitur
3513 3701 3646 3746 non
3693 3701 4021 3766 agnovero
4066 3682 4274 3765 pium,

2318 3765 2482 3832 illud
2527 3788 2632 3832 me
2676 3788 2808 3831 non
2850 3768 3172 3850 recepisse
3215 3764 3641 3831 manifestum
3685 3776 3804 3834 est.

2490 3852 2622 3917 Die
2675 3852 3068 3936 insequenti,
3135 3850 3470 3933 rediimus,
3535 3858 3734 3935 atque
3791 3853 3898 3920 hic
3953 3852 4084 3919 alia
4148 3854 4274 3920 fuit

2318 3940 2504 4005 actio.
2576 3938 2844 4003 Hortati
2887 3947 3060 4015 sunt,
3121 3946 3202 4003 ιιι
3245 3958 3474 4004 omnes
3515 3938 3812 4017 iniurias,
3868 3939 4162 4006 convicia
4205 3948 4274 4006 et

2316 4022 2665 4090 maledieta
2724 4023 3037 4107 utrinque
3091 4045 3175 4089 ex
3235 4023 3455 4089 animo
3517 4024 4049 4091 condonaremus.
4124 4026 4272 4092 Hoc

2317 4110 2504 4176 facile
2546 4111 2970 4195 impetratum
3015 4109 3158 4175 fuit.
3230 4107 3510 4188 Deinde,
3571 4120 3646 4175 ut
3696 4110 3999 4177 daremus
4044 4107 4271 4175 dexte-

2316 4217 2424 4262 ras
2481 4195 2807 4262 amicitiae
2861 4204 2926 4261 et
2979 4196 3429 4261 fraternitatis.
3509 4195 3860 4261 Difficilem
3919 4197 4115 4262 etiam
4161 4196 4272 4262 hic

2317 4302 2423 4347 me
2490 4281 2792 4365 praebui:
2857 4281 3031 4365 quod
3091 4281 3490 4348 conscientia
3551 4284 3862 4367 arguerit,
3928 4304 4057 4347 non
4126 4302 4270 4348 esse

2317 4366 2569 4433 dandas
2614 4366 2939 4444 dexteras,
2998 4368 3128 4432 nisi
3181 4368 3422 4432 certior
3476 4367 3662 4451 prius
3704 4369 3948 4442 fierem,
3995 4387 4271 4433 consen-

2316 4453 2572 4520 sionem
2627 4454 2802 4519 inter
2859 4475 2978 4519 nos
3038 4473 3181 4519 esse
3239 4453 3306 4517 in
3355 4452 3651 4519 doctrina
3693 4452 3777 4518 ad
3829 4453 4108 4521 salutem
4151 4475 4270 4519 ne-

2316 4539 2601 4606 cessaria
2644 4539 2845 4623 inque
2888 4560 3048 4604 vera
3089 4538 3438 4622 religione:
3484 4540 3670 4604 iuxta
3714 4538 3956 4604 dictum
3998 4539 4270 4606 Ioannis

2317 4625 2388 4689 in
2452 4625 2664 4690 altera
2726 4623 3019 4709 epistola.
3117 4624 3546 4691 Manifestum
3611 4632 3833 4689 autem
3898 4634 4019 4707 est,
4077 4625 4268 4692 Mar-

2316 4711 2603 4776 bachium
2637 4710 2984 4777 damnasse
3007 4709 3367 4776 doctrinam
3391 4709 3643 4776 Ohristi
3679 4709 4038 4777 haereseos.
4086 4709 4268 4793 Quo-

2315 4796 2510 4862 modo
2551 4797 2754 4882 igitur
2796 4817 3062 4881 possum
3108 4795 3264 4861 dare
3308 4797 3369 4861 ei
3412 4816 3702 4876 manum,
3760 4797 3888 4862 nisi
3929 4798 4115 4879 prius
4157 4795 4269 4862 vel

2316 4883 2398 4949 ab
2443 4885 2586 4965 ipso
2625 4882 2738 4948 vel
2781 4903 2822 4948 a
2856 4882 3395 4966 compositoribus
3437 4881 3677 4947 certior
3720 4883 3893 4960 fiam,
3939 4904 4090 4949 eum
4135 4901 4266 4948 non

2318 4969 2600 5051 amplius
2654 4965 2969 5034 damnare
3032 4967 3229 5033 talem
3297 4966 3703 5033 doctrinam?
3781 4967 3914 5034 Hic
3974 4969 4269 5035 Sulcems

2316 5074 2610 5121 seorsum
2655 5073 2916 5120 mecum
2951 5053 3107 5135 agit,
3152 5063 3220 5120 et
3254 5054 3367 5132 ait,
3412 5054 3546 5137 peti
3583 5062 3661 5120 ut
3695 5051 4002 5121 dexteras
4035 5053 4267 5120 demus

2315 5140 2387 5205 in
2441 5139 2891 5205 testimonium
2946 5138 3228 5205 duarum
3282 5159 3528 5217 rerum,
3584 5138 3890 5223 primum,
3950 5139 4127 5223 quod
4179 5162 4263 5207 ex

2317 5226 2541 5291 animo
2601 5226 2674 5289 in
2739 5245 2884 5291 eam
2940 5222 3222 5291 formam
3283 5225 3614 5291 doctrinae
3668 5224 4263 5309 subscripserimns,

2316 5309 2554 5378 deinde
2611 5308 2784 5395 quod
2847 5310 3046 5377 etiam
3099 5332 3181 5377 ex
3237 5311 3457 5377 animo
3521 5309 4108 5379 condonaverimus
4163 5312 4264 5378 in·
