4900 6125
1899 847 1969 905 et
2023 837 2202 905 inter
2257 838 2389 905 alia
2439 860 2596 906 con·

635 925 937 994 maioma
971 924 1372 992 mendonem
1405 924 1650 992 factam
1683 923 1903 1003 fnisse,
1947 944 2148 1009 qnam
2183 945 2301 1008 per
2342 924 2596 1011 legatos

633 1033 792 1081 suos
844 1010 1153 1079 ecclesiae
1195 1009 1495 1078 Gallicae
1535 1008 1960 1078 Francofurti
2001 1009 2424 1095 Principibus
2478 1010 2595 1077 ob-

635 1098 865 1166 tulere.
931 1096 1103 1164 Eram
1135 1117 1342 1182 quum
1384 1117 1428 1162 a
1469 1093 1658 1163 nobis
1698 1094 1916 1162 adbuc
1947 1095 2162 1162 visam
2204 1116 2350 1163 esse
2391 1117 2595 1181 nega·

635 1205 796 1262 rem,
830 1181 1172 1250 subiunxit
1193 1180 1586 1262 Balaam,
1621 1181 1738 1247 vix
1771 1181 1968 1247 aliam
2004 1202 2150 1249 esse
2183 1202 2593 1268 possequam

632 1291 820 1424 m
857 1269 1450 1422 &Qum
1480 1265 2304 1420 ffl‘ffluffim
2336 1266 2594 1420 3312.ssss

633 1440 1042 1510 consensione
1105 1435 1462 1525 quidquam
1527 1374 1897 1538 mutatnrffis
1960 1446 2220 1524 putem,
2296 1376 2593 1507 maxime

635 1527 761 1596 boc
804 1537 1098 1611 tempore
1132 1521 1394 1610 quando
1429 1523 1512 1591 de
1543 1543 1917 1591 ammarum
1950 1523 2166 1592 salute
2209 1531 2394 1591 tanto
2436 1545 2592 1591 cum

632 1611 996 1680 multorum
1036 1620 1106 1678 et
1144 1609 1511 1677 communis
1553 1610 1803 1694 patriae
1846 1610 2136 1694 periculo
2182 1619 2443 1696 agatur,
2487 1632 2591 1678 re·

632 1721 668 1767 ι
800 1697 900 1764 dit
963 1694 1108 1764 ille:
1173 1697 1285 1762 An
1340 1716 1498 1781 ergo
1560 1717 1696 1763 non
1760 1695 2154 1763 meministis
2208 1694 2367 1781 quid
2432 1696 2592 1764 olim

748 1781 1120 1867 ‘delbcrgae
1161 1791 1233 1848 et
1275 1780 1689 1848 Wormatiae
1729 1779 1910 1848 Besa
1953 1782 2198 1860 fecerit,
2256 1793 2326 1849 et
2381 1782 2593 1868 qualis

637 1869 841 1936 fuerit
896 1866 1218 1936 confessio
1267 1866 1384 1932 illa
1439 1867 1625 1935 cuius
1680 1866 2058 1952 exemplum
2108 1867 2195 1934 ad
2254 1889 2369 1935 vos
2433 1879 2593 1936 tnnc

637 1953 837 2023 misi?
925 1953 1028 2020 Ibi
1085 1974 1208 2039 ego
1261 1959 1557 2019 erratum
1609 1951 1874 2039 quidem
1926 1953 2232 2020 nonnihil
2276 1952 2591 2034 dicebam,

639 2040 758 2109 sed
820 2038 1018 2108 simul
1081 2047 1268 2105 tuam
1331 2039 1807 2124 ingenuitatem
1866 2038 2327 2107 commendare
2389 2041 2594 2125 coepi,

683 2128 758 2194 ui
799 2123 1173 2192 admonitus
1214 2146 1296 2191 ea
1326 2123 1411 2191 de
1443 2145 1518 2191 re
1550 2125 1761 2192 amice
1794 2146 1915 2191 nos
1949 2124 2180 2192 tuleris
2223 2133 2292 2192 et
2324 2137 2595 2210 paratus

751 2213 845 2278 ris
899 2220 1189 2278 mentem
1253 2219 1434 2276 tuam
1490 2211 1978 2295 quamprimum
2034 2209 2294 2295 publico
2350 2213 2479 2279 scri
2527 2219 2596 2279 to

638 2316 1294 2450 “mma-33³3?
1318 2294 1605 2448 ‚dm
1642 2296 2060 2448 ⁰¹233⁰⁰¹¹ff
2103 2296 2467 2450 Ἕω
2514 2320 2596 2450 ῗιῗ

637 2404 891 2454 occasio
1316 2404 1380 2449 in
1596 2431 1612 2448 .
1856 2403 1894 2449 c
2032 2403 2071 2449 e
2251 2404 2524 2450 umman

638 2470 1046 2538 occasionem
1106 2477 1337 2535 nactus
1391 2467 1465 2534 in
1519 2467 1687 2534 libro
1746 2487 1868 2534 suo
1909 2468 2098 2536 nobis
2152 2468 2384 2536 tribuit
2425 2491 2595 2554 quae

639 2557 722 2624 ab
767 2556 910 2640 ipso
944 2553 1118 2621 dicta
1161 2562 1336 2633 sunt,
1381 2561 1499 2620 aut
1535 2573 1704 2638 quae
1746 2553 2041 2621 fortassis
2083 2555 2264 2620 intra
2295 2555 2596 2621 animum

639 2661 836 2710 suum
877 2639 1214 2793 agita-vit,
1258 2660 1460 2725 quum
1503 2661 1584 2706 ea
1626 2637 1804 2724 apud
1846 2641 1945 2705 tui
1990 2649 2291 2707 amantes
2332 2641 2598 2709 effutire

643 2748 776 2795 non
819 2747 904 2792 au
991 2747 1062 2792 re

811 2813 907 2879 Et
964 2811 1092 2880 boc
1147 2821 1248 2878 est
1300 2818 1602 2878 nostrum
1657 2810 1826 2878 illud
1881 2810 2275 2896 colloquium
2329 2833 2412 2878 ex
2465 2833 2598 2896 quo

640 2900 753 2967 ille
796 2905 1027 2967 contra
1062 2909 1128 2963 te
1163 2918 1239 2963 ar
1329 2909 1554 2963 menta
1587 2898 1775 2981 petit,
1819 2905 1897 2964 ut
1929 2907 1997 2964 te
2031 2897 2272 2982 ubique
2305 2897 2597 2964 locorum

641 2985 813 3052 male
854 2982 1084 3085 audire
1127 2919 1372 3068 proffit,
1417 2992 1487 3049 et
1527 2982 1756 3049 eadem
1797 3005 1996 3069 opera
2037 2983 2279 3050 fratres
2321 2991 2390 3049 et
2431 2984 2597 3049 ami-

637 3094 748 3141 cos
813 3072 935 3139 tibi
997 3078 1333 3155 suspectos
1396 3069 1644 3137 reddat.
1753 3070 2059 3137 Fuerunt
2121 3070 2461 3137 nobiscum
2526 3070 2597 3136 in

636 3157 867 3225 eadem
910 3176 1141 3223 mensa
1196 3175 1350 3221 cum
1399 3154 1763 3222 Navarreni
1805 3155 1939 3222 filio
1985 3155 2247 3222 Frisius
2269 3157 2327 3234 ⁴⁸)
2371 3162 2597 3221 noster

637 3250 707 3311 et
732 3242 1044 3311 warine
1076 3240 1384 3319 medicus.
1427 3242 1544 3325 qui
1585 3242 1643 3309 si
1686 3240 1843 3325 quid
1886 3241 2082 3308 buius
2125 3261 2210 3307 ex
2253 3261 2362 3307 me
2405 3241 2595 3308 audi-

639 3335 882 3397 verunt
923 3326 1096 3413 quod
1139 3326 1510 3395 Balduinus
1552 3329 1778 3413 garrit,
1824 3348 1946 3413 ego
1988 3325 2178 3393 illum
2219 3329 2438 3394 virum
2482 3327 2595 3394 bo·

637 3436 830 3495 num,
888 3434 995 3481 me
1041 3434 1197 3480 vero
1250 3414 1483 3497 quavis
1542 3413 1851 3479 infamiae
1906 3421 2064 3480 nota
2117 3412 2394 3498 dignum
2452 3433 2597 3480 esse

635 3502 909 3569 fatebor.
999 3501 1305 3586 Agnosco
1371 3506 1591 3565 tamen
1654 3498 1918 3583 culpam
1981 3499 2051 3564 in
2117 3520 2223 3565 me
2288 3497 2594 3583 aliquam,

636 3585 817 3739 guod
850 3594 988 3653 tam
1030 3585 1274 3653 stultns
1315 3584 1556 3652 fuerim
1591 3592 1667 3650 ut
1699 3606 1805 3651 me
1839 3584 2084 3670 absque
2123 3584 2410 3668 periculo
2444 3605 2598 3651 cum

688 3673 908 3774 omine
970 3672 1384 3773 inconstante
1440 3678 1522 3772 et⁸
1563 3692 1755 3737 verae
1809 3670 1963 3737 fidei
2006 3669 2401 3757 abnegatore
2447 3689 2597 3738 ver-

637 3780 853 3913 aeuit
894 3842 1020 3912 boc
1057 3759 2320 3927 dfffflgffiuiuffitffrzgnffiznsiffi
2331 3756 2597 3908 vagg-u

636 3951 836 4016 quam
899 3930 1072 3998 bona
1135 3928 1264 3995 fide
1326 3929 1700 3996 recitaverit
1759 3949 1928 4013 quae
1993 3928 2168 3994 inter
2234 3947 2355 3994 nos
2411 3935 2600 4012 gesta

637 4024 824 4095 sunt,
884 4015 964 4082 de
1019 4023 1156 4081 toto
1216 4015 1356 4081 eius
1398 4015 1642 4098 scripto
1687 4015 1930 4082 rectius
1972 4012 2262 4080 iudicare
2350 4033 2596 4092 ossum,

638 4124 835 4187 quem
881 4109 1090 4168 totum
1126 4099 1450 4167 similibus
1485 4100 1817 4186 figmentis
1852 4107 2156 4168 constare
2200 4099 2292 4163 mi
2346 4099 2360 4113 ’
2402 4098 2598 4182 plane

639 4188 954 4274 persuasi.
1038 4184 1234 4268 Quod
1275 4186 1335 4252 si
1379 4184 1546 4252 nibil
1592 4186 1864 4272 gravius
1920 4185 2156 4252 afferat
2194 4205 2393 4268 quam
2437 4205 2598 4268 pau·

638 4274 792 4342 cula
833 4294 1001 4358 quae
1043 4270 1128 4339 ad
1183 4291 1304 4339 nos
1359 4272 1596 4339 misisti
1653 4271 1812 4338 folia
1853 4272 2226 4349 continent,
2285 4269 2600 4355 indignus

639 4370 742 4429 est
783 4360 890 4427 cui
934 4357 1438 4443 respondeatur,
1483 4368 1553 4423 et
1594 4364 1865 4443 propter
1905 4377 2102 4441 quem
2145 4358 2357 4425 bonae
2400 4354 2601 4422 borae

640 4445 815 4513 male
856 4445 1276 4514 collocentur.
1369 4443 1580 4511 Video
1645 4444 1824 4511 enim
1891 4444 2036 4528 pios
2101 4441 2403 4508 homines
2468 4441 2602 4507 iam

641 4529 889 4599 dudum
950 4532 1319 4599 satietatem
1372 4530 1621 4615 cepisse
1679 4529 2179 4596 contentionum
2214 4548 2380 4612 quae
2424 4527 2602 4591 inter

640 4615 867 4685 doctos
922 4617 1055 4683 iam
1100 4616 1352 4701 aliquot
1395 4636 1602 4683 annos
1648 4623 1983 4693 arserunt,
2038 4621 2107 4680 et
2151 4620 2216 4680 te
2261 4613 2407 4698 plus
2451 4632 2602 4698 pro·

641 4704 966 4771 recturum
1034 4710 1194 4787 puto
1260 4702 1317 4769 si
1380 4701 1639 4769 omissis
1705 4700 1952 4768 rabulis
2015 4698 2234 4767 studia
2296 4699 2606 4784 graviora

643 4790 1008 4856 continues.
1077 4787 1295 4854 Audio
1341 4796 1564 4854 tamen
1613 4785 2012 4853 Belduinum
2052 4807 2203 4853 cum
2243 4783 2605 4851 Cassandro

645 4876 924 5026 muililifica
964 4872 1283 4958 quaedam
1318 4871 1403 4940 de
1445 4872 1907 5023 ecclesiastibus¹
1947 4870 2411 5022 tradidi-:nibus
2452 4889 2605 4997 pno-

645 4966 676 5025 t
750 4962 874 5027 ‘sse
934 4960 1003 5025 in
1051 4979 1220 5025 nova
1263 4980 1460 5043 quam
1505 4980 1717 5042 nuper
1759 4979 1796 5025 e
1843 4958 1864 5023 i
1909 4964 2104 5024 erunt
2227 4955 2494 5040 rragine
2544 4961 2602 5032 ):

855 5250 917 5385 ἓξ
949 5250 1034 5376 {33
1071 5248 1285 5373 fag-u,
1320 5247 1701 5317 ῑκαᾱιιαωια
1744 5246 2065 5303 mama
2101 5244 2137 5317 ψ
2177 5245 2328 5301 1565.

2141 390 2673 461 EPISTOLAB
2714 396 3143 460 40⁷0-4072

4513 393 4611 457 240

2572 667 2587 680 ⁸
2696 581 2812 648 ubi
2844 583 3141 649 fortassis
3172 582 3548 667 argumenti
3580 582 3939 649 necessitas
3969 578 4327 665 postulabit
4360 585 4438 645 ut
4474 579 4615 663 ipso-

2696 689 2847 734 rum
2910 668 3314 753 imposturae
3376 671 3621 754 scripto
3684 667 3904 753 aliquo
3978 667 4169 752 gravi
4234 664 4616 750 detegantur.

2695 752 2934 836 Quoad
2968 776 3125 822 vero
3160 753 3511 821 verborum
3542 753 4101 831 commutationes,
4138 756 4392 818 norunt
4422 769 4619 817 omns·

2695 838 2853 906 boni
2907 842 3057 925 quis
3098 839 3296 922 Bm,
3354 840 3502 923 quis
3542 841 3705 906 item
3746 837 4120 907 Baldm‘m
4160 838 4267 904 sit.
4352 834 4464 902 De
4504 833 4623 902 ὦ

2695 947 2833 993 non
2874 935 2979 994 est
3019 924 3196 1011 quod
3246 924 3513 993 solliciti
3552 926 3792 1006 dmus,
3844 924 3959 1009 qni
4010 924 4270 990 animos
4322 941 4481 989 suos
4532 919 4621 988 ad·

2694 1034 2929 1079 versus
2970 1012 3274 1079 veritatis
3314 1010 3677 1079 doctrinam
3718 1011 3853 1077 iam
3894 1008 4152 1095 pridem
4192 1007 4623 1075 obfirmat-unt.

2696 1098 3042 1165 Fruantur
3102 1097 3204 1164 illi
3265 1119 3535 1165 suorum
3586 1102 4154 1182 propugnatorum
4196 1093 4627 1160 maledicenti·

2694 1192 2762 1250 et
2802 1184 3137 1252 conviciis.
3204 1182 3343 1251 Nos
3384 1203 3735 1268 pergamus
3760 1182 4037 1249 Domini
4077 1204 4122 1247 n
4246 1179 4419 1246 tium
4458 1198 4628 1264 agere

2693 1270 2808 1355 qui
2861 1269 3205 1337 ecclesiam
3260 1290 3449 1335 suam
3502 1269 3731 1337 invitis
3781 1267 4087 1335 omnibus
4145 1267 4160 1281 '
4221 1264 4238 1280 ⁶
4334 1263 4631 1331 adversus

2694 1355 2872 1440 ipsas
2908 1376 2998 1438 qu
3084 1377 3167 1422 ue
3208 1354 3572 1422 inferorum
3616 1361 3840 1439 portas
3883 1352 4195 1420 tuebitur.

3108 1441 3122 1456 ⁶
3170 1492 3188 1520 ‚
3252 1462 3340 1507 ne
3395 1461 3620 1508 coram
3683 1449 3918 1507 senatu
3970 1435 4329 1505 Basiliensi
4384 1453 4631 1504 causam

2693 1527 2971 1606 diceret,
2995 1531 3052 1606 ⁴)
3117 1526 3204 1593 ad
3268 1525 3809 1593 Rhadamantum
3870 1522 4285 1609 provocavit,
4349 1519 4633 1606 quamvis

2693 1612 2863 1680 nihil
2917 1612 3196 1697 periculi
3252 1619 3399 1678 erat
3450 1610 3628 1712 apud
3686 1632 3798 1678 eos
3840 1630 4121 1696 quorum
4160 1606 4387 1675 oeulos
4442 1605 4635 1690 hypo-

2693 1698 2847 1767 crisi
2888 1719 3014 1765 sna
3054 1697 3219 1765 adeo
3262 1695 3670 1781 perstrinxit,
3714 1711 3789 1762 ut
3829 1718 3914 1763 ne
3956 1715 4136 1761 nunc
4168 1691 4437 1779 quidem
4476 1691 4635 1757 illins

2694 1783 3185 1868 improbitatem
3232 1803 3589 1869 agnoscere
3633 1781 3865 1851 velint.
3954 1781 4167 1846 Aiunt
4208 1777 4495 1846 Polonos
4536 1797 4636 1843 no-

2695 1870 2859 1938 biles
2902 1870 3016 1952 qni
3058 1870 3195 1937 illic
3236 1876 3399 1936 sunt
3438 1870 3499 1935 ei
3543 1873 4043 1936 monumentum
4082 1871 4545 1949 sumptuosum
4580 1871 4637 1928 et

2696 1956 3121 2042 magnificum
3164 1975 3419 2042 parare.
3436 1956 3497 2035 ὅ)
3582 1954 3811 2020 Etiam
3867 1950 4254 2037 epicedium‚
4296 1949 4405 2018 vel
4446 1949 4637 2033 epita·

2696 2042 2930 2127 phium
2982 2042 3222 2126 potius,
3279 2047 3606 2125 poetastro
3645 2037 3931 2124 quodam
3988 2046 4215 2104 autore
4258 2057 4343 2102 ex
4393 2034 4639 2119 oport-u·

2696 2128 2963 2195 officina
3003 2126 3333 2212 prodiit,⁰)
3376 2147 3507 2211 quo
3540 2126 3816 2192 mirifice
3848 2121 4349 2191 commendatur
4380 2128 4451 2186 et
4480 2120 4637 2187 einn-

2695 2211 2849 2280 dem
2891 2212 3252 2280 adversarii
3307 2232 3441 2278 non
3498 2211 3773 2279 obscure
3876 2216 4238 2295 unguntur.
4325 2207 4431 2274 De
4469 2204 4639 2274 vobis

2697 2296 3217 2452 etanpritrziisall).
3245 2296 3506 2366 Calvino
3537 2317 3777 2365 corvus
3819 2232 3932 2363 ille
3965 2291 4351 2379 sepulcralis
4383 2293 4479 2360 sic
4511 2311 4635 2358 cro·

2697 2408 2759 2454 ci
2900 2407 2972 2451 m
3040 2408 3076 2451 r
3181 2404 3273 2450 ia:

2906 2505 3149 2558 Tandem
3183 2502 3461 2558 cniusdam
3496 2501 3751 2572 quoniam
3784 2502 3930 2555 mala
3963 2505 4175 2555 structa
4206 2499 4451 2565 tinch-t,

3008 2572 3143 2627 Cum
3178 2589 3288 2642 qno
3322 2572 3536 2639 relligio
3571 2585 3683 2624 non
3716 2578 3842 2625 erat
3872 2587 3985 2624 nna
4016 2570 4141 2638 sibi,

3235 2641 3398 2711 liquit
3430 2639 3567 2693 fines
3603 2643 3664 2693 et
3693 2638 3861 2692 limen
3894 2654 4122 2693 avarum

3056 2710 3447 2779 entonicaeqne
3482 2709 3637 2762 venit
3669 2723 3880 2777 pauper
3913 2707 3971 2760 in
4007 2723 4143 2762 arva
4174 2705 4383 2777 plagae.

2703 2837 2772 2896 et
2811 2836 3085 2895 caetera.
3172 2828 3328 2928 Scio
3369 2826 3758 2910 elephantos
3802 2836 3870 2893 et
3909 2826 4135 2893 leones
4176 2843 4440 2925 muscae
4480 2843 4633 2923 mor·

2701 2937 2880 3068 3331
2891 2914 3476 3067 ⁰31⁰...mm1323
3478 2912 4112 3081 ¹⁰...D3353fifi2‘z‘33
4154 2910 4631 3080 ἱῖἲῗέῗωρἛ

2700 3088 2956 3171 patriae
2997 3096 3079 3163 et,
3106 3086 3445 3170 religionis
3501 3083 3761 3151 foedera
3799 3083 4315 3151 coniunctissimi
4359 3102 4501 3149 oese
4538 3080 4631 3146 ds-

2700 3173 2961 3240 bebant.
3032 3172 3306 3238 Rectius
3360 3171 3658 3237 fortassis
3715 3171 3975 3255 sapient
4017 3170 4132 3237 ubi
4174 3190 4308 3234 non
4350 3168 4495 3233 sine
4531 3166 4627 3232 ali-

2699 3278 2829 3342 quo
2884 3256 3173 3343 periculo
3237 3256 3684 3322 intellexerint
3738 3265 4065 3339 quantum
4123 3254 4285 3339 ipsis
4348 3251 4627 3319 infamias

2697 3342 2874 3429 apud
2915 3353 3181 3410 exteros
3225 3343 3333 3408 isti
3376 3340 3676 3408 homines
3723 3341 4003 3425 pariant.

2870 3429 3054 3495 Haec
3108 3427 3300 3494 modo
3358 3426 3443 3493 ad
3496 3436 3563 3493 te
3620 3425 3777 3493 dare
3832 3425 4053 3505 libuit,
4118 3423 4524 3492 observande
4570 3424 4625 3488 in

2698 3514 2969 3582 Obristo
3012 3514 3244 3593 frater,
3301 3512 3609 3596 inprimis
3661 3533 3808 3579 eam
3850 3511 3936 3578 ob
3979 3531 4245 3578 cauam
4289 3518 4369 3576 ut
4418 3508 4625 3576 intelli·

2698 3621 2888 3686 geres
2914 3620 3111 3684 quam
3151 3601 3415 3684 egregie
3449 3598 3624 3682 apud
3659 3619 3781 3664 nos
3814 3617 4072 3681 quoque
4103 3596 4477 3679 impositam
4508 3594 4625 3669 sibi.

2698 3693 2817 3752 aut
2857 3687 3088 3786 'potius
3142 3693 3378 3768 sponte
3434 3692 3835 3766 susceptam,
3894 3702 4245 3766 personam
4290 3680 4629 3747 Balaam

2697 3779 2954 3923 egenfn
2999 3856 3363 3923 Germania
3419 3861 3639 3920 motus
3691 3854 4014 3920 timentur
4069 3874 4327 3939 graves,
4382 3859 4451 3920 et
4498 3848 4625 3935 quid

2700 3944 2909 4008 nostri
2953 3942 3155 4009 vicini
3208 3942 3279 4007 in
3338 3941 3557 4007 animo
3601 3939 3889 4006 babeant
3941 3940 4305 4025 ignoratur.
4386 3938 4625 4005 Glare-

2700 4048 2936 4094 norum
2982 4048 3179 4094 causa
3223 4027 3542 4094 hactenus
3600 4046 3921 4108 suspensa
3977 4027 4147 4092 serio
4204 4027 4337 4090 iam
4396 4024 4498 4109 agi
4546 4022 4625 4086 in·

2700 4114 2892 4267 gipgt,
2916 4118 3213 4265 ⁷)Nquae·
3267 4112 3397 4179 nisi
3461 4112 3658 4263 fingffi
3731 4112 4050 4177 sortiatur
4086 4110 4368 4264 glum
4412 4106 4627 4259 “umbem-

2702 4208 2900 4365 1ξαίιεῖ
2936 4287 3027 4350 mi
3056 4206 3504 4351 Zebtglerefflgs
3518 4207 3938 4361 fratggtcffin
3964 4206 4110 4349 ξω
4143 4216 4627 4367 affigat-m

2703 4378 2772 4438 et
2814 4370 3097 4436 fratrum
3138 4376 3347 4437 coetu.
3430 4368 3681 4454 Tiguri.

2907 2640 3010 2696 Sus

2911 4572 3525 4643 4)1mov.N.4046.

2911 4644 2974 4773 ἓξ
3014 4642 3392 4767 ιζΝῗέἑῗξὸῒ
3420 4640 3680 4696 ww
3720 4639 4129 4711 ⁸ffl⁹²·⁸⁰·

2914 4779 3530 4847 DPonieNom
3573 4777 4145 4834 taunaco-aeneo
4194 4777 4627 4853 acaci-‚trac-

2705 4850 3076 4932 tarieoepn't.
3167 4846 4629 4918 Hincnostraneodenillotenpoeuuqt-

3478 5192 3883 5207 ψ
