4900 6125
602 391 722 453 271

600 576 898 642 virorum
962 570 1240 638 aliarum
1301 569 1648 636 nationum
1715 569 2110 637 testimoniis
2153 572 2254 638 uti
2307 573 2380 637 in
2433 572 2561 640 hac

600 681 803 729 causa
843 662 1072 727 contra
1122 655 1245 722 hos
1303 655 1605 722 hominos
1647 654 1818 721 nihil
1861 655 2146 739 prodest,
2212 678 2415 742 quum
2459 658 2561 742 ip-

601 766 752 813 sum
794 742 1265 828 Augustinum,
1310 740 1467 892 (auia
1508 762 1643 806 non
1683 740 1809 807 fuit
1845 742 2244 823 Germanus,
2290 764 2376 810 ex
2409 765 2562 828 pro-

599 834 769 899 fesso
833 829 979 897 sine
1037 826 1170 894 ullo
1227 847 1319 911 pu
1365 846 1480 893 ore
1543 825 2066 912 impugnandum
2132 830 2559 914 susceperint.

602 916 822 985 Causa
874 934 1032 980 vero
1089 922 1315 980 nostra
1370 913 1442 978 in
1485 932 1562 979 eo
1606 922 1707 979 est
1748 923 1928 980 statu
1971 924 2050 980 ut
2092 914 2409 982 damnare
2452 936 2561 982 me

599 1000 1048 1155 ..flamm
1093 1000 1260 1151 ..
1267 998 1541 1151 ΠΨ
1578 998 2564 1169 ωιᾛτιᾛ

594 1170 1254 1259 Heidelbergensium
1290 1179 1360 1236 et
1393 1170 1976 1270 Marpurgensium
2025 1193 2194 1257 quae
2234 1172 2561 1256 superiori

597 1268 844 1327 aestate
902 1258 1274 1333 attuleram,
1339 1278 1551 1339 nuper
1615 1266 1813 1323 etiam
1878 1257 2069 1324 attuli
2139 1257 2221 1324 ab
2286 1258 2562 1327 ecclesia

593 1344 1055 1429 Scaphusiana
1113 1344 1192 1409 'ri
1325 1344 1339 1357 ⁹
1489 1352 1556 1408 et
1606 1342 1980 1423 Basiliensi,
2047 1344 2207 1410 item
2265 1345 2562 1430 privatas

593 1430 1007 1516 quorundam
1051 1430 1207 1497 theo
1233 1448 1507 1514 ogerum
1554 1428 1862 1512 epistolas
1905 1429 2144 1513 quibus
2195 1429 2561 1499 doctrinam

594 1528 890 1584 nostram
932 1517 1228 1601 probant.
1303 1513 1486 1597 Quin
1530 1524 1599 1613 et
1641 1512 1970 1595 Brentius,
2059 1516 2129 1582 ui
2174 1517 2418 1602 alioqui
2452 1538 2560 1582 me

593 1612 888 1756 ffioegoeald
927 1623 1290 1756 ιέἰῗηηίαω
1332 1622 1559 1752 111288
1603 1620 1902 1770 scriplsitn
1911 1698 1987 1752 ut
2021 1601 2343 1756 ἰῦηιὲᾱειέῗιιε
2362 1611 2560 1754 2132,

597 1775 946 1842 haereseos
990 1775 1263 1841 crimine
1305 1793 1426 1857 ego
1467 1782 1531 1838 et
1577 1771 1877 1838 doctrina
1919 1780 2150 1841 nostra
2182 1773 2556 1842 liberemur.

769 1945 878 2013 Ad
921 1967 1041 2014 vos
1084 1944 1541 2012 lubentissime
1584 1942 1811 2009 multis
1848 1942 1929 2009 de
1963 1945 2175 2011 causis
2210 1945 2557 2013 venissem.

595 2031 737 2100 Sed
794 2031 1081 2116 primum
1140 2030 1586 2115 longinquitas
1641 2038 1711 2096 et
1753 2027 2106 2097 difficultas
2151 2031 2409 2097 itineris
2452 2053 2561 2099 me

596 2117 903 2185 retinuit:
983 2114 1220 2182 deinde
1285 2136 1486 2199 quum
1551 2114 1698 2180 ideo
1764 2116 1894 2180 mei
1961 2114 2322 2183 adversarii
2389 2117 2561 2184 hanc

595 2202 965 2272 doctrinam
1007 2202 1353 2270 haereseos
1396 2198 1730 2278 damnent,
1795 2210 1872 2265 ut
1913 2203 2060 2282 scis,
2118 2201 2291 2287 quod
2335 2200 2571 2269 dicant

600 2311 748 2356 eam
792 2310 935 2356 esse
978 2310 1062 2356 ex
1110 2288 1362 2355 Caluini
1405 2286 1594 2351 libris
1635 2285 2053 2369 desumptam
2087 2300 2156 2353 et
2190 2308 2299 2355 me
2333 2310 2561 2356 omnes

595 2398 780 2442 meas
825 2376 1134 2442 haereses
1187 2396 1269 2439 ex
1333 2370 1595 2437 Calvino
1638 2371 1916 2452 suxisse,
1979 2374 2196 2457 cogita
2236 2382 2561 2457 quantum

595 2462 766 2528 mihi
811 2462 1006 2527 istius
1048 2459 1358 2528 ecclesiae
1402 2456 1854 2523 testimonium
1897 2458 2263 2541 profuisset.
2335 2461 2561 2545 Atque

597 2548 763 2615 haec
819 2555 921 2614 est
971 2566 1172 2615 causa
1226 2564 1346 2609 cur
1399 2563 1612 2625 neque
1666 2563 1785 2625 per
1840 2540 2068 2610 literas
2111 2546 2561 2612 testimonium

599 2631 684 2700 ab
741 2634 871 2700 ista
911 2631 1186 2701 ecclesia
1227 2628 1578 2713 postulavi,
1622 2627 1779 2711 quia
1822 2626 2121 2696 homines
2161 2631 2448 2716 imperiti
2493 2642 2561 2697 et

594 2719 940 2787 molosiam
995 2732 1066 2783 et
1118 2716 1455 2782 hominem
1511 2711 1811 2793 oderunt,
1876 2714 2212 2782 hominem
2266 2718 2557 2801 inquam,

599 2803 792 2872 illum
826 2826 1022 2889 quem
1064 2799 1425 2870 doctissimi
1460 2805 1529 2865 et
1562 2798 1838 2883 piissimi
1907 2801 2104 2885 nique
2149 2800 2561 2869 admirantur

597 2900 796 2975 atque
841 2889 1230 2973 suscipiunt,
1297 2900 1365 2953 et
1406 2904 1534 2968 quo
1578 2884 1763 2950 Deus
1806 2819 1904 2949 aa?
1935 2893 2188 2952 tantam
2231 2888 2560 2973 evangelii

600 2999 718 3063 per
775 2985 981 3042 totum
1028 2974 1254 3041 orbem
1299 2980 1626 3038 terrarum
1668 2971 2209 3071 propagationem
2254 2996 2415 3041 usus
2459 2983 2560 3041 est

600 3073 670 3128 et
735 3063 948 3129 utitur
1016 3067 1464 3128 exsecrantur.
1555 3053 1617 3122 Ο
1670 3054 1902 3122 mundi
1967 3058 2556 3145 ingratitudinem!

775 3237 1217 3319 Argentorato
1262 3232 1363 3295 29.
1407 3227 1704 3295 Ianuarii
1759 3231 1939 3293 1662.

1495 3839 1693 3912 tvos.

852 3986 1208 4056 GALVIN
1252 3977 1794 4078 Awmmsn
1839 3995 1965 4062 ns
2009 3993 2312 4063 stols,

775 4157 878 4223 La
1255 4164 1269 4177 ‘
1317 4165 1484 4284 2¹³³
1526 4167 2254 4248 mokmpasieur.¹)

1043 4293 1066 4312 C

1021 4355 1029 4366 ¹
1067 4349 1122 4384 νε
1331 4357 1340 4367 ·
1413 4375 1422 4386 .

600 4417 2278 4493 8708.1)Lecontenudeeeuelettrenepamitpas
2440 4424 2566 4479 ooe‘r

599 4487 910 4542 eaeooraer
956 4501 1089 4569 avec
1132 4489 1209 4542 les
1254 4488 1492 4544 denudes
1545 4491 1613 4546 de
1652 4491 1843 4546 l’Hs‘et.
1887 4491 2008 4548 secl.
2056 4493 2158 4564 qm·
2209 4490 2295 4547 aa
2326 4439 2564 4548 &1483

601 4558 735 4636 ᾼιιι.
773 4555 1100 4611 Chauorner
1134 4557 1218 4610 dit
1253 4560 1663 4630 Desmerenges,
1711 4562 1805 4630 qui
1853 4560 2004 4615 svoit
2039 4561 2168 4629 long
2201 4567 2382 4632 temps
2417 4564 2563 4617 servi

598 4641 662 4679 es
695 4633 871 4679 terres
913 4626 983 4679 de
1019 4627 1219 4695 Berne,
1261 4627 1346 4681 fut
1388 4629 1596 4699 envoye'
1630 4646 1700 4682 su
1748 4632 1885 4684 mois
1920 4629 2130 4684 d'Avril
2178 4627 2316 4684 1558
2358 4631 2393 4684 fi
2425 4648 2563 4685 ceux

597 4693 670 4747 de
709 4694 860 4774 Blois
895 4711 1035 4763 pour
1069 4695 1326 4777 succedet:
1370 4700 1405 4752 a
1437 4697 1510 4750 du
1547 4697 1680 4751 Gne.
1769 4698 2019 4779 If’ssglise
2065 4699 2222 4752 alloit
2265 4700 2334 4753 de
2379 4701 2563 4754 mienx

597 4779 670 4884 a
687 4763 1416 4889 ..maumam
1431 4782 1499 4888 ⁰3»
1521 4767 1992 4905 ...mama
2009 4782 2348 4891 ·„'·⁰·÷....5:{
2415 4770 2567 4902 ..¹:2¹1

599 4915 810 4954 comme
844 4909 1012 4971 ayant
1045 4902 1098 4956 le
1132 4903 1220 4956 lan
1387 4903 1510 4973 plus
1540 4903 1706 4958 frisnt
1726 4921 1832 4973 que
1851 4905 1930 4958 les
1965 4911 2167 4970 autres,
2204 4904 2406 4960 seirent
2441 4915 2565 4964 tent

598 4984 709 5034 que
743 4986 880 5023 ceux
914 4970 983 5023 de
1018 4970 1192 5026 Tours
1239 4921 1291 5026 fe
1333 4972 1453 5026 leur
1501 4980 1811 5041 pre-terent
1863 4989 2004 5094 ΕΜ·
2046 4971 2082 5027 3
2117 4974 2270 5040 mois,
2323 4992 2393 5028 en
2442 4977 2563 5031 leur

599 5047 872 5107 envoyant
923 5039 1318 5109 Desmerenges
1368 5057 1438 5095 en
1488 5057 1551 5093 sa
1603 5041 1774 5109 place.
2001 5041 2205 5096 Plessis
2257 5049 2442 5098 esunt
2494 5063 2563 5100 en

601 5107 846 5160 mannis
889 5124 1142 5179 mesu-ge
1186 5126 1321 5164 avec
1356 5127 1419 5163 ss
1450 5108 1647 5162 femme
1693 5110 1788 5179 qui
1832 5125 1902 5164 ne
1951 5119 2140 5165 vescnt
2257 5129 2378 5168 eres
2430 5131 2565 5169 avec

601 5172 694 5243 luy
729 5177 764 5229 i
797 5175 962 5240 Blois,
995 5177 1185 5232 tasch-
1217 5177 1422 5232 d'svoir
1454 5194 1523 5232 en
1560 5195 1612 5231 m
1683 5178 1694 5190 '
1847 5194 1954 5232 une
1999 5179 2110 5234 flue
2210 5198 2282 5236 un
2329 5183 2564 5238 sdvocst

599 5241 672 5294 de
707 5241 856 5297 Blois
889 5244 960 5299 de
995 5246 1049 5299 ln
1083 5247 1184 5301 reli
1225 5248 1312 5302 ‘on
1359 5247 1601 5302 romaine
1636 5257 1695 5300 et
1797 5253 1823 5300 t
1853 5249 2131 5303 contrsint
2163 5249 2234 5304 de
2268 5267 2328 5304 se
2363 5253 2564 5308 retirer

601 5309 640 5366 ὲ
685 5310 1031 5368 Harchenoir
1065 5322 1123 5369 et
1219 5331 1563 5386 esmerenges
1609 5321 1869 5370 retourne
1914 5317 1948 5371 ὁ
1984 5318 2154 5374 Blois.
2237 5317 2382 5377 leia
2426 5320 2561 5377 299.-

2110 380 2638 452 EPIS'I'OLAE
2680 387 3106 454 3707--3709

4492 393 4600 456 272

2690 575 2827 631 Bibli
2934 576 4602 636 ‘aodebSomssetedqutfi-AEoueefionflomndo

2714 644 2883 701 illiers
2985 664 3092 703 om.
3145 648 3189 703 1.
3275 649 3569 720 Signatum·
3368 720 3380 732 ι
3619 648 3971 773 sumplis.
4059 648 4333 718 Inprimee‘
4285 646 4296 659 '
4382 646 4511 701 dens
4553 648 4603 702 le

3176 719 3419 773 Bullenn
3455 718 3609 773 Tem.
3642 718 3695 772 X
3829 758 3841 769 .
3878 734 3935 786 p.
3966 715 4114 785 573.)

2666 887 2730 952 Δ
2772 906 2894 954 nos
2937 885 3265 954 treschers
3324 888 3688 1038 seigneffis.
3720 894 3789 951 et
3831 885 4036 952 freres
4090 883 4172 952 de
4228 884 4495 973 l’Eglise
4534 888 4607 954 de

3629 993 3742 1038 ois.

2836 1144 3193 1212 Treschers
3258 1145 3602 1230 seigneurs
3680 1153 3749 1209 et
3828 1144 4063 1223 freres,
4146 1142 4442 1211 combien
4496 1164 4610 1228 que

2664 1250 2830 1296 nous
2892 1250 3097 1298 avons
3153 1231 3404 1316 grande
3469 1230 3677 1296 disete
3742 1229 3825 1295 de
3890 1250 4056 1315 gens
4119 1250 4395 1314 propres
4430 1250 4613 1381 ¹ppei·

2664 1316 2892 1382 suffire
2936 1324 2979 1382 a
3034 1317 3100 1383 18
3142 1317 3386 1401 charge
3430 1315 3823 1384 d’annoncer
3880 1316 3946 1380 la
4000 1314 4248 1399 parollc
4305 1312 4388 1380 de
4500 1316 4613 1393 ‘eu,

2663 1402 3009 1469 toutesfois
3052 1423 3222 1470 ceux
3302 1403 3369 1468 ui
3415 1402 3681 1469 avoient
3716 1401 3960 1487 charge
4003 1400 4086 1467 de
4129 1400 4423 1469 solicitet
4462 1422 4615 1487 pour

2663 1508 2830 1555 vous
2870 1496 2989 1554 ont
3036 1490 3158 1555 fait
3204 1496 3272 1553 te
3300 1487 3360 1554 le
3405 1486 3727 1573 diligence
3776 1488 3968 1572 qu‘ilz
4012 1508 4099 1554 en
4154 1498 4272 1553 ont
4314 1495 4618 1554 recouvre

2665 1595 2778 1653 un,
2821 1573 3056 1658 lequel,
3092 1574 3276 1642 selon
3308 1595 3436 1658 que
3458 1595 3625 1641 nous
3659 1593 3961 1658 pouvons
3982 1576 4200 1658 juger,
4238 1593 4405 1639 vous
4438 1575 4615 1640 satis·

2662 1659 2837 1728 fera:
2875 1681 2989 1727 car
3029 1680 3200 1727 nous
3234 1661 3488 1726 l'avons
3530 1680 3745 1745 cognu
3782 1659 3864 1725 de
3894 1659 4023 1724 bon
4058 1660 4269 1743 esprit
4301 1670 4369 1725 et
4399 1666 4618 1726 exeret

2663 1767 2748 1811 en
2803 1746 3189 1813 l'Escriture
3245 1747 3475 1823 sainte,
3529 1755 3735 1830 ayant
3787 1766 3991 1829 aussy
4046 1745 4261 1811 bonne
4318 1747 4507 1829 facon
4555 1754 4619 1810 et

2665 1831 2988 1898 dexterite
3025 1832 3107 1898 de
3140 1832 3206 1898 la
3240 1832 3470 1899 traiter
3505 1841 3574 1896 et
3606 1832 3954 1916 appliquer
3988 1838 4026 1897 a
4064 1831 4505 1898 l’instruction
4538 1829 4619 1896 dn

2663 1917 2919 2002 peuple.
3024 1918 3420 2001 Davantage
3472 1917 3521 1982 il
3573 1928 3868 1982 monstre
3936 1917 4125 1982 avoir
4168 1915 4297 1982 bon
4352 1917 4491 1983 zele
4546 1916 4620 1982 de

2662 2003 3056 2088 s’employer
3088 2026 3175 2070 au
3209 2005 3460 2071 service
3504 2002 3585 2068 de
3620 2003 3793 2069 Dieu
3829 2014 3896 2067 et
3939 2001 4021 2069 de
4055 2024 4178 2069 son
4200 2002 4432 2088 Eglise
4474 2021 4621 2069 avec

2662 2089 2997 2155 modestie.
3058 2089 3371 2174 Parquoy
3416 2089 3577 2157 c’est
3618 2096 3661 2154 a
3704 2109 3871 2154 vous
3915 2088 3998 2154 de
4040 2088 4159 2173 luy
4201 2087 4459 2154 donner
4501 2090 4621 2154 bon

2663 2196 2947 2260 courage
2981 2176 3203 2260 quand
3236 2176 3287 2240 il
3322 2195 3521 2240 verra
3553 2195 3674 2241 son
3699 2174 3929 2241 labeur
3967 2174 4292 2240 fructifier
4324 2195 4412 2241 en
4446 2194 4621 2240 vous.

2664 2260 2885 2345 Ainsy
2920 2283 3089 2328 nous
3132 2281 3301 2327 vous
3335 2262 3563 2345 priona
3597 2259 3678 2326 de
3712 2260 3775 2325 le
3802 2260 4097 2327 recevoir
4132 2260 4626 2327 humainement

2662 2356 2733 2412 et
2793 2366 2959 2413 vous
3025 2346 3264 2413 rendre
3339 2346 3582 2413 docilcs
3648 2353 3691 2411 a
3751 2347 3819 2411 la
3883 2344 4177 2413 doctrine
4241 2345 4406 2430 qu’il
4474 2366 4624 2411 vous

2663 2442 2946 2516 portora.
3057 2436 3165 2498 Au
3210 2441 3385 2498 reste
3477 2452 3601 2497 our
3660 2432 3981 2497 l’advenir
4031 2452 4271 2516 penses
4330 2430 4415 2498 de
4472 2432 4626 2497 faire

2662 2518 3000 2602 provision
3046 2528 3115 2584 et
3157 2519 3414 2585 n‘atten
3460 2538 3532 2583 ez
3569 2539 3689 2601 pas
3727 2517 3965 2584 d’estre
4002 2517 4242 2601 fourny
4277 2516 4625 2592 d’ailleurs,

2665 2605 2725 2670 si
2783 2603 2864 2669 de
2917 2612 3140 2670 vostre
3200 2613 3381 2671 coste
3432 2625 3597 2670 vous
3664 2622 3749 2669 ne
3815 2603 4101 2669 taschiez
4158 2603 4416 2669 d'avoir
4472 2622 4626 2689 gens

2664 2689 2946 2773 lesquels
2999 2690 3214 2756 soient
3268 2690 3571 2756 conduits
3637 2689 3719 2755 de
3773 2689 4017 2773 longus
4071 2690 4251 2754 main
4404 2712 4485 2756 ur
4538 2689 4627 2753 les

2664 2782 2907 2841 mettre
2941 2796 3027 2841 en
3069 2797 3313 2842 oeuvre
3347 2776 3529 2842 selon
3573 2775 3640 2840 la
3681 2776 4017 2842 necessite.
4105 2774 4241 2841 Gar
4329 2796 4366 2840 e
4414 2786 4629 2840 nostre

2664 2868 2816 2945 part
2857 2882 3027 2927 nous
3070 2866 3220 2928 n'cn
3267 2882 3564 2945 pouvons
3598 2861 3763 2944 plus.

2839 2945 2977 3014 Sur
3020 2967 3215 3032 quoy,
3270 2945 3600 3013 treschers
3658 2949 4001 3032 seigneurs
4043 2956 4113 3012 et
4156 2945 4385 3025 freres,
4444 2964 4632 3030 apres

2665 3053 2834 3100 nous
2892 3043 3062 3101 estre
3116 3031 3610 3101 recommandes
3668 3040 3713 3100 a
3769 3053 3935 3100 vous
3989 3040 4060 3098 et
4117 3038 4160 3097 a
4207 3053 4325 3099 vos
4384 3033 4632 3099 bonnes

2666 3119 2938 3205 prieres,
2976 3140 3141 3185 nous
3177 3119 3516 3204 supplions
3549 3118 3614 3184 le
3648 3120 3820 3186 Pere
3855 3118 4095 3186 celeste
4131 3138 4294 3185 vous
4338 3121 4519 3186 tenir
4551 3137 4632 3183 eu

2668 3226 2743 3272 sa
2785 3205 3169 3289 protection,
3214 3225 3384 3272 vous
3418 3225 3793 3290 gouverner
3825 3226 3948 3289 par
3976 3225 4097 3270 son
4134 3202 4371 3270 Sainct
4550 3205 4634 3269 rit

2666 3301 2737 3358 et
2779 3293 3134 3359 accroistre
3176 3313 3263 3359 en
3307 3299 3452 3357 tout
3485 3291 3655 3358 bien.

2670 3379 2810 3443 vier
2854 3382 3037 3444 1562.
3058 3380 3116 3456 2)

3748 3290 3839 3356 Le
3882 3290 4318 3374 penultiesme
4351 3289 4440 3357 de
4604 3322 4633 3337 -

3496 3515 3739 3579 Vostre
3771 3512 4041 3580 humble
4081 3513 4256 3579 frere

3214 3599 3425 3667 Iehan
3468 3597 3707 3668 Calvin
3747 3619 3918 3684 pour
3959 3599 4027 3665 18
4063 3597 4518 3684 Oompaignie.

2668 3896 2722 3948 le
2756 3894 2842 3949 81.
2877 3894 3001 3948 Oet.
3041 3892 3178 3947 1559
3212 3893 3377 3946 Desm

2667 4168 3026 4293 suffe-‚tant
3056 4167 3245 4249 tonihe
3280 4173 3439 4222 entre
3471 4168 3555 4249 ¹⁰?
3588 4167 3764 4222 mains
3785 4165 3885 4220 des
3920 4165 4165 4220 ennemis
4199 4181 4361 4235 apres
4400 4165 4459 4220 la
4492 4166 4637 4236 prise

2666 4238 2737 4292 de
2861 4238 2991 4291 ville
3026 4252 3095 4290 en
3121 4237 3307 4306 juillet
3342 4234 3482 4289 1562
3516 4237 3557 4289 il
3591 4235 3675 4289 snt
3709 4234 3948 4316 penda..
3992 4232 4239 4316 {Yam-bs
4271 4234 4392 4289 cela
4426 4235 4475 4288 a
4506 4249 4633 4288 ει·-

2665 4305 2918 4443 bleta-fg
2939 4305 3259 4443 mlx:
3287 4305 3451 4429 ‘310oe
3483 4373 3623 4429 n'm't
3663 4388 3733 4427 eia
3764 4304 4039 4440 lgm-n
4073 4302 4356 4426 summ
4388 4305 4637 4428 augg

2666 4445 2895 4500 κὲααιε.
2978 4443 3076 4497 Es
3123 4447 3580 4525 mennatum
3626 4439 4195 4512 lemannum
4241 4440 4365 4495 doit
4412 4441 4635 4497 &ess

2666 4519 2826 4568 we
2857 4528 2963 4647 Ἐξ
2986 4511 3225 4635 m
3258 4510 3771 4636 aewRecenee
3823 4585 3882 4632 et
3925 4596 3960 4630 s
3998 4593 4268 4647 prouvees
4314 4585 4378 4657 et
4419 4578 4475 4631 le
4521 4575 4637 4632 diet

2665 4649 3015 4732 Jsoqtnesodn
3048 4649 3252 4731 PJoesis
3284 4665 3452 4731 recen
3480 4649 3731 4730 ministre
3776 4664 3857 4728 en·
3894 4595 4115 4728 l’EPglise
4148 4646 4218 4701 de
4255 4646 4410 4701 Blois
4448 4663 4551 4727 ραι·
4581 4645 4633 4698 le

2665 4725 2989 4774 consistoire
3023 4718 3231 4772 d’icells
3267 4719 3321 4773 le
3355 4736 3481 4772 xm·
3507 4734 3637 4787 Jour
3670 4716 3881 4772 d’Avril
3916 4716 4021 4770 l'sn
4056 4733 4184 4784 cinq
4219 4723 4351 4771 cent
4384 4721 4635 4770 unni·

2664 4788 2828 4842 deux.
2898 4787 3125 4857 Mangot
3159 4805 3229 4840 su
3265 4803 3393 4841 nom
3427 4786 3497 4841 de
3532 4793 3675 4842 tom.
