4900 6125
614 364 740 427 367

607 551 770 629 111111,
853 547 1056 614 adiuti
1102 547 1407 616 videlicet
1448 569 1648 635 opera
1689 549 1975 634 Hispani
2017 558 2087 614 et
2123 546 2449 631 pontificis
2492 555 2559 611 et

607 633 1016 721 quorundam
1061 635 1343 700 aliorum
1387 635 1681 701 hostium
1722 656 1892 702 evan
1980 633 2070 699 lii.

780 721 886 786 De
939 719 1425 788 conditionibus
1481 721 1668 786 liberi
1726 742 1847 787 con
1891 721 1905 733 ’
1941 721 1978 735 ”’
2001 724 2058 800 ⁶²)
2125 729 2237 783 tua
2280 717 2560 801 legimus

607 809 681 872 in
726 817 912 873 coetu
955 807 1257 886 fratmm,
1300 825 1425 872 nec
1467 808 1838 889 improbare
1878 827 2240 891 possumus.
2305 803 2562 869 Nihilo-

606 894 831 960 minus
873 891 1191 976 quaedam
1235 894 1741 975 conscripsimus
1784 903 1852 958 et
1895 893 1914 955 i
1964 893 2040 970 si,
2067 893 2122 974 ⁸)
2171 890 2433 955 missuri
2478 889 2561 954 ad

608 989 676 1044 te
719 979 933 1062 prima
988 998 1245 1062 quaque
1301 979 1807 1063 opportunitate.
1994 977 2310 1042 nferimus
2350 973 2564 1040 adhuc

606 1085 688 1130 ea
729 1064 814 1129 de
856 1085 929 1129 re
971 1084 1122 1130 cum
1167 1065 1560 1148 magistratu
1605 1075 1844 1129 nostro.
1925 1063 2202 1129 Interim
2245 1064 2438 1126 mitto
2478 1061 2563 1126 ad

607 1159 677 1217 te
710 1150 824 1215 lib.
865 1155 900 1213 2
940 1149 1021 1215 de
1043 1150 1359 1216 Consiliis
1394 1171 1435 1215 a
1470 1170 1576 1216 me
1598 1150 1902 1236 vulgatos
1922 1169 2099 1215 anno
2126 1148 2478 1231 superiore.
2503 1149 2562 1228 ⁹)

606 1236 681 1302 Is
724 1235 888 1302 liber
943 1251 1045 1302 est
1088 1257 1283 1319 quem
1328 1246 1721 1302 accusarunt
1761 1235 2279 1319 Quinquepagici
2323 1233 2396 1297 in
2440 1254 2561 1316 pu-

610 1322 797 1389 blicis
861 1321 1144 1388 comitiis
1210 1321 1353 1386 dira
1409 1321 1576 1386 mihi
1633 1322 1976 1386 minantes.
2003 1323 2089 1397 ¹⁰)
2171 1319 2307 1385 Sub
2361 1320 2562 1384 finem

608 1408 858 1474 dissero
916 1406 999 1472 de
1054 1405 1536 1473 conditionibus
1593 1406 1849 1473 concilii
1904 1406 2110 1473 liberi.
2207 1405 2565 1471 Praeterea

607 1494 806 1562 mitto
843 1493 928 1558 ad
985 1503 1056 1559 te
1111 1493 1397 1558 Brevem
1456 1493 1929 1576 expositionem
1953 1497 2038 1573 ¹¹)
2083 1501 2202 1558 etc.
2289 1490 2421 1555 Illa
2463 1497 2566 1556 est

607 1579 691 1646 de
742 1601 877 1663 qua
928 1579 1066 1644 iam
1122 1579 1381 1663 agimus
1438 1600 1589 1644 cum
1641 1578 2051 1663 magistratu.
2156 1575 2358 1643 Nolui
2415 1598 2562 1642 eam

653 1664 949 1733 ublicari.
1032 1664 1136 1730 De
1179 1686 1311 1748 qua
1349 1685 1423 1730 re
1479 1663 1671 1748 plura
1709 1665 1878 1730 forte
1921 1663 2244 1747 proximis
2285 1662 2563 1728 scribam

639 1752 834 1818 ‘tei-is.
925 1749 1158 1816 Adieci
1219 1751 1324 1816 his
1382 1751 1838 1833 responsiones
1893 1750 2263 1832 principum
2323 1759 2391 1813 et
2433 1749 2563 1813 rei-

652 1835 908 1904 ublicae
986 1837 1586 1919 Argentoratensis,
1689 1837 2134 1902 recusantium
2212 1834 2565 1902 concilium

604 1859 1092 1998 &fidentinum
1138 1921 1196 1987 61
1229 1923 1396 1988 forte
1431 1922 1769 1987 existimes
1812 1942 1891 1987 ea
1925 1919 2232 2004 prodesse
2267 1941 2458 2004 posse
2490 1921 2564 1985 in

779 2092 1084 2160 Procedit
1125 2092 1207 2157 al'
1297 2093 1367 2158 ui
1408 2093 1754 2158 concilium
1799 2091 2234 2176 pertinaciter.
2339 2089 2565 2158 Sessio

613 2186 666 2244 l.
710 2179 940 2246 habita
982 2191 1080 2244 est
1127 2183 1226 2243 26.
1335 2179 1638 2243 ebruarii.
1748 2178 2106 2245 Decretum
2150 2189 2251 2244 est
2294 2188 2372 2241 ut
2409 2176 2564 2242 libri

602 2266 1088 2332 haereticorum
1133 2285 1268 2329 una
1309 2285 1460 2331 cum
1504 2262 2152 2330 condemnationibus
2189 2263 2562 2330 scholarum

601 2352 1056 2437 inspiciantur,
1102 2349 1336 2415 deinde
1382 2362 1700 2415 vocentur
1742 2351 1808 2413 in
1847 2349 2194 2415 concilium
2229 2348 2562 2430 haeretici,

475 2501 486 2516 ,
602 2459 690 2504 116
735 2449 958 2521 postea
1002 2435 1187 2518 queri
1231 2437 1485 2519 possint
1527 2434 1871 2501 damnatos
1915 2455 2058 2500 esse
2097 2456 2232 2501 non
2276 2433 2557 2501 auditos.

600 2522 760 2591 Alia
800 2522 1064 2589 decreta
1105 2531 1208 2586 est
1261 2522 1466 2587 sessio
1517 2527 1611 2585 14.
1657 2520 1842 2587 Maii.
1953 2518 2248 2586 Omnino
2291 2542 2558 2603 persua-

599 2630 754 2676 sum
797 2609 1044 2674 habent
1091 2610 1159 2671 in
1203 2607 1498 2684 concilio,
1544 2606 1898 2673 mittendos
1943 2608 2197 2672 interea
2228 2628 2312 2672 ex
2335 2606 2561 2672 Gallia

599 2694 855 2780 legatos
880 2695 965 2779 ¹²)
1022 2694 1090 2757 in
1151 2693 1515 2771 concilium,
1572 2694 1687 2776 qui
1741 2705 1807 2758 et
1867 2693 1992 2776 ipsi
2053 2693 2189 2757 sint
2241 2713 2363 2758 nos
2405 2712 2561 2758 con·

603 2780 999 2847 demnaturi.
1099 2778 1244 2843 Nisi
1312 2799 1472 2844 vero
1539 2779 1621 2844 ob
1687 2787 1901 2844 certas
1954 2798 2186 2866 causas
2239 2778 2562 2844 Bernates

2123 354 2653 425 EPISTOLAB
2693 357 3123 423 3758—3759

2608 2557 2617 2664 1

2610 2693 2616 2764 l

2611 2801 2617 2850 ἰ

599 2867 1001 2934 sententiam
1047 2863 1127 2930 de
1164 2863 1414 2949 synodo
1449 2877 1834 2942 mutassent,
1881 2885 2012 2928 non
2049 2873 2209 2948 puto
2246 2884 2390 2928 eam
2415 2885 2563 2929 esse
2611 2855 2617 2910 ⁵

599 2953 1021 3019 autoritatem
1089 2971 1304 3016 meam
1368 2971 1535 3032 quae
1601 2952 2035 3015 mutationem
2108 2950 2559 3032 persuasisset.

4466 363 4572 428 368

2660 545 3129 700 ῧῳριὼῆωω
3171 552 3550 613 curaturam
3597 567 3675 612 ea
3717 567 3883 629 quae
3931 547 4167 614 facient
4208 546 4291 613 ad
4332 547 4576 632 gloriam

2729 654 2807 698 61.

2833 718 2979 804 Ego
3022 729 3344 802 quantum
3398 719 3586 802 potui
3641 717 3865 790 obstiti
3930 740 4014 785 ne
4060 726 4402 786 vocaretur
4443 718 4579 787 Cas-

2660 804 2831 883 talio,
2888 815 2959 871 et
3013 816 3175 888 puto
3231 805 3624 889 impetrasse
3674 826 3757 870 ne
3801 815 4082 871 vocetur.
4114 807 4198 890 ¹³)
4284 804 4426 889 Ego
4462 827 4579 871 non

2663 890 2936 973 despero
2981 890 3062 956 de
3104 890 3442 975 religionis
3484 890 3859 958 sincerioris
3901 891 4366 976 propagatione
4397 901 4459 957 et
4488 889 4583 956 de-

2664 977 2959 1042 fensione
3024 998 3141 1060 per
3203 977 3663 1062 magistratum
3728 979 3947 1044 istim).
4045 975 4331 1044 Oremus
4386 977 4585 1042 Domi-

2665 1082 2825 1127 num
2892 1076 2966 1128 ut
3044 1061 3386 1128 benedicat
3462 1064 3520 1127 ei
3598 1076 3664 1129 et
3729 1063 3929 1130 nobis.
4026 1063 4212 1128 Haec
4274 1062 4587 1129 celerrime

2665 1149 2897 1232 scripsi
2954 1149 3025 1213 in
3091 1147 3197 1213 die
3248 1148 3747 1215 resurrectionis
3790 1148 4082 1228 Domini,
4108 1151 4191 1229 ¹⁴)
4235 1169 4431 1231 quum
4471 1150 4587 1213 ism

2664 1235 2905 1301 iterum
2960 1235 3126 1300 mihi
3186 1233 3708 1301 concionandum
3764 1247 3951 1301 esset.
4039 1235 4223 1299 Bene
4280 1233 4424 1299 vale
4457 1254 4590 1299 cum

2664 1319 2969 1386 omnibus
3012 1321 3324 1387 fratribus
3367 1331 3433 1387 et
3472 1319 3663 1387 domo
3704 1333 3836 1387 tua.
3920 1321 4126 1386 Doleo
4160 1340 4320 1386 sane
4356 1331 4588 1385 tannim

2663 1427 3025 1472 moerorem
3070 1408 3187 1472 tibi
3233 1427 3316 1472 ex
3361 1407 3701 1492 privignae
3744 1405 3980 1472 delicto
4022 1405 4383 1472 obvenisse.
4468 1403 4591 1469 Do-

2664 1493 2883 1557 minus
2963 1491 3341 1562 consoletur
3417 1504 3484 1558 te
3549 1502 3617 1558 et
3682 1493 3913 1559 liberet
3978 1502 4044 1557 te
4108 1492 4233 1557 hac
4295 1492 4592 1557 molestia.

2665 1575 2831 1656 Scis,
2876 1580 2969 1643 mi
3014 1579 3235 1656 frater,
3281 1578 3438 1663 quid
3462 1577 3708 1643 Davidi
3754 1579 3897 1644 viro
3940 1575 4298 1645 secundum
4344 1596 4454 1644 cor
4483 1576 4595 1641 Dei

2668 1665 2984 1729 evenerit.
3077 1665 3405 1730 Dominus
3446 1664 3637 1730 Iesus
3680 1662 4021 1731 benedicat
4074 1663 4214 1730 tibi.
4304 1661 4598 1728 Salutant

2666 1759 2731 1814 te
2774 1751 3031 1827 fratres,
3091 1750 3519 1835 singulariter
3574 1757 3793 1815 autem
3851 1752 3980 1815 mei
4024 1770 4271 1816 omnes.
4359 1746 4599 1832 Cupide

2666 1845 2817 1901 tuas
2861 1844 3319 1920 exspectamus
3363 1836 3650 1902 dicturas
3694 1836 3774 1902 de
3820 1836 4015 1902 rebus
4057 1835 4336 1902 Galliae.
4432 1837 4596 1898 1562

3797 1972 4221 2057 Bullingerus
4272 1978 4443 2037 tuus.

3546 2486 3744 2558 3759.

3169 2640 3523 2707 OALVIN
3570 2645 3630 2705 A
3676 2639 4124 2708 DESPREZ.

2845 2811 4617 2895 Repmseelakureeoriteausujetdelaqaemoe

2668 2899 2926 2964 relmive
2968 2919 3057 2963 au
3088 2899 3375 2982 mariaye
3407 2903 3576 2963 entre
3608 2897 3958 2979 wau-frere
4000 2903 4057 2963 et
4088 2897 4465 2964 beno-m.
4490 2899 4540 2978 ¹)

598 3038 832 3121 Neque
897 3057 1054 3104 vcro
1111 3057 1232 3122 080
1291 3034 1424 3102 illis
1480 3035 1587 3102 vel
1643 3035 1820 3101 ⁸¹1⁸&
1877 3035 1986 3101 vel
2040 3034 2319 3102 dissuasi
2374 3034 2563 3119 quid·
2613 3114 2619 3125 .
2667 3071 2888 3139 (copies
2921 3071 3069 3125 nim.
3114 3071 3184 3124 (ιο
3220 3070 3442 3125 seneve
3490 3069 3612 3124 v01.
3662 3068 3774 3123 10⁷.
3821 3070 3859 3125 1.
3911 3068 4031 3123 115.
4100 3070 4197 3123 Aa
4242 3070 4379 3125 aaa.-
4459 3068 4619 3137 Oopio

603 3145 823 3209 quam.
912 3123 1020 3189 Ad
1067 3122 1402 3189 Hallmm
1456 3131 1681 3187 tamen
1737 3122 1974 3205 scripsi
2026 3122 2366 3220 epistolam
2430 3142 2564 3222 qua
2613 3132 2617 3171 ³

600 3231 824 3277 meum
870 3211 932 3275 ei
978 3210 1058 3274 de
1102 3207 1353 3294 synodo
1397 3210 1669 3291 exposui
1714 3207 2049 3285 iudicium,
2094 3229 2171 3273 ac
2202 3216 2379 3273 mter
2412 3208 2563 3287 aha,

600 3298 662 3363 si
705 3317 839 3362 non
895 3297 982 3361 sit
1041 3316 1191 3378 spes
1250 3292 1648 3372 concordiae,
1711 3294 1917 3359 satius
1960 3314 2105 3359 esse
2148 3293 2481 3360 abstinere
2525 3315 2567 3359 a
2614 3362 2619 3375 ,

601 3404 979 3466 congressu,
1053 3402 1136 3446 ne
1195 3382 1420 3465 gravis
1477 3402 1562 3446 ex
1607 3401 1684 3445 eo
1728 3380 2005 3445 offensio
2049 3379 2318 3458 oriatur,
2363 3383 2417 3446 si
2464 3381 2565 3445 in-

601 3470 772 3535 fecta
837 3489 909 3533 re
967 3480 1037 3533 et
1102 3466 1340 3531 animis
1386 3464 1716 3531 distractis
1778 3464 2207 3531 discedamus.
2297 3466 2567 3531 Interea

601 3554 949 3620 consilium
991 3551 1294 3617 dedimus
1339 3550 1512 3635 quod
1559 3552 1676 3617 tibi
1722 3564 1790 3616 et
1832 3552 2118 3617 cordatis
2163 3573 2294 3617 non
2338 3550 2565 3635 displi-
2614 3606 2617 3617 .

601 3643 885 3707 citurum
944 3638 1348 3705 confidimus.
1441 3642 1539 3703 Ac
1599 3657 1792 3721 spero
1851 3637 2322 3720 amplissimam
2381 3637 2564 3702 illam

683 3779 1008 3788 ——-—-—.-..-.—

813 3843 873 3905 7)
911 3842 988 3897 Ν.
1023 3842 1179 3897 3731.
1214 3841 1372 3896 3737.

603 3984 782 4051 legisti
810 3912 1000 4047 Qus
1037 3980 1268 4035 Calvino
1303 3979 1595 4035 :rutunda

813 4048 988 4115 6)]16
1041 4050 1282 4103 conciliis
1318 4049 1375 4103 11
1424 4047 1492 4102 11.
1527 4020 1643 4101 Τί.
1699 4048 1922 4101 pronon.
1961 4046 2111 4101 1561.
2165 4046 2216 4101 s
2291 4049 2417 4102 von
2454 4049 2561 4103 den
2612 4034 2617 4095 ἑ

605 4120 876 4173 Conciliis.
947 4118 1072 4172 Zur.
1110 4120 1180 4170 im
1219 4118 1447 4172 Hornun
1519 4116 1548 4168 1
1626 4116 1669 4168 1.
1710 4116 1799 4171 ld.
1835 4120 1906 4169 im
1945 4117 2272 4171 Eowmonat
2306 4117 2460 4172 1561.

778 4187 872 4248 10)
913 4186 1001 4240 De
1036 4186 1124 4240 his
1158 4187 1296 4241 alubi
1327 4134 1485 4240 stlta?
1499 4185 1740 4254 1691111116.
1814 4185 1926 4238 los.
1957 4183 2167 4250 simler,
2203 4190 2463 4241 narrat-'0
2497 4186 2565 4240 de

604 4266 730 4311 ortu
785 4260 902 4310 vita
952 4263 1004 4309 et
1056 4257 1206 4309 obitu
1251 4255 1326 4308 Η.
1365 4253 1677 4322 Bullinoen‘
1724 4254 1824 4319 t'ol.
1870 4252 1937 4306 37
1983 4270 2063 4310 υ..·
2115 4254 2178 4307 D.
2215 4255 2495 4309 Bet-nardo
2531 4272 2565 4308 a

606 4328 778 4380 Chsm
815 4327 878 4378 B.
915 4324 1194 4393 inscripsit
1227 4324 1282 4381 11.
1320 4322 1387 4376 11.
1424 4324 1492 4377 de
1527 4323 1786 4387 conciliis,
1821 4322 2093 4392 quomodo
2128 4340 2201 4377 sc.
2237 4325 2471 4392 apostoli
2508 4326 2563 4376 in
2612 4352 2617 4387 ·.

605 4396 889 4465 primitiva
923 4394 1054 4446 eccl.
1087 4392 1372 4446 concilium
1403 4391 1802 4461 Hierosolymis
1835 4391 2234 4446 celebraverint
2266 4400 2325 4445 et
2399 4400 2565 4447 usnto

605 4479 729 4517 cum
764 4463 947 4516 fructu
980 4468 1293 4543 quantaque
1337 4476 1488 4529 pace,
1535 4459 1807 4529 quomodo
1854 4462 1983 4514 item
2019 4460 2178 4513 Rom.
2212 4410 2496 4529 pontiden
2531 4479 2564 4513 a

604 4531 714 4585 500
747 4542 804 4583 et
839 4531 1072 4600 amphus
1105 4530 1262 4583 annis
1297 4545 1396 4582 sua
1429 4529 1658 4583 concilia
1691 4529 2090 4582 celebraverint
2123 4538 2180 4583 et
2202 4538 2406 4599 quanto
2440 4546 2561 4583 cum

605 4601 808 4655 damno
844 4599 1360 4669 perturbationeque
1393 4597 1650 4651 fidelium.

781 4668 874 4731 11)
913 4666 1178 4721 Fortasse
1213 4667 1398 4721 11111611
1430 4664 2154 4735 eruemus-dequassatur
2187 4668 2223 4723 1.
2255 4682 2300 4722 c.
2336 4666 2564 4731 [538².-

2612 4548 2616 4589 ²
2664 4544 2859 4610 ordre
2919 4545 3047 4609 bon
3108 4553 3175 4609 et
3230 4542 3539 4627 legitime.

606 4744 671 4790 A.
713 4736 849 4790 1562
885 4748 1147 4790 renovato
1181 4734 1408 4789 concilio
1442 4735 1590 4788 'rr-id.
1628 4732 1832 4788 Oitatio
1867 4735 2080 4787 concilii
2099 4733 2165 4789 Ti
2309 4753 2363 4788 m
2399 4737 2566 4789 missa
2610 4786 2617 4799 ,

608 4820 696 4859 est
748 4823 858 4875 qua
909 4812 1171 4859 vocantur
1226 4804 1341 4857 eius
1393 4803 1544 4855 urbis
1595 4804 2005 4856 concionatores
2057 4810 2116 4883 et
2169 4803 2276 4857 ills
2325 4804 2562 4857 mittitur

609 4875 745 4927 fides
798 4873 1038 4943 publica:
1095 4876 1278 4953 itaque
1334 4888 1501 4940 quum
1555 4887 1661 4924 non
1713 4873 1884 4924 solum
1933 4872 2076 4925 domn
2131 4870 2262 4925 haec
2315 4874 2565 4941 quaestio

610 4952 880 5009 ageretur,
925 4943 1021 4995 sed
1073 4958 1272 5009 passim
1320 4955 1419 5007 per
1453 4940 1816 5007 Germaniam,
1861 4948 1918 4991 et
1965 4940 2222 5009 princeps
2265 4940 2563 4995 Bessorum

609 5009 1475 5065 domnamant-enam
1549 5009 1560 5019 ‘

611 5146 879 5279 edmmm)
931 5216 1199 5269 Vena-unt
1241 5213 1450 5269 1161111111
1498 5213 1579 5267 ad
1623 5216 1910 5269 6666101161·
1955 5212 2004 5266 4.
2046 5213 2204 5268 1111111·
2246 5215 2563 5270 mbram-

607 5282 702 5349 (de
749 5282 898 5337 Thou
935 5283 1026 5336 111.
1065 5281 1216 5345 259).

1654 5014 1694 5073 t,
1743 5008 1922 5061 denuo
1971 5014 2262 5062 tractatum
2307 5009 2375 5062 de
2412 5025 2563 5063 recu-
2610 5004 2617 5069 l

610 5080 823 5131 atione
857 5079 1004 5131 Trid.
1045 5078 1256 5131 concilii
1292 5077 1524 5131 confecit
1558 5078 1651 5145 qui
1699 5082 1880 5128 tamen
1925 5093 2032 5130 non
2076 5085 2163 5129 est
2195 5078 2250 5132 in
2288 5079 2563 5148 publicum
2610 5082 2617 5151 ξ
2666 5074 2899 5131 &mal

2684 5213 2793 5269 vor„
2836 5211 2905 5266 x.
2946 5211 3034 5267 Pe.
3073 5211 3170 5275 ιη,

2610 5232 2619 5345 Ι
2874 5279 2938 5341 31
2971 5280 3190 5334 adn-e

2666 3142 2812 3192 dune
2862 3140 3029 3193 lettre
3080 3139 3277 3193 escrite
3320 3155 3389 3191 su
3425 3137 3567 3192 Cure
3600 3139 3668 3193 de
3704 3137 3869 3192 Ohire
3917 3138 4180 3192 touchant
4214 3154 4277 3191 ce
4315 3139 4435 3208 quil
4480 3136 4619 3189 svoit

2667 3208 2770 3260 fait
2809 3209 2861 3262 le
2896 3209 3030 3262 mari
3176 3208 3246 3261 de
3295 3207 3415 3260 celu
3488 3208 3582 3276 qni
3629 3208 3908 3277 espousoit
3951 3207 4006 3260 111
4048 3223 4174 3259 seur
4209 3206 4278 3260 de
4316 3224 4383 3261 ss
4416 3207 4619 3260 femme.

2670 3277 2747 3330 Le
2774 3277 2902 3344 jour
2935 3278 3005 3330 de
3088 3295 3147 3329 ss
3188 3293 3284 3330 1166
3320 3225 3472 3329 15612.
3528 3275 3654 3329 Vol.
3675 3274 3792 3341 108,
3829 3276 3921 3329 fol.
3951 3273 4079 3340 127ς
4116 3275 4297 3330 Berne
4334 3275 4429 3329 VI.
4468 3271 4623 3337 ΙαΒς

3183 3346 3339 3399 imler
3374 3346 3436 3400 V.
3473 3342 3607 3410 1043
3640 3346 3857 3399 Bonnet
3890 3342 3957 3398 11.
3990 3342 4141 3409 461.)

2840 3517 3182 3583 Monsieur
3239 3525 3308 3582 et
3356 3516 3548 3595 frere,
3603 3515 3655 3580 11
3697 3538 3743 3601 y
3800 3536 3840 3580 a
3896 3515 4076 3580 desis
4119 3535 4299 3580 asses
4344 3514 4481 3580 bon
4526 3534 4619 3579 66·

2665 3623 2823 3685 pace
2867 3602 2949 3667 de
2985 3612 3199 3686 temps
3242 3623 3368 3686 que
3400 3601 3496 3667 les
3529 3601 3811 3686 plaintes
3840 3599 3931 3666 du
3965 3602 4256 3686 mariage
4292 3621 4429 3684 que
4463 3618 4619 3665 vous

2612 3702 2618 3733 ¹
2666 3708 2825 3754 aves
2876 3688 3013 3765 fait,
3073 3698 3190 3753 ont
3249 3686 3392 3753 vole
3445 3687 3711 3771 iusques
3764 3688 3868 3752 ici.
3959 3686 4133 3752 Mais
4187 3685 4445 3752 devant
4497 3705 4616 3768 que

2613 3840 2617 3857 ,
2666 3795 2833 3840 110116
2897 3773 3184 3839 fussions
3228 3772 3518 3839 advertis
3569 3794 3695 3856 que
3750 3772 3986 3839 cesties
4030 3793 4213 3851 vous,
4276 3770 4378 3838 les
4422 3773 4619 3837 fieres

2613 3864 2617 3889 ²
2666 3860 2748 3926 de
2790 3860 3073 3925 Poitiers
3133 3879 3301 3924 nous
3353 3879 3440 3923 en
3498 3856 3972 3924 demanderent
4033 3856 4300 3935 00116611,
4371 3868 4445 3923 et
4485 3857 4619 3923 leur

909 3910 1065 3981 Οὔκ
1107 3912 1392 3980 deperdita
1436 3925 1548 3964 ⁶⁸⁸⁶
1592 3911 1865 3966 'mm'-
1939 3912 2090 3964 Nam
2135 3927 2277 3980 ΨΜ
2310 3910 2390 3967 N·
2425 3910 2563 3966 3⁷³¹
2614 3918 2618 3999 Ϊ
2665 3966 3069 4030 envoyames
3157 3965 3278 4027 par
3341 3945 3538 4009 escrit
3599 3966 3675 4010 ce
3739 3945 3848 4026 qui
3916 3965 4085 4010 nous
4145 3965 4227 4008 en
4294 3942 4617 4010 sembloit.

2666 4030 2955 4096 Mesmes
3017 4049 3186 4096 nous
3248 4028 3734 4113 respondismes
3791 4049 3832 4094 a
3885 4029 4034 4112 quel
4081 4050 4198 4094 ues
4240 4029 4489 4127 ‘points
4544 4026 4619 4092 de

2613 4118 2617 4143 ⁵
2664 4127 2887 4182 vostre
2934 4114 3267 4200 Apologie,
3334 4114 3693 4199 regardans
3758 4115 3822 4179 le
3878 4116 4049 4197 simp
4076 4135 4113 4179 6
4169 4114 4309 4190 fait,
4380 4131 4618 4198 pource

2664 4223 2792 4285 que
2852 4200 3182 4267 l’autheur
3245 4221 3410 4266 nous
3454 4200 3647 4266 estoit
3699 4220 3970 4266 encores
4012 4200 4319 4283 incognu.
4422 4198 4621 4284 Voyla

2666 4298 2873 4370 quant
2929 4296 2973 4353 a
3036 4296 3259 4352 nostre
3310 4286 3521 4351 escrit.
3539 4284 3597 4370 2)
3675 4285 3935 4369 Depuis
3991 4296 4257 4351 courrut
4300 4291 4621 4370 qu’ayant

2665 4381 2806 4438 este
2850 4373 2983 4438 mal
3029 4371 3259 4438 advise
3282 4375 3335 4444 ⁸)
3380 4379 3424 4436 a
3465 4370 3631 4438 faire
3670 4370 3865 4437 ledict
3930 4372 4241 4455 mariage,
4308 4392 4481 4436 vous
4526 4390 4621 4436 re-

2664 4457 2957 4525 doublies
2991 4458 3059 4523 la
3101 4458 3281 4523 faute
3324 4477 3408 4522 en
3452 4457 3515 4521 le
3558 4457 3973 4522 maintenant
4006 4470 4234 4524 contre
4271 4466 4429 4522 tous
4452 4466 4621 4521 estre

3650 4543 3822 4608 Mais
3879 4542 4111 4625 depuis
4169 4562 4299 4625 que
4360 4562 4527 4607 vous
4577 4562 4619 4624 5

2665 4650 2826 4695 aves
2870 4639 3009 4695 este
3060 4627 3281 4708 1116616,
3348 4648 3514 4694 110116
3559 4634 3711 4694 n’en
3754 4648 3962 4694 avons
4005 4627 4189 4712 parle
4234 4649 4317 4693 en
4358 4628 4511 4694 bien
4556 4627 4621 4689 ni

2664 4738 2749 4781 en
2794 4715 2946 4781 mal.
3007 4716 3191 4798 Vray
3236 4727 3338 4779 est
3379 4735 3505 4797 que
3550 4735 3715 4780 nous
3757 4735 3842 4779 en
3887 4733 4095 4779 avons
4137 4721 4276 4778 este
4319 4714 4623 4789 offences,

2841 4941 2908 5060 1.
2978 4937 4325 5061 6666166666
4370 4942 4625 5004 m

2873 5072 3475 5281 vasaque-{iffi
3524 5150 3574 5197 ae
3623 5149 3705 5197 m
3754 5142 3989 5210 eoa-pris
4037 5141 4179 5196 dam
4225 5141 4623 5196 masau·-

3226 5280 3316 5335 Bt.
