4900 6125
294 427 378 492 69
2106 428 2270 493 1563
2312 427 2500 497 IUL.

292 625 362 682 et
401 614 517 683 isti
550 615 677 697 hic,
720 615 835 701 qui
868 615 1278 684 contendunt
1304 635 1553 696 secum,
1598 614 1827 682 dicunt
1860 614 2035 698 quod
2068 636 2249 701 sym-

290 701 515 768 bolum
559 701 989 786 apostolicum
1033 699 1462 767 dividendum
1506 709 1624 778 est,
1687 722 1893 785 quum
1936 699 2250 769 dicimus:

289 785 489 854 credo
532 787 602 854 in
626 788 867 866 Deum,
910 794 980 853 et
1021 785 1257 853 deinde
1291 787 1681 871 interposito
1715 793 1958 871 puncto
1993 797 2251 871 patrem

290 871 544 953 dicunt,
602 873 777 957 quod
834 893 957 959 ego
1013 873 1083 938 in
1144 885 1261 939 tua
1302 871 1647 940 Catechesi
1707 881 1776 938 et
1818 871 2252 939 Institutione

287 980 426 1025 non
494 956 647 1025 vidi.
747 958 862 1025 Sic
924 964 995 1025 et
1057 957 1451 1044 Symbolum
1517 958 1846 1025 Nicenum
1912 957 2248 1024 dividunt:

288 1042 511 1112 Credo
552 1045 622 1110 in
662 1065 872 1111 unum
892 1044 1133 1122 Deum,
1177 1053 1247 1110 et
1285 1043 1673 1128 interposito
1714 1051 1960 1127 puncto
1992 1043 2248 1111 dicunt:

286 1130 587 1208 Patrem,
644 1130 816 1215 quod
858 1138 1193 1196 testantur
1233 1129 1670 1197 confessiones
1724 1130 2084 1213 impressae
2122 1150 2249 1195 nu·

285 1236 413 1300 per
451 1215 818 1282 Polonicae.
840 1220 897 1296 ⁴)
984 1216 1082 1281 'l'e
1137 1235 1395 1300 quoque
1460 1214 1637 1281 idem
1694 1214 1941 1282 sentire
1999 1213 2247 1281 dicunt.

286 1302 577 1454 Anossetae
607 1302 697 1367 sit
753 1307 821 1368 et
874 1301 1039 1367 mihi
1097 1299 1498 1367 credendum
1541 1321 1701 1386 rogo
1741 1321 1831 1366 ne
1871 1301 2094 1384 pigeat
2136 1299 2250 1366 de·

284 1408 425 1454 scri
579 1438 596 1453 .

464 1472 726 1539 Deinde
772 1473 971 1539 etiam
1036 1472 1365 1540 contentio
1420 1471 1552 1539 fuit
1602 1471 1713 1539 hic
1766 1472 1944 1538 inter
1997 1492 2121 1538 nos
2162 1491 2252 1537 an

286 1557 662 1643 baptizandi
729 1559 864 1625 sint
925 1560 1191 1625 nomine
1255 1579 1485 1625 eorum
1550 1558 1660 1640 qui
1718 1557 1875 1624 olim
1929 1556 2252 1624 idolatrae

284 1653 502 1722 erant,
527 1648 580 1721 ⁸)
622 1652 699 1710 ut
741 1642 915 1730 apud
957 1665 1081 1710 nos
1124 1643 1501 1711 Stanislaus
1553 1643 1700 1710 fuit.
1790 1642 2083 1725 Quidam
2124 1643 2250 1710 mi-

284 1730 486 1796 nistri
521 1728 768 1809 dicunt,
803 1730 1075 1796 nomina
1107 1750 1338 1797 eorum
1374 1751 1507 1796 non
1544 1728 1831 1813 amplius
1853 1749 2015 1795 usur
2058 1726 2249 1807 anda,

284 1814 411 1882 sed
476 1835 560 1881 ex
617 1816 809 1882 Novo
873 1822 941 1882 et
995 1815 1227 1882 Veteri
1280 1816 1703 1882 'testamento
1766 1835 1998 1880 sumen
2046 1834 2104 1892 a,
2185 1822 2253 1880 et

282 1901 640 1986 praecipue
693 1902 776 1968 ab
831 1902 915 1967 iis
971 1900 1435 1968 abstinendum
1492 1920 1658 1984 quos
1715 1900 1932 1967 adhuc
1986 1899 2097 1966 hic
2137 1920 2250 1983 pa·

280 1987 506 2073 pistae
548 1987 792 2067 colunt,
836 2008 1063 2054 eorum
1106 1997 1239 2052 tem
1289 1985 1373 2064 la,
1417 2007 1567 2053 ossa
1607 1997 1675 2052 et
1716 1985 1953 2053 altaria
1985 1984 2250 2064 habent,

280 2081 369 2138 ut
412 2071 785 2140 Stanislaus
826 2073 1121 2140 Polonus
1162 2008 1382 2140 adfluo
1425 2072 1534 2139 hic
1576 2092 1695 2155 pro
1739 2071 1861 2138 deo
1905 2071 2143 2137 colitur
2183 2080 2253 2137 et

280 2157 517 2226 nullus
573 2158 743 2224 alius
803 2159 935 2224 fuit
998 2181 1040 2224 a
1080 2179 1207 2243 quo
1272 2159 1398 2225 hoc
1440 2178 1684 2224 nomen
1728 2165 2120 2240 usurpatum
2162 2157 2254 2222 sit

280 2251 555 2328 praeter
598 2245 797 2311 hunc.
884 2245 1079 2330 Rogo
1127 2252 1204 2310 ut
1265 2243 1464 2310 etiam
1505 2244 1752 2329 possim
1787 2243 1956 2310 scire
1998 2262 2249 2310 morem

280 2337 555 2397 vestrae
599 2329 931 2398 ecclesiae.
1018 2329 1174 2397 Scio
1231 2337 1297 2396 te
1353 2337 1743 2414 occupatum
1793 2349 1938 2395 esse
1990 2327 2140 2395 aliis
2182 2336 2251 2393 et

278 2416 505 2501 magis
548 2415 846 2517 utilibus:
913 2415 1030 2516 sed
1071 2416 1225 2500 qnia
1277 2416 1478 2481 etiam
1513 2436 1646 2516 'me
1690 2415 1837 2481 istis
1881 2434 2072 2499 posse
2116 2434 2250 2480 non

276 2521 525 2686 mm...
539 2521 1013 2654 ..mssa
1028 2521 1384 2653 ..aaa
1414 2498 2249 2686 effxis-..amas

278 2673 583 2739 tissimae
626 2673 793 2739 mihi
849 2681 1049 2739 erunt
1106 2672 1335 2738 literae
1383 2682 1537 2738 tuae
1593 2683 1660 2737 et
1714 2671 1863 2737 alus
1915 2671 2247 2738 fratribus.

276 2758 376 2825 D.
424 2757 821 2843 Buzanyem
883 2767 1033 2825 tuas
1100 2758 1329 2825 literas
1386 2779 1525 2824 una
1585 2778 1735 2825 cum
1804 2757 1945 2823 suis
2003 2755 2088 2823 ad
2143 2776 2249 2823 me

276 2845 712 2923 mnsmittet,
756 2865 876 2928 pro
918 2865 1048 2929 quo
1090 2865 1213 2930 ego
1270 2843 1472 2910 etiam
1531 2843 1780 2927 gratias
1823 2863 2019 2927 agam
2061 2842 2250 2910 vobis

274 2938 357 2996 et
400 2929 728 2996 Dominus
770 2928 1103 3014 rependet.
1182 2930 1298 2996 Me
1341 2928 1745 2996 orationibus
1788 2929 2029 2995 vestris
2070 2946 2249 2994 oom-

276 3014 548 3083 mendo.
636 3015 885 3083 Datum
930 3014 1283 3084 Oracoviae
1325 3017 1429 3082 20.
1474 3014 1633 3081 Iulii
1675 3033 1849 3081 anno
1893 3017 2072 3080 1563.

940 3151 1025 3218 V.
1068 3152 1156 3218 D.
1200 3150 1804 3317 amicussqgufrater
1846 3152 1918 3217 in
1960 3151 2249 3218 Domino

1054 3530 1465 3540 ———--—-

1167 3781 1373 3853 3⁹85.

700 3934 1274 4004 THENAUDUS
1298 3940 1349 4017 ¹)
1392 3933 1835 4003 OALVINO.

464 4106 739 4173 Tristem
828 4106 1112 4192 depinqit
1197 4107 1484 4176 eeclesiae
1574 4106 1909 4175 Pozonioae
1992 4112 2247 4187 statum,

262 4192 586 4261 dissidiis
641 4197 700 4259 d
752 4191 1114 4260 haeresibus
1164 4193 1467 4261 turbatae.
1559 4192 1762 4261 Gaius
1792 4197 2130 4276 pertaesus
2168 4195 2248 4261 ds

262 4278 495 4347 reditu
538 4279 609 4343 in
644 4278 936 4363 patriam
975 4278 1214 4364 coqitat.

489 4449 601 4517 (Ex
636 4448 952 4520 apographo
986 4448 1117 4505 eod.
1155 4449 1331 4505 Paris.
1368 4449 1567 4520 Dupny
1607 4449 1726 4519 102,
1760 4448 1853 4506 sol.
1891 4448 2037 4516 167.)

459 4618 846 4687 Clarissimo
888 4619 1068 4687 theol
1224 4620 1311 4687 D.
1348 4621 1587 4688 Ioanni
1621 4620 1893 4689 Calvino
1935 4622 2246 4690 ecclesiae

258 4705 703 4806 Genevensis
744 4706 994 4806 pastori
1049 4708 1097 4773 fi
1141 4706 1430 4775 elissimo
1484 4706 1749 4775 domino
1806 4717 1877 4775 et
1929 4716 2245 4795 tanquam

262 4802 461 4879 patri
502 4814 573 4858 ιιι
608 4790 880 4859 Christo
921 4792 1094 4861 cans’
1096 4793 1280 4860 simo.
1739 4879 2071 4948 Gemma·

492 5068 1776 5221 ἓῖἶοέεωῳωᾶἥῖἶτῗιέῗυῗεέΐῳωαὶο
1812 5138 2055 5210 originis,
2088 5155 2243 5195 usur·

258 5206 529 5330 pandens
561 5225 619 5262 in
653 5208 929 5288 baptismo
965 5221 1275 5276 puerorum.

244 5345 471 5403 aesc.
496 5345 527 5399 1
587 5343 667 5402 Ν.
702 5342 859 5399 asos.
891 5313 1047 5399 aasz

4234 436 4328 500 ⁷0

2527 612 2600 682 S.
2645 616 2730 682 D.
2776 614 3022 682 Procul
3077 614 3274 684 dubio
3327 616 3572 683 mirum
3629 616 3750 685 tibi
3810 617 4159 698 videbitur,
4203 621 4326 688 vir

2352 701 2731 780 clarissime,
2777 700 2951 785 quod
2995 708 3130 766 tam
3187 721 3370 770 raras
3427 702 3509 769 ab
3568 723 3644 769 eo
3702 712 3999 789 tempore
4054 726 4183 790 quo
4237 707 4314 772 in

2352 786 2701 853 Poloniam
2774 787 2926 854 veni
2981 785 3066 852 ad
3125 796 3190 853 te
3244 785 3537 854 dederim
3595 788 3844 857 literas.
3939 791 4078 857 Vix
4133 791 4313 858 enim

2350 893 2461 938 me
2502 871 2743 939 abhinc
2786 881 2926 938 toto
2968 872 3396 956 quadriennio
3413 876 3470 952 ²)
3513 875 3717 940 semel
3750 874 3834 941 ad
3871 883 3936 942 te
3970 876 4316 961 scripsisse

2352 959 2644 1024 memini.
2732 960 2833 1024 Ac
2876 960 3178 1041 quamvis
3221 958 3452 1027 lubens
3485 961 3822 1045 pigritiam
3858 962 3928 1027 in
3964 961 4314 1030 scribendo

2351 1042 2518 1108 mihi
2563 1042 2804 1110 ascribi
2855 1064 3044 1127 posse
3101 1064 3475 1128 agnoscam,
3538 1054 3763 1111 tamen
3817 1047 4119 1114 diuturni
4174 1049 4314 1114 mei

2352 1129 2597 1197 silentii
2640 1130 2804 1196 haec
2847 1129 3150 1212 inprimis
3193 1149 3390 1198 causa
3432 1131 3557 1196 fuit
3600 1132 3776 1215 quod
3819 1133 3990 1199 nihil
4033 1131 4312 1218 dignum

2354 1215 2670 1281 haberem
2712 1215 2985 1282 auribus
3026 1215 3183 1292 tuis,
3240 1224 3313 1281 et
3352 1216 3524 1299 quod
3568 1218 3895 1301 copiosius
3937 1238 4025 1284 ex
4068 1219 4314 1286 multe-

2353 1321 2507 1366 rum
2542 1300 2752 1367 literis
2785 1301 3122 1400 percipere
3154 1302 3498 1384 potuisses,
3533 1301 3652 1368 tibi
3685 1304 4058 1387 significare
4079 1325 4157 1371 su

2353 1406 2715 1452 vacaneum
2773 1387 2912 1453 fore
2964 1384 3356 1454 iudicabam.
3442 1389 3598 1471 Ipse
3651 1388 3914 1472 quidem
3973 1411 4316 1474 superiore

2353 1491 2528 1537 anno
2564 1471 2823 1538 Gallias
2882 1478 3141 1539 nostras
3192 1473 3479 1541 invisere
3538 1473 3907 1559 cogitabam
3972 1486 4041 1541 et
4082 1475 4165 1542 de
4207 1476 4316 1542 in·

2353 1556 2599 1624 clinata
2640 1557 3011 1641 afflictaque
3051 1557 3125 1622 in
3182 1559 3327 1625 istis
3383 1559 3672 1627 ecclesiis
3717 1558 4016 1628 doctrina
4072 1559 4154 1628 de
4196 1564 4315 1628 tri·

2352 1642 2564 1708 nitate
2627 1642 3000 1709 orthodoxa
3073 1663 3386 1726 praesens
3460 1654 3682 1712 tecum
3763 1644 4114 1713 disserere:
4195 1647 4318 1714 sed

2352 1728 2536 1794 furor
2577 1727 2942 1813 ingensque
2982 1728 3267 1811 procella
3319 1729 3532 1797 civilis
3587 1731 3743 1797 belli
3789 1731 4032 1798 Gallici
4074 1754 4185 1799 me
4229 1732 4316 1799 ab

2351 1814 2591 1880 itinere
2633 1814 2986 1880 revocavit.
3074 1818 3177 1881 Ac
3220 1828 3358 1880 tum
3403 1815 3570 1882 illud
3613 1825 3896 1901 tempus,
3941 1817 4112 1902 quod
4155 1839 4314 1886 cum

2353 1901 2519 1966 meis
2563 1899 2949 1967 necessariis
2991 1897 3388 1967 dulcissimis
3440 1921 3518 1967 ac
3573 1903 3698 1984 piis
3759 1903 4099 1987 colloquiis
4153 1925 4316 1973 con-

2353 2006 2614 2052 sumere
2656 1985 3018 2068 sperabam,
3082 1985 3391 2072 lacrymis
3445 2007 3522 2054 ac
3562 1987 3955 2073 lugubribus
3998 1991 4316 2057 orationi·

2352 2071 2477 2138 bus
2520 2073 2904 2172 transigere·
2928 2072 3234 2155 oportuit.
3310 2072 3508 2173 Nunc
3550 2094 3726 2150 vero,
3765 2094 3970 2156 quum
4015 2076 4142 2141 Dei
4178 2089 4313 2160 opt.

2351 2178 2506 2308 {1²:3³
2512 2167 3049 2310 ·ff.²‚¹1¹:‚¹}:.2¹:.⁸.¹'5:3
3089 2157 4318 2330 {ffiffiffissssffd‘ssz‘ffiss’03ifflssff

2351 2326 2477 2393 bus
2521 2328 2867 2394 exstinctis
2932 2327 3288 2395 laetissima
3351 2350 3486 2413 pax
3541 2331 3787 2396 nostris
3854 2332 3942 2397 sit
3983 2333 4318 2414 restituta,

2352 2414 2667 2480 constitui
2731 2420 2849 2479 tuo
2913 2414 3302 2497 praesertim
3366 2416 3573 2482 fretus
3615 2413 3856 2482 iudicio
3899 2436 3976 2483 ac
4018 2417 4315 2496 consilio,

2352 2500 2410 2565 si
2454 2498 2610 2583 quid
2653 2519 2856 2583 opera
2903 2507 3130 2565 nostra
3172 2499 3592 2584 studiumque
3631 2502 3875 2568 nostris
3918 2501 4314 2602 bominibus,

2352 2604 2902 2737 22333133303.
2933 2591 3389 2736 'iffisffis
3419 2585 4321 2758 {ifflfflfflssss’nffiflmm

2353 2778 2431 2823 ac
2473 2776 2787 2822 remeare.
2854 2754 3426 2836 Quemadmodum
3469 2759 3649 2824 enim
3684 2758 3841 2824 olim
3877 2767 3944 2823 te
3979 2769 4318 2827 annuente

2352 2844 2425 2908 in
2469 2840 2874 2908 Sarmatiam
2923 2862 3329 2922 veneramus,
3386 2849 3465 2908 ut
3505 2862 3702 2911 verae
3764 2843 4105 2928 religionis
4160 2865 4315 2927 pro-

2351 2948 2660 3013 gressum
2703 2928 2811 2993 hic
2872 2927 3274 3004 iuvaremus,
3330 2927 3429 2993 ita
3483 2928 3681 2994 etiam
3737 2931 4014 2995 eandem
4068 2931 4204 2998 nisi
4248 2940 4317 2998 te

2352 3013 2754 3081 connivente
2798 3023 3037 3097 tuoque
3079 3020 3250 3080 nutu
3293 3012 3597 3081 deserere
3651 3035 3729 3082 ac
3772 3013 4147 3100 relinquere
4189 3018 4318 3083 mi-

2352 3100 2534 3165 nime
2569 3099 2848 3167 decrevi.
2936 3098 3260 3183 Equidem
3509 3121 3586 3167 ae
3640 3120 3878 3168 causae
3943 3108 4103 3168 sunt
4143 3123 4320 3187 quae

2350 3206 2461 3252 me
2503 3183 2585 3253 de
2629 3185 2916 3252 dmessu
2959 3186 3249 3269 cogitare
3290 3206 3369 3251 su
3455 3192 3573 3253 ent
3609 3206 3687 3252 ac
3719 3186 4101 3270 impellunt:
4147 3209 4318 3273 quas

2351 3272 2411 3338 si
2452 3292 2573 3355 pro
2617 3281 2733 3338 tua
2774 3270 3095 3354 singulari
3137 3272 3383 3355 pietate
3420 3291 3498 3337 ac
3539 3271 3890 3355 prudentia
3921 3272 4161 3341 merito
4195 3296 4319 3342 ex-

2351 3355 2640 3441 pendere
2703 3356 3012 3435 volueris,
3091 3356 3259 3423 nihil
3325 3356 3488 3422 mihi
3552 3358 3845 3425 levitatis
3908 3366 4026 3425 aut
4088 3360 4320 3428 incon-

2351 3443 2637 3509 stantiae
2680 3442 3041 3508 attribuere
3086 3442 3343 3525 poteris.
3430 3443 3786 3510 Praetereo
3828 3443 4095 3528 quidem
4136 3445 4321 3533 quod

2350 3525 2688 3594 biennium
2751 3527 2994 3596 abhinc
3050 3527 3465 3612 Biturigibus
3488 3531 3545 3611 ⁸)
3597 3528 3823 3596 literas
3890 3550 3931 3597 a
3980 3531 4186 3598 fratre
4239 3541 4312 3599 et

2350 3613 2501 3679 aliis
2541 3614 2710 3679 meis
2753 3613 3136 3680 necessariis
3178 3613 3417 3697 accepi,
3457 3613 3700 3698 quibus
3741 3636 3849 3681 me
3899 3613 3986 3681 ad
4026 3638 4316 3685 messem

2351 3699 2755 3766 uberrimam
2794 3698 3232 3783 colligendam
3273 3698 3501 3785 perpie
3533 3700 3918 3767 invitabant.
3984 3701 4316 3788 Magnum

2353 3783 2620 3868 quidem
2663 3784 2922 3868 pondus
2967 3805 3198 3851 eorum
3241 3784 3615 3851 adhortatio
3673 3785 3848 3871 apud
3891 3807 3998 3853 me
4042 3788 4311 3856 habuit:

2351 3871 2609 3954 ingens,
2665 3873 2893 3948 fateor,
2946 3869 3160 3936 calcar
3214 3870 3383 3936 mihi
3423 3870 3839 3949 addiderunt,
3898 3893 4028 3956 quo
4075 3895 4183 3940 me
4225 3875 4314 3942 ad

2351 3956 2635 4039 patriam
2676 3954 3031 4022 iuvandam
3074 3956 3145 4020 in
3212 3954 3618 4022 eradicandis
3662 3957 4060 4025 Antichristi
4102 3961 4312 4027 senti-

2349 4041 2473 4108 bus
2507 4050 2574 4108 et
2616 4039 2900 4108 dumetis
2941 4050 3209 4108 mutuas
3249 4062 3482 4126 operas
3523 4043 3890 4109 conferrem
3933 4053 4002 4110 et
4040 4065 4312 4130 compa-

2348 4148 2587 4193 rarem.
2608 4130 2668 4212 ⁴)
2754 4125 2891 4194 Sed
2934 4126 3273 4211 paululum
3333 4149 3439 4195 me
3496 4128 3772 4195 retinuit
3834 4130 3965 4195 mei
4010 4131 4310 4198 muneris

2348 4213 2517 4280 ratio
2560 4231 2639 4277 ac
2683 4214 3060 4291 vocationis,
3122 4234 3207 4279 ne
3248 4222 3385 4279 tam
3429 4222 3678 4279 temere
3720 4235 3828 4279 me
3888 4214 3969 4281 de
4024 4218 4313 4283 statione

2348 4320 2498 4365 mea
2541 4320 2896 4366 moverem.
2985 4302 3085 4364 Ac
3126 4319 3330 4382 quum
3390 4299 3576 4367 virus
3637 4300 4003 4367 dirissimae
4047 4310 4115 4367 et
4157 4322 4310 4386 per·

2347 4384 2822 4452 niciosissimae
2883 4385 3253 4464 haereseos,
3322 4386 3494 4469 quod
3553 4406 3594 4451 a
3647 4386 3888 4453 vestris
3945 4388 4311 4473 transfugis

2347 4471 2457 4536 hic
2498 4492 2802 4554 sparsum
2846 4482 2966 4550 est,
3010 4468 3224 4537 indies
3266 4471 3480 4557 magis
3538 4490 3615 4537 ac
3670 4471 3881 4556 magis
3926 4470 4099 4538 sicut
4140 4494 4310 4559 gan·

2345 4577 2554 4641 grena
2615 4565 2882 4637 crescat,
2947 4557 3042 4624 sic
3107 4565 3184 4622 ut
3249 4556 3370 4622 vix
3434 4557 3624 4624 obrui
3669 4568 3734 4623 et
3775 4557 4058 4642 opprimi
4116 4579 4313 4642 posse

2345 4651 2594 4726 putem,
2640 4641 2896 4709 diutius
2937 4642 3246 4708 miseram
3288 4643 3563 4708 istarum
3609 4641 4026 4709 ecclesiarum
4067 4643 4308 4712 faciem

2345 4729 2593 4794 intueri
2636 4749 2908 4813 nequeo,
2954 4736 3025 4794 et
3066 4728 3200 4794 iam
3237 4727 3433 4811 plane
3469 4727 3551 4793 de
3585 4725 3981 4794 discessione
4014 4732 4307 4816 cogitare

2344 4814 2514 4879 mihi
2577 4814 2678 4881 fas
2739 4822 2807 4882 et
2871 4814 3149 4880 liberum
3213 4833 3359 4880 esse
3421 4824 3600 4898 puto.
3681 4814 3850 4879 'Pam
3894 4813 4304 4882 horrendum

2345 4921 2506 4967 sane
2577 4899 2867 4967 schisma
2922 4901 3097 4967 inter
3152 4898 3341 4966 verbi
3410 4899 3751 4966 ministros
3802 4909 4160 4985 grassatur,
4230 4910 4310 4969 ut

2551 5206 2619 5413 {l}
2645 5206 2733 5402 Ξ
2748 5204 3112 5348 menas}
3132 5275 3404 5332 mundas
3436 5282 3573 5332 erat.
