<?xml version="1.0" encoding="UTF-8"?>
<!DOCTYPE html PUBLIC "-//W3C//DTD XHTML 1.0 Transitional//EN"
    "http://www.w3.org/TR/xhtml1/DTD/xhtml1-transitional.dtd">
<html xmlns="http://www.w3.org/1999/xhtml" xml:lang="en" lang="en">
 <head>
  <title>
</title>
<meta http-equiv="Content-Type" content="text/html;charset=utf-8" />
  <meta name='ocr-system' content='tesseract 3.04.00' />
  <meta name='ocr-capabilities' content='ocr_page ocr_carea ocr_par ocr_line ocrx_word'/>
</head>
<body>
  <div class='ocr_page' id='page_1' title='image "./ioanniscalvinio12unkngoog/ioanniscalvinio12unkngoog_0490.png"; bbox 0 0 4900 6125; ppageno 0'>
   <div class='ocr_carea' id='block_1_1' title="bbox 105 5 114 1434">
    <p class='ocr_par' dir='ltr' id='par_1_1' title="bbox 105 5 114 1434">
     <span class='ocr_line' id='line_1_1' title="bbox 105 5 114 1434; baseline 0 0"><span class='ocrx_word' id='word_1_1' title='bbox 105 5 114 1434; x_wconf 95' lang='lat' dir='ltr'><strong> </strong></span> 
     </span>
    </p>
   </div>
   <div class='ocr_carea' id='block_1_2' title="bbox 671 411 793 473">
    <p class='ocr_par' dir='ltr' id='par_1_2' title="bbox 671 411 793 473">
     <span class='ocr_line' id='line_1_2' title="bbox 671 411 793 473; baseline 0 -1"><span class='ocrx_word' id='word_1_2' title='bbox 671 411 793 473; x_wconf 85' lang='grc'><strong>167</strong></span> 
     </span>
    </p>
   </div>
   <div class='ocr_carea' id='block_1_3' title="bbox 659 593 2631 1264">
    <p class='ocr_par' dir='ltr' id='par_1_3' title="bbox 659 593 2631 1264">
     <span class='ocr_line' id='line_1_3' title="bbox 661 593 2625 679; baseline 0.001 -19"><span class='ocrx_word' id='word_1_3' title='bbox 661 595 820 679; x_wconf 63' lang='lat' dir='ltr'><strong>peri,</strong></span> <span class='ocrx_word' id='word_1_4' title='bbox 846 593 1158 678; x_wconf 72' lang='lat' dir='ltr'><strong>Zwinqlii,</strong></span> <span class='ocrx_word' id='word_1_5' title='bbox 1186 593 1587 679; x_wconf 70' lang='lat' dir='ltr'><strong>Masculique</strong></span> <span class='ocrx_word' id='word_1_6' title='bbox 1610 597 1872 662; x_wconf 90' lang='lat' dir='ltr'><strong>mentio.</strong></span> <span class='ocrx_word' id='word_1_7' title='bbox 1931 597 2260 663; x_wconf 75' lang='lat' dir='ltr'>Existimo</span> <span class='ocrx_word' id='word_1_8' title='bbox 2282 606 2348 662; x_wconf 87' lang='lat' dir='ltr'><strong>te</strong></span> <span class='ocrx_word' id='word_1_9' title='bbox 2382 597 2625 662; x_wconf 89' lang='lat' dir='ltr'><strong>librum</strong></span> 
     </span>
     <span class='ocr_line' id='line_1_4' title="bbox 664 679 2629 767; baseline 0.002 -24"><span class='ocrx_word' id='word_1_10' title='bbox 664 679 1054 763; x_wconf 84' lang='lat' dir='ltr'><strong>iampridem</strong></span> <span class='ocrx_word' id='word_1_11' title='bbox 1116 679 1440 747; x_wconf 88' lang='lat' dir='ltr'><strong>habuisse.</strong></span> <span class='ocrx_word' id='word_1_12' title='bbox 1527 680 1869 763; x_wconf 80' lang='lat' dir='ltr'><strong>Quaedam</strong></span> <span class='ocrx_word' id='word_1_13' title='bbox 1913 684 2125 748; x_wconf 91' lang='lat' dir='ltr'><strong>obiter</strong></span> <span class='ocrx_word' id='word_1_14' title='bbox 2176 683 2467 767; x_wconf 76' lang='lat' dir='ltr'>inspexi:</span> <span class='ocrx_word' id='word_1_15' title='bbox 2531 684 2629 748; x_wconf 85' lang='lat' dir='ltr'><strong>vi·</strong></span> 
     </span>
     <span class='ocr_line' id='line_1_5' title="bbox 665 764 2631 853; baseline 0.003 -24"><span class='ocrx_word' id='word_1_16' title='bbox 665 764 862 830; x_wconf 90' lang='lat' dir='ltr'><strong>detur</strong></span> <span class='ocrx_word' id='word_1_17' title='bbox 905 765 1185 848; x_wconf 76' lang='lat' dir='ltr'><strong>script&#39;or</strong></span> <span class='ocrx_word' id='word_1_18' title='bbox 1228 765 1477 833; x_wconf 90' lang='lat' dir='ltr'><strong>nullius</strong></span> <span class='ocrx_word' id='word_1_19' title='bbox 1522 767 1788 847; x_wconf 78' lang='lat' dir='ltr'>cerebri,</span> <span class='ocrx_word' id='word_1_20' title='bbox 1843 768 2157 852; x_wconf 89' lang='lat' dir='ltr'><strong>pleraque</strong></span> <span class='ocrx_word' id='word_1_21' title='bbox 2200 776 2355 834; x_wconf 90' lang='lat' dir='ltr'><strong>sunt</strong></span> <span class='ocrx_word' id='word_1_22' title='bbox 2398 767 2631 853; x_wconf 90' lang='lat' dir='ltr'><strong>putida</strong></span> 
     </span>
     <span class='ocr_line' id='line_1_6' title="bbox 664 851 2630 939; baseline 0.002 -23"><span class='ocrx_word' id='word_1_23' title='bbox 664 860 732 916; x_wconf 93' lang='lat' dir='ltr'><strong>et</strong></span> <span class='ocrx_word' id='word_1_24' title='bbox 775 871 859 915; x_wconf 83' lang='lat' dir='ltr'><strong>ex</strong></span> <span class='ocrx_word' id='word_1_25' title='bbox 902 852 1105 916; x_wconf 91' lang='lat' dir='ltr'><strong>meris</strong></span> <span class='ocrx_word' id='word_1_26' title='bbox 1149 851 1509 919; x_wconf 80' lang='lat' dir='ltr'><strong>mendaciis</strong></span> <span class='ocrx_word' id='word_1_27' title='bbox 1566 861 1856 920; x_wconf 89' lang='lat' dir='ltr'><strong>consuta.</strong></span> <span class='ocrx_word' id='word_1_28' title='bbox 1945 855 2091 939; x_wconf 87' lang='lat' dir='ltr'><strong>Ego</strong></span> <span class='ocrx_word' id='word_1_29' title='bbox 2133 853 2313 920; x_wconf 89' lang='lat' dir='ltr'><strong>hunc</strong></span> <span class='ocrx_word' id='word_1_30' title='bbox 2355 854 2630 938; x_wconf 80' lang='lat' dir='ltr'><strong>presby-</strong></span> 
     </span>
     <span class='ocr_line' id='line_1_7' title="bbox 661 937 2627 1020; baseline 0.003 -20"><span class='ocrx_word' id='word_1_31' title='bbox 661 945 901 1012; x_wconf 88' lang='lat' dir='ltr'><strong>terum,</strong></span> <span class='ocrx_word' id='word_1_32' title='bbox 949 937 1120 1020; x_wconf 92' lang='lat' dir='ltr'><strong>quod</strong></span> <span class='ocrx_word' id='word_1_33' title='bbox 1177 939 1352 1002; x_wconf 90' lang='lat' dir='ltr'><strong>inter</strong></span> <span class='ocrx_word' id='word_1_34' title='bbox 1395 937 1523 1004; x_wconf 91' lang='lat' dir='ltr'><strong>alia</strong></span> <span class='ocrx_word' id='word_1_35' title='bbox 1580 940 2020 1006; x_wconf 74' lang='lat' dir='ltr'><strong>sciscitaretur</strong></span> <span class='ocrx_word' id='word_1_36' title='bbox 2061 961 2147 1006; x_wconf 85' lang='lat' dir='ltr'><strong>ex</strong></span> <span class='ocrx_word' id='word_1_37' title='bbox 2192 961 2298 1006; x_wconf 94' lang='lat' dir='ltr'><strong>me</strong></span> <span class='ocrx_word' id='word_1_38' title='bbox 2342 959 2627 1018; x_wconf 88' lang='lat' dir='ltr'><strong>causam,</strong></span> 
     </span>
     <span class='ocr_line' id='line_1_8' title="bbox 660 1022 2629 1107; baseline 0.002 -20"><span class='ocrx_word' id='word_1_39' title='bbox 660 1041 781 1087; x_wconf 91' lang='lat' dir='ltr'><strong>cur</strong></span> <span class='ocrx_word' id='word_1_40' title='bbox 804 1022 1412 1107; x_wconf 82' lang='lat' dir='ltr'><strong>subterfugeremus</strong></span> <span class='ocrx_word' id='word_1_41' title='bbox 1440 1025 1794 1091; x_wconf 91' lang='lat' dir='ltr'><strong>concilium</strong></span> <span class='ocrx_word' id='word_1_42' title='bbox 1817 1025 2300 1105; x_wconf 77' lang='lat' dir='ltr'><strong>Tridentinum,</strong></span> <span class='ocrx_word' id='word_1_43' title='bbox 2337 1027 2629 1092; x_wconf 87' lang='lat' dir='ltr'><strong>oratioue</strong></span> 
     </span>
     <span class='ocr_line' id='line_1_9' title="bbox 659 1106 2626 1178; baseline 0.003 -6"><span class='ocrx_word' id='word_1_44' title='bbox 659 1128 812 1173; x_wconf 89' lang='lat' dir='ltr'><strong>mea</strong></span> <span class='ocrx_word' id='word_1_45' title='bbox 858 1106 938 1173; x_wconf 91' lang='lat' dir='ltr'><strong>de</strong></span> <span class='ocrx_word' id='word_1_46' title='bbox 998 1109 1272 1175; x_wconf 89' lang='lat' dir='ltr'><strong>concilio</strong></span> <span class='ocrx_word' id='word_1_47' title='bbox 1331 1121 1785 1178; x_wconf 89' lang='lat' dir='ltr'><strong>remuneratus</strong></span> <span class='ocrx_word' id='word_1_48' title='bbox 1841 1132 1985 1177; x_wconf 93' lang='lat' dir='ltr'><strong>sum</strong></span> <span class='ocrx_word' id='word_1_49' title='bbox 2032 1146 2626 1159; x_wconf 84' lang='lat'><strong>—————</strong></span> 
     </span>
     <span class='ocr_line' id='line_1_10' title="bbox 666 1194 2624 1264; baseline 0.001 -3"><span class='ocrx_word' id='word_1_50' title='bbox 666 1226 1518 1243; x_wconf 75' lang='lat'><strong>———————</strong></span> <span class='ocrx_word' id='word_1_51' title='bbox 1563 1195 1806 1263; x_wconf 89' lang='lat' dir='ltr'><strong>Curiae</strong></span> <span class='ocrx_word' id='word_1_52' title='bbox 1850 1203 1909 1263; x_wconf 85' lang='lat'><strong>4.</strong></span> <span class='ocrx_word' id='word_1_53' title='bbox 1948 1194 2177 1264; x_wconf 87' lang='lat' dir='ltr'><strong>Octob.</strong></span> <span class='ocrx_word' id='word_1_54' title='bbox 2216 1218 2388 1263; x_wconf 89' lang='lat' dir='ltr'><strong>anno</strong></span> <span class='ocrx_word' id='word_1_55' title='bbox 2439 1201 2624 1263; x_wconf 83' lang='lat'><strong>1563.</strong></span> 
     </span>
    </p>
   </div>
   <div class='ocr_carea' id='block_1_4' title="bbox 1706 1333 2499 1486">
    <p class='ocr_par' dir='ltr' id='par_1_4' title="bbox 1706 1333 2499 1486">
     <span class='ocr_line' id='line_1_11' title="bbox 1706 1333 2499 1401; baseline 0.004 -3"><span class='ocrx_word' id='word_1_56' title='bbox 1706 1334 1832 1398; x_wconf 80' lang='lat' dir='ltr'><strong>Tui</strong></span> <span class='ocrx_word' id='word_1_57' title='bbox 1877 1333 2499 1401; x_wconf 75' lang='lat' dir='ltr'><strong>observantissimus</strong></span> 
     </span>
     <span class='ocr_line' id='line_1_12' title="bbox 1919 1420 2269 1486; baseline 0.003 -2"><span class='ocrx_word' id='word_1_58' title='bbox 1919 1420 2061 1486; x_wconf 87' lang='lat' dir='ltr'><strong>Iob.</strong></span> <span class='ocrx_word' id='word_1_59' title='bbox 2108 1421 2269 1486; x_wconf 83' lang='lat' dir='ltr'><strong>Fab.</strong></span> 
     </span>
    </p>
   </div>
   <div class='ocr_carea' id='block_1_5' title="bbox 1451 1711 1871 1725">
    <p class='ocr_par' dir='ltr' id='par_1_5' title="bbox 1451 1711 1871 1725">
     <span class='ocr_line' id='line_1_13' title="bbox 1451 1711 1871 1725; baseline -0.002 -1"><span class='ocrx_word' id='word_1_60' title='bbox 1451 1711 1871 1725; x_wconf 60' lang='lat'><em>*</em></span> 
     </span>
    </p>
   </div>
   <div class='ocr_carea' id='block_1_6' title="bbox 1188 1978 2106 2203">
    <p class='ocr_par' dir='ltr' id='par_1_6' title="bbox 1188 1978 2106 2203">
     <span class='ocr_line' id='line_1_14' title="bbox 1545 1978 1748 2051; baseline 0 0"><span class='ocrx_word' id='word_1_61' title='bbox 1545 1978 1748 2051; x_wconf 78' lang='grc'>4033.</span> 
     </span>
     <span class='ocr_line' id='line_1_15' title="bbox 1188 2134 2106 2203; baseline -0.001 -4"><span class='ocrx_word' id='word_1_62' title='bbox 1188 2135 1431 2200; x_wconf 82' lang='grc' dir='ltr'><strong>ΒΕΖΑ</strong></span> <span class='ocrx_word' id='word_1_63' title='bbox 1468 2134 2106 2203; x_wconf 82' lang='lat' dir='ltr'><strong>BULLINGERO.</strong></span> 
     </span>
    </p>
   </div>
   <div class='ocr_carea' id='block_1_7' title="bbox 657 2303 2626 2644">
    <p class='ocr_par' dir='ltr' id='par_1_7' title="bbox 657 2303 2626 2644">
     <span class='ocr_line' id='line_1_16' title="bbox 842 2303 2626 2392; baseline 0.002 -21"><span class='ocrx_word' id='word_1_64' title='bbox 842 2305 1109 2371; x_wconf 77' lang='lat' dir='ltr'><strong>Gratias</strong></span> <span class='ocrx_word' id='word_1_65' title='bbox 1165 2307 1298 2389; x_wconf 75' lang='lat' dir='ltr'><strong>ayit</strong></span> <span class='ocrx_word' id='word_1_66' title='bbox 1353 2326 1474 2389; x_wconf 78' lang='lat' dir='ltr'><strong>pro</strong></span> <span class='ocrx_word' id='word_1_67' title='bbox 1541 2303 1863 2390; x_wconf 76' lang='lat' dir='ltr'><strong>Coliynaei</strong></span> <span class='ocrx_word' id='word_1_68' title='bbox 1927 2308 2216 2392; x_wconf 75' lang='lat' dir='ltr'><strong>apoloyia</strong></span> <span class='ocrx_word' id='word_1_69' title='bbox 2276 2308 2626 2390; x_wconf 78' lang='lat' dir='ltr'><strong>yermanice</strong></span> 
     </span>
     <span class='ocr_line' id='line_1_17' title="bbox 658 2391 2625 2477; baseline 0.002 -21"><span class='ocrx_word' id='word_1_70' title='bbox 658 2411 843 2458; x_wconf 83' lang='lat' dir='ltr'><strong>versa</strong></span> <span class='ocrx_word' id='word_1_71' title='bbox 886 2397 940 2456; x_wconf 87' lang='lat' dir='ltr'><strong>et</strong></span> <span class='ocrx_word' id='word_1_72' title='bbox 981 2391 1098 2455; x_wconf 79' lang='lat' dir='ltr'><strong>hac</strong></span> <span class='ocrx_word' id='word_1_73' title='bbox 1153 2393 1463 2457; x_wconf 78' lang='lat' dir='ltr'><strong>occasione</strong></span> <span class='ocrx_word' id='word_1_74' title='bbox 1507 2394 1740 2475; x_wconf 80' lang='lat' dir='ltr'><strong>paucis</strong></span> <span class='ocrx_word' id='word_1_75' title='bbox 1788 2392 2043 2459; x_wconf 82' lang='lat' dir='ltr'><strong>Galliae</strong></span> <span class='ocrx_word' id='word_1_76' title='bbox 2086 2392 2450 2477; x_wconf 69' lang='lat' dir='ltr'><strong>ambiyuum</strong></span> <span class='ocrx_word' id='word_1_77' title='bbox 2492 2400 2625 2460; x_wconf 84' lang='lat' dir='ltr'><strong>sta·</strong></span> 
     </span>
     <span class='ocr_line' id='line_1_18' title="bbox 659 2475 2624 2546; baseline 0.002 -4"><span class='ocrx_word' id='word_1_78' title='bbox 659 2482 792 2542; x_wconf 80' lang='lat' dir='ltr'><strong>tum</strong></span> <span class='ocrx_word' id='word_1_79' title='bbox 836 2477 1143 2543; x_wconf 74' lang='lat' dir='ltr'><strong>describit.</strong></span> <span class='ocrx_word' id='word_1_80' title='bbox 1223 2475 1530 2544; x_wconf 82' lang='lat' dir='ltr'><strong>Calvinus</strong></span> <span class='ocrx_word' id='word_1_81' title='bbox 1569 2478 1807 2544; x_wconf 77' lang='lat' dir='ltr'><strong>morbis</strong></span> <span class='ocrx_word' id='word_1_82' title='bbox 1850 2484 2114 2544; x_wconf 80' lang='lat' dir='ltr'><strong>vexatur</strong></span> <span class='ocrx_word' id='word_1_83' title='bbox 2156 2480 2379 2544; x_wconf 84' lang='lat' dir='ltr'><strong>variis.</strong></span> <span class='ocrx_word' id='word_1_84' title='bbox 2474 2478 2624 2546; x_wconf 80' lang='lat' dir='ltr'><em>Poz-</em></span> 
     </span>
     <span class='ocr_line' id='line_1_19' title="bbox 657 2562 2189 2644; baseline 0.001 -16"><span class='ocrx_word' id='word_1_85' title='bbox 657 2568 860 2629; x_wconf 82' lang='lat' dir='ltr'><strong>trotus</strong></span> <span class='ocrx_word' id='word_1_86' title='bbox 901 2564 1113 2643; x_wconf 78' lang='lat' dir='ltr'><strong>ipsum</strong></span> <span class='ocrx_word' id='word_1_87' title='bbox 1157 2562 1236 2628; x_wconf 84' lang='lat' dir='ltr'><strong>ab</strong></span> <span class='ocrx_word' id='word_1_88' title='bbox 1278 2564 1448 2628; x_wconf 87' lang='lat' dir='ltr'><strong>omni</strong></span> <span class='ocrx_word' id='word_1_89' title='bbox 1491 2564 1842 2644; x_wconf 80' lang='lat' dir='ltr'><strong>suscipione</strong></span> <span class='ocrx_word' id='word_1_90' title='bbox 1884 2564 2189 2630; x_wconf 83' lang='lat' dir='ltr'><strong>liberavit.</strong></span> 
     </span>
    </p>
   </div>
   <div class='ocr_carea' id='block_1_8' title="bbox 978 2733 2313 2804">
    <p class='ocr_par' dir='ltr' id='par_1_8' title="bbox 978 2733 2313 2804">
     <span class='ocr_line' id='line_1_20' title="bbox 978 2733 2313 2804; baseline 0.001 -16"><span class='ocrx_word' id='word_1_91' title='bbox 978 2734 1092 2798; x_wconf 80' lang='lat' dir='ltr'><strong>(Ex</strong></span> <span class='ocrx_word' id='word_1_92' title='bbox 1130 2734 1471 2803; x_wconf 83' lang='lat' dir='ltr'><strong>autographo</strong></span> <span class='ocrx_word' id='word_1_93' title='bbox 1507 2733 1637 2788; x_wconf 87' lang='lat' dir='ltr'><strong>Ood.</strong></span> <span class='ocrx_word' id='word_1_94' title='bbox 1674 2734 1878 2789; x_wconf 80' lang='lat' dir='ltr'><strong>Genev.</strong></span> <span class='ocrx_word' id='word_1_95' title='bbox 1922 2733 2039 2804; x_wconf 84' lang='lat'><strong>118,</strong></span> <span class='ocrx_word' id='word_1_96' title='bbox 2071 2735 2162 2791; x_wconf 80' lang='lat' dir='ltr'><strong>fol.</strong></span> <span class='ocrx_word' id='word_1_97' title='bbox 2202 2736 2313 2802; x_wconf 85' lang='grc'>16.)</span> 
     </span>
    </p>
   </div>
   <div class='ocr_carea' id='block_1_9' title="bbox 655 2903 2628 5373">
    <p class='ocr_par' dir='ltr' id='par_1_9' title="bbox 655 2903 2625 3161">
     <span class='ocr_line' id='line_1_21' title="bbox 832 2903 2625 2992; baseline 0.002 -21"><span class='ocrx_word' id='word_1_98' title='bbox 832 2904 1047 2971; x_wconf 81' lang='lat' dir='ltr'><strong>Fideli</strong></span> <span class='ocrx_word' id='word_1_99' title='bbox 1088 2903 1343 2972; x_wconf 77' lang='lat' dir='ltr'><strong>Christi</strong></span> <span class='ocrx_word' id='word_1_100' title='bbox 1378 2925 1570 2970; x_wconf 86' lang='lat' dir='ltr'><strong>servo</strong></span> <span class='ocrx_word' id='word_1_101' title='bbox 1599 2903 1684 2970; x_wconf 91' lang='lat' dir='ltr'><strong>D.</strong></span> <span class='ocrx_word' id='word_1_102' title='bbox 1710 2905 2003 2971; x_wconf 86' lang='lat' dir='ltr'><strong>Henrico</strong></span> <span class='ocrx_word' id='word_1_103' title='bbox 2026 2904 2417 2992; x_wconf 89' lang='lat' dir='ltr'><strong>Bullingero</strong></span> <span class='ocrx_word' id='word_1_104' title='bbox 2450 2910 2625 2992; x_wconf 89' lang='lat' dir='ltr'><strong>patri</strong></span> 
     </span>
     <span class='ocr_line' id='line_1_22' title="bbox 655 2989 2624 3077; baseline 0.002 -21"><span class='ocrx_word' id='word_1_105' title='bbox 655 2991 825 3056; x_wconf 88' lang='lat' dir='ltr'><strong>mibi</strong></span> <span class='ocrx_word' id='word_1_106' title='bbox 883 2991 1240 3074; x_wconf 90' lang='lat' dir='ltr'><strong>plurimum</strong></span> <span class='ocrx_word' id='word_1_107' title='bbox 1301 2989 1709 3058; x_wconf 84' lang='lat' dir='ltr'><strong>observando</strong></span> <span class='ocrx_word' id='word_1_108' title='bbox 1768 3006 1835 3056; x_wconf 88' lang='lat' dir='ltr'><strong>et</strong></span> <span class='ocrx_word' id='word_1_109' title='bbox 1888 2992 2247 3077; x_wconf 80' lang='lat' dir='ltr'><strong>Tigurinae</strong></span> <span class='ocrx_word' id='word_1_110' title='bbox 2312 2993 2624 3060; x_wconf 89' lang='lat' dir='ltr'><strong>ecclesiae</strong></span> 
     </span>
     <span class='ocr_line' id='line_1_23' title="bbox 657 3076 2011 3161; baseline -0.002 -18"><span class='ocrx_word' id='word_1_111' title='bbox 657 3099 815 3144; x_wconf 81' lang='lat' dir='ltr'><strong>vere</strong></span> <span class='ocrx_word' id='word_1_112' title='bbox 859 3076 993 3143; x_wconf 88' lang='lat' dir='ltr'><strong>fido</strong></span> <span class='ocrx_word' id='word_1_113' title='bbox 1035 3077 1302 3161; x_wconf 87' lang='lat' dir='ltr'><strong>pastori.</strong></span> <span class='ocrx_word' id='word_1_114' title='bbox 1992 3082 2011 3104; x_wconf 79' lang='lat'><em>⁶</em></span> 
     </span>
    </p>

    <p class='ocr_par' dir='ltr' id='par_1_10' title="bbox 656 3331 2628 5373">
     <span class='ocr_line' id='line_1_24' title="bbox 834 3331 2621 3419; baseline 0.001 -20"><span class='ocrx_word' id='word_1_115' title='bbox 834 3331 905 3399; x_wconf 78' lang='lat' dir='ltr'><strong>S.</strong></span> <span class='ocrx_word' id='word_1_116' title='bbox 980 3333 1211 3400; x_wconf 89' lang='lat' dir='ltr'><strong>Habeo</strong></span> <span class='ocrx_word' id='word_1_117' title='bbox 1276 3331 1394 3399; x_wconf 89' lang='lat' dir='ltr'><strong>tibi</strong></span> <span class='ocrx_word' id='word_1_118' title='bbox 1460 3342 1529 3398; x_wconf 92' lang='lat' dir='ltr'><strong>et</strong></span> <span class='ocrx_word' id='word_1_119' title='bbox 1592 3334 1858 3416; x_wconf 91' lang='lat' dir='ltr'><strong>optimis</strong></span> <span class='ocrx_word' id='word_1_120' title='bbox 1927 3332 2244 3402; x_wconf 85' lang='lat' dir='ltr'><strong>fratribus</strong></span> <span class='ocrx_word' id='word_1_121' title='bbox 2308 3354 2621 3419; x_wconf 86' lang='lat' dir='ltr'><strong>magnam</strong></span> 
     </span>
     <span class='ocr_line' id='line_1_25' title="bbox 660 3418 2623 3504; baseline 0.001 -19"><span class='ocrx_word' id='word_1_122' title='bbox 660 3419 943 3502; x_wconf 87' lang='lat' dir='ltr'><strong>gratiam</strong></span> <span class='ocrx_word' id='word_1_123' title='bbox 962 3470 977 3497; x_wconf 96' lang='lat'><strong>,</strong></span> <span class='ocrx_word' id='word_1_124' title='bbox 1014 3420 1108 3483; x_wconf 92' lang='lat' dir='ltr'><strong>mi</strong></span> <span class='ocrx_word' id='word_1_125' title='bbox 1152 3428 1358 3503; x_wconf 89' lang='lat' dir='ltr'><strong>pater,</strong></span> <span class='ocrx_word' id='word_1_126' title='bbox 1402 3418 1955 3502; x_wconf 89' lang='lat' dir='ltr'><strong>protranslatione</strong></span> <span class='ocrx_word' id='word_1_127' title='bbox 1995 3420 2376 3504; x_wconf 87' lang='lat' dir='ltr'><strong>germanica</strong></span> <span class='ocrx_word' id='word_1_128' title='bbox 2419 3421 2623 3487; x_wconf 89' lang='lat' dir='ltr'><strong>libelli</strong></span> 
     </span>
     <span class='ocr_line' id='line_1_26' title="bbox 656 3503 2621 3588; baseline 0.001 -17"><span class='ocrx_word' id='word_1_129' title='bbox 656 3506 857 3585; x_wconf 89' lang='lat' dir='ltr'><strong>illius,</strong></span> <span class='ocrx_word' id='word_1_130' title='bbox 902 3524 1025 3569; x_wconf 91' lang='lat' dir='ltr'><strong>nec</strong></span> <span class='ocrx_word' id='word_1_131' title='bbox 1069 3506 1295 3571; x_wconf 87' lang='lat' dir='ltr'><strong>dubito</strong></span> <span class='ocrx_word' id='word_1_132' title='bbox 1338 3507 1497 3588; x_wconf 90' lang='lat' dir='ltr'><strong>quin</strong></span> <span class='ocrx_word' id='word_1_133' title='bbox 1535 3503 1620 3570; x_wconf 93' lang='lat' dir='ltr'><strong>D.</strong></span> <span class='ocrx_word' id='word_1_134' title='bbox 1658 3505 1986 3572; x_wconf 80' lang='lat' dir='ltr'><strong>Amiralio</strong></span> <span class='ocrx_word' id='word_1_135' title='bbox 2028 3506 2117 3571; x_wconf 88' lang='lat' dir='ltr'><strong>sit</strong></span> <span class='ocrx_word' id='word_1_136' title='bbox 2153 3505 2276 3573; x_wconf 89' lang='lat' dir='ltr'><strong>hoc</strong></span> <span class='ocrx_word' id='word_1_137' title='bbox 2321 3507 2621 3573; x_wconf 76' lang='lat' dir='ltr'><strong>futurum</strong></span> 
     </span>
     <span class='ocr_line' id='line_1_27' title="bbox 657 3590 2628 3676; baseline 0.002 -22"><span class='ocrx_word' id='word_1_138' title='bbox 657 3591 1127 3676; x_wconf 88' lang='lat' dir='ltr'><strong>gratissimum.</strong></span> <span class='ocrx_word' id='word_1_139' title='bbox 1209 3590 1519 3656; x_wconf 80' lang='lat' dir='ltr'><strong>Guisiani</strong></span> <span class='ocrx_word' id='word_1_140' title='bbox 1595 3592 1878 3657; x_wconf 83' lang='lat' dir='ltr'><strong>infinitis</strong></span> <span class='ocrx_word' id='word_1_141' title='bbox 1944 3590 2292 3659; x_wconf 85' lang='lat' dir='ltr'><strong>clientibus</strong></span> <span class='ocrx_word' id='word_1_142' title='bbox 2359 3592 2628 3658; x_wconf 85' lang='lat' dir='ltr'><strong>subnixi</strong></span> 
     </span>
     <span class='ocr_line' id='line_1_28' title="bbox 658 3676 2625 3762; baseline 0.002 -21"><span class='ocrx_word' id='word_1_143' title='bbox 658 3677 999 3742; x_wconf 87' lang='lat' dir='ltr'><strong>minantur</strong></span> <span class='ocrx_word' id='word_1_144' title='bbox 1057 3698 1128 3742; x_wconf 93' lang='lat' dir='ltr'><strong>se</strong></span> <span class='ocrx_word' id='word_1_145' title='bbox 1186 3685 1626 3743; x_wconf 89' lang='lat' dir='ltr'><strong>commoturos</strong></span> <span class='ocrx_word' id='word_1_146' title='bbox 1680 3676 1933 3743; x_wconf 91' lang='lat' dir='ltr'><strong>coelum</strong></span> <span class='ocrx_word' id='word_1_147' title='bbox 1992 3686 2059 3743; x_wconf 91' lang='lat' dir='ltr'><strong>et</strong></span> <span class='ocrx_word' id='word_1_148' title='bbox 2115 3686 2363 3743; x_wconf 91' lang='lat' dir='ltr'><strong>terram</strong></span> <span class='ocrx_word' id='word_1_149' title='bbox 2405 3679 2625 3762; x_wconf 89' lang='lat' dir='ltr'><strong>potius</strong></span> 
     </span>
     <span class='ocr_line' id='line_1_29' title="bbox 658 3760 2624 3845; baseline 0.002 -17"><span class='ocrx_word' id='word_1_150' title='bbox 658 3783 856 3845; x_wconf 90' lang='lat' dir='ltr'><strong>quam</strong></span> <span class='ocrx_word' id='word_1_151' title='bbox 893 3760 1160 3828; x_wconf 91' lang='lat' dir='ltr'><strong>caedem</strong></span> <span class='ocrx_word' id='word_1_152' title='bbox 1205 3761 1405 3840; x_wconf 90' lang='lat' dir='ltr'><strong>illam,</strong></span> <span class='ocrx_word' id='word_1_153' title='bbox 1453 3784 1649 3845; x_wconf 87' lang='lat' dir='ltr'><strong>quam</strong></span> <span class='ocrx_word' id='word_1_154' title='bbox 1687 3763 1933 3845; x_wconf 87' lang='lat' dir='ltr'><strong>optimo</strong></span> <span class='ocrx_word' id='word_1_155' title='bbox 1976 3771 2043 3828; x_wconf 90' lang='lat' dir='ltr'><strong>et</strong></span> <span class='ocrx_word' id='word_1_156' title='bbox 2084 3763 2624 3831; x_wconf 89' lang='lat' dir='ltr'><strong>innocentissimo</strong></span> 
     </span>
     <span class='ocr_line' id='line_1_30' title="bbox 658 3848 2624 3934; baseline 0.002 -21"><span class='ocrx_word' id='word_1_157' title='bbox 658 3849 806 3914; x_wconf 77' lang='lat' dir='ltr'><strong>viro</strong></span> <span class='ocrx_word' id='word_1_158' title='bbox 860 3848 1210 3931; x_wconf 83' lang='lat' dir='ltr'><strong>imputant,</strong></span> <span class='ocrx_word' id='word_1_159' title='bbox 1266 3848 1570 3931; x_wconf 85' lang='lat' dir='ltr'><strong>quamvis</strong></span> <span class='ocrx_word' id='word_1_160' title='bbox 1624 3849 1693 3913; x_wconf 93' lang='lat' dir='ltr'><strong>in</strong></span> <span class='ocrx_word' id='word_1_161' title='bbox 1740 3848 1972 3914; x_wconf 89' lang='lat' dir='ltr'><strong>mediis</strong></span> <span class='ocrx_word' id='word_1_162' title='bbox 2026 3850 2226 3916; x_wconf 88' lang='lat' dir='ltr'><strong>armis</strong></span> <span class='ocrx_word' id='word_1_163' title='bbox 2286 3861 2624 3934; x_wconf 88' lang='lat' dir='ltr'><strong>perpetra-</strong></span> 
     </span>
     <span class='ocr_line' id='line_1_31' title="bbox 660 3933 2623 4011; baseline 0.002 -13"><span class='ocrx_word' id='word_1_164' title='bbox 660 3941 836 4011; x_wconf 89' lang='lat' dir='ltr'><strong>tam,</strong></span> <span class='ocrx_word' id='word_1_165' title='bbox 903 3934 1323 3999; x_wconf 91' lang='lat' dir='ltr'><strong>ulciscantur.</strong></span> <span class='ocrx_word' id='word_1_166' title='bbox 1408 3933 1534 3998; x_wconf 91' lang='lat' dir='ltr'><strong>Ille</strong></span> <span class='ocrx_word' id='word_1_167' title='bbox 1599 3942 1833 3999; x_wconf 89' lang='lat' dir='ltr'><strong>contra</strong></span> <span class='ocrx_word' id='word_1_168' title='bbox 1891 3934 2066 4000; x_wconf 92' lang='lat' dir='ltr'><strong>domi</strong></span> <span class='ocrx_word' id='word_1_169' title='bbox 2131 3936 2484 4002; x_wconf 87' lang='lat' dir='ltr'><strong>fortissime</strong></span> <span class='ocrx_word' id='word_1_170' title='bbox 2550 3958 2623 4001; x_wconf 90' lang='lat' dir='ltr'><strong>se</strong></span> 
     </span>
     <span class='ocr_line' id='line_1_32' title="bbox 662 4020 2625 4105; baseline 0.001 -19"><span class='ocrx_word' id='word_1_171' title='bbox 662 4020 947 4086; x_wconf 89' lang='lat' dir='ltr'><strong>sustinet</strong></span> <span class='ocrx_word' id='word_1_172' title='bbox 1001 4041 1124 4084; x_wconf 89' lang='lat' dir='ltr'><strong>sua</strong></span> <span class='ocrx_word' id='word_1_173' title='bbox 1167 4020 1565 4085; x_wconf 90' lang='lat' dir='ltr'><strong>conscientia</strong></span> <span class='ocrx_word' id='word_1_174' title='bbox 1607 4022 1832 4095; x_wconf 89' lang='lat' dir='ltr'><strong>fretus,</strong></span> <span class='ocrx_word' id='word_1_175' title='bbox 1879 4040 1999 4086; x_wconf 91' lang='lat' dir='ltr'><strong>nec</strong></span> <span class='ocrx_word' id='word_1_176' title='bbox 2040 4020 2405 4105; x_wconf 88' lang='lat' dir='ltr'><strong>legitimum</strong></span> <span class='ocrx_word' id='word_1_177' title='bbox 2452 4021 2625 4087; x_wconf 90' lang='lat' dir='ltr'><strong>iudi·</strong></span> 
     </span>
     <span class='ocr_line' id='line_1_33' title="bbox 661 4103 2624 4189; baseline 0.001 -16"><span class='ocrx_word' id='word_1_178' title='bbox 661 4106 838 4174; x_wconf 94' lang='lat' dir='ltr'><strong>cium</strong></span> <span class='ocrx_word' id='word_1_179' title='bbox 880 4114 1169 4172; x_wconf 79' lang='lat' dir='ltr'><strong>recusat:</strong></span> <span class='ocrx_word' id='word_1_180' title='bbox 1220 4116 1287 4171; x_wconf 89' lang='lat' dir='ltr'><strong>et</strong></span> <span class='ocrx_word' id='word_1_181' title='bbox 1343 4103 1754 4171; x_wconf 80' lang='lat' dir='ltr'><strong>adversarios</strong></span> <span class='ocrx_word' id='word_1_182' title='bbox 1808 4116 2061 4172; x_wconf 91' lang='lat' dir='ltr'><strong>certum</strong></span> <span class='ocrx_word' id='word_1_183' title='bbox 2119 4116 2219 4172; x_wconf 88' lang='lat' dir='ltr'><strong>est</strong></span> <span class='ocrx_word' id='word_1_184' title='bbox 2273 4116 2624 4189; x_wconf 82' lang='lat' dir='ltr'><strong>praetextu</strong></span> 
     </span>
     <span class='ocr_line' id='line_1_34' title="bbox 662 4192 2622 4275; baseline 0.001 -19"><span class='ocrx_word' id='word_1_185' title='bbox 662 4192 776 4258; x_wconf 90' lang='lat' dir='ltr'><strong>illo</strong></span> <span class='ocrx_word' id='word_1_186' title='bbox 844 4192 940 4256; x_wconf 90' lang='lat' dir='ltr'><strong>uti</strong></span> <span class='ocrx_word' id='word_1_187' title='bbox 1009 4200 1237 4256; x_wconf 91' lang='lat' dir='ltr'><strong>contra</strong></span> <span class='ocrx_word' id='word_1_188' title='bbox 1301 4192 1799 4267; x_wconf 80' lang='lat' dir='ltr'><strong>conscientiam,</strong></span> <span class='ocrx_word' id='word_1_189' title='bbox 1873 4204 1948 4256; x_wconf 86' lang='lat' dir='ltr'><strong>ut</strong></span> <span class='ocrx_word' id='word_1_190' title='bbox 2014 4212 2165 4256; x_wconf 91' lang='lat' dir='ltr'><strong>eum</strong></span> <span class='ocrx_word' id='word_1_191' title='bbox 2229 4195 2622 4275; x_wconf 86' lang='lat' dir='ltr'><strong>opprimant,</strong></span> 
     </span>
     <span class='ocr_line' id='line_1_35' title="bbox 664 4276 2625 4361; baseline 0.001 -18"><span class='ocrx_word' id='word_1_192' title='bbox 664 4298 859 4361; x_wconf 88' lang='lat' dir='ltr'><strong>quem</strong></span> <span class='ocrx_word' id='word_1_193' title='bbox 928 4298 1106 4342; x_wconf 93' lang='lat' dir='ltr'><strong>nunc</strong></span> <span class='ocrx_word' id='word_1_194' title='bbox 1172 4277 1306 4342; x_wconf 77' lang='lat' dir='ltr'><strong>fere</strong></span> <span class='ocrx_word' id='word_1_195' title='bbox 1371 4296 1520 4341; x_wconf 95' lang='lat' dir='ltr'><strong>cum</strong></span> <span class='ocrx_word' id='word_1_196' title='bbox 1586 4279 1721 4341; x_wconf 90' lang='lat' dir='ltr'><strong>suis</strong></span> <span class='ocrx_word' id='word_1_197' title='bbox 1787 4276 2098 4343; x_wconf 86' lang='lat' dir='ltr'><strong>fratribus</strong></span> <span class='ocrx_word' id='word_1_198' title='bbox 2159 4278 2391 4344; x_wconf 82' lang='lat' dir='ltr'><strong>vident</strong></span> <span class='ocrx_word' id='word_1_199' title='bbox 2454 4282 2625 4345; x_wconf 90' lang='lat' dir='ltr'><strong>serio</strong></span> 
     </span>
     <span class='ocr_line' id='line_1_36' title="bbox 663 4361 2627 4431; baseline 0 0"><span class='ocrx_word' id='word_1_200' title='bbox 663 4385 933 4431; x_wconf 89' lang='lat' dir='ltr'><strong>causam</strong></span> <span class='ocrx_word' id='word_1_201' title='bbox 978 4362 1233 4428; x_wconf 86' lang='lat' dir='ltr'><strong>Christi</strong></span> <span class='ocrx_word' id='word_1_202' title='bbox 1278 4363 1463 4427; x_wconf 89' lang='lat' dir='ltr'><strong>tueri.</strong></span> <span class='ocrx_word' id='word_1_203' title='bbox 1534 4361 1804 4427; x_wconf 77' lang='lat' dir='ltr'><strong>Interea</strong></span> <span class='ocrx_word' id='word_1_204' title='bbox 1847 4383 1977 4428; x_wconf 89' lang='lat' dir='ltr'><strong>non</strong></span> <span class='ocrx_word' id='word_1_205' title='bbox 2024 4361 2263 4428; x_wconf 86' lang='lat' dir='ltr'><strong>desunt</strong></span> <span class='ocrx_word' id='word_1_206' title='bbox 2301 4365 2627 4431; x_wconf 72' lang='lat' dir='ltr'><strong>Amiralio</strong></span> 
     </span>
     <span class='ocr_line' id='line_1_37' title="bbox 667 4448 2624 4527; baseline 0.001 -13"><span class='ocrx_word' id='word_1_207' title='bbox 667 4450 880 4524; x_wconf 88' lang='lat' dir='ltr'><strong>amici,</strong></span> <span class='ocrx_word' id='word_1_208' title='bbox 939 4449 1100 4514; x_wconf 84' lang='lat' dir='ltr'><strong>adeo</strong></span> <span class='ocrx_word' id='word_1_209' title='bbox 1143 4457 1236 4527; x_wconf 92' lang='lat' dir='ltr'><strong>ut,</strong></span> <span class='ocrx_word' id='word_1_210' title='bbox 1291 4449 1419 4513; x_wconf 89' lang='lat' dir='ltr'><strong>nisi</strong></span> <span class='ocrx_word' id='word_1_211' title='bbox 1457 4448 1785 4514; x_wconf 91' lang='lat' dir='ltr'><strong>Dominus</strong></span> <span class='ocrx_word' id='word_1_212' title='bbox 1828 4450 2137 4513; x_wconf 90' lang='lat' dir='ltr'><strong>miseram</strong></span> <span class='ocrx_word' id='word_1_213' title='bbox 2184 4449 2477 4514; x_wconf 83' lang='lat' dir='ltr'><strong>Galliam</strong></span> <span class='ocrx_word' id='word_1_214' title='bbox 2519 4472 2624 4517; x_wconf 89' lang='lat' dir='ltr'><strong>re·</strong></span> 
     </span>
     <span class='ocr_line' id='line_1_38' title="bbox 667 4533 2625 4620; baseline 0.002 -21"><span class='ocrx_word' id='word_1_215' title='bbox 667 4535 918 4620; x_wconf 88' lang='lat' dir='ltr'><strong>spiciat,</strong></span> <span class='ocrx_word' id='word_1_216' title='bbox 967 4535 1091 4599; x_wconf 87' lang='lat' dir='ltr'><strong>hoc</strong></span> <span class='ocrx_word' id='word_1_217' title='bbox 1144 4536 1230 4599; x_wconf 87' lang='lat' dir='ltr'><strong>sit</strong></span> <span class='ocrx_word' id='word_1_218' title='bbox 1281 4535 1579 4599; x_wconf 80' lang='lat' dir='ltr'><strong>futurum</strong></span> <span class='ocrx_word' id='word_1_219' title='bbox 1622 4536 1777 4599; x_wconf 85' lang='lat' dir='ltr'><strong>novi</strong></span> <span class='ocrx_word' id='word_1_220' title='bbox 1819 4534 1971 4599; x_wconf 91' lang='lat' dir='ltr'><strong>belli</strong></span> <span class='ocrx_word' id='word_1_221' title='bbox 2032 4533 2424 4600; x_wconf 90' lang='lat' dir='ltr'><strong>incendium.</strong></span> <span class='ocrx_word' id='word_1_222' title='bbox 2516 4536 2625 4602; x_wconf 82' lang='lat' dir='ltr'><strong>Si·</strong></span> 
     </span>
     <span class='ocr_line' id='line_1_39' title="bbox 668 4620 2626 4704; baseline 0.001 -19"><span class='ocrx_word' id='word_1_223' title='bbox 668 4620 931 4704; x_wconf 90' lang='lat' dir='ltr'><strong>quidem</strong></span> <span class='ocrx_word' id='word_1_224' title='bbox 991 4628 1244 4685; x_wconf 89' lang='lat' dir='ltr'><strong>certum</strong></span> <span class='ocrx_word' id='word_1_225' title='bbox 1301 4633 1401 4684; x_wconf 89' lang='lat' dir='ltr'><strong>est</strong></span> <span class='ocrx_word' id='word_1_226' title='bbox 1458 4628 1718 4686; x_wconf 91' lang='lat' dir='ltr'><strong>nostros</strong></span> <span class='ocrx_word' id='word_1_227' title='bbox 1775 4620 1907 4685; x_wconf 92' lang='lat' dir='ltr'><strong>iam</strong></span> <span class='ocrx_word' id='word_1_228' title='bbox 1967 4640 2226 4704; x_wconf 91' lang='lat' dir='ltr'><strong>quoque</strong></span> <span class='ocrx_word' id='word_1_229' title='bbox 2270 4624 2626 4688; x_wconf 86' lang='lat' dir='ltr'><strong>convenire</strong></span> 
     </span>
     <span class='ocr_line' id='line_1_40' title="bbox 667 4706 2625 4793; baseline 0.001 -22"><span class='ocrx_word' id='word_1_230' title='bbox 667 4716 746 4771; x_wconf 88' lang='lat' dir='ltr'><strong>ut</strong></span> <span class='ocrx_word' id='word_1_231' title='bbox 782 4707 1180 4772; x_wconf 81' lang='lat' dir='ltr'><strong>Amiralium</strong></span> <span class='ocrx_word' id='word_1_232' title='bbox 1236 4707 1305 4770; x_wconf 91' lang='lat' dir='ltr'><strong>in</strong></span> <span class='ocrx_word' id='word_1_233' title='bbox 1350 4706 1596 4788; x_wconf 89' lang='lat' dir='ltr'><strong>optima</strong></span> <span class='ocrx_word' id='word_1_234' title='bbox 1639 4726 1838 4772; x_wconf 85' lang='lat' dir='ltr'><strong>causa</strong></span> <span class='ocrx_word' id='word_1_235' title='bbox 1892 4707 2140 4772; x_wconf 86' lang='lat' dir='ltr'><strong>iuvent.</strong></span> <span class='ocrx_word' id='word_1_236' title='bbox 2211 4706 2420 4773; x_wconf 82' lang='lat' dir='ltr'><strong>Vides</strong></span> <span class='ocrx_word' id='word_1_237' title='bbox 2466 4729 2625 4793; x_wconf 89' lang='lat' dir='ltr'><strong>ergo</strong></span> 
     </span>
     <span class='ocr_line' id='line_1_41' title="bbox 669 4789 2625 4878; baseline 0.002 -22"><span class='ocrx_word' id='word_1_238' title='bbox 669 4792 781 4876; x_wconf 92' lang='lat' dir='ltr'><strong>qui</strong></span> <span class='ocrx_word' id='word_1_239' title='bbox 828 4791 1151 4857; x_wconf 90' lang='lat' dir='ltr'><strong>tumultus</strong></span> <span class='ocrx_word' id='word_1_240' title='bbox 1205 4789 1357 4857; x_wconf 90' lang='lat' dir='ltr'><strong>inde</strong></span> <span class='ocrx_word' id='word_1_241' title='bbox 1401 4791 1841 4875; x_wconf 81' lang='lat' dir='ltr'><strong>impendeant.</strong></span> <span class='ocrx_word' id='word_1_242' title='bbox 1930 4791 2065 4858; x_wconf 79' lang='lat' dir='ltr'><strong>Sed</strong></span> <span class='ocrx_word' id='word_1_243' title='bbox 2110 4814 2259 4878; x_wconf 89' lang='lat' dir='ltr'><strong>spes</strong></span> <span class='ocrx_word' id='word_1_244' title='bbox 2303 4803 2403 4859; x_wconf 92' lang='lat' dir='ltr'><strong>est</strong></span> <span class='ocrx_word' id='word_1_245' title='bbox 2449 4795 2625 4878; x_wconf 89' lang='lat' dir='ltr'><strong>regis</strong></span> 
     </span>
     <span class='ocr_line' id='line_1_42' title="bbox 664 4878 2626 4962; baseline 0.002 -19"><span class='ocrx_word' id='word_1_246' title='bbox 664 4878 1096 4961; x_wconf 80' lang='lat' dir='ltr'><strong>pubertatem,</strong></span> <span class='ocrx_word' id='word_1_247' title='bbox 1135 4878 1438 4960; x_wconf 88' lang='lat' dir='ltr'><strong>quamvis</strong></span> <span class='ocrx_word' id='word_1_248' title='bbox 1478 4878 1917 4955; x_wconf 86' lang='lat' dir='ltr'><strong>immaturam,</strong></span> <span class='ocrx_word' id='word_1_249' title='bbox 1954 4888 2178 4944; x_wconf 86' lang='lat' dir='ltr'><strong>tamen</strong></span> <span class='ocrx_word' id='word_1_250' title='bbox 2214 4878 2474 4962; x_wconf 78' lang='lat' dir='ltr'><strong>aliquod</strong></span> <span class='ocrx_word' id='word_1_251' title='bbox 2521 4881 2626 4946; x_wconf 87' lang='lat' dir='ltr'><strong>his</strong></span> 
     </span>
     <span class='ocr_line' id='line_1_43' title="bbox 667 4961 2625 5048; baseline 0.001 -20"><span class='ocrx_word' id='word_1_252' title='bbox 667 4963 1098 5048; x_wconf 89' lang='lat' dir='ltr'><strong>impediendis</strong></span> <span class='ocrx_word' id='word_1_253' title='bbox 1142 4961 1333 5028; x_wconf 92' lang='lat' dir='ltr'><strong>malis</strong></span> <span class='ocrx_word' id='word_1_254' title='bbox 1378 4963 1741 5028; x_wconf 90' lang='lat' dir='ltr'><strong>remedium</strong></span> <span class='ocrx_word' id='word_1_255' title='bbox 1789 4963 2159 5029; x_wconf 89' lang='lat' dir='ltr'><strong>allaturam.</strong></span> <span class='ocrx_word' id='word_1_256' title='bbox 2250 4962 2625 5046; x_wconf 79' lang='lat' dir='ltr'><strong>Caeterum,</strong></span> 
     </span>
     <span class='ocr_line' id='line_1_44' title="bbox 669 5048 2626 5133; baseline 0.001 -18"><span class='ocrx_word' id='word_1_257' title='bbox 669 5060 1003 5132; x_wconf 89' lang='lat' dir='ltr'><strong>utcunque</strong></span> <span class='ocrx_word' id='word_1_258' title='bbox 1047 5049 1153 5126; x_wconf 91' lang='lat' dir='ltr'><strong>sit,</strong></span> <span class='ocrx_word' id='word_1_259' title='bbox 1204 5048 1459 5115; x_wconf 84' lang='lat' dir='ltr'><strong>affirmo</strong></span> <span class='ocrx_word' id='word_1_260' title='bbox 1515 5049 1633 5114; x_wconf 93' lang='lat' dir='ltr'><strong>tibi</strong></span> <span class='ocrx_word' id='word_1_261' title='bbox 1694 5049 1952 5115; x_wconf 83' lang='lat' dir='ltr'><strong>fortiter</strong></span> <span class='ocrx_word' id='word_1_262' title='bbox 2006 5070 2277 5133; x_wconf 85' lang='lat' dir='ltr'><strong>pergere</strong></span> <span class='ocrx_word' id='word_1_263' title='bbox 2321 5051 2626 5117; x_wconf 90' lang='lat' dir='ltr'><strong>ecclesias</strong></span> 
     </span>
     <span class='ocr_line' id='line_1_45' title="bbox 670 5134 2626 5222; baseline 0.002 -23"><span class='ocrx_word' id='word_1_264' title='bbox 670 5147 737 5200; x_wconf 89' lang='lat' dir='ltr'><strong>et</strong></span> <span class='ocrx_word' id='word_1_265' title='bbox 771 5136 1091 5219; x_wconf 88' lang='lat' dir='ltr'><strong>paulatim</strong></span> <span class='ocrx_word' id='word_1_266' title='bbox 1126 5134 1400 5200; x_wconf 88' lang='lat' dir='ltr'><strong>cicurari</strong></span> <span class='ocrx_word' id='word_1_267' title='bbox 1437 5136 1637 5201; x_wconf 88' lang='lat' dir='ltr'><strong>etiam</strong></span> <span class='ocrx_word' id='word_1_268' title='bbox 1672 5135 2125 5213; x_wconf 83' lang='lat' dir='ltr'><strong>ferocissimos,</strong></span> <span class='ocrx_word' id='word_1_269' title='bbox 2172 5136 2414 5219; x_wconf 85' lang='lat' dir='ltr'><strong>partim</strong></span> <span class='ocrx_word' id='word_1_270' title='bbox 2449 5138 2626 5222; x_wconf 88' lang='lat' dir='ltr'><strong>regis</strong></span> 
     </span>
     <span class='ocr_line' id='line_1_46' title="bbox 670 5219 2624 5305; baseline 0.002 -20"><span class='ocrx_word' id='word_1_271' title='bbox 670 5219 902 5286; x_wconf 87' lang='lat' dir='ltr'><strong>edictis</strong></span> <span class='ocrx_word' id='word_1_272' title='bbox 945 5219 1287 5295; x_wconf 81' lang='lat' dir='ltr'><strong>cohibitas,</strong></span> <span class='ocrx_word' id='word_1_273' title='bbox 1343 5222 1586 5303; x_wconf 90' lang='lat' dir='ltr'><strong>partim</strong></span> <span class='ocrx_word' id='word_1_274' title='bbox 1646 5222 1790 5305; x_wconf 86' lang='lat' dir='ltr'><strong>ipsa</strong></span> <span class='ocrx_word' id='word_1_275' title='bbox 1848 5221 2283 5287; x_wconf 87' lang='lat' dir='ltr'><strong>diuturnitate</strong></span> <span class='ocrx_word' id='word_1_276' title='bbox 2342 5222 2624 5289; x_wconf 89' lang='lat' dir='ltr'><strong>crudeli-</strong></span> 
     </span>
     <span class='ocr_line' id='line_1_47' title="bbox 669 5306 1665 5373; baseline 0.003 -3"><span class='ocrx_word' id='word_1_277' title='bbox 669 5306 824 5372; x_wconf 84' lang='lat' dir='ltr'><strong>tatis</strong></span> <span class='ocrx_word' id='word_1_278' title='bbox 867 5306 1156 5373; x_wconf 87' lang='lat' dir='ltr'><strong>satiatos.</strong></span> <span class='ocrx_word' id='word_1_279' title='bbox 1202 5339 1289 5353; x_wconf 93' lang='lat'>—</span> <span class='ocrx_word' id='word_1_280' title='bbox 1331 5341 1415 5353; x_wconf 96' lang='lat'><strong>—</strong></span> <span class='ocrx_word' id='word_1_281' title='bbox 1454 5339 1539 5353; x_wconf 94' lang='lat'><strong>—</strong></span> <span class='ocrx_word' id='word_1_282' title='bbox 1584 5342 1665 5354; x_wconf 94' lang='lat'>—</span> 
     </span>
    </p>
   </div>
   <div class='ocr_carea' id='block_1_10' title="bbox 2193 409 3195 478">
    <p class='ocr_par' dir='ltr' id='par_1_11' title="bbox 2193 409 3195 478">
     <span class='ocr_line' id='line_1_48' title="bbox 2193 409 3195 478; baseline -0.004 -1"><span class='ocrx_word' id='word_1_283' title='bbox 2193 409 2722 478; x_wconf 76' lang='lat' dir='ltr'><strong>EPISTOLAE</strong></span> <span class='ocrx_word' id='word_1_284' title='bbox 2765 410 3195 474; x_wconf 78' lang='lat'>4032—4035</span> 
     </span>
    </p>
   </div>
   <div class='ocr_carea' id='block_1_11' title="bbox 2664 599 2696 5363">
    <p class='ocr_par' dir='ltr' id='par_1_12' title="bbox 2664 599 2696 5363">
     <span class='ocr_line' id='line_1_49' title="bbox 2664 599 2696 5363; baseline 0 0"><span class='ocrx_word' id='word_1_285' title='bbox 2664 599 2696 5363; x_wconf 95' lang='lat' dir='ltr'><strong> </strong></span> 
     </span>
    </p>
   </div>
   <div class='ocr_carea' id='block_1_12' title="bbox 4537 414 4624 478">
    <p class='ocr_par' dir='ltr' id='par_1_13' title="bbox 4537 414 4624 478">
     <span class='ocr_line' id='line_1_50' title="bbox 4537 414 4624 478; baseline 0.034 -3"><span class='ocrx_word' id='word_1_286' title='bbox 4537 414 4624 478; x_wconf 71' lang='lat'><strong>158</strong></span> 
     </span>
    </p>
   </div>
   <div class='ocr_carea' id='block_1_13' title="bbox 2728 595 4646 1692">
    <p class='ocr_par' dir='ltr' id='par_1_14' title="bbox 2731 595 4630 835">
     <span class='ocr_line' id='line_1_51' title="bbox 2905 595 4630 674; baseline 0.002 -12"><span class='ocrx_word' id='word_1_287' title='bbox 2905 596 3113 663; x_wconf 85' lang='lat' dir='ltr'><strong>Recte</strong></span> <span class='ocrx_word' id='word_1_288' title='bbox 3175 596 3376 662; x_wconf 84' lang='lat' dir='ltr'><strong>habet</strong></span> <span class='ocrx_word' id='word_1_289' title='bbox 3450 603 3585 662; x_wconf 87' lang='lat' dir='ltr'><strong>tota</strong></span> <span class='ocrx_word' id='word_1_290' title='bbox 3644 603 3870 662; x_wconf 88' lang='lat' dir='ltr'><strong>nostra</strong></span> <span class='ocrx_word' id='word_1_291' title='bbox 3933 595 4191 674; x_wconf 89' lang='lat' dir='ltr'><strong>schola,</strong></span> <span class='ocrx_word' id='word_1_292' title='bbox 4258 597 4314 663; x_wconf 93' lang='lat' dir='ltr'><strong>si</strong></span> <span class='ocrx_word' id='word_1_293' title='bbox 4389 596 4630 665; x_wconf 68' lang='lat' dir='ltr'><strong>Calvim</strong></span> 
     </span>
     <span class='ocr_line' id='line_1_52' title="bbox 2731 681 4630 767; baseline 0.003 -22"><span class='ocrx_word' id='word_1_294' title='bbox 2731 689 2955 747; x_wconf 89' lang='lat' dir='ltr'><strong>noster</strong></span> <span class='ocrx_word' id='word_1_295' title='bbox 2987 681 3225 749; x_wconf 92' lang='lat' dir='ltr'><strong>melius</strong></span> <span class='ocrx_word' id='word_1_296' title='bbox 3261 681 3527 760; x_wconf 86' lang='lat' dir='ltr'><strong>valeret,</strong></span> <span class='ocrx_word' id='word_1_297' title='bbox 3572 703 3767 766; x_wconf 92' lang='lat' dir='ltr'><strong>quem</strong></span> <span class='ocrx_word' id='word_1_298' title='bbox 3815 683 4112 767; x_wconf 89' lang='lat' dir='ltr'><strong>perpetui</strong></span> <span class='ocrx_word' id='word_1_299' title='bbox 4160 697 4229 749; x_wconf 88' lang='lat' dir='ltr'><strong>et</strong></span> <span class='ocrx_word' id='word_1_300' title='bbox 4272 683 4435 748; x_wconf 86' lang='lat' dir='ltr'><strong>varii</strong></span> <span class='ocrx_word' id='word_1_301' title='bbox 4473 685 4630 751; x_wconf 83' lang='lat' dir='ltr'><strong>morbi</strong></span> 
     </span>
     <span class='ocr_line' id='line_1_53' title="bbox 2733 776 3578 835; baseline 0.005 -4"><span class='ocrx_word' id='word_1_302' title='bbox 2733 776 3060 835; x_wconf 88' lang='lat' dir='ltr'><strong>exercent.</strong></span> <span class='ocrx_word' id='word_1_303' title='bbox 3106 804 3190 816; x_wconf 94' lang='lat'>—</span> <span class='ocrx_word' id='word_1_304' title='bbox 3237 804 3320 815; x_wconf 93' lang='lat'>—</span> <span class='ocrx_word' id='word_1_305' title='bbox 3366 803 3450 815; x_wconf 94' lang='lat'>—</span> <span class='ocrx_word' id='word_1_306' title='bbox 3495 804 3578 815; x_wconf 94' lang='lat'>—</span> 
     </span>
    </p>

    <p class='ocr_par' dir='ltr' id='par_1_15' title="bbox 2728 850 4646 1692">
     <span class='ocr_line' id='line_1_54' title="bbox 2903 850 4632 938; baseline 0 -20"><span class='ocrx_word' id='word_1_307' title='bbox 2903 853 3008 919; x_wconf 91' lang='lat' dir='ltr'><strong>De</strong></span> <span class='ocrx_word' id='word_1_308' title='bbox 3043 874 3149 919; x_wconf 91' lang='lat' dir='ltr'><strong>me</strong></span> <span class='ocrx_word' id='word_1_309' title='bbox 3172 858 3221 932; x_wconf 90' lang='lat'><strong>¹)</strong></span> <span class='ocrx_word' id='word_1_310' title='bbox 3244 852 3557 937; x_wconf 88' lang='lat' dir='ltr'><strong>privatim</strong></span> <span class='ocrx_word' id='word_1_311' title='bbox 3596 853 3716 920; x_wconf 85' lang='lat' dir='ltr'><strong>hoc</strong></span> <span class='ocrx_word' id='word_1_312' title='bbox 3754 850 3872 918; x_wconf 84' lang='lat' dir='ltr'><strong>tibi</strong></span> <span class='ocrx_word' id='word_1_313' title='bbox 3908 854 4412 938; x_wconf 84' lang='lat' dir='ltr'><strong>significandum</strong></span> <span class='ocrx_word' id='word_1_314' title='bbox 4434 856 4632 938; x_wconf 73' lang='lat' dir='ltr'><strong>putavi:</strong></span> 
     </span>
     <span class='ocr_line' id='line_1_55' title="bbox 2736 936 4634 1024; baseline 0.002 -21"><span class='ocrx_word' id='word_1_315' title='bbox 2736 936 3048 1006; x_wconf 60' lang='lat' dir='ltr'><strong>Pourotus</strong></span> <span class='ocrx_word' id='word_1_316' title='bbox 3089 938 3202 1005; x_wconf 85' lang='lat' dir='ltr'><strong>illc</strong></span> <span class='ocrx_word' id='word_1_317' title='bbox 3234 937 3690 1024; x_wconf 72' lang='grc' dir='ltr'><strong><em>τυραννοκτόνος</em></strong></span> <span class='ocrx_word' id='word_1_318' title='bbox 3724 959 3831 1003; x_wconf 88' lang='lat' dir='ltr'><strong>me</strong></span> <span class='ocrx_word' id='word_1_319' title='bbox 3866 947 3934 1004; x_wconf 82' lang='lat' dir='ltr'><strong>ct</strong></span> <span class='ocrx_word' id='word_1_320' title='bbox 3975 940 4045 1004; x_wconf 88' lang='lat' dir='ltr'><strong>in</strong></span> <span class='ocrx_word' id='word_1_321' title='bbox 4091 941 4236 1023; x_wconf 86' lang='lat' dir='ltr'><strong>ipsa</strong></span> <span class='ocrx_word' id='word_1_322' title='bbox 4271 961 4494 1007; x_wconf 75' lang='lat' dir='ltr'><strong>causae</strong></span> <span class='ocrx_word' id='word_1_323' title='bbox 4522 960 4634 1024; x_wconf 77' lang='lat' dir='ltr'><strong>cog·</strong></span> 
     </span>
     <span class='ocr_line' id='line_1_56' title="bbox 2732 1023 4638 1108; baseline 0.001 -19"><span class='ocrx_word' id='word_1_324' title='bbox 2732 1023 2999 1102; x_wconf 87' lang='lat' dir='ltr'><strong>uitione,</strong></span> <span class='ocrx_word' id='word_1_325' title='bbox 3060 1034 3128 1090; x_wconf 91' lang='lat' dir='ltr'><strong>et</strong></span> <span class='ocrx_word' id='word_1_326' title='bbox 3180 1025 3251 1089; x_wconf 90' lang='lat' dir='ltr'><strong>in</strong></span> <span class='ocrx_word' id='word_1_327' title='bbox 3306 1024 3520 1090; x_wconf 89' lang='lat' dir='ltr'><strong>medio</strong></span> <span class='ocrx_word' id='word_1_328' title='bbox 3578 1025 3896 1108; x_wconf 91' lang='lat' dir='ltr'><strong>supplicio</strong></span> <span class='ocrx_word' id='word_1_329' title='bbox 3951 1027 4200 1091; x_wconf 89' lang='lat' dir='ltr'><strong>centies</strong></span> <span class='ocrx_word' id='word_1_330' title='bbox 4250 1024 4538 1092; x_wconf 82' lang='lat' dir='ltr'><strong>liberavit</strong></span> <span class='ocrx_word' id='word_1_331' title='bbox 4577 1026 4638 1091; x_wconf 70' lang='lat' dir='ltr'><strong>ab</strong></span> 
     </span>
     <span class='ocr_line' id='line_1_57' title="bbox 2730 1108 4638 1196; baseline 0.001 -21"><span class='ocrx_word' id='word_1_332' title='bbox 2730 1111 2908 1175; x_wconf 94' lang='lat' dir='ltr'><strong>omni</strong></span> <span class='ocrx_word' id='word_1_333' title='bbox 2956 1110 3317 1177; x_wconf 81' lang='lat' dir='ltr'><strong>Guisianae</strong></span> <span class='ocrx_word' id='word_1_334' title='bbox 3376 1108 3593 1177; x_wconf 88' lang='lat' dir='ltr'><strong>caedis</strong></span> <span class='ocrx_word' id='word_1_335' title='bbox 3651 1111 4036 1193; x_wconf 90' lang='lat' dir='ltr'><strong>suspicione.</strong></span> <span class='ocrx_word' id='word_1_336' title='bbox 4124 1111 4426 1196; x_wconf 83' lang='lat' dir='ltr'><strong>Pergunt</strong></span> <span class='ocrx_word' id='word_1_337' title='bbox 4464 1121 4638 1176; x_wconf 81' lang='lat' dir='ltr'><strong>tamen</strong></span> 
     </span>
     <span class='ocr_line' id='line_1_58' title="bbox 2733 1195 4641 1281; baseline -0.001 -19"><span class='ocrx_word' id='word_1_338' title='bbox 2733 1195 3062 1275; x_wconf 84' lang='lat' dir='ltr'><strong>Guisiani,</strong></span> <span class='ocrx_word' id='word_1_339' title='bbox 3109 1204 3176 1263; x_wconf 90' lang='lat' dir='ltr'><strong>et</strong></span> <span class='ocrx_word' id='word_1_340' title='bbox 3218 1195 3382 1261; x_wconf 88' lang='lat' dir='ltr'><strong>mihi</strong></span> <span class='ocrx_word' id='word_1_341' title='bbox 3426 1196 3855 1280; x_wconf 87' lang='lat' dir='ltr'><strong>significatur,</strong></span> <span class='ocrx_word' id='word_1_342' title='bbox 3918 1196 4079 1263; x_wconf 93' lang='lat' dir='ltr'><strong>duos</strong></span> <span class='ocrx_word' id='word_1_343' title='bbox 4122 1218 4528 1281; x_wconf 86' lang='lat' dir='ltr'><strong>percussores</strong></span> <span class='ocrx_word' id='word_1_344' title='bbox 4561 1216 4641 1261; x_wconf 71' lang='lat' dir='ltr'><strong>ac-</strong></span> 
     </span>
     <span class='ocr_line' id='line_1_59' title="bbox 2729 1280 4644 1366; baseline 0.001 -19"><span class='ocrx_word' id='word_1_345' title='bbox 2729 1291 2921 1365; x_wconf 89' lang='lat' dir='ltr'><strong>cepta</strong></span> <span class='ocrx_word' id='word_1_346' title='bbox 2955 1283 3154 1348; x_wconf 88' lang='lat' dir='ltr'><strong>etiam</strong></span> <span class='ocrx_word' id='word_1_347' title='bbox 3192 1280 3411 1365; x_wconf 89' lang='lat' dir='ltr'><strong>ampla</strong></span> <span class='ocrx_word' id='word_1_348' title='bbox 3444 1283 3722 1365; x_wconf 90' lang='lat' dir='ltr'><strong>pecunia</strong></span> <span class='ocrx_word' id='word_1_349' title='bbox 3764 1282 3834 1347; x_wconf 92' lang='lat' dir='ltr'><strong>in</strong></span> <span class='ocrx_word' id='word_1_350' title='bbox 3871 1303 4090 1348; x_wconf 92' lang='lat' dir='ltr'><strong>meum</strong></span> <span class='ocrx_word' id='word_1_351' title='bbox 4127 1291 4329 1366; x_wconf 88' lang='lat' dir='ltr'><strong>caput</strong></span> <span class='ocrx_word' id='word_1_352' title='bbox 4367 1304 4499 1349; x_wconf 84' lang='lat' dir='ltr'><strong>esse</strong></span> <span class='ocrx_word' id='word_1_353' title='bbox 4528 1283 4644 1348; x_wconf 75' lang='lat' dir='ltr'><strong>sub-</strong></span> 
     </span>
     <span class='ocr_line' id='line_1_60' title="bbox 2729 1368 4645 1453; baseline 0 -21"><span class='ocrx_word' id='word_1_354' title='bbox 2729 1375 3011 1434; x_wconf 87' lang='lat' dir='ltr'><strong>ornatos.</strong></span> <span class='ocrx_word' id='word_1_355' title='bbox 3080 1369 3228 1453; x_wconf 86' lang='lat' dir='ltr'><strong>Ego</strong></span> <span class='ocrx_word' id='word_1_356' title='bbox 3271 1368 3399 1434; x_wconf 91' lang='lat' dir='ltr'><strong>Dei</strong></span> <span class='ocrx_word' id='word_1_357' title='bbox 3435 1369 3648 1452; x_wconf 88' lang='lat' dir='ltr'><strong>gratia</strong></span> <span class='ocrx_word' id='word_1_358' title='bbox 3691 1388 3813 1433; x_wconf 90' lang='lat' dir='ltr'><strong>nec</strong></span> <span class='ocrx_word' id='word_1_359' title='bbox 3854 1376 4234 1450; x_wconf 87' lang='lat' dir='ltr'><strong>praesentes</strong></span> <span class='ocrx_word' id='word_1_360' title='bbox 4279 1368 4428 1435; x_wconf 85' lang='lat' dir='ltr'><strong>illos</strong></span> <span class='ocrx_word' id='word_1_361' title='bbox 4466 1368 4645 1446; x_wconf 59' lang='lat' dir='ltr'><strong>meffl,</strong></span> 
     </span>
     <span class='ocr_line' id='line_1_61' title="bbox 2728 1451 4645 1521; baseline 0.001 -4"><span class='ocrx_word' id='word_1_362' title='bbox 2728 1473 2852 1520; x_wconf 91' lang='lat' dir='ltr'><strong>nec</strong></span> <span class='ocrx_word' id='word_1_363' title='bbox 2895 1454 3197 1520; x_wconf 89' lang='lat' dir='ltr'><strong>absentes</strong></span> <span class='ocrx_word' id='word_1_364' title='bbox 3255 1462 3497 1518; x_wconf 81' lang='lat' dir='ltr'><strong>metuo.</strong></span> <span class='ocrx_word' id='word_1_365' title='bbox 3589 1451 3725 1519; x_wconf 82' lang='lat' dir='ltr'><strong>Sed</strong></span> <span class='ocrx_word' id='word_1_366' title='bbox 3782 1474 3888 1518; x_wconf 91' lang='lat' dir='ltr'><strong>me</strong></span> <span class='ocrx_word' id='word_1_367' title='bbox 3942 1463 4151 1519; x_wconf 91' lang='lat' dir='ltr'><strong>totum</strong></span> <span class='ocrx_word' id='word_1_368' title='bbox 4202 1454 4302 1520; x_wconf 90' lang='lat' dir='ltr'><strong>illi</strong></span> <span class='ocrx_word' id='word_1_369' title='bbox 4361 1453 4645 1521; x_wconf 80' lang='lat' dir='ltr'><strong>committo</strong></span> 
     </span>
     <span class='ocr_line' id='line_1_62' title="bbox 2728 1538 4646 1606; baseline 0.001 -4"><span class='ocrx_word' id='word_1_370' title='bbox 2728 1538 2802 1602; x_wconf 89' lang='lat' dir='ltr'><strong>in</strong></span> <span class='ocrx_word' id='word_1_371' title='bbox 2838 1540 3023 1606; x_wconf 89' lang='lat' dir='ltr'><strong>cuius</strong></span> <span class='ocrx_word' id='word_1_372' title='bbox 3046 1561 3248 1605; x_wconf 90' lang='lat' dir='ltr'><strong>manu</strong></span> <span class='ocrx_word' id='word_1_373' title='bbox 3285 1548 3445 1604; x_wconf 89' lang='lat' dir='ltr'><strong>sunt</strong></span> <span class='ocrx_word' id='word_1_374' title='bbox 3479 1538 3618 1605; x_wconf 90' lang='lat' dir='ltr'><strong>dies</strong></span> <span class='ocrx_word' id='word_1_375' title='bbox 3653 1540 3802 1605; x_wconf 90' lang='lat' dir='ltr'><strong>mei.</strong></span> <span class='ocrx_word' id='word_1_376' title='bbox 3829 1576 4340 1588; x_wconf 78' lang='lat'>—————</span> <span class='ocrx_word' id='word_1_377' title='bbox 4383 1539 4646 1606; x_wconf 65' lang='lat' dir='ltr'><strong>Genera</strong></span> 
     </span>
     <span class='ocr_line' id='line_1_63' title="bbox 2730 1623 3334 1692; baseline 0.003 -3"><span class='ocrx_word' id='word_1_378' title='bbox 2730 1633 2966 1692; x_wconf 86' lang='lat' dir='ltr'><strong>octava</strong></span> <span class='ocrx_word' id='word_1_379' title='bbox 3010 1623 3334 1692; x_wconf 88' lang='lat' dir='ltr'><strong>Octobris.</strong></span> 
     </span>
    </p>
   </div>
   <div class='ocr_carea' id='block_1_14' title="bbox 4099 1762 4517 1827">
    <p class='ocr_par' dir='ltr' id='par_1_16' title="bbox 4099 1762 4517 1827">
     <span class='ocr_line' id='line_1_64' title="bbox 4099 1762 4517 1827; baseline 0.002 -1"><span class='ocrx_word' id='word_1_380' title='bbox 4099 1762 4282 1827; x_wconf 82' lang='lat' dir='ltr'><strong>Tuus</strong></span> <span class='ocrx_word' id='word_1_381' title='bbox 4329 1762 4517 1827; x_wconf 80' lang='lat' dir='ltr'><strong>Beza-</strong></span> 
     </span>
    </p>
   </div>
   <div class='ocr_carea' id='block_1_15' title="bbox 3124 2307 4297 2532">
    <p class='ocr_par' dir='ltr' id='par_1_17' title="bbox 3124 2307 4297 2532">
     <span class='ocr_line' id='line_1_65' title="bbox 3606 2307 3802 2378; baseline -0.02 0"><span class='ocrx_word' id='word_1_382' title='bbox 3606 2307 3802 2378; x_wconf 77' lang='lat'><strong>4⁰34.</strong></span> 
     </span>
     <span class='ocr_line' id='line_1_66' title="bbox 3124 2461 4297 2532; baseline 0 -3"><span class='ocrx_word' id='word_1_383' title='bbox 3124 2461 3600 2532; x_wconf 82' lang='lat' dir='ltr'><strong>CALVINUS</strong></span> <span class='ocrx_word' id='word_1_384' title='bbox 3656 2461 4297 2531; x_wconf 82' lang='lat' dir='ltr'><strong>BULLINGERO.</strong></span> 
     </span>
    </p>
   </div>
   <div class='ocr_carea' id='block_1_16' title="bbox 2730 2633 4662 2887">
    <p class='ocr_par' dir='ltr' id='par_1_18' title="bbox 2730 2633 4662 2887">
     <span class='ocr_line' id='line_1_67' title="bbox 2911 2633 4662 2714; baseline 0 -16"><span class='ocrx_word' id='word_1_385' title='bbox 2911 2634 3213 2714; x_wconf 76' lang='lat' dir='ltr'><strong>Queritur</strong></span> <span class='ocrx_word' id='word_1_386' title='bbox 3288 2634 3364 2698; x_wconf 80' lang='lat' dir='ltr'><strong>de</strong></span> <span class='ocrx_word' id='word_1_387' title='bbox 3429 2633 3859 2700; x_wconf 79' lang='lat' dir='ltr'><strong>Bernensibus</strong></span> <span class='ocrx_word' id='word_1_388' title='bbox 3935 2639 3991 2699; x_wconf 85' lang='lat' dir='ltr'><strong>et</strong></span> <span class='ocrx_word' id='word_1_389' title='bbox 4059 2633 4509 2700; x_wconf 74' lang='lat' dir='ltr'><strong>Turicensibus</strong></span> <span class='ocrx_word' id='word_1_390' title='bbox 4575 2633 4662 2713; x_wconf 71' lang='lat' dir='ltr'><strong>qui</strong></span> 
     </span>
     <span class='ocr_line' id='line_1_68' title="bbox 2730 2718 4662 2801; baseline 0.001 -20"><span class='ocrx_word' id='word_1_391' title='bbox 2730 2718 2945 2783; x_wconf 78' lang='lat' dir='ltr'><strong>minus</strong></span> <span class='ocrx_word' id='word_1_392' title='bbox 3000 2739 3191 2801; x_wconf 81' lang='lat' dir='ltr'><strong>quam</strong></span> <span class='ocrx_word' id='word_1_393' title='bbox 3249 2719 3485 2784; x_wconf 80' lang='lat' dir='ltr'><strong>deceret</strong></span> <span class='ocrx_word' id='word_1_394' title='bbox 3541 2721 3875 2801; x_wconf 76' lang='lat' dir='ltr'><strong>ancipitem</strong></span> <span class='ocrx_word' id='word_1_395' title='bbox 3931 2725 4168 2785; x_wconf 77' lang='lat' dir='ltr'><strong>statum</strong></span> <span class='ocrx_word' id='word_1_396' title='bbox 4207 2739 4432 2785; x_wconf 71' lang='lat' dir='ltr'><strong>rerum</strong></span> <span class='ocrx_word' id='word_1_397' title='bbox 4474 2724 4528 2783; x_wconf 83' lang='lat' dir='ltr'><strong>et</strong></span> <span class='ocrx_word' id='word_1_398' title='bbox 4561 2719 4662 2784; x_wconf 71' lang='lat' dir='ltr'><strong>dis·</strong></span> 
     </span>
     <span class='ocr_line' id='line_1_69' title="bbox 2730 2804 4596 2887; baseline 0 -19"><span class='ocrx_word' id='word_1_399' title='bbox 2730 2805 2968 2869; x_wconf 81' lang='lat' dir='ltr'><strong>crimen</strong></span> <span class='ocrx_word' id='word_1_400' title='bbox 3009 2804 3082 2868; x_wconf 88' lang='lat' dir='ltr'><strong>in</strong></span> <span class='ocrx_word' id='word_1_401' title='bbox 3123 2825 3243 2887; x_wconf 75' lang='lat' dir='ltr'><strong>quo</strong></span> <span class='ocrx_word' id='word_1_402' title='bbox 3277 2807 3488 2886; x_wconf 80' lang='lat' dir='ltr'><strong>posita</strong></span> <span class='ocrx_word' id='word_1_403' title='bbox 3531 2810 3622 2870; x_wconf 86' lang='lat' dir='ltr'><strong>est</strong></span> <span class='ocrx_word' id='word_1_404' title='bbox 3663 2805 3912 2871; x_wconf 82' lang='lat' dir='ltr'><strong>Geneva</strong></span> <span class='ocrx_word' id='word_1_405' title='bbox 3953 2807 4258 2887; x_wconf 80' lang='lat' dir='ltr'><strong>respicere</strong></span> <span class='ocrx_word' id='word_1_406' title='bbox 4297 2807 4596 2871; x_wconf 77' lang='lat' dir='ltr'><strong>videntur.</strong></span> 
     </span>
    </p>
   </div>
   <div class='ocr_carea' id='block_1_17' title="bbox 2729 2973 4660 3111">
    <p class='ocr_par' dir='ltr' id='par_1_19' title="bbox 2729 2973 4660 3111">
     <span class='ocr_line' id='line_1_70' title="bbox 2729 2973 4660 3042; baseline -0.003 -14"><span class='ocrx_word' id='word_1_407' title='bbox 2729 2975 2842 3042; x_wconf 78' lang='lat' dir='ltr'><strong>(Ex</strong></span> <span class='ocrx_word' id='word_1_408' title='bbox 2879 2973 3011 3028; x_wconf 82' lang='lat' dir='ltr'><strong>cod.</strong></span> <span class='ocrx_word' id='word_1_409' title='bbox 3060 2975 3264 3029; x_wconf 83' lang='lat' dir='ltr'><strong>chev.</strong></span> <span class='ocrx_word' id='word_1_410' title='bbox 3319 2974 3462 3042; x_wconf 70' lang='lat'><strong>107⁸,</strong></span> <span class='ocrx_word' id='word_1_411' title='bbox 3510 2975 3602 3031; x_wconf 74' lang='lat' dir='ltr'><strong>tol.</strong></span> <span class='ocrx_word' id='word_1_412' title='bbox 3639 2974 3762 3042; x_wconf 76' lang='lat'><strong>275,</strong></span> <span class='ocrx_word' id='word_1_413' title='bbox 3806 2977 3926 3031; x_wconf 81' lang='lat' dir='ltr'><strong>coll.</strong></span> <span class='ocrx_word' id='word_1_414' title='bbox 3961 2992 4007 3031; x_wconf 87' lang='lat' dir='ltr'><strong>c.</strong></span> <span class='ocrx_word' id='word_1_415' title='bbox 4043 2975 4176 3029; x_wconf 82' lang='lat' dir='ltr'><strong>Ood.</strong></span> <span class='ocrx_word' id='word_1_416' title='bbox 4214 2974 4335 3041; x_wconf 81' lang='lat'><strong>108,</strong></span> <span class='ocrx_word' id='word_1_417' title='bbox 4371 2976 4467 3031; x_wconf 73' lang='lat' dir='ltr'><strong>sol.</strong></span> <span class='ocrx_word' id='word_1_418' title='bbox 4504 2973 4596 3028; x_wconf 72' lang='lat'><strong>154</strong></span> <span class='ocrx_word' id='word_1_419' title='bbox 4623 2991 4660 3024; x_wconf 79' lang='lat' dir='ltr'><strong>r.</strong></span> 
     </span>
     <span class='ocr_line' id='line_1_71' title="bbox 3075 3043 4349 3111; baseline 0.001 -13"><span class='ocrx_word' id='word_1_420' title='bbox 3075 3050 3133 3098; x_wconf 81' lang='lat' dir='ltr'><strong>et</strong></span> <span class='ocrx_word' id='word_1_421' title='bbox 3168 3044 3386 3098; x_wconf 88' lang='lat' dir='ltr'><strong>Simlcri</strong></span> <span class='ocrx_word' id='word_1_422' title='bbox 3423 3046 3542 3100; x_wconf 84' lang='lat' dir='ltr'><strong>Vol.</strong></span> <span class='ocrx_word' id='word_1_423' title='bbox 3583 3043 3687 3100; x_wconf 86' lang='grc'><strong>108</strong></span> <span class='ocrx_word' id='word_1_424' title='bbox 3721 3061 3788 3099; x_wconf 80' lang='lat' dir='ltr'><strong>ex</strong></span> <span class='ocrx_word' id='word_1_425' title='bbox 3826 3047 3990 3099; x_wconf 88' lang='lat' dir='ltr'><strong>Bcru.</strong></span> <span class='ocrx_word' id='word_1_426' title='bbox 4029 3045 4122 3100; x_wconf 83' lang='lat' dir='ltr'><strong>vl.</strong></span> <span class='ocrx_word' id='word_1_427' title='bbox 4160 3044 4349 3111; x_wconf 70' lang='grc'>1127.)</span> 
     </span>
    </p>
   </div>
   <div class='ocr_carea' id='block_1_18' title="bbox 2724 3212 4665 5012">
    <p class='ocr_par' dir='ltr' id='par_1_20' title="bbox 2724 3212 4665 5012">
     <span class='ocr_line' id='line_1_72' title="bbox 2901 3212 4662 3299; baseline 0 -19"><span class='ocrx_word' id='word_1_428' title='bbox 2901 3213 2973 3280; x_wconf 77' lang='lat' dir='ltr'><strong>S.</strong></span> <span class='ocrx_word' id='word_1_429' title='bbox 3045 3212 3374 3295; x_wconf 79' lang='lat' dir='ltr'><strong>Quoniam</strong></span> <span class='ocrx_word' id='word_1_430' title='bbox 3421 3216 3600 3281; x_wconf 68' lang='lat' dir='ltr'><strong>Besa</strong></span> <span class='ocrx_word' id='word_1_431' title='bbox 3658 3225 3879 3281; x_wconf 90' lang='lat' dir='ltr'><strong>noster</strong></span> <span class='ocrx_word' id='word_1_432' title='bbox 3934 3217 4342 3299; x_wconf 86' lang='lat' dir='ltr'><strong>scripturum</strong></span> <span class='ocrx_word' id='word_1_433' title='bbox 4405 3238 4478 3283; x_wconf 89' lang='lat' dir='ltr'><strong>se</strong></span> <span class='ocrx_word' id='word_1_434' title='bbox 4517 3234 4662 3281; x_wconf 82' lang='lat' dir='ltr'><strong>rece·</strong></span> 
     </span>
     <span class='ocr_line' id='line_1_73' title="bbox 2729 3299 4664 3385; baseline 0.002 -23"><span class='ocrx_word' id='word_1_435' title='bbox 2729 3300 2846 3382; x_wconf 87' lang='lat' dir='ltr'><strong>pit,</strong></span> <span class='ocrx_word' id='word_1_436' title='bbox 2875 3303 2923 3379; x_wconf 84' lang='lat'><strong>²)</strong></span> <span class='ocrx_word' id='word_1_437' title='bbox 2969 3321 3054 3364; x_wconf 91' lang='lat' dir='ltr'><strong>ne</strong></span> <span class='ocrx_word' id='word_1_438' title='bbox 3098 3299 3329 3365; x_wconf 88' lang='lat' dir='ltr'><strong>cadem</strong></span> <span class='ocrx_word' id='word_1_439' title='bbox 3366 3300 3723 3385; x_wconf 89' lang='lat' dir='ltr'><strong>repetendo</strong></span> <span class='ocrx_word' id='word_1_440' title='bbox 3765 3300 4018 3367; x_wconf 87' lang='lat' dir='ltr'><strong>frustra</strong></span> <span class='ocrx_word' id='word_1_441' title='bbox 4056 3321 4248 3367; x_wconf 87' lang='lat' dir='ltr'><strong>aures</strong></span> <span class='ocrx_word' id='word_1_442' title='bbox 4293 3302 4419 3368; x_wconf 89' lang='lat' dir='ltr'><strong>tibi</strong></span> <span class='ocrx_word' id='word_1_443' title='bbox 4463 3302 4664 3368; x_wconf 74' lang='lat' dir='ltr'><strong>obmu-</strong></span> 
     </span>
     <span class='ocr_line' id='line_1_74' title="bbox 2728 3385 4664 3471; baseline 0.002 -22"><span class='ocrx_word' id='word_1_444' title='bbox 2728 3385 2899 3462; x_wconf 89' lang='lat' dir='ltr'><strong>dam,</strong></span> <span class='ocrx_word' id='word_1_445' title='bbox 2949 3385 3318 3451; x_wconf 86' lang='lat' dir='ltr'><strong>venerande</strong></span> <span class='ocrx_word' id='word_1_446' title='bbox 3361 3388 3581 3466; x_wconf 83' lang='lat' dir='ltr'><strong>frater,</strong></span> <span class='ocrx_word' id='word_1_447' title='bbox 3629 3408 3670 3452; x_wconf 89' lang='lat' dir='ltr'><strong>a</strong></span> <span class='ocrx_word' id='word_1_448' title='bbox 3703 3386 3902 3452; x_wconf 91' lang='lat' dir='ltr'><strong>rebus</strong></span> <span class='ocrx_word' id='word_1_449' title='bbox 3927 3386 4201 3453; x_wconf 84' lang='lat' dir='ltr'><strong>Gallicis</strong></span> <span class='ocrx_word' id='word_1_450' title='bbox 4243 3408 4428 3453; x_wconf 91' lang='lat' dir='ltr'><strong>nunc</strong></span> <span class='ocrx_word' id='word_1_451' title='bbox 4472 3408 4664 3471; x_wconf 74' lang='lat' dir='ltr'><strong>super-</strong></span> 
     </span>
     <span class='ocr_line' id='line_1_75' title="bbox 2728 3469 4662 3556; baseline 0 -21"><span class='ocrx_word' id='word_1_452' title='bbox 2728 3469 2985 3536; x_wconf 92' lang='lat' dir='ltr'><strong>sedebo.</strong></span> <span class='ocrx_word' id='word_1_453' title='bbox 3073 3471 3205 3536; x_wconf 88' lang='lat' dir='ltr'><strong>Hic</strong></span> <span class='ocrx_word' id='word_1_454' title='bbox 3263 3492 3396 3536; x_wconf 92' lang='lat' dir='ltr'><strong>non</strong></span> <span class='ocrx_word' id='word_1_455' title='bbox 3455 3494 3688 3556; x_wconf 89' lang='lat' dir='ltr'><strong>parum</strong></span> <span class='ocrx_word' id='word_1_456' title='bbox 3750 3473 4075 3556; x_wconf 86' lang='lat' dir='ltr'><strong>angimur,</strong></span> <span class='ocrx_word' id='word_1_457' title='bbox 4092 3475 4149 3549; x_wconf 75' lang='lat'><strong>²)</strong></span> <span class='ocrx_word' id='word_1_458' title='bbox 4194 3473 4355 3538; x_wconf 89' lang='lat' dir='ltr'><strong>dum</strong></span> <span class='ocrx_word' id='word_1_459' title='bbox 4393 3473 4662 3539; x_wconf 74' lang='lat' dir='ltr'><strong>videmus</strong></span> 
     </span>
     <span class='ocr_line' id='line_1_76' title="bbox 2727 3556 4664 3641; baseline 0.002 -20"><span class='ocrx_word' id='word_1_460' title='bbox 2727 3556 2958 3621; x_wconf 89' lang='lat' dir='ltr'><strong>urbem</strong></span> <span class='ocrx_word' id='word_1_461' title='bbox 3004 3566 3294 3622; x_wconf 87' lang='lat' dir='ltr'><strong>nostram</strong></span> <span class='ocrx_word' id='word_1_462' title='bbox 3338 3558 3527 3641; x_wconf 86' lang='lat' dir='ltr'><strong>quasi</strong></span> <span class='ocrx_word' id='word_1_463' title='bbox 3586 3557 3951 3624; x_wconf 89' lang='lat' dir='ltr'><strong>tabulatum</strong></span> <span class='ocrx_word' id='word_1_464' title='bbox 3996 3557 4104 3623; x_wconf 86' lang='lat' dir='ltr'><strong>vel</strong></span> <span class='ocrx_word' id='word_1_465' title='bbox 4160 3556 4498 3624; x_wconf 87' lang='lat' dir='ltr'><strong>alveolum</strong></span> <span class='ocrx_word' id='word_1_466' title='bbox 4551 3578 4664 3623; x_wconf 76' lang='lat' dir='ltr'><strong>esse</strong></span> 
     </span>
     <span class='ocr_line' id='line_1_77' title="bbox 2725 3641 4664 3727; baseline 0.002 -22"><span class='ocrx_word' id='word_1_467' title='bbox 2725 3643 2794 3706; x_wconf 93' lang='lat' dir='ltr'><strong>in</strong></span> <span class='ocrx_word' id='word_1_468' title='bbox 2840 3662 2968 3724; x_wconf 92' lang='lat' dir='ltr'><strong>quo</strong></span> <span class='ocrx_word' id='word_1_469' title='bbox 3012 3641 3156 3707; x_wconf 86' lang='lat' dir='ltr'><strong>alea</strong></span> <span class='ocrx_word' id='word_1_470' title='bbox 3197 3641 3465 3708; x_wconf 88' lang='lat' dir='ltr'><strong>luditur.</strong></span> <span class='ocrx_word' id='word_1_471' title='bbox 3556 3642 3854 3709; x_wconf 84' lang='lat' dir='ltr'><strong>Subinde</strong></span> <span class='ocrx_word' id='word_1_472' title='bbox 3911 3645 4125 3727; x_wconf 88' lang='lat' dir='ltr'><strong>rogati</strong></span> <span class='ocrx_word' id='word_1_473' title='bbox 4179 3644 4456 3711; x_wconf 75' lang='lat' dir='ltr'><strong>fuerunt</strong></span> <span class='ocrx_word' id='word_1_474' title='bbox 4499 3642 4664 3709; x_wconf 74' lang='lat' dir='ltr'><strong>vieini</strong></span> 
     </span>
     <span class='ocr_line' id='line_1_78' title="bbox 2727 3729 4664 3814; baseline 0.002 -22"><span class='ocrx_word' id='word_1_475' title='bbox 2727 3739 2805 3792; x_wconf 91' lang='lat' dir='ltr'><strong>ut</strong></span> <span class='ocrx_word' id='word_1_476' title='bbox 2865 3748 2985 3793; x_wconf 94' lang='lat' dir='ltr'><strong>suo</strong></span> <span class='ocrx_word' id='word_1_477' title='bbox 3033 3749 3153 3793; x_wconf 89' lang='lat' dir='ltr'><strong>nos</strong></span> <span class='ocrx_word' id='word_1_478' title='bbox 3212 3729 3482 3794; x_wconf 91' lang='lat' dir='ltr'><strong>consilio</strong></span> <span class='ocrx_word' id='word_1_479' title='bbox 3525 3730 3992 3814; x_wconf 84' lang='lat' dir='ltr'><strong>gubernarent.</strong></span> <span class='ocrx_word' id='word_1_480' title='bbox 4075 3730 4461 3813; x_wconf 83' lang='lat' dir='ltr'><strong>Aliquando</strong></span> <span class='ocrx_word' id='word_1_481' title='bbox 4503 3750 4664 3814; x_wconf 77' lang='lat' dir='ltr'><strong>parce</strong></span> 
     </span>
     <span class='ocr_line' id='line_1_79' title="bbox 2727 3813 4664 3899; baseline 0.001 -22"><span class='ocrx_word' id='word_1_482' title='bbox 2727 3825 2796 3877; x_wconf 89' lang='lat' dir='ltr'><strong>et</strong></span> <span class='ocrx_word' id='word_1_483' title='bbox 2854 3813 3091 3897; x_wconf 86' lang='lat' dir='ltr'><strong>frigide</strong></span> <span class='ocrx_word' id='word_1_484' title='bbox 3157 3814 3563 3897; x_wconf 90' lang='lat' dir='ltr'><strong>scripserunt</strong></span> <span class='ocrx_word' id='word_1_485' title='bbox 3616 3814 3773 3898; x_wconf 90' lang='lat' dir='ltr'><strong>quid</strong></span> <span class='ocrx_word' id='word_1_486' title='bbox 3837 3826 4010 3881; x_wconf 86' lang='lat' dir='ltr'><strong>esset</strong></span> <span class='ocrx_word' id='word_1_487' title='bbox 4073 3818 4425 3899; x_wconf 88' lang='lat' dir='ltr'><strong>agitatum,</strong></span> <span class='ocrx_word' id='word_1_488' title='bbox 4485 3836 4664 3897; x_wconf 79' lang='lat' dir='ltr'><strong>neque</strong></span> 
     </span>
     <span class='ocr_line' id='line_1_80' title="bbox 2726 3898 4664 3984; baseline 0.001 -21"><span class='ocrx_word' id='word_1_489' title='bbox 2726 3908 2946 3963; x_wconf 88' lang='lat' dir='ltr'><strong>tamen</strong></span> <span class='ocrx_word' id='word_1_490' title='bbox 2992 3898 3346 3982; x_wconf 89' lang='lat' dir='ltr'><strong>quidquam</strong></span> <span class='ocrx_word' id='word_1_491' title='bbox 3397 3900 3523 3966; x_wconf 91' lang='lat' dir='ltr'><strong>nisi</strong></span> <span class='ocrx_word' id='word_1_492' title='bbox 3569 3898 3742 3984; x_wconf 91' lang='lat' dir='ltr'><strong>quod</strong></span> <span class='ocrx_word' id='word_1_493' title='bbox 3787 3921 3870 3965; x_wconf 83' lang='lat' dir='ltr'><strong>cx</strong></span> <span class='ocrx_word' id='word_1_494' title='bbox 3915 3899 4178 3984; x_wconf 84' lang='lat' dir='ltr'><strong>vulgari</strong></span> <span class='ocrx_word' id='word_1_495' title='bbox 4239 3923 4514 3968; x_wconf 89' lang='lat' dir='ltr'><strong>rumore</strong></span> <span class='ocrx_word' id='word_1_496' title='bbox 4553 3922 4664 3967; x_wconf 85' lang='lat' dir='ltr'><strong>om·</strong></span> 
     </span>
     <span class='ocr_line' id='line_1_81' title="bbox 2725 3985 4664 4069; baseline 0 -19"><span class='ocrx_word' id='word_1_497' title='bbox 2725 3985 2918 4050; x_wconf 92' lang='lat' dir='ltr'><strong>nibus</strong></span> <span class='ocrx_word' id='word_1_498' title='bbox 2962 3998 3368 4067; x_wconf 86' lang='lat' dir='ltr'><strong>compertum</strong></span> <span class='ocrx_word' id='word_1_499' title='bbox 3418 3997 3535 4051; x_wconf 85' lang='lat' dir='ltr'><strong>est.</strong></span> <span class='ocrx_word' id='word_1_500' title='bbox 3626 3985 3872 4069; x_wconf 88' lang='lat' dir='ltr'><strong>Nuper,</strong></span> <span class='ocrx_word' id='word_1_501' title='bbox 3920 4007 4120 4069; x_wconf 90' lang='lat' dir='ltr'><strong>quum</strong></span> <span class='ocrx_word' id='word_1_502' title='bbox 4164 3987 4418 4053; x_wconf 71' lang='lat' dir='ltr'><strong>scirem</strong></span> <span class='ocrx_word' id='word_1_503' title='bbox 4465 4002 4664 4053; x_wconf 79' lang='lat' dir='ltr'><strong>ventu·</strong></span> 
     </span>
     <span class='ocr_line' id='line_1_82' title="bbox 2725 4071 4664 4156; baseline 0 -21"><span class='ocrx_word' id='word_1_504' title='bbox 2725 4092 2833 4136; x_wconf 91' lang='lat' dir='ltr'><strong>ros</strong></span> <span class='ocrx_word' id='word_1_505' title='bbox 2878 4073 2949 4135; x_wconf 92' lang='lat' dir='ltr'><strong>in</strong></span> <span class='ocrx_word' id='word_1_506' title='bbox 2992 4071 3224 4136; x_wconf 91' lang='lat' dir='ltr'><strong>urbem</strong></span> <span class='ocrx_word' id='word_1_507' title='bbox 3268 4091 3454 4136; x_wconf 90' lang='lat' dir='ltr'><strong>suam</strong></span> <span class='ocrx_word' id='word_1_508' title='bbox 3501 4071 3766 4155; x_wconf 87' lang='lat' dir='ltr'><strong>legatos,</strong></span> <span class='ocrx_word' id='word_1_509' title='bbox 3832 4093 3915 4137; x_wconf 91' lang='lat' dir='ltr'><strong>ne</strong></span> <span class='ocrx_word' id='word_1_510' title='bbox 3959 4071 4162 4137; x_wconf 86' lang='lat' dir='ltr'><strong>verbo</strong></span> <span class='ocrx_word' id='word_1_511' title='bbox 4206 4072 4482 4156; x_wconf 89' lang='lat' dir='ltr'><strong>quidem</strong></span> <span class='ocrx_word' id='word_1_512' title='bbox 4521 4071 4664 4138; x_wconf 85' lang='lat' dir='ltr'><strong>indi·</strong></span> 
     </span>
     <span class='ocr_line' id='line_1_83' title="bbox 2724 4156 4664 4241; baseline 0 -20"><span class='ocrx_word' id='word_1_513' title='bbox 2724 4166 2961 4222; x_wconf 91' lang='lat' dir='ltr'><strong>carunt</strong></span> <span class='ocrx_word' id='word_1_514' title='bbox 3005 4156 3160 4239; x_wconf 91' lang='lat' dir='ltr'><strong>quid</strong></span> <span class='ocrx_word' id='word_1_515' title='bbox 3206 4178 3246 4221; x_wconf 90' lang='lat' dir='ltr'><strong>a</strong></span> <span class='ocrx_word' id='word_1_516' title='bbox 3290 4157 3535 4223; x_wconf 88' lang='lat' dir='ltr'><strong>nostris</strong></span> <span class='ocrx_word' id='word_1_517' title='bbox 3579 4157 3908 4241; x_wconf 91' lang='lat' dir='ltr'><strong>agendum</strong></span> <span class='ocrx_word' id='word_1_518' title='bbox 3953 4168 4319 4224; x_wconf 87' lang='lat' dir='ltr'><strong>censerent.</strong></span> <span class='ocrx_word' id='word_1_519' title='bbox 4407 4159 4664 4226; x_wconf 68' lang='lat' dir='ltr'><strong>Senam</strong></span> 
     </span>
     <span class='ocr_line' id='line_1_84' title="bbox 2726 4242 4664 4328; baseline -0.001 -21"><span class='ocrx_word' id='word_1_520' title='bbox 2726 4253 2945 4307; x_wconf 89' lang='lat' dir='ltr'><strong>autem</strong></span> <span class='ocrx_word' id='word_1_521' title='bbox 3000 4244 3364 4308; x_wconf 85' lang='lat' dir='ltr'><strong>actionibus</strong></span> <span class='ocrx_word' id='word_1_522' title='bbox 3421 4244 3663 4327; x_wconf 89' lang='lat' dir='ltr'><strong>ignotis</strong></span> <span class='ocrx_word' id='word_1_523' title='bbox 3720 4263 3792 4309; x_wconf 92' lang='lat' dir='ltr'><strong>se</strong></span> <span class='ocrx_word' id='word_1_524' title='bbox 3844 4243 4063 4327; x_wconf 87' lang='lat' dir='ltr'><strong>palam</strong></span> <span class='ocrx_word' id='word_1_525' title='bbox 4117 4244 4542 4328; x_wconf 86' lang='lat' dir='ltr'><strong>interponere</strong></span> <span class='ocrx_word' id='word_1_526' title='bbox 4581 4242 4664 4309; x_wconf 76' lang='lat' dir='ltr'><strong>rel</strong></span> 
     </span>
     <span class='ocr_line' id='line_1_85' title="bbox 2724 4328 4665 4414; baseline 0.001 -21"><span class='ocrx_word' id='word_1_527' title='bbox 2724 4330 2942 4412; x_wconf 86' lang='lat' dir='ltr'><strong>potius</strong></span> <span class='ocrx_word' id='word_1_528' title='bbox 2977 4347 3307 4411; x_wconf 91' lang='lat' dir='ltr'><strong>opponere</strong></span> <span class='ocrx_word' id='word_1_529' title='bbox 3344 4350 3543 4395; x_wconf 89' lang='lat' dir='ltr'><strong>ausus</strong></span> <span class='ocrx_word' id='word_1_530' title='bbox 3589 4350 3723 4393; x_wconf 90' lang='lat' dir='ltr'><strong>non</strong></span> <span class='ocrx_word' id='word_1_531' title='bbox 3767 4344 3887 4395; x_wconf 84' lang='lat' dir='ltr'><strong>est.</strong></span> <span class='ocrx_word' id='word_1_532' title='bbox 3954 4328 4175 4394; x_wconf 90' lang='lat' dir='ltr'><strong>Huius</strong></span> <span class='ocrx_word' id='word_1_533' title='bbox 4216 4331 4470 4396; x_wconf 83' lang='lat' dir='ltr'><strong>silentii</strong></span> <span class='ocrx_word' id='word_1_534' title='bbox 4505 4350 4665 4414; x_wconf 75' lang='lat' dir='ltr'><strong>prae·</strong></span> 
     </span>
     <span class='ocr_line' id='line_1_86' title="bbox 2727 4412 4664 4497; baseline 0.001 -19"><span class='ocrx_word' id='word_1_535' title='bbox 2727 4424 2915 4478; x_wconf 85' lang='lat' dir='ltr'><strong>textu</strong></span> <span class='ocrx_word' id='word_1_536' title='bbox 2951 4412 3139 4479; x_wconf 89' lang='lat' dir='ltr'><strong>abusi</strong></span> <span class='ocrx_word' id='word_1_537' title='bbox 3182 4425 3339 4479; x_wconf 89' lang='lat' dir='ltr'><strong>sunt</strong></span> <span class='ocrx_word' id='word_1_538' title='bbox 3361 4413 3596 4497; x_wconf 90' lang='lat' dir='ltr'><strong>quibus</strong></span> <span class='ocrx_word' id='word_1_539' title='bbox 3629 4414 3929 4497; x_wconf 88' lang='lat' dir='ltr'><strong>placebat</strong></span> <span class='ocrx_word' id='word_1_540' title='bbox 3960 4434 4109 4479; x_wconf 91' lang='lat' dir='ltr'><strong>cum</strong></span> <span class='ocrx_word' id='word_1_541' title='bbox 4137 4413 4446 4482; x_wconf 70' lang='lat' dir='ltr'><strong>Saba-ado</strong></span> <span class='ocrx_word' id='word_1_542' title='bbox 4479 4428 4664 4480; x_wconf 62' lang='grc' dir='ltr'><strong>πηοεν</strong></span> 
     </span>
     <span class='ocr_line' id='line_1_87' title="bbox 2725 4499 4664 4584; baseline 0 -20"><span class='ocrx_word' id='word_1_543' title='bbox 2725 4501 2925 4584; x_wconf 83' lang='lat' dir='ltr'><strong>igere,</strong></span> <span class='ocrx_word' id='word_1_544' title='bbox 2988 4500 3442 4583; x_wconf 86' lang='lat' dir='ltr'><strong>iactaruntque</strong></span> <span class='ocrx_word' id='word_1_545' title='bbox 3485 4500 3858 4567; x_wconf 91' lang='lat' dir='ltr'><strong>clanculum</strong></span> <span class='ocrx_word' id='word_1_546' title='bbox 3902 4520 4024 4565; x_wconf 90' lang='lat' dir='ltr'><strong>nos</strong></span> <span class='ocrx_word' id='word_1_547' title='bbox 4066 4499 4317 4583; x_wconf 89' lang='lat' dir='ltr'><strong>aliquid</strong></span> <span class='ocrx_word' id='word_1_548' title='bbox 4365 4502 4578 4568; x_wconf 83' lang='lat' dir='ltr'><strong>moliri</strong></span> <span class='ocrx_word' id='word_1_549' title='bbox 4613 4512 4664 4564; x_wconf 79' lang='lat' dir='ltr'><strong>et</strong></span> 
     </span>
     <span class='ocr_line' id='line_1_88' title="bbox 2724 4585 4664 4670; baseline -0.003 -18"><span class='ocrx_word' id='word_1_550' title='bbox 2724 4586 2979 4670; x_wconf 81' lang='lat' dir='ltr'><strong>legatos</strong></span> <span class='ocrx_word' id='word_1_551' title='bbox 3024 4585 3267 4651; x_wconf 88' lang='lat' dir='ltr'><strong>babere</strong></span> <span class='ocrx_word' id='word_1_552' title='bbox 3309 4586 3383 4651; x_wconf 89' lang='lat' dir='ltr'><strong>in</strong></span> <span class='ocrx_word' id='word_1_553' title='bbox 3427 4585 3578 4650; x_wconf 89' lang='lat' dir='ltr'><strong>aula</strong></span> <span class='ocrx_word' id='word_1_554' title='bbox 3601 4585 3860 4652; x_wconf 84' lang='lat' dir='ltr'><strong>Gallica</strong></span> <span class='ocrx_word' id='word_1_555' title='bbox 3896 4588 4009 4669; x_wconf 92' lang='lat' dir='ltr'><strong>qui</strong></span> <span class='ocrx_word' id='word_1_556' title='bbox 4050 4607 4133 4652; x_wconf 85' lang='lat' dir='ltr'><strong>ex</strong></span> <span class='ocrx_word' id='word_1_557' title='bbox 4175 4608 4408 4652; x_wconf 90' lang='lat' dir='ltr'><strong>rerum</strong></span> <span class='ocrx_word' id='word_1_558' title='bbox 4451 4600 4664 4654; x_wconf 73' lang='lat' dir='ltr'><strong>eveum</strong></span> 
     </span>
     <span class='ocr_line' id='line_1_89' title="bbox 2724 4671 4664 4758; baseline -0.002 -20"><span class='ocrx_word' id='word_1_559' title='bbox 2724 4672 3229 4757; x_wconf 85' lang='lat' dir='ltr'><strong>paciscerentur.</strong></span> <span class='ocrx_word' id='word_1_560' title='bbox 3317 4672 3465 4737; x_wconf 87' lang='lat' dir='ltr'><strong>Hac</strong></span> <span class='ocrx_word' id='word_1_561' title='bbox 3529 4671 3696 4736; x_wconf 83' lang='lat' dir='ltr'><strong>salsa</strong></span> <span class='ocrx_word' id='word_1_562' title='bbox 3769 4672 4018 4736; x_wconf 86' lang='lat' dir='ltr'><strong>invidia</strong></span> <span class='ocrx_word' id='word_1_563' title='bbox 4093 4673 4272 4754; x_wconf 90' lang='lat' dir='ltr'><strong>apud</strong></span> <span class='ocrx_word' id='word_1_564' title='bbox 4349 4673 4664 4758; x_wconf 77' lang='lat' dir='ltr'><strong>imperitus</strong></span> 
     </span>
     <span class='ocr_line' id='line_1_90' title="bbox 2726 4757 4663 4842; baseline 0.001 -20"><span class='ocrx_word' id='word_1_565' title='bbox 2726 4758 2987 4842; x_wconf 79' lang='lat' dir='ltr'><strong>gravati</strong></span> <span class='ocrx_word' id='word_1_566' title='bbox 3049 4777 3246 4823; x_wconf 88' lang='lat' dir='ltr'><strong>curae</strong></span> <span class='ocrx_word' id='word_1_567' title='bbox 3313 4779 3441 4823; x_wconf 90' lang='lat' dir='ltr'><strong>non</strong></span> <span class='ocrx_word' id='word_1_568' title='bbox 3509 4757 3752 4823; x_wconf 82' lang='lat' dir='ltr'><strong>suimus</strong></span> <span class='ocrx_word' id='word_1_569' title='bbox 3817 4767 3891 4822; x_wconf 92' lang='lat' dir='ltr'><strong>ut</strong></span> <span class='ocrx_word' id='word_1_570' title='bbox 3956 4757 4241 4823; x_wconf 87' lang='lat' dir='ltr'><strong>decebat.</strong></span> <span class='ocrx_word' id='word_1_571' title='bbox 4335 4758 4480 4825; x_wconf 81' lang='lat' dir='ltr'><strong>Nec</strong></span> <span class='ocrx_word' id='word_1_572' title='bbox 4536 4776 4663 4823; x_wconf 75' lang='lat' dir='ltr'><strong>vem</strong></span> 
     </span>
     <span class='ocr_line' id='line_1_91' title="bbox 2725 4842 4662 4927; baseline -0.001 -19"><span class='ocrx_word' id='word_1_573' title='bbox 2725 4846 2930 4908; x_wconf 88' lang='lat' dir='ltr'><strong>miror</strong></span> <span class='ocrx_word' id='word_1_574' title='bbox 2974 4856 3264 4927; x_wconf 89' lang='lat' dir='ltr'><strong>repertos</strong></span> <span class='ocrx_word' id='word_1_575' title='bbox 3308 4864 3450 4909; x_wconf 90' lang='lat' dir='ltr'><strong>esse</strong></span> <span class='ocrx_word' id='word_1_576' title='bbox 3492 4845 3564 4908; x_wconf 91' lang='lat' dir='ltr'><strong>in</strong></span> <span class='ocrx_word' id='word_1_577' title='bbox 3607 4843 3799 4926; x_wconf 90' lang='lat' dir='ltr'><strong>plebe</strong></span> <span class='ocrx_word' id='word_1_578' title='bbox 3842 4842 3958 4907; x_wconf 93' lang='lat' dir='ltr'><strong>illa</strong></span> <span class='ocrx_word' id='word_1_579' title='bbox 4001 4844 4111 4926; x_wconf 91' lang='lat' dir='ltr'><strong>qui</strong></span> <span class='ocrx_word' id='word_1_580' title='bbox 4157 4846 4313 4909; x_wconf 77' lang='lat' dir='ltr'><strong>ficta</strong></span> <span class='ocrx_word' id='word_1_581' title='bbox 4356 4842 4662 4911; x_wconf 67' lang='lat' dir='ltr'><strong>calumnia</strong></span> 
     </span>
     <span class='ocr_line' id='line_1_92' title="bbox 2724 4928 4660 5012; baseline -0.001 -17"><span class='ocrx_word' id='word_1_582' title='bbox 2724 4951 2764 4995; x_wconf 89' lang='lat' dir='ltr'><strong>a</strong></span> <span class='ocrx_word' id='word_1_583' title='bbox 2807 4928 2994 4994; x_wconf 92' lang='lat' dir='ltr'><strong>nobis</strong></span> <span class='ocrx_word' id='word_1_584' title='bbox 3037 4928 3501 4994; x_wconf 83' lang='lat' dir='ltr'><strong>alienarentur.</strong></span> <span class='ocrx_word' id='word_1_585' title='bbox 3574 4928 3710 4996; x_wconf 81' lang='lat' dir='ltr'><strong>Sed</strong></span> <span class='ocrx_word' id='word_1_586' title='bbox 3756 4929 3874 4994; x_wconf 91' lang='lat' dir='ltr'><strong>tibi</strong></span> <span class='ocrx_word' id='word_1_587' title='bbox 3917 4928 4236 5012; x_wconf 89' lang='lat' dir='ltr'><strong>quomodo</strong></span> <span class='ocrx_word' id='word_1_588' title='bbox 4282 4931 4352 4996; x_wconf 90' lang='lat' dir='ltr'><strong>in</strong></span> <span class='ocrx_word' id='word_1_589' title='bbox 4399 4942 4660 4996; x_wconf 74' lang='lat' dir='ltr'><strong>ments-³</strong></span> 
     </span>
    </p>
   </div>
   <div class='ocr_carea' id='block_1_19' title="bbox 2725 5084 3138 5095">
    <p class='ocr_par' dir='ltr' id='par_1_21' title="bbox 2725 5084 3138 5095">
     <span class='ocr_line' id='line_1_93' title="bbox 2725 5084 3138 5095; baseline 0 0"><span class='ocrx_word' id='word_1_590' title='bbox 2725 5084 3138 5095; x_wconf 95' lang='lat' dir='ltr'><strong> </strong></span> 
     </span>
    </p>
   </div>
   <div class='ocr_carea' id='block_1_20' title="bbox 2724 5183 3606 5391">
    <p class='ocr_par' dir='ltr' id='par_1_22' title="bbox 2724 5183 3606 5391">
     <span class='ocr_line' id='line_1_94' title="bbox 2724 5183 3472 5252; baseline 0.001 -12"><span class='ocrx_word' id='word_1_591' title='bbox 2724 5186 2994 5252; x_wconf 81' lang='lat'><strong>4088.1)</strong></span> <span class='ocrx_word' id='word_1_592' title='bbox 3029 5184 3209 5239; x_wconf 83' lang='lat' dir='ltr'><strong>Baum</strong></span> <span class='ocrx_word' id='word_1_593' title='bbox 3246 5185 3317 5239; x_wconf 92' lang='lat'><strong>11.</strong></span> <span class='ocrx_word' id='word_1_594' title='bbox 3355 5183 3472 5241; x_wconf 80' lang='lat'><strong>714.</strong></span> 
     </span>
     <span class='ocr_line' id='line_1_95' title="bbox 2724 5254 3606 5391; baseline -0.005 -82"><span class='ocrx_word' id='word_1_595' title='bbox 2724 5254 2997 5391; x_wconf 54' lang='grc' dir='ltr'>4034.ὲῖ</span> <span class='ocrx_word' id='word_1_596' title='bbox 3028 5254 3151 5377; x_wconf 49' lang='lat' dir='ltr'><strong>{vide</strong></span> <span class='ocrx_word' id='word_1_597' title='bbox 3257 5254 3606 5377; x_wconf 74' lang='lat' dir='ltr'><strong>accedentem.</strong></span> 
     </span>
    </p>
   </div>
   <div class='ocr_carea' id='block_1_21' title="bbox 4785 5 4818 6058">
    <p class='ocr_par' dir='ltr' id='par_1_23' title="bbox 4785 5 4818 6058">
     <span class='ocr_line' id='line_1_96' title="bbox 4785 5 4818 6058; baseline 0 0"><span class='ocrx_word' id='word_1_598' title='bbox 4785 5 4818 6058; x_wconf 95' lang='lat' dir='ltr'><strong> </strong></span> 
     </span>
    </p>
   </div>
  </div>
 </body>
</html>
