4900 6125
347 415 436 479 53
2095 415 2255 480 1561
2303 410 2635 481 OOTOB.
4291 422 4380 483 54

347 622 476 754 gar
521 600 697 670 deos.
784 600 865 669 Si
905 600 1302 669 aultrement
1344 609 1447 669 est
1482 608 1733 669 arreste
1758 604 1830 687 je
1863 602 2313 688 m’efforoeray

400 708 441 754 e
492 688 717 756 suivre
778 687 918 755 oola
972 707 1225 754 eomme
1277 687 1340 755 le
1382 686 1630 756 oonseil
1673 686 1755 755 de
1798 688 1992 755 Dieu.
2082 687 2315 771 Quant

350 772 409 839 il
463 773 878 842 adviendroit
932 795 1060 858 que
1111 796 1275 841 vous
1332 775 1567 841 fussiez
1628 773 1884 840 d‘advis
1942 772 2025 840 de
2079 795 2164 841 ne
2204 794 2313 841 me

351 857 614 925 donner
669 860 1102 927 entierement
1157 880 1310 926 mon
1362 869 1570 945 oonge
1628 865 1696 926 et
1738 880 1866 945 que
1909 859 2187 945 l’Eglise
2230 859 2312 926 de

346 944 766 1013 Pontareuze
809 946 920 1029 qui
967 954 1068 1012 est
1121 945 1371 1031 grande
1428 967 1515 1013 ne
1569 945 1792 1031 puisse
1852 945 2199 1012 demourer
2254 944 2314 1011 si

350 1029 470 1097 lon
655 1053 733 1116 ps
777 1030 1105 1098 destitues
1147 1030 1229 1097 de
1273 1039 1561 1117 pasteur,
1596 1034 1669 1116 je
1703 1052 1810 1098 me
1844 1053 2123 1099 eonsens
2160 1029 2312 1099 bien

347 1118 483 1201 qu”
558 1116 680 1203 luy
722 1117 853 1183 soit
893 1138 1188 1202 pourveu
1228 1115 1387 1183 d'un
1444 1116 1707 1185 homme
1751 1117 1832 1184 de
1876 1116 2029 1184 bien
2069 1116 2185 1202 qui
2226 1138 2311 1183 en

345 1223 558 1288 prens
599 1203 667 1271 la
708 1204 952 1289 oberge
996 1203 1450 1284 entierement,
1494 1210 1564 1270 et
1605 1224 1733 1288 que
1776 1224 1943 1270 vous
1984 1202 2186 1269 faoiez
2231 1201 2312 1269 de

348 1311 431 1357 oe
470 1289 584 1372 qui
625 1289 743 1374 luy
785 1297 1156 1373 oompetera
1196 1299 1265 1355 et
1306 1288 1673 1357 adviendra
1714 1289 1803 1355 du
1847 1288 2000 1355 bien
2059 1309 2312 1356 eomme

350 1376 539 1528 :235
576 1385 1046 1546 ⁶³:103?ssOE
1059 1376 1446 1528 Εὲιὲἓωοέ,
1472 1379 1843 1546 οζὲἒῗιοίΐ
1880 1375 2315 1545 ὲῗέθέἒῖήῗ

350 1568 441 1647 ou
497 1547 546 1613 il
601 1546 813 1631 plaira
866 1568 907 1613 a
959 1547 1154 1613 Dieu.
1248 1547 1460 1648 Ohers
1511 1548 1739 1624 freres,
1790 1568 1959 1648 pour
2007 1547 2175 1612 faire
2218 1547 2311 1612 fin

343 1632 1169 1799 ὲίἆὲἓίαἱῗθῗῗῗηζῒῖἶ
1206 1654 1304 1784 ‘31⁹0
1339 1652 1672 1799 320503
1715 1642 2312 1803 {mmm}

348 1804 419 1871 le
484 1805 629 1871 soin
693 1805 783 1870 du
846 1812 1210 1890 trouppeau
1262 1812 1307 1871 a
1361 1824 1527 1872 vous
1579 1805 1851 1872 oommis
1906 1813 1976 1872 et
2032 1805 2146 1889 qui
2210 1811 2314 1870 est

350 1889 665 1974 raohepte
708 1890 865 1958 d'un
909 1892 967 1956 si
1009 1889 1221 1975 grand
1264 1891 1420 1974 pris.
1507 1888 1642 1957 Sur
1684 1911 1867 1976 quoy
1900 1910 2092 1975 apres
2125 1893 2315 1955 m’es-

352 1984 461 2043 tre
510 1974 971 2042 reoommande
1027 1998 1069 2044 a
1123 1997 1286 2043 vous
1339 1984 1408 2041 et
1462 1997 1503 2042 a
1543 1998 1665 2044 vos
1710 1977 1995 2043 sainetes
2038 1977 2309 2061 priores,

335 2062 733 2214 ἓὲοὲἔῖῗῗῖ
772 2061 1819 2233 ἑὲῗῗὲἑᾶἒέἐῖἔὲὴιέἓωῖ
1840 2064 2311 2216 ζὲἓὲῗὲῇξὶῒ

343 2234 435 2301 Je
477 2231 693 2300 desire
736 2253 777 2300 8
817 2243 992 2301 estre
1033 2233 1492 2301 reoommande
1545 2256 1587 2300 8
1630 2235 1975 2302 Monsieur
2016 2234 2079 2300 le
2124 2233 2310 2300 Gou-

341 2339 638 2386 verneur
693 2328 761 2385 et
816 2341 858 2385 8
901 2320 1393 2405 Messeigneurs
1436 2341 1557 2386 nos
1617 2320 2014 2388 ehastelains
2073 2320 2309 2387 anoien

345 2415 415 2470 et
457 2425 757 2472 nouveau
805 2414 873 2471 et
915 2425 956 2472 8
989 2405 1300 2472 Madame
1333 2406 1411 2472 de
1450 2404 1789 2473 Gozombior
1822 2407 1939 2492 qui
1980 2426 2067 2472 na
2106 2405 2309 2474 voulu

344 2500 589 2557 mettre
645 2492 1178 2576 empesohement
1232 2513 1273 2557 a
1326 2512 1402 2557 oe
1456 2493 1636 2558 mien
1690 2514 1777 2558 vo
1866 2514 1948 2576 ge
1989 2493 2102 2576 qui
2146 2511 2310 2557 aura

344 2597 549 2663 sel-vy
593 2598 634 2643 a
676 2577 995 2662 quelques
1038 2598 1210 2662 ungs
1253 2598 1378 2663 par
1418 2578 1485 2642 la
1528 2600 1722 2664 graoe
1812 2598 1849 2643 e
1893 2577 2090 2644 Dieu.

516 2663 567 2731 J
566 2684 605 2729 e
647 2683 811 2730 vous
853 2665 1001 2748 prie
1036 2685 1259 2749 aussy,
1303 2685 1446 2730 mes
1489 2664 1715 2745 freres,
1759 2685 1866 2730 me
1901 2683 2306 2730 recomman-

343 2747 469 2900 olie}
536 2756 581 2815 a
640 2770 761 2816 vos
825 2750 1123 2816 familles.
1231 2751 1338 2816 De
1403 2750 1653 2835 Troyes
1718 2771 1793 2818 oe
1866 2755 1961 2815 13.
2021 2747 2310 2816 Oetober

1425 2976 1669 3043 Vostre
1711 2973 1884 3041 frere
1929 2982 1997 3040 et
2039 2993 2193 3058 amy

1576 3078 1627 3146 J
1626 3099 1826 3163 aques
1870 3075 2085 3144 Sorel.

517 3286 655 3352 Les
698 3285 910 3371 prinei
957 3306 1089 3351 aux
1126 3283 1206 3351 de
1249 3293 1424 3353 oeste
1458 3285 1687 3371 Eglise

350 3392 518 3438 vous
551 3370 812 3438 saluent
931 3379 1424 3438 eotueusement
1465 3392 1537 3438 se
1580 3391 1684 3438 re-

352 3455 820 3524 commendans
862 3465 907 3524 a
948 3477 1069 3524 voz
1113 3457 1379 3542 prietes.

1217 4085 1413 4157 3571.

597 4258 1095 4329 ALBERTUS
1140 4256 1580 4326 MAROHIO
1627 4255 2067 4324 OALVINO.

525 4444 2310 4533 Gratiasaqitdenunciatasibimorteaucisazi-

349 4539 534 4605 mane
573 4535 880 4602 militarie
922 4554 1104 4617 quem
1144 4533 1330 4599 multi
1378 4535 1615 4615 fecerat
1645 4533 1919 4614 petitque
1957 4536 2029 4596 ut
2070 4531 2311 4612 scripta

349 4624 491 4690 eius
544 4620 885 4700 militaria,
945 4622 1007 4685 si
1060 4639 1222 4702 qaae
1275 4618 1689 4701 reperiantur,
1746 4619 1820 4682 in
1874 4637 2063 4683 suam
2118 4636 2310 4683 asum

351 4708 659 4776 Calvinum
699 4704 1104 4774 describenda
1146 4710 1335 4771 curet.

348 4894 674 4966 ΜΡΝ
713 4894 1107 5019 “““’“Ξὶἶ“”ὅέὲ“ι
1125 4892 1502 5029 tw&
1521 4891 2081 5030 01.¹÷}31.3¹¹‘⁰⁸¹⁸¹'¹²⁸
2126 4897 2309 4948 ‘'¹⁸¹⁵“

349 5149 744 5218 Reverendo
821 5172 898 5218 ao
974 5153 1229 5220 sineere
1293 5151 1481 5218 nobis
1548 5150 1786 5217 dileoto
1850 5151 2086 5217 Ioanni
2152 5148 2307 5217 Oel-

348 5237 500 5305 vino
565 5256 792 5304 saetae
856 5235 1553 5389 theologiaedogffirtf’ri'
1620 5236 1869 5321 pastori
1927 5236 2307 5305 Genevensi

2415 600 2729 668 Albertus
2772 599 2903 668 Dei
2947 601 3164 687 gratia
3206 602 3428 670 senior
3468 601 3762 671 marohio
3796 602 4380 691 Brandeburgious

2905 695 2974 754 et
3012 687 3087 753 in
3130 687 3452 756 Borussia
3493 687 3651 768 dux,
3680 692 3731 772 ¹)
3773 695 3897 757 ete.

2588 856 2893 925 Salutem
2935 866 3004 926 et
3045 857 3574 927 benevolentiam
3629 865 3948 940 nostram,
3998 860 4381 943 reverende,

2414 945 2666 1012 sineere
2709 944 2896 1010 nobis
2941 943 3192 1011 dileote.
3265 944 3417 1011 Etsi
3461 946 3703 1013 nunoio
3742 945 3824 1013 de
3866 957 4080 1014 morte
4114 946 4379 1015 Claudii

2415 1030 2712 1098 Drohotii
2745 1050 2786 1095 8
2827 1030 3062 1115 grandi
3107 1029 3279 1097 valle
3305 1034 3362 1110 ²)
3408 1040 3693 1116 aooepto,
3753 1031 4176 1101 vehementer
4227 1054 4379 1118 per-

2412 1115 2663 1183 turbati
2716 1137 2964 1196 sumus,
3023 1114 3195 1201 quod
3251 1136 3407 1182 eum
3448 1117 3668 1185 virum
3726 1125 3796 1184 et
3845 1127 4116 1205 propter
4166 1119 4380 1206 ipsius

2415 1203 2733 1271 virtutem
2776 1212 2843 1268 et
2883 1222 3213 1268 summam
3254 1201 3620 1270 multarum
3664 1204 4111 1272 maximarum
4129 1226 4377 1288 rerum,

2461 1288 2804 1355 raesern‘m
2858 1287 2931 1353 in
2983 1309 3056 1354 re
3100 1286 3374 1353 militari
3430 1290 3753 1373 peritiam,
3810 1292 4091 1358 mirifioe
4145 1290 4381 1377 dilige-

2461 1395 2668 1455 amus,
2714 1395 2791 1441 ao
2823 1374 2998 1441 bona
3038 1382 3105 1439 et
3147 1372 3325 1440 fideli
3369 1375 3513 1441 eius
3546 1395 3747 1459 opera
3785 1397 4025 1443 usuros
4066 1398 4188 1444 nos
4232 1396 4381 1443 esse

2414 1460 2869 1544 sperabamus:
2937 1469 3161 1527 tamen
3218 1480 3422 1544 quum
3474 1481 3606 1527 non
3663 1463 3807 1528 sine
3864 1462 4192 1548 singulari
4246 1462 4379 1530 Dei

2413 1546 2685 1613 oonsilio
2749 1566 2834 1612 ex
2898 1544 3004 1613 his
3071 1545 3410 1613 aerumnis
3477 1547 3550 1613 in
3613 1548 3952 1614 meliorem
4017 1549 4225 1615 vitam
4289 1549 4380 1615 sit

2415 1641 2744 1711 emeatus,
2800 1653 2923 1699 neo
2969 1631 3236 1698 divinae
3277 1630 3608 1699 voluntati
3652 1654 4047 1720 repugnare,
4106 1654 4228 1701 neo
4271 1635 4378 1699 in-

2415 1717 2640 1784 videre
2681 1717 2809 1802 ipsi
2858 1715 3126 1787 claudio
3170 1717 3474 1802 adeptam
3519 1719 3807 1803 quietem
3858 1720 3960 1787 fas
4006 1740 4152 1786 esse
4196 1719 4379 1786 duei-

2414 1819 2582 1870 mus.
2650 1803 2858 1869 Vobis
2892 1824 3048 1870 vero
3083 1802 3254 1886 quod
3298 1825 3418 1871 nos
3453 1802 3577 1872 hae
3621 1804 3702 1871 de
3744 1826 3837 1886 re,
3927 1826 4138 1890 uoquo
4182 1804 4380 1873 modo

2414 1888 2497 1955 de
2540 1910 2620 1956 ea
2662 1912 2733 1956 se
2767 1888 3060 1970 haberet,
3105 1910 3225 1973 per
3266 1888 3497 1956 literas
3532 1893 3843 1959 eertiores
3907 1912 4094 1959 aoere
4126 1890 4378 1959 voluis·

2415 1977 2522 2055 tis,
2588 1995 2864 2062 magnas
2928 1981 3006 2041 ut
3066 1996 3187 2059 par
3250 1983 3353 2042 est
3414 1977 3675 2061 agimus
3740 1978 4004 2063 gratias.
4116 1977 4375 2045 Verum

2413 2082 2617 2147 quum
2663 2083 2748 2127 ex
2794 2059 3062 2128 Claudio
3104 2060 3434 2128 audivisse
3477 2083 3599 2129 nos
3642 2063 4161 2145 meminerimus,
4221 2085 4378 2131 oon-

2413 2149 2690 2232 soriptos
2736 2169 2776 2214 a
2809 2168 2880 2214 se
2915 2167 3058 2213 esse
3095 2146 3301 2214 libros
3337 2147 3589 2231 aliquot
3622 2148 3704 2215 de
3738 2170 3812 2216 re
3845 2149 4141 2231 militari,
4174 2151 4376 2216 etiam

2413 2243 2608 2319 atque
2646 2232 2845 2298 etiam
2887 2255 2928 2299 a
2970 2233 3156 2300 vobis
3214 2234 3519 2317 petimus,
3586 2241 3661 2300 ut
3716 2235 3846 2302 nisi
3913 2235 3963 2300 ii
4025 2236 4376 2321 intercepti

2412 2325 2589 2398 sunt,
2655 2326 2881 2385 nostro
2925 2319 3192 2385 nomine
3233 2339 3310 2386 ao
3354 2326 3622 2403 sumptu
3679 2342 3881 2406 quam
3924 2329 4226 2388 aoourate
4260 2342 4378 2388 ex-

2413 2405 2612 2472 soribi
2657 2427 2768 2472 eos
2811 2404 3071 2471 eui-etis.
3151 2404 3550 2491 Pergratum
3593 2405 3662 2472 id
3706 2405 3896 2474 nobis
3939 2408 4086 2487 erit,
4132 2428 4210 2475 ao
4253 2427 4378 2474 nos

2414 2492 2705 2559 vicissim
2776 2511 3039 2557 omnem
3106 2489 3291 2557 vobis
3369 2489 3897 2559 benevolentiam
3975 2492 4378 2578 pollioemur.

2413 2577 2672 2663 Hisque
2715 2577 3189 2643 Reverentiam
3234 2584 3527 2644 vestram
3583 2577 3860 2645 feliciter
3915 2579 4137 2647 valere
4194 2578 4380 2664 eupi-

2413 2684 2586 2730 mus.
2670 2663 2888 2730 Datae
2931 2663 3371 2749 Regiomonti,
3427 2665 3541 2728 14⁰
3583 2662 3891 2732 Ootobris
3939 2668 4142 2732 Anno
4194 2670 4375 2732 1561.

3239 2819 3443 2865 manu
3484 2801 3751 2885 propria
3793 2801 3948 2886 sbsp
3994 2801 4125 2868 Ah.
4146 2802 4206 2887 ⁸)

3306 3364 3508 3437 8572.

2865 3518 3455 3588 SOHENOKIUS
3503 3518 3944 3589 OALVINO.

2591 3690 2792 3757 Meta
2836 3689 3096 3758 Bromi
3152 3691 3427 3792 zebeuupn
3482 3696 3653 3760 tanto
4027 3693 4381 3779 mma-o.

2414 3775 3116 4031 ,ww
3147 3776 3549 3931 mam
3548 3915 3565 3932 .
3589 3798 3842 3948 *aff
3881 3866 3958 3933 a,
3992 3777 4386 3933 we

2722 4120 2837 4188 (Ex
2872 4120 3212 4192 autographo
3248 4119 3378 4176 eod.
3416 4119 3623 4176 Genev.
3661 4119 3783 4185 196,
3815 4121 3908 4177 fol.
3942 4120 4092 4187 206.)

2416 4289 2861 4358 ornatissimo
2905 4292 3051 4357 viro
3084 4291 3171 4356 D.
3207 4291 3446 4359 Ioanni
3489 4289 3769 4358 Oalvino
3813 4293 4123 4359 eeclesiae
4157 4292 4380 4360 Gene-

2413 4378 2639 4445 vensis
2691 4376 3140 4444 oonoionatori
3196 4377 3505 4460 primario
3548 4378 3812 4445 domino
3867 4385 3936 4444 et
3990 4379 4198 4445 amieo
4259 4399 4378 4445 suo

2992 4464 3063 4529 in
3109 4462 3340 4547 primis
3383 4463 3810 4533 observando.

2412 4717 2590 4773 8571.
2629 4718 2686 4787 1)
2726 4717 2865 4774 Fuit
2907 4719 2960 4774 ὑ
2992 4717 3218 4774 amnas
3258 4715 3491 4774 Ordinis
3522 4720 3788 4791 mauris
3827 4719 4090 4778 monica·
4203 4720 4214 4733 ‘

2412 4788 2844 4869 (Hoehnen‘stqr)
2891 4794 2942 4844 et
2980 4789 3199 4858 primas
3234 4787 3543 4871 Boo-assiae
3574 4787 3694 4844 dua:
3799 4790 3827 4843 ι·
3864 4787 4090 4871 maden·
4163 4858 4176 4871 ι
4256 4790 4375 4845 Βα-

2409 4856 2565 4911 tloero
2599 4863 2654 4913 et
2682 4855 2966 4941 Omndro
3000 4857 3441 4940 reformamus·
3474 4872 3538 4938 pu
3572 4872 3680 4912 m
3712 4805 4375 4941 mfssmffa·

2413 4922 2566 5048 ¹⁵⁴⁴.
2591 4924 2938 5051 ⁸33⁸&
2956 4923 4376 5066 rawemfflmffloexffimwt

2409 4992 2854 5199 ἕεᾼξῖωνιῗὲι·
2885 5034 3050 5188 {522
3078 5035 3271 5199 2⁵:0¹3.
3338 5130 3542 5188 Nou-en
3576 5128 3792 5184 vadam
3832 5128 4119 5200 quaeeun-
4154 5130 4378 5190 Drozm

2411 5200 2479 5257 de
2517 5200 2830 5338 θωδῖἀὲιᾳοι·
2848 5200 3009 5327 fflbiae
3053 5283 3460 5341 mamma
3507 5264 3757 5322 edamur
3803 5265 4024 5336 lsqn'usae:
4071 5268 4378 5347 snb-eripui

2414 5337 2617 5392 Albert
2651 5337 2880 5410 Herzog.
3892 5415 3967 5473 ⁴·
