4900 6125
333 405 459 468 613

324 3255 516 3322 2676.

322 3427 516 3495 2727.

318 4113 510 4181 2762.

304 5143 399 5208 27
400 5143 506 5208 79.

1659 404 2153 502 ,ADDENDA
2198 406 2320 474 m*
2360 404 3004 474 OORRIGENDA.

1035 595 1213 660 ’sche
1255 593 1602 660 Vertreter
1658 592 1773 661 des
1832 594 2288 661 Melanchtho·

1061 681 1385 746 rankfurt.
1453 680 1565 746 Fr.
1623 684 1806 746 1860.

591 594 707 660 der
765 593 944 659 theol

587 681 839 746 nismus
882 681 951 744 in

593 767 762 831 Note
816 773 909 831 11.
978 767 1163 831 Ρ661·
1207 766 1355 832 bien
1404 766 1832 850 comprendrc
1884 789 1958 833 ce
2013 767 2198 853 litigo
2240 767 2290 832 11

592 852 732 917 faut
778 872 850 916 se
894 861 1309 934 representer
1343 853 1409 917 la
1432 853 1702 936 genealo
1755 853 1810 918 ’e
1832 862 1901 918 et
1922 852 2019 920 les
2056 853 2291 938 dog-res

592 936 673 1003 (16
698 947 970 1020 parente
993 936 1107 1002 des
1129 939 1605 1020 competiteurs.
1727 960 1936 1004 caune
1960 940 2041 1004 de
2062 939 2288 1006 Hoch-

592 1024 770 1108 berg,
818 1033 1135 1089 comtesse
1173 1023 1253 1088 de
1288 1023 1675 1102 Neuchatel,
1724 1046 1931 1089 vcuve
1969 1025 2049 1090 de
2085 1025 2289 1091 Louis

593 1109 936 1176 d’Orleans
979 1108 1103 1174 duc
1139 1108 1219 1175 de
1242 1110 1680 1194 Longueville
1701 1120 1969 1175 mourut
1991 1133 2074 1176 en
2104 1115 2287 1176 1543.

594 1196 743 1260 Elle
780 1196 958 1259 avait
990 1217 1071 1259 eu
1108 1206 1340 1278 quatre
1364 1197 1640 1261 enfants.
1715 1194 2077 1275 1⁰Claude,
2115 1204 2292 1263 mort

592 1304 673 1346 en
728 1286 887 1345 1524
935 1301 1088 1346 sans
1147 1284 1474 1364 posterite.
1568 1285 1643 1344 2ο
1686 1282 1912 1359 Leuis,
1972 1290 2147 1347 mort
2206 1303 2289 1347 en

597 1371 780 1443 1536,
837 1375 1055 1450 epoux
1100 1365 1181 1432 de
1225 1368 1438 1432 Maris
1493 1367 1572 1431 de
1617 1367 1957 1443 Lorraine,
2012 1367 2146 1433 fille
2201 1366 2289 1433 du

593 1455 719 1518 duc
762 1452 843 1518 (16
890 1454 1117 1518 Guise.
1209 1452 1347 1519 Son
1392 1453 1497 1518 fils
1540 1453 1861 1536 Francois
1919 1453 2162 1520 decada
2204 1474 2289 1519 en

593 1543 757 1603 1552
794 1559 949 1605 sans
994 1540 1272 1604 enfants.
1343 1539 1446 1604 La
1479 1549 1680 1624 mere,
1726 1539 2021 1606 devenue
2055 1560 2288 1618 veuve‚

594 1635 836 1709 epousa
869 1625 1120 1706 Jaques
1157 1624 1239 1688 V.
1284 1625 1380 1689 roi
1425 1622 1756 1690 d’Ecosse.
1827 1628 1902 1688 3⁰
1944 1624 2290 1709 Francois‚

595 1721 807 1794 epoux
856 1710 937 1776 de
977 1709 1329 1793 Jaqueline
1373 1710 1454 1775 de
1497 1711 1758 1789 Rohan,
1818 1713 2148 1794 mar-quise
2206 1710 2289 1777 de

591 1796 929 1872 Rothelin‚
995 1795 1142 1879 deja
1180 1817 1393 1861 veuve
1437 1817 1521 1861 au
1568 1805 1859 1862 moment
1901 1804 1987 1861 ou
2030 1796 2095 1862 la
2138 1816 2288 1863 suo-

590 1884 840 1949 cession
889 1882 969 1945 de
1006 1881 1365 1948 Neuchatel
1424 1883 1524 1946 fut
1574 1891 1864 1948 ouverte.
1953 1885 2033 1945 4⁰
2073 1882 2288 1949 Char-

591 1970 786 2047 lotte‚
858 1975 1095 2050 epouse
1153 1968 1233 2032 de
1289 1967 1596 2051 Philippe
1655 1967 1734 2033 de
1793 1965 2051 2034 Savoie.
2153 1970 2288 2034 Les

591 2054 1056 2137 competiteurs
1102 2053 1368 2128 etaient,
1416 2064 1603 2118 outre
1638 2053 1704 2118 la
1737 2054 1921 2119 reine
1956 2052 2287 2134 d’Ecosse‚

588 2141 837 2223 Jaques
882 2139 962 2204 (16
1008 2138 1271 2216 Savoie,
1334 2137 1461 2203 duc
1513 2140 1595 2203 de
1641 2138 1984 2218 Nemeum,
2043 2139 2149 2205 fils
2207 2137 2288 2206 de

586 2225 948 2302 Charlotte‚
969 2236 1038 2289 et
1060 2226 1326 2291 Leonor
1348 2222 1715 2301 d'Orleans‚
1737 2223 1863 2291 duc
1886 2225 1968 2290 de
1981 2225 2289 2310 Langue-

588 2312 778 2391 ville,
846 2310 950 2377 fils
1017 2311 1097 2375 de
1163 2311 1503 2394 Francois.
1614 2309 1708 2376 Oe
1776 2310 2038 2377 dernier
2103 2317 2289 2377 etant

589 2397 908 2463 l’heriticr
951 2396 1243 2481 legitime
1286 2417 1542 2462 comme
1594 2396 1734 2462 issu
1792 2396 1873 2461 de
1930 2396 2122 2474 male,
2181 2406 2287 2462 re-

588 2484 758 2550 ussit
803 2491 845 2548 a
903 2483 1063 2547 faire
1112 2481 1443 2566 prevaloir
1486 2502 1591 2548 666
1634 2480 1857 2548 droits.
1918 2488 2153 2566 (comp.
2202 2482 2284 2547 N.

584 2656 738 2720 Not.
797 2663 815 2715 1
872 2664 939 2720 et
983 2655 1040 2719 2.
1129 2653 1523 2719 Isenacense
1595 2653 1767 2735 quod
1839 2652 1950 2718 hic
2022 2661 2285 2718 notatur

591 2751 661 2807 et
711 2740 1316 2825 Wittembergense
1382 2739 1776 2821 colloquium
1849 2758 1986 2803 non
2043 2739 2283 2825 viginti

589 2826 781 2893 annis
825 2827 1108 2892 alterum
1166 2825 1249 2890 ab
1307 2822 1513 2889 altero
1572 2822 1974 2902 distiterunt‚
2034 2835 2107 2889 ut
2162 2846 2285 2891 nos

587 2913 746 2979 olim
782 2913 1095 2996 suspicati
1118 2933 1365 2988 sumus,
1403 2931 1635 2978 verum
1661 2921 2013 2993 utrumque
2036 2910 2280 2976 Witte·

587 2999 889 3083 bergicae
952 2997 1333 3066 concordiae
1397 2995 1894 3063 concinnandae
1959 3015 2160 3063 causa
2221 3017 2279 3063 a.

592 3089 749 3149 1536
801 3086 1109 3151 instituta
1153 3085 1437 3149 fuerunt.
1520 3082 1624 3148 De
1665 3082 1901 3147 iisdem
1946 3083 2281 3167 colloquiis

588 3171 817 3237 audias
860 3171 1318 3254 Bullingerum
1364 3167 1446 3233 N.
1490 3171 1679 3234 2442.
1726 3172 1914 3234 2443.

583 3258 735 3322 Not.
782 3260 841 3321 8.
889 3258 1064 3341 lege:
1126 3254 1437 3321 Archerio
1491 3263 1560 3319 et
1612 3252 1768 3319 vide
1822 3254 1999 3320 infra
2057 3254 2139 3320 ad
2195 3255 2277 3321 N.

583 3430 710 3495 Vir
767 3428 1185 3495 doctissimus
1232 3426 1318 3494 G.
1362 3426 1534 3492 Plitt
1577 3425 1650 3492 in
1706 3426 1935 3494 Theol.
1981 3427 2116 3494 Lit.
2160 3428 2278 3512 Zg.

584 3516 767 3600 Lips.
825 3514 1004 3579 1879.
1065 3535 1126 3596 p.
1181 3517 1257 3577 13
1314 3523 1503 3578 autor
1557 3519 1659 3577 est
1710 3511 1884 3579 hanc
1938 3513 2280 3597 epistolam

579 3601 661 3666 ad
708 3623 764 3666 a.
817 3603 979 3664 1559
1026 3597 1447 3663 reiiciendam
1492 3619 1653 3678 esse,
1711 3619 1915 3681 quum
1974 3619 2132 3665 vero
2190 3600 2279 3665 si-

576 3687 926 3752 millimum
972 3685 1059 3750 sit
1102 3683 1194 3749 ibi
1238 3683 1445 3749 alludi
1489 3684 1573 3749 ad
1616 3693 2016 3751 conventum
2060 3685 2280 3752 Lube-

581 3774 877 3839 censium
911 3771 1526 3855 Hamburgensium
1570 3780 1639 3835 et
1658 3769 2278 3855 Luneburgensium

579 3859 1038 3924 ministrorum
1092 3858 1164 3922 in
1226 3855 1497 3921 Moelln.
1584 3855 1795 3921 Addit
1853 3855 1934 3920 N.
1984 3861 2153 3922 2830
2212 3868 2280 3921 et

583 3948 755 4009 2985
800 3950 962 4021 (not.
1011 3948 1101 4022 5),
1159 3941 1270 4007 ubi
1325 3941 1574 4006 mentio
1631 3941 1911 4007 Peuceri
1970 3942 2276 4021 inficitur,

582 4031 706 4095 hac
749 4040 975 4095 nostra
1016 4027 1418 4111 antiquiores
1454 4026 1680 4093 videri.

579 4116 767 4181 Idem
810 4135 1043 4181 censor
1086 4124 1307 4179 noster
1350 4112 1781 4197 Erlangensis
1827 4112 1898 4197 (1.
1944 4112 1988 4178 l.
2034 4134 2096 4196 p.
2149 4117 2277 4198 14),

582 4201 694 4284 qui
739 4201 904 4267 alias
946 4221 1024 4266 ae
1071 4201 1312 4265 errime
1348 4202 1478 4265 sert
1512 4221 1632 4265 nos
1666 4219 1799 4264 non
1836 4200 1997 4264 satis
2020 4199 2277 4265 Luthe-

581 4307 781 4354 ranos
824 4307 988 4365 esse,
1086 4287 1143 4352 'c
1184 4307 1304 4349 nos
1348 4283 1579 4351 docere
1622 4284 1771 4348 vult
1815 4294 1982 4361 (not.
2030 4291 2099 4361 8)
2143 4307 2275 4352 non

582 4374 663 4439 de
722 4372 1132 4437 Wirtember
1217 4372 1318 4436 nsi
1390 4370 1797 4434 confessione
1857 4372 1963 4453 agi
2021 4369 2136 4436 sed
2195 4369 2277 4437 de

578 4464 985 4542 Augustana.
1034 4457 1116 4521 V.
1210 4504 1226 4520 .
1259 4476 1530 4522 sensum
1553 4456 1993 4522 annotationis
2016 4465 2278 4522 nostrae

573 4544 847 4609 minime
891 4550 1283 4625 assequutus
1325 4562 1470 4608 esse
1504 4540 1788 4606 videtur.
1866 4541 1972 4606 De
2008 4544 2273 4627 Augus·

578 4642 734 4695 tana
796 4626 1153 4711 quidquam
1233 4628 1301 4691 in
1368 4627 1667 4707 margine
1742 4624 1983 4692 addere
2047 4648 2277 4711 super-

577 4735 938 4781 vacaneum
996 4726 1172 4785 erat.
1237 4713 1476 4796 quippe
1535 4733 1702 4796 quae
1759 4714 1829 4777 in
1887 4713 2029 4794 ipso
2086 4719 2275 4781 textu

579 4801 844 4867 disertis
886 4799 1108 4865 verbis
1166 4798 1433 4864 laudata
1487 4799 1701 4864 suerit.
1791 4796 1987 4877 Quod
2046 4798 2130 4864 ad
2187 4800 2274 4866 61-

572 4893 772 4954 teram
804 4887 1056 4963 attinet,
1099 4886 1285 4951 cuius
1307 4885 1552 4951 ibidem
1573 4884 1821 4949 mentio
1844 4885 1938 4963 fit,
1985 4883 2276 4953 diximus

576 4972 750 5057 quod
815 4972 914 5037 rei
968 4984 1139 5049 erat,
1206 4968 1370 5037 duas
1435 4967 1843 5036 Tridentinis
1911 4970 2274 5038 destinatas

572 5060 790 5125 fuisse.

574 5144 709 5225 Qui
784 5144 892 5209 hic
957 5142 1262 5208 laudatur
1325 5141 1617 5209 medicus
1675 5141 2064 5209 lubecensis
2128 5144 2273 5210 sine

573 5229 769 5295 dubio
830 5230 959 5294 fuit
1009 5229 1105 5293 10.
1164 5228 1415 5305 Ewich,
1473 5230 1586 5312 qui
1637 5250 1694 5295 a.
1750 5232 1915 5293 1543
1963 5227 2271 5296 Coloniae

570 5316 980 5400 Agrippinae
1016 5313 1251 5381 studiis
1304 5336 1571 5398 operam
1608 5321 1984 5394 navaverat‚
2045 5324 2273 5397 postea

2390 1194 2582 1264 2781.

2386 2478 2580 2547 2799.

2384 2819 2578 2888 2819.

4227 416 4360 480 614

2658 595 2942 673 Patavii,
2988 603 3055 660 et
3098 596 3385 679 primum
3434 597 3814 683 Duisburgi,
3871 596 4152 683 deniqne
4185 600 4360 667 Bre-

2646 702 2794 746 mae
2838 681 3230 747 medicinam
3267 684 3566 749 exercuit
3600 695 3666 749 et
3708 683 3955 768 scripta
3987 691 4126 751 tam
4169 687 4359 752 theo·

2652 766 2864 850 logica
2908 786 3102 850 quam
3150 769 3406 834 medica
3467 769 3677 836 edidit
3718 769 4078 839 serioribus
4136 774 4348 841 annis.

2649 853 2754 917 De
2819 853 3096 937 epistola
3161 853 3538 940 Bullingeri
3615 855 3700 921 ad
3763 855 4351 925 Melanchthonem

2653 937 2711 1002 d.
2761 942 2863 1003 27.
2911 937 3057 1003 Oct.
3120 938 3276 1004 data
3336 963 3392 1006 v,
3440 940 3740 1006 Bindseil
3800 963 3863 1026 p.
3908 945 4057 1008 425.
4136 942 4351 1025 (Haec

2648 1023 2964 1172 idegemus
3001 1024 3083 1090 V.
3111 1024 3195 1090 D.
3228 1025 3467 1092 Garolo
3503 1027 3731 1093 Krafft
3772 1050 3836 1093 v.
3884 1026 3944 1093 d.
3991 1049 4077 1092 m.
4114 1027 4350 1095 Elber-

2675 1131 2711 1174 e
2781 1111 2974 1180 ensi.)

2650 1195 3024 1279 'theologus
3101 1196 3214 1260 ille
3294 1218 3378 1260 ex
3442 1200 3629 1263 cuius
3691 1197 4014 1264 Psalterio
4092 1207 4348 1267 textum

2651 1281 2902 1345 Nebius
2949 1280 3032 1346 V.
3078 1281 3256 1346 Olar.
3305 1282 3746 1368 descripserat
3804 1284 3928 1349 fuit
3969 1283 4025 1349 L
4067 1285 4349 1351 Ferina·

2652 1367 2790 1431 rius
2833 1365 3373 1433 Melanchthonis
3418 1368 3794 1454 discipulus,
3840 1367 3923 1434 de
3966 1391 4094 1453 quo
4140 1370 4351 1437 Gillet

2651 1453 2717 1516 in
2764 1453 3054 1518 Cratone
3109 1473 3230 1518 suo
3272 1454 3536 1536 passim.
3626 1455 3879 1522 'sextus
3924 1464 4148 1522 tamen
4189 1457 4348 1523 olim

2652 1538 3015 1619 descriptus
3081 1549 3148 1603 et
3216 1538 3557 1606 nobiscum
3633 1542 4152 1609 communicatus
4215 1564 4349 1609 non

2651 1624 2918 1688 omnino
2957 1644 3158 1689 sanus
3193 1632 3338 1688 erat
3381 1634 3448 1690 et
3483 1626 3617 1690 iam
3654 1626 3872 1692 codice
3894 1626 4346 1695 Herbornensi

2650 1709 3016 1773 accuratius
3075 1710 3369 1793 inspecto
3424 1731 3465 1776 a
3509 1711 3676 1775 Viro
3737 1712 4212 1779 humanissimo
4268 1715 4345 1779 O.

2649 1794 2903 1873 Krafft,
2963 1795 3156 1860 modo
3212 1794 3510 1876 laudato,
3572 1797 3667 1862 sic
3724 1798 4169 1866 restituendus
4212 1811 4344 1867 est:

2654 1880 2843 1946 Nunc
2905 1927 3276 1946 .......
3345 1883 3688 1964 quaerendi
3744 1883 3850 1966 (9)
3917 1885 4057 1949 eius
4118 1887 4348 1968 quietis

2648 1987 2809 2048 quae
2859 1986 2972 2031 nos
3027 1967 3203 2031 intus
3248 1968 3342 2031 ita
3396 1967 3704 2035 sustineat
3744 1977 3937 2035 caett.
4025 1970 4136 2036 Ex
4193 1992 4348 2038 con-

2647 2053 2899 2117 iectura
2942 2053 3333 2132 quaerendae
3376 2052 3729 2137 legendum
3785 2075 3928 2121 esse
3983 2076 4345 2124 censemus.

2649 2138 2894 2203 Exstat
2956 2136 3070 2202 illa
3135 2136 3378 2203 scheda
3443 2141 3616 2204 inter
3671 2140 3834 2206 alias
3876 2140 4172 2206 virorum
4230 2142 4346 2208 illo

2649 2222 2910 2288 saeculo
2932 2222 3276 2288 clarorum.
3325 2224 3672 2291 Praecedit
3693 2226 4009 2291 Brentius
4032 2229 4133 2293 24.
4158 2227 4344 2312 Sept.

2656 2314 2841 2385 1557,
2910 2307 3113 2374 Curio
3183 2313 3284 2374 30.
3344 2310 3526 2388 Oct.,
3599 2311 3951 2398 Bullinger
4016 2315 4116 2377 26.
4178 2312 4349 2395 Oct.,

2648 2395 2913 2478 Mal-tyr
2955 2398 3057 2459 27.
3105 2392 3252 2460 Oct.
3300 2403 3419 2462 etc.

2649 2479 2784 2560 Qui
2826 2480 2934 2546 hic
2979 2487 3114 2545 not.
3163 2484 3202 2544 3
3248 2489 3314 2545 et
3356 2480 3437 2546 N.
3486 2484 3653 2546 2969
3714 2481 4023 2565 Espirius
4077 2493 4349 2551 vocatur

2645 2586 2804 2716 {ini}
2850 2565 3158 2733 3³33.
3197 2586 3381 2716 2⁸³3.
3396 2575 3951 2719 Pssffffiffdffisszss
4000 2567 4192 2636 ³¹¹¹¹¹¹²
4236 2573 4349 2655 ‘¹¹¹³

2649 2736 2802 2803 Not.
2850 2745 2908 2801 2.
2976 2737 3278 2803 Certiora
3322 2738 3436 2802 dat
3481 2738 3561 2803 N.
3609 2744 3800 2805 4189.

2645 2821 2728 2973 23
2773 2822 2914 2974 Nae
2973 2844 3074 2906 ep.
3132 2844 3196 2888 V.
3245 2823 3603 2890 Boehmeri
3663 2826 4108 2891 coniecturam
4173 2827 4347 2894 infra

2645 2994 2795 3059 Not.
2844 3000 2902 3059 3.
2971 2994 3322 3059 Pollanum
3381 2995 3514 3059 iam
3573 3016 3631 3061 a.
3698 2999 3860 3060 1557
3907 3016 3944 3061 6
4003 2997 4173 3064 vivis
4229 3018 4346 3064 ex·

2645 3082 2920 3147 cessisse
2963 3083 3160 3147 etiam
3204 3080 3581 3147 Balduinns
3623 3080 3812 3148 nobis
3853 3084 4043 3149 testis
4085 3094 4189 3150 est
4230 3086 4346 3169 qui

2643 3168 2716 3231 in
2776 3187 2874 3250 ep.
2922 3166 3151 3233 Idibus
3209 3164 3355 3232 Oct.
3416 3166 3572 3232 data
3624 3166 3708 3231 ad
3763 3167 3849 3234 G'r.
3896 3167 4344 3236 Cassandrum

2645 3252 2750 3318 his
2815 3254 3036 3319 verbis
3103 3252 3345 3317 utitur:
3399 3258 3667 3335 propter
3728 3252 4080 3322 valen-andi
4142 3257 4345 3322 nostri

2641 3343 2896 3404 mortem
2946 3339 3058 3421 qui
3110 3358 3252 3403 oum
3293 3358 3487 3405 uxore
3528 3338 3630 3405 his
3672 3338 3893 3405 diebus
3944 3341 4111 3406 obiit.
4201 3342 4342 3407 Ex-

2643 3435 2777 3489 stat
2835 3424 2996 3490 haec
3050 3444 3150 3507 ap.
3199 3423 3554 3490 Heinsium
3609 3424 3680 3489 in
3725 3424 3891 3509 Epp.
3936 3424 4029 3492 ill.
4075 3436 4142 3493 et
4183 3427 4340 3493 clar.

2642 3510 2936 3576 virorum
3004 3509 3471 3576 selectioribus.
3556 3510 3640 3577 L.
3695 3511 3776 3576 B.
3843 3515 4007 3576 1618
4072 3533 4134 3597 p.
4199 3516 4340 3579 138.

2645 3596 3268 3679 Locupletissimam
3313 3595 3617 3661 notitiam
3654 3594 3737 3662 de
3757 3595 4037 3663 Pollano
4072 3599 4345 3683 praebet

2640 3681 2910 3746 Withof
2956 3680 3022 3745 in
3071 3679 3278 3747 diario
3323 3681 3556 3747 Duisb.
3603 3679 3894 3749 Adresse
3936 3683 4073 3749 und
4117 3684 4341 3751 Intell.

2639 3766 2853 3832 Zettel
2921 3772 3080 3830 1752
3259 3816 3274 3832 .
3360 3766 3549 3834 Haec
3611 3768 3804 3833 nobis
3863 3768 4341 3837 humanissime

2639 3851 3199 4004 66666-
3223 3851 4342 4021 wag...

2555 4074 2573 4091 .
2640 4022 2791 4089 Not.
2840 4028 2897 4088 7.
2969 4022 3398 4101 Bordenave‚
3467 4023 3644 4091 Hist.
3692 4024 3774 4091 de
3816 4026 4060 4092 Bearn.
4108 4047 4172 4110 p.
4222 4030 4334 4092 53:

2641 4109 2735 4175 Le
2779 4109 2883 4175 Sr.
2927 4110 3005 4175 (16
3047 4110 3138 4175 St.
3176 4109 3431 4175 Martia
3466 4110 3570 4191 fut
3610 4113 4006 4195 envoye'par
4045 4132 4147 4178 ses
4186 4132 4344 4179 con·-

2630 4215 2920 4279 paqnons
2974 4195 3099 4274 (les
3155 4197 3506 4273 reformes)
3557 4197 3600 4261 ὰ
3647 4196 3889 4263 Geneve
3934 4218 4109 4279 pour
4164 4201 4345 4266 avoir

2639 4303 2730 4345 un
2772 4281 3060 4347 ministre
3096 4285 3350 4359 (1557).
3447 4282 3541 4348 Le
3592 4290 3687 4348 14.
3732 4283 4060 4349 d'Octobre
4102 4292 4340 4370 (comp.

2640 4367 2723 4432 N.
2767 4372 2936 4430 2774
2983 4377 3135 4433 note
3181 4372 3255 4449 2;
3312 4371 3481 4433 2819
3527 4377 3680 4433 note
3723 4374 3796 4447 43
3858 4372 4029 4434 2860
4071 4382 4226 4436 note
4272 4376 4342 4447 3)

2640 4452 4342 4535 ilfutderetourdPauotilacourdeNavav-re

2636 4540 2822 4621 fesoit
2876 4539 3008 4604 lore
3063 4560 3177 4604 son
3231 4541 3468 4619 sejmr,
3529 4560 3672 4604 avec
3717 4538 4038 4621 Γναηροίε
4092 4541 4149 4607 16
4195 4542 4343 4626 Gay

2641 4630 2986 4689 outrement
3060 4625 3157 4690 dit
3227 4624 3702 4690 Boisnomand
3777 4645 3860 4690 ou
3927 4625 4030 4693 La
4097 4626 4339 4705 Peme,

2638 4709 2878 4775 homme
2932 4710 3100 4775 docte
3150 4716 3208 4773 et
3252 4716 3450 4792 ayant
3496 4712 3743 4793 yrande
3793 4713 4225 4779 oonnoissanoe
4264 4714 4344 4779 (16

2641 4796 2710 4862 16
2745 4795 2977 4879 lame
2997 4795 3345 4877 hebra'ique.
3380 4795 3547 4860 esleu
3568 4798 3860 4862 ministre
3883 4817 4054 4879 pour
4074 4797 4342 4883 PEylise

2637 4880 4031 4965 delamassonduRoyddelaRoym.
4117 4878 4340 4964 Ilfut

2637 4966 2888 5033 canduit
2927 4965 3556 5032 ducommencement
3597 4987 3674 5033 en
3715 4967 3783 5032 la
3824 4968 4196 5034 mai-sondro
4233 4968 4337 5035 Sr.

2638 5053 2715 5118 (16
2759 5051 3048 5117 Maseres
3084 5050 3178 5116 166
3217 5050 3363 5117 Pau
3397 5052 3479 5117 οἳ(
3519 5051 3574 5116 a
3605 5052 3877 5136 prescha
3918 5053 3976 5119 16
4011 5054 4340 5122 ain-anche

2628 5138 2940 5220 prochain
2971 5137 3442 5221 publiquement
3475 5158 3566 5202 au
3607 5138 3828 5220 temple
3864 5159 3952 5204 au
3983 5160 4220 5221 prosus
4261 5143 4338 5209 (16

2636 5224 2706 5289 16
2743 5243 2940 5289 messe
2973 5224 3350 5307 parochielle
3391 5230 3513 5290 etc.

2757 5309 2857 5374 Id.
2895 5332 2957 5394 p.
2999 5315 3078 5373 57
3099 5328 3114 5371 :
3161 5308 3618 5395 Boynormana
3661 5311 3838 5378 estoit
3880 5310 4008 5375 lors
4044 5311 4086 5374 ὰ
4124 5311 4338 5381 Nemo

3810 5410 3923 5466 39*
