<?xml version="1.0" encoding="UTF-8"?>
<!DOCTYPE html PUBLIC "-//W3C//DTD XHTML 1.0 Transitional//EN"
    "http://www.w3.org/TR/xhtml1/DTD/xhtml1-transitional.dtd">
<html xmlns="http://www.w3.org/1999/xhtml" xml:lang="en" lang="en">
 <head>
  <title>
</title>
<meta http-equiv="Content-Type" content="text/html;charset=utf-8" />
  <meta name='ocr-system' content='tesseract 3.04.00' />
  <meta name='ocr-capabilities' content='ocr_page ocr_carea ocr_par ocr_line ocrx_word'/>
</head>
<body>
  <div class='ocr_page' id='page_1' title='image "./ioanniscalvinio12unkngoog/ioanniscalvinio12unkngoog_0312.png"; bbox 0 0 4900 6125; ppageno 0'>
   <div class='ocr_carea' id='block_1_1' title="bbox 614 426 757 490">
    <p class='ocr_par' dir='ltr' id='par_1_1' title="bbox 614 426 757 490">
     <span class='ocr_line' id='line_1_1' title="bbox 614 426 757 490; baseline 0 -4"><span class='ocrx_word' id='word_1_1' title='bbox 614 426 757 490; x_wconf 59' lang='grc' dir='ltr'><strong>ΞῈ</strong></span> 
     </span>
    </p>
   </div>
   <div class='ocr_carea' id='block_1_2' title="bbox 616 607 2597 5065">
    <p class='ocr_par' dir='ltr' id='par_1_2' title="bbox 616 607 2597 2407">
     <span class='ocr_line' id='line_1_2' title="bbox 616 607 2595 695; baseline -0.001 -18"><span class='ocrx_word' id='word_1_2' title='bbox 616 613 739 695; x_wconf 71' lang='lat' dir='ltr'><strong>pis</strong></span> <span class='ocrx_word' id='word_1_3' title='bbox 776 609 1224 678; x_wconf 79' lang='lat' dir='ltr'><strong>observandos</strong></span> <span class='ocrx_word' id='word_1_4' title='bbox 1266 609 1622 675; x_wconf 87' lang='lat' dir='ltr'><strong>immutare</strong></span> <span class='ocrx_word' id='word_1_5' title='bbox 1664 625 1741 676; x_wconf 85' lang='lat' dir='ltr'><strong>ac</strong></span> <span class='ocrx_word' id='word_1_6' title='bbox 1773 607 2061 687; x_wconf 83' lang='lat' dir='ltr'><strong>reiicere,</strong></span> <span class='ocrx_word' id='word_1_7' title='bbox 2104 614 2176 675; x_wconf 88' lang='lat' dir='ltr'><strong>et</strong></span> <span class='ocrx_word' id='word_1_8' title='bbox 2207 615 2437 676; x_wconf 89' lang='lat' dir='ltr'><strong>contra</strong></span> <span class='ocrx_word' id='word_1_9' title='bbox 2469 609 2595 695; x_wconf 87' lang='lat' dir='ltr'><strong>fig-</strong></span> 
     </span>
     <span class='ocr_line' id='line_1_3' title="bbox 624 694 2596 764; baseline -0.001 -2"><span class='ocrx_word' id='word_1_10' title='bbox 624 697 875 764; x_wconf 66' lang='lat' dir='ltr'><strong>mentis</strong></span> <span class='ocrx_word' id='word_1_11' title='bbox 933 696 1076 764; x_wconf 89' lang='lat' dir='ltr'><strong>suis</strong></span> <span class='ocrx_word' id='word_1_12' title='bbox 1132 715 1210 762; x_wconf 90' lang='lat' dir='ltr'><strong>ac</strong></span> <span class='ocrx_word' id='word_1_13' title='bbox 1268 694 1518 762; x_wconf 89' lang='lat' dir='ltr'><strong>deliriis</strong></span> <span class='ocrx_word' id='word_1_14' title='bbox 1561 694 1893 762; x_wconf 81' lang='lat' dir='ltr'><strong>Arianicis</strong></span> <span class='ocrx_word' id='word_1_15' title='bbox 1946 695 2270 763; x_wconf 87' lang='lat' dir='ltr'><strong>imbuere:</strong></span> <span class='ocrx_word' id='word_1_16' title='bbox 2329 715 2596 762; x_wconf 82' lang='lat' dir='ltr'><strong>necesse</strong></span> 
     </span>
     <span class='ocr_line' id='line_1_4' title="bbox 624 781 2594 857; baseline -0.001 -9"><span class='ocrx_word' id='word_1_17' title='bbox 624 795 731 848; x_wconf 68' lang='lat' dir='ltr'><strong>cst</strong></span> <span class='ocrx_word' id='word_1_18' title='bbox 770 782 1041 848; x_wconf 91' lang='lat' dir='ltr'><strong>omnino</strong></span> <span class='ocrx_word' id='word_1_19' title='bbox 1083 801 1207 848; x_wconf 91' lang='lat' dir='ltr'><strong>nos</strong></span> <span class='ocrx_word' id='word_1_20' title='bbox 1250 802 1381 848; x_wconf 92' lang='lat' dir='ltr'><strong>non</strong></span> <span class='ocrx_word' id='word_1_21' title='bbox 1427 800 1572 848; x_wconf 87' lang='lat' dir='ltr'><strong>esse</strong></span> <span class='ocrx_word' id='word_1_22' title='bbox 1614 788 1830 847; x_wconf 87' lang='lat' dir='ltr'><strong>mutos</strong></span> <span class='ocrx_word' id='word_1_23' title='bbox 1872 801 2088 857; x_wconf 88' lang='lat' dir='ltr'><strong>canes,</strong></span> <span class='ocrx_word' id='word_1_24' title='bbox 2143 781 2273 847; x_wconf 87' lang='lat' dir='ltr'><strong>nisi</strong></span> <span class='ocrx_word' id='word_1_25' title='bbox 2314 781 2594 848; x_wconf 81' lang='lat' dir='ltr'><strong>velimus</strong></span> 
     </span>
     <span class='ocr_line' id='line_1_5' title="bbox 628 865 2597 951; baseline -0.001 -17"><span class='ocrx_word' id='word_1_26' title='bbox 628 888 777 934; x_wconf 81' lang='lat' dir='ltr'><strong>csse</strong></span> <span class='ocrx_word' id='word_1_27' title='bbox 842 867 1210 951; x_wconf 79' lang='lat' dir='ltr'><strong>proditores</strong></span> <span class='ocrx_word' id='word_1_28' title='bbox 1266 866 1576 935; x_wconf 88' lang='lat' dir='ltr'><strong>ecclesiae</strong></span> <span class='ocrx_word' id='word_1_29' title='bbox 1628 866 1883 933; x_wconf 78' lang='lat' dir='ltr'>Christi</span> <span class='ocrx_word' id='word_1_30' title='bbox 1937 866 2225 933; x_wconf 88' lang='lat' dir='ltr'><strong>Domini.</strong></span> <span class='ocrx_word' id='word_1_31' title='bbox 2315 865 2421 934; x_wconf 88' lang='lat' dir='ltr'><strong>Ad</strong></span> <span class='ocrx_word' id='word_1_32' title='bbox 2480 887 2597 932; x_wconf 90' lang='lat' dir='ltr'><strong>ex-</strong></span> 
     </span>
     <span class='ocr_line' id='line_1_6' title="bbox 626 950 2594 1038; baseline -0.001 -18"><span class='ocrx_word' id='word_1_33' title='bbox 626 952 956 1020; x_wconf 82' lang='lat' dir='ltr'><strong>cludenda</strong></span> <span class='ocrx_word' id='word_1_34' title='bbox 998 973 1156 1038; x_wconf 89' lang='lat' dir='ltr'><strong>ergo</strong></span> <span class='ocrx_word' id='word_1_35' title='bbox 1198 962 1267 1020; x_wconf 91' lang='lat' dir='ltr'><strong>et</strong></span> <span class='ocrx_word' id='word_1_36' title='bbox 1308 950 1681 1019; x_wconf 86' lang='lat' dir='ltr'><strong>damnanda</strong></span> <span class='ocrx_word' id='word_1_37' title='bbox 1723 952 1943 1018; x_wconf 91' lang='lat' dir='ltr'><strong>omnia</strong></span> <span class='ocrx_word' id='word_1_38' title='bbox 2000 951 2233 1019; x_wconf 88' lang='lat' dir='ltr'><strong>deliria</strong></span> <span class='ocrx_word' id='word_1_39' title='bbox 2276 960 2345 1019; x_wconf 89' lang='lat' dir='ltr'><strong>et</strong></span> <span class='ocrx_word' id='word_1_40' title='bbox 2386 972 2594 1020; x_wconf 87' lang='lat' dir='ltr'><strong>vanas</strong></span> 
     </span>
     <span class='ocr_line' id='line_1_7' title="bbox 628 1038 2595 1122; baseline -0.001 -17"><span class='ocrx_word' id='word_1_41' title='bbox 628 1039 1111 1122; x_wconf 73' lang='lat' dir='ltr'><strong>speculationes</strong></span> <span class='ocrx_word' id='word_1_42' title='bbox 1144 1040 1423 1105; x_wconf 90' lang='lat' dir='ltr'><strong>istarum</strong></span> <span class='ocrx_word' id='word_1_43' title='bbox 1458 1038 1800 1115; x_wconf 84' lang='lat' dir='ltr'><strong>furiarum,</strong></span> <span class='ocrx_word' id='word_1_44' title='bbox 1836 1039 2226 1104; x_wconf 85' lang='lat' dir='ltr'><strong>confitemur</strong></span> <span class='ocrx_word' id='word_1_45' title='bbox 2261 1039 2397 1104; x_wconf 86' lang='lat' dir='ltr'><strong>alta</strong></span> <span class='ocrx_word' id='word_1_46' title='bbox 2432 1057 2595 1105; x_wconf 82' lang='lat' dir='ltr'><strong>voce</strong></span> 
     </span>
     <span class='ocr_line' id='line_1_8' title="bbox 628 1124 2594 1210; baseline 0 -20"><span class='ocrx_word' id='word_1_47' title='bbox 628 1137 699 1190; x_wconf 86' lang='lat' dir='ltr'><strong>et</strong></span> <span class='ocrx_word' id='word_1_48' title='bbox 741 1124 1219 1210; x_wconf 85' lang='lat' dir='ltr'><strong>praedicamus,</strong></span> <span class='ocrx_word' id='word_1_49' title='bbox 1288 1145 1410 1190; x_wconf 90' lang='lat' dir='ltr'><strong>nos</strong></span> <span class='ocrx_word' id='word_1_50' title='bbox 1453 1124 1625 1189; x_wconf 85' lang='lat' dir='ltr'><strong>nihil</strong></span> <span class='ocrx_word' id='word_1_51' title='bbox 1669 1144 1936 1208; x_wconf 89' lang='lat' dir='ltr'><strong>prorsus</strong></span> <span class='ocrx_word' id='word_1_52' title='bbox 1977 1124 2148 1190; x_wconf 86' lang='lat' dir='ltr'><strong>velle</strong></span> <span class='ocrx_word' id='word_1_53' title='bbox 2190 1125 2260 1190; x_wconf 92' lang='lat' dir='ltr'><strong>in</strong></span> <span class='ocrx_word' id='word_1_54' title='bbox 2303 1126 2594 1208; x_wconf 89' lang='lat' dir='ltr'><strong>puritate</strong></span> 
     </span>
     <span class='ocr_line' id='line_1_9' title="bbox 628 1210 2591 1295; baseline 0.001 -20"><span class='ocrx_word' id='word_1_55' title='bbox 628 1210 974 1278; x_wconf 88' lang='lat' dir='ltr'><strong>doctrinae</strong></span> <span class='ocrx_word' id='word_1_56' title='bbox 1028 1211 1369 1288; x_wconf 83' lang='lat' dir='ltr'><strong>innovare,</strong></span> <span class='ocrx_word' id='word_1_57' title='bbox 1435 1230 1671 1275; x_wconf 81' lang='lat' dir='ltr'><strong>verum</strong></span> <span class='ocrx_word' id='word_1_58' title='bbox 1727 1210 1930 1276; x_wconf 91' lang='lat' dir='ltr'><strong>semel</strong></span> <span class='ocrx_word' id='word_1_59' title='bbox 1965 1218 2297 1295; x_wconf 80' lang='lat' dir='ltr'><strong>receptam</strong></span> <span class='ocrx_word' id='word_1_60' title='bbox 2340 1211 2591 1276; x_wconf 81' lang='lat' dir='ltr'><strong>confes·</strong></span> 
     </span>
     <span class='ocr_line' id='line_1_10' title="bbox 628 1295 2594 1375; baseline -0.001 -13"><span class='ocrx_word' id='word_1_61' title='bbox 628 1297 907 1375; x_wconf 88' lang='lat' dir='ltr'><strong>sionem,</strong></span> <span class='ocrx_word' id='word_1_62' title='bbox 975 1297 1170 1362; x_wconf 89' lang='lat' dir='ltr'><strong>sicuti</strong></span> <span class='ocrx_word' id='word_1_63' title='bbox 1215 1297 1298 1362; x_wconf 89' lang='lat' dir='ltr'><strong>ab</strong></span> <span class='ocrx_word' id='word_1_64' title='bbox 1354 1295 1544 1361; x_wconf 88' lang='lat' dir='ltr'><strong>initio</strong></span> <span class='ocrx_word' id='word_1_65' title='bbox 1603 1315 1834 1362; x_wconf 90' lang='lat' dir='ltr'><strong>sumus</strong></span> <span class='ocrx_word' id='word_1_66' title='bbox 1888 1296 1961 1361; x_wconf 90' lang='lat' dir='ltr'><strong>in</strong></span> <span class='ocrx_word' id='word_1_67' title='bbox 2014 1295 2417 1362; x_wconf 75' lang='lat' dir='ltr'><strong>consortium</strong></span> <span class='ocrx_word' id='word_1_68' title='bbox 2472 1295 2594 1361; x_wconf 87' lang='lat' dir='ltr'><strong>filii</strong></span> 
     </span>
     <span class='ocr_line' id='line_1_11' title="bbox 628 1379 2592 1460; baseline 0.001 -14"><span class='ocrx_word' id='word_1_69' title='bbox 628 1381 761 1448; x_wconf 91' lang='lat' dir='ltr'><strong>Dei</strong></span> <span class='ocrx_word' id='word_1_70' title='bbox 807 1382 1041 1460; x_wconf 84' lang='lat' dir='ltr'><strong>vocati,</strong></span> <span class='ocrx_word' id='word_1_71' title='bbox 1087 1383 1259 1447; x_wconf 89' lang='lat' dir='ltr'><strong>tueri</strong></span> <span class='ocrx_word' id='word_1_72' title='bbox 1304 1401 1380 1447; x_wconf 90' lang='lat' dir='ltr'><strong>ac</strong></span> <span class='ocrx_word' id='word_1_73' title='bbox 1416 1379 1778 1448; x_wconf 83' lang='lat' dir='ltr'><strong>defendere.</strong></span> <span class='ocrx_word' id='word_1_74' title='bbox 1843 1381 2167 1448; x_wconf 84' lang='lat' dir='ltr'><strong>Novimus</strong></span> <span class='ocrx_word' id='word_1_75' title='bbox 2210 1382 2389 1447; x_wconf 91' lang='lat' dir='ltr'><strong>enim</strong></span> <span class='ocrx_word' id='word_1_76' title='bbox 2424 1381 2592 1448; x_wconf 85' lang='lat' dir='ltr'><strong>tales</strong></span> 
     </span>
     <span class='ocr_line' id='line_1_12' title="bbox 629 1465 2590 1552; baseline -0.001 -19"><span class='ocrx_word' id='word_1_77' title='bbox 629 1468 1039 1534; x_wconf 88' lang='lat' dir='ltr'><strong>mutationes</strong></span> <span class='ocrx_word' id='word_1_78' title='bbox 1105 1488 1187 1532; x_wconf 91' lang='lat' dir='ltr'><strong>ex</strong></span> <span class='ocrx_word' id='word_1_79' title='bbox 1232 1468 1467 1552; x_wconf 89' lang='lat' dir='ltr'><strong>spiritu</strong></span> <span class='ocrx_word' id='word_1_80' title='bbox 1511 1465 1641 1532; x_wconf 91' lang='lat' dir='ltr'><strong>Dei</strong></span> <span class='ocrx_word' id='word_1_81' title='bbox 1685 1487 1820 1532; x_wconf 90' lang='lat' dir='ltr'><strong>non</strong></span> <span class='ocrx_word' id='word_1_82' title='bbox 1864 1487 2025 1544; x_wconf 84' lang='lat' dir='ltr'><strong>esse,</strong></span> <span class='ocrx_word' id='word_1_83' title='bbox 2069 1465 2184 1533; x_wconf 86' lang='lat' dir='ltr'><strong>sed</strong></span> <span class='ocrx_word' id='word_1_84' title='bbox 2229 1487 2313 1532; x_wconf 91' lang='lat' dir='ltr'><strong>ex</strong></span> <span class='ocrx_word' id='word_1_85' title='bbox 2353 1467 2590 1551; x_wconf 84' lang='lat' dir='ltr'><strong>spiritu</strong></span> 
     </span>
     <span class='ocr_line' id='line_1_13' title="bbox 626 1551 2592 1637; baseline 0 -19"><span class='ocrx_word' id='word_1_86' title='bbox 626 1553 1003 1637; x_wconf 79' lang='lat' dir='ltr'><strong>vertiginis.</strong></span> <span class='ocrx_word' id='word_1_87' title='bbox 1094 1554 1232 1619; x_wconf 88' lang='lat' dir='ltr'><strong>Nos</strong></span> <span class='ocrx_word' id='word_1_88' title='bbox 1296 1573 1415 1636; x_wconf 90' lang='lat' dir='ltr'><strong>per</strong></span> <span class='ocrx_word' id='word_1_89' title='bbox 1468 1552 1601 1618; x_wconf 90' lang='lat' dir='ltr'><strong>Dei</strong></span> <span class='ocrx_word' id='word_1_90' title='bbox 1659 1553 1941 1637; x_wconf 77' lang='lat' dir='ltr'><strong>gratiam</strong></span> <span class='ocrx_word' id='word_1_91' title='bbox 1996 1552 2068 1617; x_wconf 93' lang='lat' dir='ltr'><strong>in</strong></span> <span class='ocrx_word' id='word_1_92' title='bbox 2125 1551 2250 1619; x_wconf 91' lang='lat' dir='ltr'><strong>hoc</strong></span> <span class='ocrx_word' id='word_1_93' title='bbox 2312 1553 2592 1619; x_wconf 89' lang='lat' dir='ltr'><strong>articulo</strong></span> 
     </span>
     <span class='ocr_line' id='line_1_14' title="bbox 628 1637 2592 1706; baseline 0 -2"><span class='ocrx_word' id='word_1_94' title='bbox 628 1638 1009 1706; x_wconf 88' lang='lat' dir='ltr'><strong>adorandae</strong></span> <span class='ocrx_word' id='word_1_95' title='bbox 1099 1638 1415 1705; x_wconf 81' lang='lat' dir='ltr'><strong>trinitatis</strong></span> <span class='ocrx_word' id='word_1_96' title='bbox 1500 1637 1808 1704; x_wconf 91' lang='lat' dir='ltr'><strong>nolumus</strong></span> <span class='ocrx_word' id='word_1_97' title='bbox 1895 1637 2194 1704; x_wconf 86' lang='lat' dir='ltr'><strong>deserere</strong></span> <span class='ocrx_word' id='word_1_98' title='bbox 2284 1638 2592 1705; x_wconf 84' lang='lat' dir='ltr'><strong>ecclesias</strong></span> 
     </span>
     <span class='ocr_line' id='line_1_15' title="bbox 628 1722 2591 1804; baseline 0.001 -15"><span class='ocrx_word' id='word_1_99' title='bbox 628 1733 917 1803; x_wconf 89' lang='lat' dir='ltr'><strong>sanctas,</strong></span> <span class='ocrx_word' id='word_1_100' title='bbox 981 1724 1429 1802; x_wconf 81' lang='lat' dir='ltr'><strong>Germaniam,</strong></span> <span class='ocrx_word' id='word_1_101' title='bbox 1492 1722 1890 1803; x_wconf 76' lang='lat' dir='ltr'><strong>Helvetium,</strong></span> <span class='ocrx_word' id='word_1_102' title='bbox 1956 1722 2380 1804; x_wconf 89' lang='lat' dir='ltr'><strong>Sabaudiam,</strong></span> <span class='ocrx_word' id='word_1_103' title='bbox 2446 1726 2591 1790; x_wconf 87' lang='lat' dir='ltr'><strong>An-</strong></span> 
     </span>
     <span class='ocr_line' id='line_1_16' title="bbox 626 1808 2590 1893; baseline 0 -19"><span class='ocrx_word' id='word_1_104' title='bbox 626 1809 854 1893; x_wconf 89' lang='lat' dir='ltr'><strong>gliam,</strong></span> <span class='ocrx_word' id='word_1_105' title='bbox 914 1808 1225 1888; x_wconf 85' lang='lat' dir='ltr'><strong>Galliam,</strong></span> <span class='ocrx_word' id='word_1_106' title='bbox 1282 1809 1668 1876; x_wconf 91' lang='lat' dir='ltr'><strong>Bohemiam</strong></span> <span class='ocrx_word' id='word_1_107' title='bbox 1737 1818 1805 1874; x_wconf 90' lang='lat' dir='ltr'><strong>et</strong></span> <span class='ocrx_word' id='word_1_108' title='bbox 1868 1810 2183 1876; x_wconf 90' lang='lat' dir='ltr'><strong>maiorem</strong></span> <span class='ocrx_word' id='word_1_109' title='bbox 2243 1809 2590 1876; x_wconf 90' lang='lat' dir='ltr'><strong>Poloniam</strong></span> 
     </span>
     <span class='ocr_line' id='line_1_17' title="bbox 625 1893 2590 1980; baseline 0.001 -22"><span class='ocrx_word' id='word_1_110' title='bbox 625 1893 1102 1972; x_wconf 89' lang='lat' dir='ltr'><strong>inhabitantes,</strong></span> <span class='ocrx_word' id='word_1_111' title='bbox 1168 1916 1286 1979; x_wconf 88' lang='lat' dir='ltr'><strong>per</strong></span> <span class='ocrx_word' id='word_1_112' title='bbox 1345 1916 1510 1980; x_wconf 92' lang='lat' dir='ltr'><strong>quas</strong></span> <span class='ocrx_word' id='word_1_113' title='bbox 1562 1915 1929 1979; x_wconf 87' lang='lat' dir='ltr'><strong>propagare</strong></span> <span class='ocrx_word' id='word_1_114' title='bbox 1972 1894 2185 1961; x_wconf 92' lang='lat' dir='ltr'><strong>lucem</strong></span> <span class='ocrx_word' id='word_1_115' title='bbox 2232 1896 2417 1962; x_wconf 83' lang='lat' dir='ltr'><strong>verbi</strong></span> <span class='ocrx_word' id='word_1_116' title='bbox 2460 1896 2590 1961; x_wconf 91' lang='lat' dir='ltr'><strong>Dei</strong></span> 
     </span>
     <span class='ocr_line' id='line_1_18' title="bbox 628 1979 2587 2047; baseline 0.001 -3"><span class='ocrx_word' id='word_1_117' title='bbox 628 1980 703 2044; x_wconf 90' lang='lat' dir='ltr'><strong>in</strong></span> <span class='ocrx_word' id='word_1_118' title='bbox 769 1979 896 2045; x_wconf 89' lang='lat' dir='ltr'><strong>hac</strong></span> <span class='ocrx_word' id='word_1_119' title='bbox 960 1980 1199 2046; x_wconf 88' lang='lat' dir='ltr'><strong>ultima</strong></span> <span class='ocrx_word' id='word_1_120' title='bbox 1259 1988 1524 2047; x_wconf 89' lang='lat' dir='ltr'><strong>senecta</strong></span> <span class='ocrx_word' id='word_1_121' title='bbox 1581 1980 1813 2046; x_wconf 90' lang='lat' dir='ltr'><strong>mundi</strong></span> <span class='ocrx_word' id='word_1_122' title='bbox 1855 1981 2199 2047; x_wconf 91' lang='lat' dir='ltr'><strong>consilium</strong></span> <span class='ocrx_word' id='word_1_123' title='bbox 2244 1982 2372 2047; x_wconf 90' lang='lat' dir='ltr'><strong>Dei</strong></span> <span class='ocrx_word' id='word_1_124' title='bbox 2420 1981 2587 2046; x_wconf 81' lang='lat' dir='ltr'><strong>fuit:</strong></span> 
     </span>
     <span class='ocr_line' id='line_1_19' title="bbox 626 2065 2590 2148; baseline 0.001 -17"><span class='ocrx_word' id='word_1_125' title='bbox 626 2084 783 2131; x_wconf 88' lang='lat' dir='ltr'><strong>cum</strong></span> <span class='ocrx_word' id='word_1_126' title='bbox 827 2066 1062 2148; x_wconf 90' lang='lat' dir='ltr'><strong>quibus</strong></span> <span class='ocrx_word' id='word_1_127' title='bbox 1104 2067 1538 2133; x_wconf 80' lang='lat' dir='ltr'><strong>arctissimam</strong></span> <span class='ocrx_word' id='word_1_128' title='bbox 1592 2067 1902 2132; x_wconf 92' lang='lat' dir='ltr'><strong>unionem</strong></span> <span class='ocrx_word' id='word_1_129' title='bbox 1944 2065 2265 2133; x_wconf 89' lang='lat' dir='ltr'><strong>coluimus</strong></span> <span class='ocrx_word' id='word_1_130' title='bbox 2308 2073 2375 2132; x_wconf 89' lang='lat' dir='ltr'><strong>et</strong></span> <span class='ocrx_word' id='word_1_131' title='bbox 2418 2088 2590 2133; x_wconf 88' lang='lat' dir='ltr'><strong>sem-</strong></span> 
     </span>
     <span class='ocr_line' id='line_1_20' title="bbox 628 2151 2589 2234; baseline 0.001 -18"><span class='ocrx_word' id='word_1_132' title='bbox 628 2172 751 2234; x_wconf 91' lang='lat' dir='ltr'><strong>per</strong></span> <span class='ocrx_word' id='word_1_133' title='bbox 822 2151 1035 2218; x_wconf 92' lang='lat' dir='ltr'><strong>colere</strong></span> <span class='ocrx_word' id='word_1_134' title='bbox 1100 2152 1510 2218; x_wconf 83' lang='lat' dir='ltr'><strong>decrevimus</strong></span> <span class='ocrx_word' id='word_1_135' title='bbox 1532 2203 1549 2231; x_wconf 96' lang='lat'><strong>,</strong></span> <span class='ocrx_word' id='word_1_136' title='bbox 1622 2151 1951 2218; x_wconf 87' lang='lat' dir='ltr'><strong>furoribus</strong></span> <span class='ocrx_word' id='word_1_137' title='bbox 2016 2160 2235 2217; x_wconf 91' lang='lat' dir='ltr'><strong>autem</strong></span> <span class='ocrx_word' id='word_1_138' title='bbox 2314 2153 2589 2219; x_wconf 88' lang='lat' dir='ltr'><strong>istorum</strong></span> 
     </span>
     <span class='ocr_line' id='line_1_21' title="bbox 628 2236 2592 2322; baseline 0.001 -20"><span class='ocrx_word' id='word_1_139' title='bbox 628 2249 946 2319; x_wconf 81' lang='lat' dir='ltr'><strong>tanquam</strong></span> <span class='ocrx_word' id='word_1_140' title='bbox 989 2236 1293 2322; x_wconf 77' lang='lat' dir='ltr'><strong>clypeum</strong></span> <span class='ocrx_word' id='word_1_141' title='bbox 1338 2237 1728 2322; x_wconf 88' lang='lat' dir='ltr'><strong>opponimus</strong></span> <span class='ocrx_word' id='word_1_142' title='bbox 1782 2239 2220 2304; x_wconf 82' lang='lat' dir='ltr'><strong>confessiones</strong></span> <span class='ocrx_word' id='word_1_143' title='bbox 2264 2259 2347 2303; x_wconf 88' lang='lat' dir='ltr'><strong>ex</strong></span> <span class='ocrx_word' id='word_1_144' title='bbox 2391 2238 2592 2304; x_wconf 86' lang='lat' dir='ltr'><strong>verbo</strong></span> 
     </span>
     <span class='ocr_line' id='line_1_22' title="bbox 628 2321 2500 2407; baseline 0.001 -20"><span class='ocrx_word' id='word_1_145' title='bbox 628 2321 765 2387; x_wconf 92' lang='lat' dir='ltr'><strong>Dei</strong></span> <span class='ocrx_word' id='word_1_146' title='bbox 811 2322 1230 2406; x_wconf 88' lang='lat' dir='ltr'><strong>depromptas</strong></span> <span class='ocrx_word' id='word_1_147' title='bbox 1274 2344 1442 2407; x_wconf 88' lang='lat' dir='ltr'><strong>quae</strong></span> <span class='ocrx_word' id='word_1_148' title='bbox 1485 2324 1578 2389; x_wconf 90' lang='lat' dir='ltr'><strong>sic</strong></span> <span class='ocrx_word' id='word_1_149' title='bbox 1630 2343 1709 2389; x_wconf 91' lang='lat' dir='ltr'><strong>eo</strong></span> <span class='ocrx_word' id='word_1_150' title='bbox 1751 2323 1981 2389; x_wconf 90' lang='lat' dir='ltr'><strong>ordine</strong></span> <span class='ocrx_word' id='word_1_151' title='bbox 2026 2323 2500 2390; x_wconf 90' lang='lat' dir='ltr'><strong>recitabuntur.</strong></span> 
     </span>
    </p>

    <p class='ocr_par' dir='ltr' id='par_1_3' title="bbox 625 2407 2588 2572">
     <span class='ocr_line' id='line_1_23' title="bbox 804 2407 2588 2494; baseline 0.001 -21"><span class='ocrx_word' id='word_1_152' title='bbox 804 2407 1200 2494; x_wconf 78' lang='lat' dir='ltr'><strong>Symbolum</strong></span> <span class='ocrx_word' id='word_1_153' title='bbox 1308 2409 1765 2493; x_wconf 88' lang='lat' dir='ltr'><strong>apostolicum:</strong></span> <span class='ocrx_word' id='word_1_154' title='bbox 1895 2407 2088 2476; x_wconf 89' lang='lat' dir='ltr'><strong>credo</strong></span> <span class='ocrx_word' id='word_1_155' title='bbox 2197 2409 2271 2474; x_wconf 88' lang='lat' dir='ltr'><strong>in</strong></span> <span class='ocrx_word' id='word_1_156' title='bbox 2378 2431 2588 2475; x_wconf 91' lang='lat' dir='ltr'><strong>unum</strong></span> 
     </span>
     <span class='ocr_line' id='line_1_24' title="bbox 625 2493 1107 2572; baseline -0.008 -13"><span class='ocrx_word' id='word_1_157' title='bbox 625 2493 852 2559; x_wconf 89' lang='lat' dir='ltr'><strong>Deum</strong></span> <span class='ocrx_word' id='word_1_158' title='bbox 877 2504 998 2560; x_wconf 91' lang='lat' dir='ltr'><strong>etc.</strong></span> <span class='ocrx_word' id='word_1_159' title='bbox 1015 2495 1107 2572; x_wconf 77' lang='lat'><strong>2⁵)</strong></span> 
     </span>
    </p>

    <p class='ocr_par' dir='ltr' id='par_1_4' title="bbox 628 2577 2589 2731">
     <span class='ocr_line' id='line_1_25' title="bbox 806 2577 2589 2665; baseline 0.001 -20"><span class='ocrx_word' id='word_1_160' title='bbox 806 2578 1200 2663; x_wconf 80' lang='lat' dir='ltr'><strong>Symbolum</strong></span> <span class='ocrx_word' id='word_1_161' title='bbox 1245 2577 2051 2664; x_wconf 87' lang='lat' dir='ltr'><strong>Constantinopolitanum</strong></span> <span class='ocrx_word' id='word_1_162' title='bbox 2106 2579 2178 2645; x_wconf 92' lang='lat' dir='ltr'><strong>in</strong></span> <span class='ocrx_word' id='word_1_163' title='bbox 2234 2600 2367 2665; x_wconf 92' lang='lat' dir='ltr'><strong>quo</strong></span> <span class='ocrx_word' id='word_1_164' title='bbox 2422 2581 2589 2647; x_wconf 89' lang='lat' dir='ltr'><strong>reci-</strong></span> 
     </span>
     <span class='ocr_line' id='line_1_26' title="bbox 628 2663 1853 2731; baseline 0.001 -2"><span class='ocrx_word' id='word_1_165' title='bbox 628 2671 812 2730; x_wconf 87' lang='lat' dir='ltr'><strong>tatur</strong></span> <span class='ocrx_word' id='word_1_166' title='bbox 854 2663 1020 2730; x_wconf 89' lang='lat' dir='ltr'><strong>fides</strong></span> <span class='ocrx_word' id='word_1_167' title='bbox 1063 2664 1385 2731; x_wconf 86' lang='lat' dir='ltr'><strong>Nicaena:</strong></span> <span class='ocrx_word' id='word_1_168' title='bbox 1474 2663 1688 2731; x_wconf 91' lang='lat' dir='ltr'><strong>Credo</strong></span> <span class='ocrx_word' id='word_1_169' title='bbox 1732 2672 1853 2731; x_wconf 89' lang='lat' dir='ltr'><strong>etc.</strong></span> 
     </span>
    </p>

    <p class='ocr_par' dir='ltr' id='par_1_5' title="bbox 626 2748 2590 3180">
     <span class='ocr_line' id='line_1_27' title="bbox 806 2748 2589 2835; baseline 0.001 -20"><span class='ocrx_word' id='word_1_170' title='bbox 806 2748 1195 2835; x_wconf 80' lang='lat' dir='ltr'><strong>Symbolum</strong></span> <span class='ocrx_word' id='word_1_171' title='bbox 1252 2749 1631 2816; x_wconf 89' lang='lat' dir='ltr'><strong>Athanasii:</strong></span> <span class='ocrx_word' id='word_1_172' title='bbox 1721 2749 2115 2835; x_wconf 76' lang='lat' dir='ltr'><strong>Quicunque</strong></span> <span class='ocrx_word' id='word_1_173' title='bbox 2171 2759 2293 2818; x_wconf 87' lang='lat' dir='ltr'><strong>etc.</strong></span> <span class='ocrx_word' id='word_1_174' title='bbox 2351 2788 2437 2800; x_wconf 94' lang='lat'><strong>—</strong></span> <span class='ocrx_word' id='word_1_175' title='bbox 2496 2752 2589 2817; x_wconf 83' lang='lat' dir='ltr'><strong>Et</strong></span> 
     </span>
     <span class='ocr_line' id='line_1_28' title="bbox 626 2833 2589 2922; baseline 0.001 -22"><span class='ocrx_word' id='word_1_176' title='bbox 626 2833 700 2900; x_wconf 91' lang='lat' dir='ltr'><strong>in</strong></span> <span class='ocrx_word' id='word_1_177' title='bbox 745 2834 869 2901; x_wconf 92' lang='lat' dir='ltr'><strong>hoc</strong></span> <span class='ocrx_word' id='word_1_178' title='bbox 913 2834 1210 2920; x_wconf 79' lang='lat' dir='ltr'><strong>symbolo</strong></span> <span class='ocrx_word' id='word_1_179' title='bbox 1252 2836 1624 2902; x_wconf 88' lang='lat' dir='ltr'><strong>continetur</strong></span> <span class='ocrx_word' id='word_1_180' title='bbox 1665 2838 2004 2921; x_wconf 89' lang='lat' dir='ltr'><strong>perspicua</strong></span> <span class='ocrx_word' id='word_1_181' title='bbox 2047 2837 2367 2920; x_wconf 81' lang='lat' dir='ltr'><strong>expositio</strong></span> <span class='ocrx_word' id='word_1_182' title='bbox 2408 2858 2589 2922; x_wconf 77' lang='lat' dir='ltr'><strong>sym-</strong></span> 
     </span>
     <span class='ocr_line' id='line_1_29' title="bbox 628 2919 2590 3007; baseline 0 -20"><span class='ocrx_word' id='word_1_183' title='bbox 628 2919 766 2987; x_wconf 92' lang='lat' dir='ltr'><strong>boli</strong></span> <span class='ocrx_word' id='word_1_184' title='bbox 810 2942 849 2986; x_wconf 90' lang='lat' dir='ltr'><strong>a</strong></span> <span class='ocrx_word' id='word_1_185' title='bbox 972 2920 1164 2998; x_wconf 91' lang='lat' dir='ltr'><strong>tolici,</strong></span> <span class='ocrx_word' id='word_1_186' title='bbox 1232 2920 1409 2987; x_wconf 90' lang='lat' dir='ltr'><strong>unde</strong></span> <span class='ocrx_word' id='word_1_187' title='bbox 1451 2921 1795 2987; x_wconf 84' lang='lat' dir='ltr'><strong>Lutherus</strong></span> <span class='ocrx_word' id='word_1_188' title='bbox 1835 2923 2399 3007; x_wconf 82' lang='lat' dir='ltr'><strong>propugnaculum</strong></span> <span class='ocrx_word' id='word_1_189' title='bbox 2434 2921 2590 2989; x_wconf 88' lang='lat' dir='ltr'><strong>fidei</strong></span> 
     </span>
     <span class='ocr_line' id='line_1_30' title="bbox 628 3006 2588 3092; baseline 0.002 -21"><span class='ocrx_word' id='word_1_190' title='bbox 628 3013 861 3091; x_wconf 88' lang='lat' dir='ltr'><strong>aposto</strong></span> <span class='ocrx_word' id='word_1_191' title='bbox 894 3006 1028 3072; x_wconf 84' lang='lat' dir='ltr'><strong>’cae</strong></span> <span class='ocrx_word' id='word_1_192' title='bbox 1072 3008 1347 3075; x_wconf 80' lang='lat' dir='ltr'><strong>vocavit.</strong></span> <span class='ocrx_word' id='word_1_193' title='bbox 1438 3007 1532 3074; x_wconf 84' lang='lat' dir='ltr'><strong>Et</strong></span> <span class='ocrx_word' id='word_1_194' title='bbox 1573 3007 1685 3092; x_wconf 90' lang='lat' dir='ltr'><strong>qui</strong></span> <span class='ocrx_word' id='word_1_195' title='bbox 1748 3027 1879 3074; x_wconf 93' lang='lat' dir='ltr'><strong>non</strong></span> <span class='ocrx_word' id='word_1_196' title='bbox 1932 3016 2161 3075; x_wconf 90' lang='lat' dir='ltr'><strong>tenent</strong></span> <span class='ocrx_word' id='word_1_197' title='bbox 2203 3008 2326 3077; x_wconf 91' lang='lat' dir='ltr'><strong>hoc</strong></span> <span class='ocrx_word' id='word_1_198' title='bbox 2370 3010 2588 3092; x_wconf 89' lang='lat' dir='ltr'><strong>ipsum</strong></span> 
     </span>
     <span class='ocr_line' id='line_1_31' title="bbox 630 3092 2588 3180; baseline 0.002 -23"><span class='ocrx_word' id='word_1_199' title='bbox 630 3093 1003 3177; x_wconf 80' lang='lat' dir='ltr'><strong>symbolum</strong></span> <span class='ocrx_word' id='word_1_200' title='bbox 1046 3093 1298 3159; x_wconf 85' lang='lat' dir='ltr'><strong>frustra</strong></span> <span class='ocrx_word' id='word_1_201' title='bbox 1340 3092 1710 3179; x_wconf 87' lang='lat' dir='ltr'><strong>gloriantur</strong></span> <span class='ocrx_word' id='word_1_202' title='bbox 1752 3092 1832 3160; x_wconf 89' lang='lat' dir='ltr'><strong>de</strong></span> <span class='ocrx_word' id='word_1_203' title='bbox 1874 3094 2171 3179; x_wconf 80' lang='lat' dir='ltr'><strong>symbolo</strong></span> <span class='ocrx_word' id='word_1_204' title='bbox 2214 3095 2588 3180; x_wconf 89' lang='lat' dir='ltr'><strong>apostolico.</strong></span> 
     </span>
    </p>

    <p class='ocr_par' dir='ltr' id='par_1_6' title="bbox 630 3178 2592 3435">
     <span class='ocr_line' id='line_1_32' title="bbox 806 3178 2592 3263; baseline 0.001 -20"><span class='ocrx_word' id='word_1_205' title='bbox 806 3178 1090 3245; x_wconf 90' lang='lat' dir='ltr'><strong>Articuli</strong></span> <span class='ocrx_word' id='word_1_206' title='bbox 1125 3180 1235 3262; x_wconf 91' lang='lat' dir='ltr'><strong>qui</strong></span> <span class='ocrx_word' id='word_1_207' title='bbox 1279 3180 1516 3263; x_wconf 81' lang='lat' dir='ltr'><strong>&#39;Piguri</strong></span> <span class='ocrx_word' id='word_1_208' title='bbox 1559 3179 1956 3246; x_wconf 87' lang='lat' dir='ltr'><strong>exhibentur</strong></span> <span class='ocrx_word' id='word_1_209' title='bbox 1990 3181 2296 3247; x_wconf 92' lang='lat' dir='ltr'><strong>omnibus</strong></span> <span class='ocrx_word' id='word_1_210' title='bbox 2329 3183 2592 3247; x_wconf 82' lang='lat' dir='ltr'><strong>noviter</strong></span> 
     </span>
     <span class='ocr_line' id='line_1_33' title="bbox 632 3263 2592 3350; baseline 0.002 -22"><span class='ocrx_word' id='word_1_211' title='bbox 632 3263 1013 3330; x_wconf 79' lang='lat' dir='ltr'><strong>volentibus</strong></span> <span class='ocrx_word' id='word_1_212' title='bbox 1078 3285 1149 3330; x_wconf 91' lang='lat' dir='ltr'><strong>se</strong></span> <span class='ocrx_word' id='word_1_213' title='bbox 1214 3264 1571 3350; x_wconf 88' lang='lat' dir='ltr'><strong>adiungere</strong></span> <span class='ocrx_word' id='word_1_214' title='bbox 1634 3264 1976 3333; x_wconf 87' lang='lat' dir='ltr'><strong>ecclesiae:</strong></span> <span class='ocrx_word' id='word_1_215' title='bbox 2064 3272 2119 3331; x_wconf 93' lang='lat'><strong>1.</strong></span> <span class='ocrx_word' id='word_1_216' title='bbox 2166 3265 2351 3333; x_wconf 91' lang='lat' dir='ltr'><strong>Deus</strong></span> <span class='ocrx_word' id='word_1_217' title='bbox 2416 3288 2592 3333; x_wconf 91' lang='lat' dir='ltr'><strong>unus</strong></span> 
     </span>
     <span class='ocr_line' id='line_1_34' title="bbox 630 3351 1733 3435; baseline 0.003 -20"><span class='ocrx_word' id='word_1_218' title='bbox 630 3356 737 3415; x_wconf 85' lang='lat' dir='ltr'><strong>est</strong></span> <span class='ocrx_word' id='word_1_219' title='bbox 779 3358 1017 3415; x_wconf 88' lang='lat' dir='ltr'><strong>natura</strong></span> <span class='ocrx_word' id='word_1_220' title='bbox 1060 3359 1127 3416; x_wconf 92' lang='lat' dir='ltr'><strong>et</strong></span> <span class='ocrx_word' id='word_1_221' title='bbox 1164 3351 1451 3417; x_wconf 89' lang='lat' dir='ltr'><strong>essentia</strong></span> <span class='ocrx_word' id='word_1_222' title='bbox 1493 3360 1611 3418; x_wconf 83' lang='lat' dir='ltr'><strong>etc.</strong></span> <span class='ocrx_word' id='word_1_223' title='bbox 1643 3352 1733 3435; x_wconf 80' lang='lat'><strong>²⁶)</strong></span> 
     </span>
    </p>

    <p class='ocr_par' dir='ltr' id='par_1_7' title="bbox 626 3436 2594 5065">
     <span class='ocr_line' id='line_1_35' title="bbox 810 3436 2592 3522; baseline 0.002 -22"><span class='ocrx_word' id='word_1_224' title='bbox 810 3436 921 3500; x_wconf 85' lang='lat' dir='ltr'><strong>Ex</strong></span> <span class='ocrx_word' id='word_1_225' title='bbox 984 3436 1447 3502; x_wconf 87' lang='lat' dir='ltr'><strong>reformatione</strong></span> <span class='ocrx_word' id='word_1_226' title='bbox 1503 3437 1925 3504; x_wconf 89' lang='lat' dir='ltr'><strong>ecclesiarum</strong></span> <span class='ocrx_word' id='word_1_227' title='bbox 1973 3438 2475 3522; x_wconf 85' lang='lat' dir='ltr'><strong>peregrinarum</strong></span> <span class='ocrx_word' id='word_1_228' title='bbox 2518 3438 2592 3503; x_wconf 90' lang='lat' dir='ltr'><strong>in</strong></span> 
     </span>
     <span class='ocr_line' id='line_1_36' title="bbox 632 3520 2594 3605; baseline 0.002 -21"><span class='ocrx_word' id='word_1_229' title='bbox 632 3520 877 3605; x_wconf 81' lang='lat' dir='ltr'><strong>Anglia</strong></span> <span class='ocrx_word' id='word_1_230' title='bbox 919 3541 1120 3604; x_wconf 89' lang='lat' dir='ltr'><strong>quam</strong></span> <span class='ocrx_word' id='word_1_231' title='bbox 1162 3523 1547 3605; x_wconf 91' lang='lat' dir='ltr'><strong>conscripsit</strong></span> <span class='ocrx_word' id='word_1_232' title='bbox 1588 3521 1675 3588; x_wconf 93' lang='lat' dir='ltr'><strong>D.</strong></span> <span class='ocrx_word' id='word_1_233' title='bbox 1720 3521 2006 3589; x_wconf 88' lang='lat' dir='ltr'><strong>Ioannes</strong></span> <span class='ocrx_word' id='word_1_234' title='bbox 2049 3544 2094 3589; x_wconf 84' lang='lat' dir='ltr'><strong>a</strong></span> <span class='ocrx_word' id='word_1_235' title='bbox 2137 3524 2355 3603; x_wconf 75' lang='lat' dir='ltr'><strong>Lusco,</strong></span> <span class='ocrx_word' id='word_1_236' title='bbox 2401 3524 2594 3589; x_wconf 86' lang='lat' dir='ltr'><strong>iuxta</strong></span> 
     </span>
     <span class='ocr_line' id='line_1_37' title="bbox 628 3607 2592 3692; baseline 0.002 -21"><span class='ocrx_word' id='word_1_237' title='bbox 628 3626 830 3690; x_wconf 90' lang='lat' dir='ltr'><strong>quam</strong></span> <span class='ocrx_word' id='word_1_238' title='bbox 893 3607 1378 3692; x_wconf 90' lang='lat' dir='ltr'><strong>inaugurantur</strong></span> <span class='ocrx_word' id='word_1_239' title='bbox 1433 3629 1657 3674; x_wconf 83' lang='lat' dir='ltr'><strong>omnes</strong></span> <span class='ocrx_word' id='word_1_240' title='bbox 1714 3609 1999 3674; x_wconf 87' lang='lat' dir='ltr'><strong>ministri</strong></span> <span class='ocrx_word' id='word_1_241' title='bbox 2062 3609 2132 3673; x_wconf 92' lang='lat' dir='ltr'><strong>in</strong></span> <span class='ocrx_word' id='word_1_242' title='bbox 2176 3610 2414 3675; x_wconf 89' lang='lat' dir='ltr'><strong>minori</strong></span> <span class='ocrx_word' id='word_1_243' title='bbox 2458 3610 2592 3677; x_wconf 90' lang='lat' dir='ltr'><strong>Po-</strong></span> 
     </span>
     <span class='ocr_line' id='line_1_38' title="bbox 629 3690 2594 3779; baseline 0.002 -24"><span class='ocrx_word' id='word_1_244' title='bbox 629 3690 838 3756; x_wconf 88' lang='lat' dir='ltr'><strong>lonia:</strong></span> <span class='ocrx_word' id='word_1_245' title='bbox 931 3691 1373 3776; x_wconf 75' lang='lat' dir='ltr'><strong>Interroqatio:</strong></span> <span class='ocrx_word' id='word_1_246' title='bbox 1478 3693 1713 3759; x_wconf 85' lang='lat' dir='ltr'><strong>Credis</strong></span> <span class='ocrx_word' id='word_1_247' title='bbox 1778 3695 1983 3779; x_wconf 90' lang='lat' dir='ltr'><strong>igitur</strong></span> <span class='ocrx_word' id='word_1_248' title='bbox 2058 3704 2128 3759; x_wconf 91' lang='lat' dir='ltr'><strong>et</strong></span> <span class='ocrx_word' id='word_1_249' title='bbox 2202 3704 2461 3777; x_wconf 90' lang='lat' dir='ltr'><strong>patrem</strong></span> <span class='ocrx_word' id='word_1_250' title='bbox 2525 3702 2594 3760; x_wconf 90' lang='lat' dir='ltr'><strong>et</strong></span> 
     </span>
     <span class='ocr_line' id='line_1_39' title="bbox 626 3775 2593 3865; baseline 0.002 -24"><span class='ocrx_word' id='word_1_251' title='bbox 626 3775 840 3842; x_wconf 86' lang='lat' dir='ltr'><strong>filium</strong></span> <span class='ocrx_word' id='word_1_252' title='bbox 886 3788 955 3843; x_wconf 93' lang='lat' dir='ltr'><strong>et</strong></span> <span class='ocrx_word' id='word_1_253' title='bbox 988 3778 1294 3860; x_wconf 88' lang='lat' dir='ltr'><strong>spiritum</strong></span> <span class='ocrx_word' id='word_1_254' title='bbox 1338 3787 1640 3845; x_wconf 91' lang='lat' dir='ltr'><strong>sanctum</strong></span> <span class='ocrx_word' id='word_1_255' title='bbox 1677 3800 1822 3846; x_wconf 88' lang='lat' dir='ltr'><strong>esse</strong></span> <span class='ocrx_word' id='word_1_256' title='bbox 1865 3801 2069 3845; x_wconf 90' lang='lat' dir='ltr'><strong>unum</strong></span> <span class='ocrx_word' id='word_1_257' title='bbox 2112 3779 2348 3848; x_wconf 81' lang='lat' dir='ltr'><strong>vivum</strong></span> <span class='ocrx_word' id='word_1_258' title='bbox 2393 3789 2593 3865; x_wconf 87' lang='lat' dir='ltr'><strong>atque</strong></span> 
     </span>
     <span class='ocr_line' id='line_1_40' title="bbox 632 3863 2592 3947; baseline 0.003 -20"><span class='ocrx_word' id='word_1_259' title='bbox 632 3870 977 3929; x_wconf 89' lang='lat' dir='ltr'><strong>aeternum</strong></span> <span class='ocrx_word' id='word_1_260' title='bbox 1021 3863 1289 3930; x_wconf 79' lang='lat' dir='ltr'><strong>Deum?</strong></span> <span class='ocrx_word' id='word_1_261' title='bbox 1360 3864 1661 3947; x_wconf 66' lang='lat' dir='ltr'><strong>Raspmaes,</strong></span> <span class='ocrx_word' id='word_1_262' title='bbox 1730 3865 1946 3932; x_wconf 87' lang='lat' dir='ltr'><strong>Credo</strong></span> <span class='ocrx_word' id='word_1_263' title='bbox 2004 3867 2286 3945; x_wconf 89' lang='lat' dir='ltr'><strong>omnino,</strong></span> <span class='ocrx_word' id='word_1_264' title='bbox 2353 3867 2451 3933; x_wconf 91' lang='lat' dir='ltr'><strong>ita</strong></span> <span class='ocrx_word' id='word_1_265' title='bbox 2493 3876 2592 3932; x_wconf 89' lang='lat' dir='ltr'><strong>ta-</strong></span> 
     </span>
     <span class='ocr_line' id='line_1_41' title="bbox 630 3950 2591 4035; baseline 0.003 -22"><span class='ocrx_word' id='word_1_266' title='bbox 630 3969 789 4013; x_wconf 90' lang='lat' dir='ltr'><strong>men</strong></span> <span class='ocrx_word' id='word_1_267' title='bbox 832 3959 910 4014; x_wconf 91' lang='lat' dir='ltr'><strong>ut</strong></span> <span class='ocrx_word' id='word_1_268' title='bbox 951 3950 1024 4014; x_wconf 94' lang='lat' dir='ltr'><strong>in</strong></span> <span class='ocrx_word' id='word_1_269' title='bbox 1067 3972 1199 4016; x_wconf 89' lang='lat' dir='ltr'><strong>una</strong></span> <span class='ocrx_word' id='word_1_270' title='bbox 1242 3958 1440 4034; x_wconf 91' lang='lat' dir='ltr'><strong>atque</strong></span> <span class='ocrx_word' id='word_1_271' title='bbox 1499 3951 1729 4016; x_wconf 91' lang='lat' dir='ltr'><strong>eadem</strong></span> <span class='ocrx_word' id='word_1_272' title='bbox 1773 3952 2141 4019; x_wconf 82' lang='lat' dir='ltr'><strong>divinitatis</strong></span> <span class='ocrx_word' id='word_1_273' title='bbox 2183 3951 2481 4019; x_wconf 89' lang='lat' dir='ltr'><strong>haenade</strong></span> <span class='ocrx_word' id='word_1_274' title='bbox 2497 3954 2591 4035; x_wconf 80' lang='lat'><strong>²⁷)</strong></span> 
     </span>
     <span class='ocr_line' id='line_1_42' title="bbox 635 4033 2590 4121; baseline 0.003 -22"><span class='ocrx_word' id='word_1_275' title='bbox 635 4033 1126 4102; x_wconf 87' lang='lat' dir='ltr'><strong>distinctionem</strong></span> <span class='ocrx_word' id='word_1_276' title='bbox 1168 4057 1436 4120; x_wconf 90' lang='lat' dir='ltr'><strong>prorsus</strong></span> <span class='ocrx_word' id='word_1_277' title='bbox 1481 4039 1681 4103; x_wconf 89' lang='lat' dir='ltr'><strong>trium</strong></span> <span class='ocrx_word' id='word_1_278' title='bbox 1738 4058 2169 4121; x_wconf 87' lang='lat' dir='ltr'><strong>personarum</strong></span> <span class='ocrx_word' id='word_1_279' title='bbox 2211 4040 2411 4105; x_wconf 90' lang='lat' dir='ltr'><strong>etiam</strong></span> <span class='ocrx_word' id='word_1_280' title='bbox 2457 4038 2590 4105; x_wconf 89' lang='lat' dir='ltr'><strong>dis-</strong></span> 
     </span>
     <span class='ocr_line' id='line_1_43' title="bbox 632 4121 2593 4206; baseline 0.001 -19"><span class='ocrx_word' id='word_1_281' title='bbox 632 4121 882 4187; x_wconf 87' lang='lat' dir='ltr'><strong>crimen</strong></span> <span class='ocrx_word' id='word_1_282' title='bbox 927 4141 1297 4206; x_wconf 86' lang='lat' dir='ltr'><strong>agnoscam,</strong></span> <span class='ocrx_word' id='word_1_283' title='bbox 1342 4123 1532 4189; x_wconf 88' lang='lat' dir='ltr'><strong>iuxta</strong></span> <span class='ocrx_word' id='word_1_284' title='bbox 1572 4122 1746 4205; x_wconf 92' lang='lat' dir='ltr'><strong>quod</strong></span> <span class='ocrx_word' id='word_1_285' title='bbox 1788 4122 2093 4191; x_wconf 86' lang='lat' dir='ltr'><strong>videlicet</strong></span> <span class='ocrx_word' id='word_1_286' title='bbox 2133 4124 2209 4189; x_wconf 91' lang='lat' dir='ltr'><strong>in</strong></span> <span class='ocrx_word' id='word_1_287' title='bbox 2240 4146 2488 4191; x_wconf 88' lang='lat' dir='ltr'><strong>nomen</strong></span> <span class='ocrx_word' id='word_1_288' title='bbox 2523 4132 2593 4190; x_wconf 87' lang='lat' dir='ltr'><strong>et</strong></span> 
     </span>
     <span class='ocr_line' id='line_1_44' title="bbox 628 4206 2588 4310; baseline 0.002 -39"><span class='ocrx_word' id='word_1_289' title='bbox 628 4207 839 4289; x_wconf 88' lang='lat' dir='ltr'><strong>patris</strong></span> <span class='ocrx_word' id='word_1_290' title='bbox 881 4214 949 4272; x_wconf 89' lang='lat' dir='ltr'><strong>et</strong></span> <span class='ocrx_word' id='word_1_291' title='bbox 982 4206 1102 4272; x_wconf 89' lang='lat' dir='ltr'><strong>filii</strong></span> <span class='ocrx_word' id='word_1_292' title='bbox 1137 4214 1204 4274; x_wconf 91' lang='lat' dir='ltr'><strong>et</strong></span> <span class='ocrx_word' id='word_1_293' title='bbox 1236 4208 1506 4292; x_wconf 88' lang='lat' dir='ltr'><strong>spiritus</strong></span> <span class='ocrx_word' id='word_1_294' title='bbox 1542 4210 1752 4275; x_wconf 85' lang='lat' dir='ltr'><strong>sancti</strong></span> <span class='ocrx_word' id='word_1_295' title='bbox 1787 4210 2215 4293; x_wconf 87' lang='lat' dir='ltr'><strong>baptizamur.</strong></span> <span class='ocrx_word' id='word_1_296' title='bbox 2284 4212 2588 4310; x_wconf 62' lang='lat' dir='ltr'><strong>Inter-roy.</strong></span> 
     </span>
     <span class='ocr_line' id='line_1_45' title="bbox 632 4290 2594 4379; baseline 0.002 -22"><span class='ocrx_word' id='word_1_297' title='bbox 632 4290 983 4372; x_wconf 81' lang='lat' dir='ltr'><strong>Quomodo</strong></span> <span class='ocrx_word' id='word_1_298' title='bbox 1004 4313 1163 4359; x_wconf 81' lang='lat' dir='ltr'><strong>vero</strong></span> <span class='ocrx_word' id='word_1_299' title='bbox 1196 4293 1264 4358; x_wconf 91' lang='lat' dir='ltr'><strong>in</strong></span> <span class='ocrx_word' id='word_1_300' title='bbox 1287 4315 1422 4359; x_wconf 90' lang='lat' dir='ltr'><strong>una</strong></span> <span class='ocrx_word' id='word_1_301' title='bbox 1463 4292 1822 4379; x_wconf 89' lang='lat' dir='ltr'><strong>eademque</strong></span> <span class='ocrx_word' id='word_1_302' title='bbox 1856 4296 2174 4363; x_wconf 86' lang='lat' dir='ltr'><strong>trinitatis</strong></span> <span class='ocrx_word' id='word_1_303' title='bbox 2209 4298 2594 4362; x_wconf 73' lang='lat' dir='ltr'><strong>exsistentia</strong></span> 
     </span>
     <span class='ocr_line' id='line_1_46' title="bbox 630 4378 2590 4466; baseline 0.002 -24"><span class='ocrx_word' id='word_1_304' title='bbox 630 4378 899 4443; x_wconf 87' lang='lat' dir='ltr'><strong>trinitas</strong></span> <span class='ocrx_word' id='word_1_305' title='bbox 940 4399 1368 4462; x_wconf 90' lang='lat' dir='ltr'><strong>personarum</strong></span> <span class='ocrx_word' id='word_1_306' title='bbox 1413 4380 1677 4466; x_wconf 87' lang='lat' dir='ltr'><strong>agnosci</strong></span> <span class='ocrx_word' id='word_1_307' title='bbox 1712 4383 1966 4465; x_wconf 70' lang='lat' dir='ltr'><strong>potest?</strong></span> <span class='ocrx_word' id='word_1_308' title='bbox 2015 4380 2314 4464; x_wconf 68' lang='lat' dir='ltr'><strong>Respcms.</strong></span> <span class='ocrx_word' id='word_1_309' title='bbox 2360 4381 2590 4463; x_wconf 83' lang='lat' dir='ltr'><strong>Quum</strong></span> 
     </span>
     <span class='ocr_line' id='line_1_47' title="bbox 633 4465 2587 4549; baseline 0.001 -21"><span class='ocrx_word' id='word_1_310' title='bbox 633 4465 965 4548; x_wconf 87' lang='lat' dir='ltr'><strong>scriptura</strong></span> <span class='ocrx_word' id='word_1_311' title='bbox 1049 4485 1356 4549; x_wconf 87' lang='lat' dir='ltr'><strong>expresse</strong></span> <span class='ocrx_word' id='word_1_312' title='bbox 1444 4474 1724 4532; x_wconf 84' lang='lat' dir='ltr'><strong>testatur</strong></span> <span class='ocrx_word' id='word_1_313' title='bbox 1786 4468 1981 4533; x_wconf 87' lang='lat' dir='ltr'><strong>Deut.</strong></span> <span class='ocrx_word' id='word_1_314' title='bbox 2041 4467 2127 4533; x_wconf 82' lang='lat' dir='ltr'><strong>vi.</strong></span> <span class='ocrx_word' id='word_1_315' title='bbox 2194 4468 2409 4534; x_wconf 83' lang='lat' dir='ltr'><strong>Marci</strong></span> <span class='ocrx_word' id='word_1_316' title='bbox 2473 4467 2587 4531; x_wconf 85' lang='lat' dir='ltr'><strong>xii.</strong></span> 
     </span>
     <span class='ocr_line' id='line_1_48' title="bbox 631 4550 2591 4636; baseline 0.003 -23"><span class='ocrx_word' id='word_1_317' title='bbox 631 4550 873 4616; x_wconf 85' lang='lat' dir='ltr'><strong>Esaiae</strong></span> <span class='ocrx_word' id='word_1_318' title='bbox 916 4550 1102 4618; x_wconf 83' lang='lat' dir='ltr'><strong>xviii.</strong></span> <span class='ocrx_word' id='word_1_319' title='bbox 1159 4572 1369 4616; x_wconf 88' lang='lat' dir='ltr'><strong>unum</strong></span> <span class='ocrx_word' id='word_1_320' title='bbox 1411 4550 1739 4618; x_wconf 86' lang='lat' dir='ltr'><strong>duntaxat</strong></span> <span class='ocrx_word' id='word_1_321' title='bbox 1780 4573 1922 4619; x_wconf 88' lang='lat' dir='ltr'><strong>esse</strong></span> <span class='ocrx_word' id='word_1_322' title='bbox 1966 4552 2194 4633; x_wconf 91' lang='lat' dir='ltr'><strong>Deum,</strong></span> <span class='ocrx_word' id='word_1_323' title='bbox 2258 4554 2369 4636; x_wconf 90' lang='lat' dir='ltr'><strong>qui</strong></span> <span class='ocrx_word' id='word_1_324' title='bbox 2414 4553 2591 4618; x_wconf 91' lang='lat' dir='ltr'><strong>hanc</strong></span> 
     </span>
     <span class='ocr_line' id='line_1_49' title="bbox 634 4633 2590 4720; baseline 0.002 -22"><span class='ocrx_word' id='word_1_325' title='bbox 634 4633 913 4720; x_wconf 89' lang='lat' dir='ltr'><strong>gloriam</strong></span> <span class='ocrx_word' id='word_1_326' title='bbox 979 4636 1146 4702; x_wconf 89' lang='lat' dir='ltr'><strong>nulli</strong></span> <span class='ocrx_word' id='word_1_327' title='bbox 1211 4645 1399 4702; x_wconf 88' lang='lat' dir='ltr'><strong>extra</strong></span> <span class='ocrx_word' id='word_1_328' title='bbox 1462 4659 1533 4703; x_wconf 91' lang='lat' dir='ltr'><strong>se</strong></span> <span class='ocrx_word' id='word_1_329' title='bbox 1589 4638 1779 4704; x_wconf 91' lang='lat' dir='ltr'><strong>alteri</strong></span> <span class='ocrx_word' id='word_1_330' title='bbox 1844 4636 1989 4704; x_wconf 89' lang='lat' dir='ltr'><strong>dari</strong></span> <span class='ocrx_word' id='word_1_331' title='bbox 2053 4639 2213 4717; x_wconf 83' lang='lat' dir='ltr'><strong>vult,</strong></span> <span class='ocrx_word' id='word_1_332' title='bbox 2284 4648 2352 4704; x_wconf 85' lang='lat' dir='ltr'><strong>et</strong></span> <span class='ocrx_word' id='word_1_333' title='bbox 2417 4638 2590 4704; x_wconf 91' lang='lat' dir='ltr'><strong>hanc</strong></span> 
     </span>
     <span class='ocr_line' id='line_1_50' title="bbox 628 4721 2592 4808; baseline 0.002 -23"><span class='ocrx_word' id='word_1_334' title='bbox 628 4722 843 4803; x_wconf 90' lang='lat' dir='ltr'><strong>ipsam</strong></span> <span class='ocrx_word' id='word_1_335' title='bbox 886 4722 1081 4788; x_wconf 89' lang='lat' dir='ltr'><strong>unius</strong></span> <span class='ocrx_word' id='word_1_336' title='bbox 1103 4722 1232 4788; x_wconf 89' lang='lat' dir='ltr'><strong>Dei</strong></span> <span class='ocrx_word' id='word_1_337' title='bbox 1276 4721 1553 4805; x_wconf 88' lang='lat' dir='ltr'><strong>gloriam</strong></span> <span class='ocrx_word' id='word_1_338' title='bbox 1595 4722 1823 4790; x_wconf 91' lang='lat' dir='ltr'><strong>eadem</strong></span> <span class='ocrx_word' id='word_1_339' title='bbox 1867 4728 2192 4808; x_wconf 90' lang='lat' dir='ltr'><strong>scriptura</strong></span> <span class='ocrx_word' id='word_1_340' title='bbox 2233 4724 2434 4791; x_wconf 87' lang='lat' dir='ltr'><strong>etiam</strong></span> <span class='ocrx_word' id='word_1_341' title='bbox 2473 4724 2592 4788; x_wconf 92' lang='lat' dir='ltr'><strong>tri-</strong></span> 
     </span>
     <span class='ocr_line' id='line_1_51' title="bbox 634 4804 2592 4894; baseline 0.002 -24"><span class='ocrx_word' id='word_1_342' title='bbox 634 4804 795 4871; x_wconf 91' lang='lat' dir='ltr'><strong>buat</strong></span> <span class='ocrx_word' id='word_1_343' title='bbox 837 4805 984 4872; x_wconf 94' lang='lat' dir='ltr'><strong>Deo</strong></span> <span class='ocrx_word' id='word_1_344' title='bbox 1028 4816 1097 4873; x_wconf 92' lang='lat' dir='ltr'><strong>et</strong></span> <span class='ocrx_word' id='word_1_345' title='bbox 1138 4809 1311 4891; x_wconf 88' lang='lat' dir='ltr'><strong>patri</strong></span> <span class='ocrx_word' id='word_1_346' title='bbox 1355 4817 1422 4874; x_wconf 90' lang='lat' dir='ltr'><strong>et</strong></span> <span class='ocrx_word' id='word_1_347' title='bbox 1479 4808 1616 4875; x_wconf 89' lang='lat' dir='ltr'><strong>filio</strong></span> <span class='ocrx_word' id='word_1_348' title='bbox 1659 4818 1726 4874; x_wconf 91' lang='lat' dir='ltr'><strong>et</strong></span> <span class='ocrx_word' id='word_1_349' title='bbox 1768 4811 2031 4893; x_wconf 89' lang='lat' dir='ltr'><strong>spiritui</strong></span> <span class='ocrx_word' id='word_1_350' title='bbox 2075 4817 2320 4877; x_wconf 89' lang='lat' dir='ltr'><strong>sancto.</strong></span> <span class='ocrx_word' id='word_1_351' title='bbox 2406 4810 2592 4894; x_wconf 84' lang='lat' dir='ltr'><strong>Ergo</strong></span> 
     </span>
     <span class='ocr_line' id='line_1_52' title="bbox 632 4890 2590 4976; baseline 0.002 -20"><span class='ocrx_word' id='word_1_352' title='bbox 632 4890 907 4959; x_wconf 88' lang='lat' dir='ltr'><strong>reducto</strong></span> <span class='ocrx_word' id='word_1_353' title='bbox 962 4893 1032 4957; x_wconf 89' lang='lat' dir='ltr'><strong>in</strong></span> <span class='ocrx_word' id='word_1_354' title='bbox 1092 4895 1537 4976; x_wconf 82' lang='lat' dir='ltr'><strong>captivitatem</strong></span> <span class='ocrx_word' id='word_1_355' title='bbox 1582 4895 1763 4960; x_wconf 90' lang='lat' dir='ltr'><strong>omni</strong></span> <span class='ocrx_word' id='word_1_356' title='bbox 1808 4897 2079 4962; x_wconf 90' lang='lat' dir='ltr'><strong>rationis</strong></span> <span class='ocrx_word' id='word_1_357' title='bbox 2122 4916 2307 4961; x_wconf 90' lang='lat' dir='ltr'><strong>meae</strong></span> <span class='ocrx_word' id='word_1_358' title='bbox 2349 4895 2590 4962; x_wconf 89' lang='lat' dir='ltr'><strong>iudicio</strong></span> 
     </span>
     <span class='ocr_line' id='line_1_53' title="bbox 633 4977 2593 5065; baseline 0.003 -24"><span class='ocrx_word' id='word_1_359' title='bbox 633 4977 828 5042; x_wconf 87' lang='lat' dir='ltr'><strong>iuxta</strong></span> <span class='ocrx_word' id='word_1_360' title='bbox 880 4980 1239 5061; x_wconf 86' lang='lat' dir='ltr'><strong>scripturas</strong></span> <span class='ocrx_word' id='word_1_361' title='bbox 1295 4987 1473 5045; x_wconf 89' lang='lat' dir='ltr'><strong>certo</strong></span> <span class='ocrx_word' id='word_1_362' title='bbox 1529 4989 1595 5046; x_wconf 90' lang='lat' dir='ltr'><strong>et</strong></span> <span class='ocrx_word' id='word_1_363' title='bbox 1652 4979 2102 5047; x_wconf 87' lang='lat' dir='ltr'><strong>indubitanter</strong></span> <span class='ocrx_word' id='word_1_364' title='bbox 2162 4979 2357 5047; x_wconf 89' lang='lat' dir='ltr'><strong>credo</strong></span> <span class='ocrx_word' id='word_1_365' title='bbox 2417 4979 2593 5065; x_wconf 88' lang='lat' dir='ltr'><strong>quod</strong></span> 
     </span>
    </p>
   </div>
   <div class='ocr_carea' id='block_1_3' title="bbox 646 5088 1051 5104">
    <p class='ocr_par' dir='ltr' id='par_1_8' title="bbox 646 5088 1051 5104">
     <span class='ocr_line' id='line_1_54' title="bbox 646 5088 1051 5104; baseline 0 1021"><span class='ocrx_word' id='word_1_366' title='bbox 646 5088 1051 5104; x_wconf 95' lang='lat' dir='ltr'><strong> </strong></span> 
     </span>
    </p>
   </div>
   <div class='ocr_carea' id='block_1_4' title="bbox 789 5130 2597 5394">
    <p class='ocr_par' dir='ltr' id='par_1_9' title="bbox 789 5130 2597 5394">
     <span class='ocr_line' id='line_1_55' title="bbox 802 5130 2595 5213; baseline 0.002 -28"><span class='ocrx_word' id='word_1_367' title='bbox 802 5130 900 5200; x_wconf 72' lang='lat'><strong>2⁶)</strong></span> <span class='ocrx_word' id='word_1_368' title='bbox 934 5131 1011 5186; x_wconf 73' lang='lat' dir='ltr'><strong>In</strong></span> <span class='ocrx_word' id='word_1_369' title='bbox 1052 5132 1286 5201; x_wconf 61' lang='lat' dir='ltr'><strong>maulia</strong></span> <span class='ocrx_word' id='word_1_370' title='bbox 1334 5133 1594 5200; x_wconf 70' lang='lat' dir='ltr'><strong>formulis</strong></span> <span class='ocrx_word' id='word_1_371' title='bbox 1635 5133 1821 5213; x_wconf 31' lang='lat' dir='ltr'><strong>plura‘</strong></span> <span class='ocrx_word' id='word_1_372' title='bbox 1849 5135 2013 5190; x_wconf 75' lang='lat' dir='ltr'><strong>verba</strong></span> <span class='ocrx_word' id='word_1_373' title='bbox 2057 5132 2335 5204; x_wconf 66' lang='grc' dir='ltr'><strong>ἅιεοήρω</strong></span> <span class='ocrx_word' id='word_1_374' title='bbox 2385 5134 2476 5190; x_wconf 70' lang='lat' dir='ltr'><strong>hic</strong></span> <span class='ocrx_word' id='word_1_375' title='bbox 2524 5134 2595 5189; x_wconf 77' lang='lat' dir='ltr'><strong>le-</strong></span> 
     </span>
     <span class='ocr_line' id='line_1_56' title="bbox 789 5201 2597 5394; baseline 0.003 -74"><span class='ocrx_word' id='word_1_376' title='bbox 789 5267 859 5320; x_wconf 72' lang='lat' dir='ltr'><strong>ae</strong></span> <span class='ocrx_word' id='word_1_377' title='bbox 919 5201 1955 5394; x_wconf 44' lang='lat' dir='ltr'><strong>{fgeffiazsst&#39;ssssfflgffiff</strong></span> <span class='ocrx_word' id='word_1_378' title='bbox 1974 5271 2043 5325; x_wconf 75' lang='lat' dir='ltr'><strong>ad</strong></span> <span class='ocrx_word' id='word_1_379' title='bbox 2079 5288 2129 5325; x_wconf 66' lang='lat' dir='ltr'><strong>a.</strong></span> <span class='ocrx_word' id='word_1_380' title='bbox 2165 5269 2317 5326; x_wconf 76' lang='lat'><strong>1574.</strong></span> <span class='ocrx_word' id='word_1_381' title='bbox 2385 5271 2597 5327; x_wconf 62' lang='lat' dir='ltr'><strong>ssu-zer.</strong></span> 
     </span>
    </p>
   </div>
   <div class='ocr_carea' id='block_1_5' title="bbox 2140 415 3140 488">
    <p class='ocr_par' dir='ltr' id='par_1_10' title="bbox 2140 415 3140 488">
     <span class='ocr_line' id='line_1_57' title="bbox 2140 415 3140 488; baseline -0.002 0"><span class='ocrx_word' id='word_1_382' title='bbox 2140 415 2669 488; x_wconf 75' lang='lat' dir='ltr'><strong>EPISTOLAE</strong></span> <span class='ocrx_word' id='word_1_383' title='bbox 2714 421 3140 487; x_wconf 81' lang='lat'>3875—3877</span> 
     </span>
    </p>
   </div>
   <div class='ocr_carea' id='block_1_6' title="bbox 2627 612 2670 5379">
    <p class='ocr_par' dir='ltr' id='par_1_11' title="bbox 2627 612 2670 5379">
     <span class='ocr_line' id='line_1_58' title="bbox 2627 612 2670 5379; baseline 0 0"><span class='ocrx_word' id='word_1_384' title='bbox 2627 612 2670 5379; x_wconf 95' lang='lat' dir='ltr'><strong> </strong></span> 
     </span>
    </p>
   </div>
   <div class='ocr_carea' id='block_1_7' title="bbox 4514 419 4620 484">
    <p class='ocr_par' dir='ltr' id='par_1_12' title="bbox 4514 419 4620 484">
     <span class='ocr_line' id='line_1_59' title="bbox 4514 419 4620 484; baseline 0 0"><span class='ocrx_word' id='word_1_385' title='bbox 4514 419 4620 484; x_wconf 82' lang='lat'><strong>580</strong></span> 
     </span>
    </p>
   </div>
   <div class='ocr_carea' id='block_1_8' title="bbox 2690 604 4658 4293">
    <p class='ocr_par' dir='ltr' id='par_1_13' title="bbox 2695 604 4624 865">
     <span class='ocr_line' id='line_1_60' title="bbox 2700 604 4622 689; baseline 0 -15"><span class='ocrx_word' id='word_1_386' title='bbox 2700 607 2789 674; x_wconf 89' lang='lat' dir='ltr'><strong>sit</strong></span> <span class='ocrx_word' id='word_1_387' title='bbox 2829 627 3068 675; x_wconf 81' lang='lat' dir='ltr'><strong>revera</strong></span> <span class='ocrx_word' id='word_1_388' title='bbox 3108 629 3284 676; x_wconf 89' lang='lat' dir='ltr'><strong>unus</strong></span> <span class='ocrx_word' id='word_1_389' title='bbox 3325 608 3668 689; x_wconf 85' lang='lat' dir='ltr'><strong>duntaxat,</strong></span> <span class='ocrx_word' id='word_1_390' title='bbox 3729 607 3919 674; x_wconf 82' lang='lat' dir='ltr'><strong>iuxta</strong></span> <span class='ocrx_word' id='word_1_391' title='bbox 3957 626 4149 674; x_wconf 85' lang='lat' dir='ltr'><strong>suam</strong></span> <span class='ocrx_word' id='word_1_392' title='bbox 4191 604 4484 674; x_wconf 76' lang='lat' dir='ltr'><strong>divinam</strong></span> <span class='ocrx_word' id='word_1_393' title='bbox 4521 627 4622 674; x_wconf 82' lang='lat' dir='ltr'><strong>cx·</strong></span> 
     </span>
     <span class='ocr_line' id='line_1_61' title="bbox 2696 691 4624 776; baseline -0.001 -14"><span class='ocrx_word' id='word_1_394' title='bbox 2696 694 3081 775; x_wconf 86' lang='lat' dir='ltr'><strong>sistentiam,</strong></span> <span class='ocrx_word' id='word_1_395' title='bbox 3096 702 3165 762; x_wconf 90' lang='lat' dir='ltr'><strong>et</strong></span> <span class='ocrx_word' id='word_1_396' title='bbox 3184 696 3399 762; x_wconf 86' lang='lat' dir='ltr'><strong>trinus</strong></span> <span class='ocrx_word' id='word_1_397' title='bbox 3419 694 3848 762; x_wconf 86' lang='lat' dir='ltr'><strong>nihilominus</strong></span> <span class='ocrx_word' id='word_1_398' title='bbox 3870 693 4060 760; x_wconf 85' lang='lat' dir='ltr'><strong>iuxta</strong></span> <span class='ocrx_word' id='word_1_399' title='bbox 4072 691 4624 776; x_wconf 74' lang='lat' dir='ltr'><strong>personarumd&#39;n·</strong></span> 
     </span>
     <span class='ocr_line' id='line_1_62' title="bbox 2695 778 4624 865; baseline -0.001 -18"><span class='ocrx_word' id='word_1_400' title='bbox 2695 779 3082 847; x_wconf 86' lang='lat' dir='ltr'><strong>tinctionem</strong></span> <span class='ocrx_word' id='word_1_401' title='bbox 3095 780 3293 862; x_wconf 89' lang='lat' dir='ltr'><strong>Deus,</strong></span> <span class='ocrx_word' id='word_1_402' title='bbox 3307 801 3546 865; x_wconf 88' lang='lat' dir='ltr'><strong>nempe</strong></span> <span class='ocrx_word' id='word_1_403' title='bbox 3562 791 3767 865; x_wconf 87' lang='lat' dir='ltr'><strong>pater,</strong></span> <span class='ocrx_word' id='word_1_404' title='bbox 3781 778 3964 846; x_wconf 83' lang='lat' dir='ltr'><strong>filius</strong></span> <span class='ocrx_word' id='word_1_405' title='bbox 3976 786 4045 846; x_wconf 91' lang='lat' dir='ltr'><strong>et</strong></span> <span class='ocrx_word' id='word_1_406' title='bbox 4063 778 4339 862; x_wconf 84' lang='lat' dir='ltr'><strong>spiritus</strong></span> <span class='ocrx_word' id='word_1_407' title='bbox 4360 787 4624 845; x_wconf 67' lang='lat' dir='ltr'><strong>saum</strong></span> 
     </span>
    </p>

    <p class='ocr_par' dir='ltr' id='par_1_14' title="bbox 2690 863 4646 2476">
     <span class='ocr_line' id='line_1_63' title="bbox 2866 863 4628 934; baseline -0.001 -1"><span class='ocrx_word' id='word_1_408' title='bbox 2866 865 3212 934; x_wconf 83' lang='lat' dir='ltr'><strong>Confessio</strong></span> <span class='ocrx_word' id='word_1_409' title='bbox 3274 866 3491 933; x_wconf 64' lang='lat' dir='ltr'><strong>Besae</strong></span> <span class='ocrx_word' id='word_1_410' title='bbox 3566 865 3650 933; x_wconf 91' lang='lat' dir='ltr'><strong>de</strong></span> <span class='ocrx_word' id='word_1_411' title='bbox 3728 864 4023 932; x_wconf 90' lang='lat' dir='ltr'><strong>trinitate</strong></span> <span class='ocrx_word' id='word_1_412' title='bbox 4086 868 4233 931; x_wconf 69' lang='lat' dir='ltr'><strong>Art</strong></span> <span class='ocrx_word' id='word_1_413' title='bbox 4307 871 4361 931; x_wconf 90' lang='lat'><strong>1.</strong></span> <span class='ocrx_word' id='word_1_414' title='bbox 4427 863 4628 931; x_wconf 79' lang='lat' dir='ltr'><strong>Deum</strong></span> 
     </span>
     <span class='ocr_line' id='line_1_64' title="bbox 2695 950 4628 1020; baseline -0.001 -3"><span class='ocrx_word' id='word_1_415' title='bbox 2695 972 2902 1018; x_wconf 91' lang='lat' dir='ltr'><strong>unum</strong></span> <span class='ocrx_word' id='word_1_416' title='bbox 2967 973 3128 1020; x_wconf 88' lang='lat' dir='ltr'><strong>esse.</strong></span> <span class='ocrx_word' id='word_1_417' title='bbox 3217 950 3563 1019; x_wconf 89' lang='lat' dir='ltr'><strong>Credimus</strong></span> <span class='ocrx_word' id='word_1_418' title='bbox 3617 972 3823 1018; x_wconf 89' lang='lat' dir='ltr'><strong>unam</strong></span> <span class='ocrx_word' id='word_1_419' title='bbox 3876 970 4020 1018; x_wconf 84' lang='lat' dir='ltr'><strong>esse</strong></span> <span class='ocrx_word' id='word_1_420' title='bbox 4073 950 4373 1017; x_wconf 79' lang='lat' dir='ltr'><strong>divinam</strong></span> <span class='ocrx_word' id='word_1_421' title='bbox 4424 970 4628 1016; x_wconf 68' lang='grc'><strong>66666-</strong></span> 
     </span>
     <span class='ocr_line' id='line_1_65' title="bbox 2696 1037 4631 1124; baseline -0.001 -22"><span class='ocrx_word' id='word_1_422' title='bbox 2696 1037 2877 1118; x_wconf 89' lang='lat' dir='ltr'><strong>tiam,</strong></span> <span class='ocrx_word' id='word_1_423' title='bbox 2922 1053 3121 1122; x_wconf 87' lang='lat' dir='ltr'><strong>quam</strong></span> <span class='ocrx_word' id='word_1_424' title='bbox 3163 1038 3383 1104; x_wconf 90' lang='lat' dir='ltr'><strong>Deum</strong></span> <span class='ocrx_word' id='word_1_425' title='bbox 3427 1038 3856 1124; x_wconf 88' lang='lat' dir='ltr'><strong>appellamus,</strong></span> <span class='ocrx_word' id='word_1_426' title='bbox 3900 1057 4037 1103; x_wconf 91' lang='lat' dir='ltr'><strong>non</strong></span> <span class='ocrx_word' id='word_1_427' title='bbox 4077 1057 4156 1102; x_wconf 90' lang='lat' dir='ltr'><strong>eo</strong></span> <span class='ocrx_word' id='word_1_428' title='bbox 4199 1043 4466 1102; x_wconf 86' lang='lat' dir='ltr'><strong>tantum</strong></span> <span class='ocrx_word' id='word_1_429' title='bbox 4494 1037 4631 1120; x_wconf 81' lang='lat' dir='ltr'><strong>quia</strong></span> 
     </span>
     <span class='ocr_line' id='line_1_66' title="bbox 2694 1121 4630 1207; baseline -0.001 -18"><span class='ocrx_word' id='word_1_430' title='bbox 2694 1144 2916 1189; x_wconf 88' lang='lat' dir='ltr'><strong>rerum</strong></span> <span class='ocrx_word' id='word_1_431' title='bbox 2957 1124 3365 1190; x_wconf 86' lang='lat' dir='ltr'><strong>naturalium</strong></span> <span class='ocrx_word' id='word_1_432' title='bbox 3407 1122 3869 1207; x_wconf 87' lang='lat' dir='ltr'><strong>contemplatio</strong></span> <span class='ocrx_word' id='word_1_433' title='bbox 3924 1129 3991 1189; x_wconf 88' lang='lat' dir='ltr'><strong>et</strong></span> <span class='ocrx_word' id='word_1_434' title='bbox 4045 1131 4346 1206; x_wconf 83' lang='lat' dir='ltr'><strong>aspectus</strong></span> <span class='ocrx_word' id='word_1_435' title='bbox 4398 1121 4470 1186; x_wconf 91' lang='lat' dir='ltr'><strong>id</strong></span> <span class='ocrx_word' id='word_1_436' title='bbox 4523 1142 4630 1188; x_wconf 85' lang='lat' dir='ltr'><strong>nos</strong></span> 
     </span>
     <span class='ocr_line' id='line_1_67' title="bbox 2694 1208 4630 1295; baseline -0.001 -20"><span class='ocrx_word' id='word_1_437' title='bbox 2694 1208 2899 1290; x_wconf 86' lang='lat' dir='ltr'><strong>docet,</strong></span> <span class='ocrx_word' id='word_1_438' title='bbox 2944 1209 3056 1276; x_wconf 87' lang='lat' dir='ltr'><strong>sed</strong></span> <span class='ocrx_word' id='word_1_439' title='bbox 3100 1210 3311 1276; x_wconf 91' lang='lat' dir='ltr'><strong>multo</strong></span> <span class='ocrx_word' id='word_1_440' title='bbox 3353 1211 3566 1295; x_wconf 89' lang='lat' dir='ltr'><strong>magis</strong></span> <span class='ocrx_word' id='word_1_441' title='bbox 3608 1209 3917 1295; x_wconf 90' lang='lat' dir='ltr'><strong>quoniam</strong></span> <span class='ocrx_word' id='word_1_442' title='bbox 3951 1208 4278 1292; x_wconf 85' lang='lat' dir='ltr'><strong>scriptura</strong></span> <span class='ocrx_word' id='word_1_443' title='bbox 4311 1227 4502 1273; x_wconf 82' lang='lat' dir='ltr'><strong>sacra</strong></span> <span class='ocrx_word' id='word_1_444' title='bbox 4527 1228 4630 1274; x_wconf 88' lang='lat' dir='ltr'><strong>no-</strong></span> 
     </span>
     <span class='ocr_line' id='line_1_68' title="bbox 2693 1293 4632 1363; baseline -0.002 -2"><span class='ocrx_word' id='word_1_445' title='bbox 2693 1295 2795 1361; x_wconf 90' lang='lat' dir='ltr'><strong>bis</strong></span> <span class='ocrx_word' id='word_1_446' title='bbox 2836 1297 2977 1362; x_wconf 88' lang='lat' dir='ltr'><strong>eius</strong></span> <span class='ocrx_word' id='word_1_447' title='bbox 3018 1296 3116 1360; x_wconf 91' lang='lat' dir='ltr'><strong>rei</strong></span> <span class='ocrx_word' id='word_1_448' title='bbox 3159 1296 3345 1363; x_wconf 89' lang='lat' dir='ltr'><strong>testis</strong></span> <span class='ocrx_word' id='word_1_449' title='bbox 3383 1304 3503 1362; x_wconf 91' lang='lat' dir='ltr'><strong>est.</strong></span> <span class='ocrx_word' id='word_1_450' title='bbox 3550 1333 3634 1345; x_wconf 95' lang='lat'>—</span> <span class='ocrx_word' id='word_1_451' title='bbox 3678 1298 3816 1360; x_wconf 83' lang='lat' dir='ltr'><strong>Art.</strong></span> <span class='ocrx_word' id='word_1_452' title='bbox 3862 1296 3923 1358; x_wconf 79' lang='lat'><strong>2.</strong></span> <span class='ocrx_word' id='word_1_453' title='bbox 3989 1293 4221 1361; x_wconf 89' lang='lat' dir='ltr'><strong>Unum</strong></span> <span class='ocrx_word' id='word_1_454' title='bbox 4260 1294 4486 1359; x_wconf 89' lang='lat' dir='ltr'><strong>Deum</strong></span> <span class='ocrx_word' id='word_1_455' title='bbox 4525 1293 4632 1358; x_wconf 86' lang='lat' dir='ltr'><strong>tri·</strong></span> 
     </span>
     <span class='ocr_line' id='line_1_69' title="bbox 2690 1378 4634 1465; baseline -0.001 -18"><span class='ocrx_word' id='word_1_456' title='bbox 2690 1380 2814 1447; x_wconf 90' lang='lat' dir='ltr'><strong>bus</strong></span> <span class='ocrx_word' id='word_1_457' title='bbox 2877 1383 3177 1465; x_wconf 87' lang='lat' dir='ltr'><strong>personis</strong></span> <span class='ocrx_word' id='word_1_458' title='bbox 3241 1400 3370 1446; x_wconf 92' lang='lat' dir='ltr'><strong>non</strong></span> <span class='ocrx_word' id='word_1_459' title='bbox 3440 1380 3646 1448; x_wconf 85' lang='lat' dir='ltr'><strong>dividi</strong></span> <span class='ocrx_word' id='word_1_460' title='bbox 3701 1380 3816 1447; x_wconf 90' lang='lat' dir='ltr'><strong>sed</strong></span> <span class='ocrx_word' id='word_1_461' title='bbox 3873 1378 4210 1464; x_wconf 84' lang='lat' dir='ltr'><strong>distingui.</strong></span> <span class='ocrx_word' id='word_1_462' title='bbox 4298 1379 4634 1463; x_wconf 76' lang='lat' dir='ltr'><strong>Scriptura</strong></span> 
     </span>
     <span class='ocr_line' id='line_1_70' title="bbox 2691 1466 4634 1552; baseline -0.002 -19"><span class='ocrx_word' id='word_1_463' title='bbox 2691 1487 2877 1533; x_wconf 86' lang='lat' dir='ltr'><strong>sacra</strong></span> <span class='ocrx_word' id='word_1_464' title='bbox 2928 1469 3269 1552; x_wconf 87' lang='lat' dir='ltr'><strong>perspicue</strong></span> <span class='ocrx_word' id='word_1_465' title='bbox 3321 1487 3442 1533; x_wconf 84' lang='lat' dir='ltr'><strong>nos</strong></span> <span class='ocrx_word' id='word_1_466' title='bbox 3499 1467 3683 1533; x_wconf 88' lang='lat' dir='ltr'><strong>docet</strong></span> <span class='ocrx_word' id='word_1_467' title='bbox 3739 1466 3913 1533; x_wconf 92' lang='lat' dir='ltr'><strong>hanc</strong></span> <span class='ocrx_word' id='word_1_468' title='bbox 3955 1466 4251 1534; x_wconf 84' lang='lat' dir='ltr'><strong>divinam</strong></span> <span class='ocrx_word' id='word_1_469' title='bbox 4293 1466 4634 1532; x_wconf 81' lang='lat' dir='ltr'><strong>essentiam</strong></span> 
     </span>
     <span class='ocr_line' id='line_1_71' title="bbox 2691 1552 4635 1636; baseline 0 -20"><span class='ocrx_word' id='word_1_470' title='bbox 2691 1552 2761 1617; x_wconf 90' lang='lat' dir='ltr'><strong>in</strong></span> <span class='ocrx_word' id='word_1_471' title='bbox 2797 1560 2933 1619; x_wconf 89' lang='lat' dir='ltr'><strong>tres</strong></span> <span class='ocrx_word' id='word_1_472' title='bbox 2964 1572 3280 1636; x_wconf 85' lang='lat' dir='ltr'><strong>personas</strong></span> <span class='ocrx_word' id='word_1_473' title='bbox 3314 1574 3468 1619; x_wconf 83' lang='lat' dir='ltr'><strong>vere</strong></span> <span class='ocrx_word' id='word_1_474' title='bbox 3501 1572 3646 1619; x_wconf 89' lang='lat' dir='ltr'><strong>esse</strong></span> <span class='ocrx_word' id='word_1_475' title='bbox 3680 1552 4077 1631; x_wconf 85' lang='lat' dir='ltr'><strong>distinctam,</strong></span> <span class='ocrx_word' id='word_1_476' title='bbox 4115 1571 4352 1635; x_wconf 91' lang='lat' dir='ltr'><strong>nempe</strong></span> <span class='ocrx_word' id='word_1_477' title='bbox 4375 1561 4635 1635; x_wconf 85' lang='lat' dir='ltr'><strong>patrem,</strong></span> 
     </span>
     <span class='ocr_line' id='line_1_72' title="bbox 2692 1636 4642 1723; baseline 0.001 -20"><span class='ocrx_word' id='word_1_478' title='bbox 2692 1638 2921 1718; x_wconf 90' lang='lat' dir='ltr'><strong>filium,</strong></span> <span class='ocrx_word' id='word_1_479' title='bbox 2963 1639 3273 1723; x_wconf 88' lang='lat' dir='ltr'><strong>spiritum</strong></span> <span class='ocrx_word' id='word_1_480' title='bbox 3315 1646 3634 1706; x_wconf 89' lang='lat' dir='ltr'><strong>sanctum.</strong></span> <span class='ocrx_word' id='word_1_481' title='bbox 3714 1636 3906 1719; x_wconf 78' lang='lat' dir='ltr'><strong>Quae</strong></span> <span class='ocrx_word' id='word_1_482' title='bbox 3949 1646 4084 1704; x_wconf 90' lang='lat' dir='ltr'><strong>tres</strong></span> <span class='ocrx_word' id='word_1_483' title='bbox 4126 1657 4453 1721; x_wconf 85' lang='lat' dir='ltr'><strong>personae</strong></span> <span class='ocrx_word' id='word_1_484' title='bbox 4495 1647 4642 1704; x_wconf 88' lang='lat' dir='ltr'><strong>sunt</strong></span> 
     </span>
     <span class='ocr_line' id='line_1_73' title="bbox 2692 1723 4641 1807; baseline -0.001 -18"><span class='ocrx_word' id='word_1_485' title='bbox 2692 1744 2870 1790; x_wconf 90' lang='lat' dir='ltr'><strong>unus</strong></span> <span class='ocrx_word' id='word_1_486' title='bbox 2912 1724 3116 1803; x_wconf 88' lang='lat' dir='ltr'><strong>Deus,</strong></span> <span class='ocrx_word' id='word_1_487' title='bbox 3169 1731 3496 1804; x_wconf 90' lang='lat' dir='ltr'><strong>aeternus,</strong></span> <span class='ocrx_word' id='word_1_488' title='bbox 3556 1724 3879 1803; x_wconf 87' lang='lat' dir='ltr'><strong>infinitus,</strong></span> <span class='ocrx_word' id='word_1_489' title='bbox 3938 1731 4009 1789; x_wconf 91' lang='lat' dir='ltr'><strong>et</strong></span> <span class='ocrx_word' id='word_1_490' title='bbox 4061 1724 4134 1788; x_wconf 92' lang='lat' dir='ltr'><strong>in</strong></span> <span class='ocrx_word' id='word_1_491' title='bbox 4188 1744 4260 1789; x_wconf 86' lang='lat' dir='ltr'><strong>se</strong></span> <span class='ocrx_word' id='word_1_492' title='bbox 4314 1723 4465 1807; x_wconf 86' lang='lat' dir='ltr'><strong>ipso</strong></span> <span class='ocrx_word' id='word_1_493' title='bbox 4506 1743 4641 1806; x_wconf 82' lang='lat' dir='ltr'><strong>per·</strong></span> 
     </span>
     <span class='ocr_line' id='line_1_74' title="bbox 2692 1808 4640 1893; baseline 0 -19"><span class='ocrx_word' id='word_1_494' title='bbox 2692 1808 3102 1876; x_wconf 75' lang='lat' dir='ltr'><strong>sactissimus.</strong></span> <span class='ocrx_word' id='word_1_495' title='bbox 3184 1809 3488 1893; x_wconf 89' lang='lat' dir='ltr'><strong>Suntque</strong></span> <span class='ocrx_word' id='word_1_496' title='bbox 3531 1809 3656 1875; x_wconf 90' lang='lat' dir='ltr'><strong>hae</strong></span> <span class='ocrx_word' id='word_1_497' title='bbox 3699 1828 4019 1892; x_wconf 84' lang='lat' dir='ltr'><strong>personae</strong></span> <span class='ocrx_word' id='word_1_498' title='bbox 4059 1808 4640 1875; x_wconf 73' lang='lat' dir='ltr'><strong>consubstantialoe</strong></span> 
     </span>
     <span class='ocr_line' id='line_1_75' title="bbox 2692 1893 4640 1980; baseline -0.001 -19"><span class='ocrx_word' id='word_1_499' title='bbox 2692 1908 2761 1961; x_wconf 89' lang='lat' dir='ltr'><strong>et</strong></span> <span class='ocrx_word' id='word_1_500' title='bbox 2802 1905 3202 1972; x_wconf 89' lang='lat' dir='ltr'><strong>coaeternae,</strong></span> <span class='ocrx_word' id='word_1_501' title='bbox 3248 1895 3491 1978; x_wconf 89' lang='lat' dir='ltr'><strong>absque</strong></span> <span class='ocrx_word' id='word_1_502' title='bbox 3529 1895 3671 1960; x_wconf 89' lang='lat' dir='ltr'><strong>ulla</strong></span> <span class='ocrx_word' id='word_1_503' title='bbox 3711 1896 4187 1980; x_wconf 88' lang='lat' dir='ltr'><strong>proprietatum</strong></span> <span class='ocrx_word' id='word_1_504' title='bbox 4228 1901 4346 1959; x_wconf 85' lang='lat' dir='ltr'><strong>aut</strong></span> <span class='ocrx_word' id='word_1_505' title='bbox 4387 1893 4640 1960; x_wconf 80' lang='lat' dir='ltr'><strong>relatio-</strong></span> 
     </span>
     <span class='ocr_line' id='line_1_76' title="bbox 2692 1980 4640 2065; baseline -0.001 -19"><span class='ocrx_word' id='word_1_506' title='bbox 2692 2001 2856 2046; x_wconf 91' lang='lat' dir='ltr'><strong>num</strong></span> <span class='ocrx_word' id='word_1_507' title='bbox 2901 1980 3299 2047; x_wconf 83' lang='lat' dir='ltr'><strong>confusione.</strong></span> <span class='ocrx_word' id='word_1_508' title='bbox 3384 1981 3686 2065; x_wconf 89' lang='lat' dir='ltr'><strong>Itemque</strong></span> <span class='ocrx_word' id='word_1_509' title='bbox 3729 1981 3973 2064; x_wconf 85' lang='lat' dir='ltr'><strong>absque</strong></span> <span class='ocrx_word' id='word_1_510' title='bbox 4016 1980 4154 2045; x_wconf 89' lang='lat' dir='ltr'><strong>ulla</strong></span> <span class='ocrx_word' id='word_1_511' title='bbox 4196 1980 4373 2046; x_wconf 91' lang='lat' dir='ltr'><strong>inter</strong></span> <span class='ocrx_word' id='word_1_512' title='bbox 4415 2001 4492 2045; x_wconf 87' lang='lat' dir='ltr'><strong>se</strong></span> <span class='ocrx_word' id='word_1_513' title='bbox 4531 1981 4640 2044; x_wconf 86' lang='lat' dir='ltr'><strong>im·</strong></span> 
     </span>
     <span class='ocr_line' id='line_1_77' title="bbox 2691 2065 4644 2150; baseline 0 -19"><span class='ocrx_word' id='word_1_514' title='bbox 2691 2066 2973 2149; x_wconf 90' lang='lat' dir='ltr'><strong>paritate</strong></span> <span class='ocrx_word' id='word_1_515' title='bbox 3027 2066 3168 2133; x_wconf 85' lang='lat' dir='ltr'><strong>sive</strong></span> <span class='ocrx_word' id='word_1_516' title='bbox 3210 2067 3692 2150; x_wconf 87' lang='lat' dir='ltr'><strong>inaequalitate,</strong></span> <span class='ocrx_word' id='word_1_517' title='bbox 3753 2065 3927 2133; x_wconf 90' lang='lat' dir='ltr'><strong>sicut</strong></span> <span class='ocrx_word' id='word_1_518' title='bbox 3967 2065 4209 2131; x_wconf 86' lang='lat' dir='ltr'><strong>diffinit</strong></span> <span class='ocrx_word' id='word_1_519' title='bbox 4250 2065 4532 2132; x_wconf 81' lang='lat' dir='ltr'><strong>ecclesia</strong></span> <span class='ocrx_word' id='word_1_520' title='bbox 4568 2088 4644 2131; x_wconf 87' lang='lat' dir='ltr'><strong>ex</strong></span> 
     </span>
     <span class='ocr_line' id='line_1_78' title="bbox 2692 2150 4642 2231; baseline -0.001 -14"><span class='ocrx_word' id='word_1_521' title='bbox 2692 2152 2824 2217; x_wconf 92' lang='lat' dir='ltr'><strong>Dei</strong></span> <span class='ocrx_word' id='word_1_522' title='bbox 2864 2152 3068 2218; x_wconf 81' lang='lat' dir='ltr'><strong>verbo</strong></span> <span class='ocrx_word' id='word_1_523' title='bbox 3111 2160 3340 2219; x_wconf 89' lang='lat' dir='ltr'><strong>contra</strong></span> <span class='ocrx_word' id='word_1_524' title='bbox 3385 2151 3769 2231; x_wconf 86' lang='lat' dir='ltr'><strong>Sabellium,</strong></span> <span class='ocrx_word' id='word_1_525' title='bbox 3792 2150 4318 2230; x_wconf 88' lang='lat' dir='ltr'><strong>Samosatenum,</strong></span> <span class='ocrx_word' id='word_1_526' title='bbox 4357 2152 4642 2228; x_wconf 80' lang='lat' dir='ltr'><strong>Arrium,</strong></span> 
     </span>
     <span class='ocr_line' id='line_1_79' title="bbox 2693 2236 4646 2322; baseline -0.001 -19"><span class='ocrx_word' id='word_1_527' title='bbox 2693 2237 3096 2317; x_wconf 87' lang='lat' dir='ltr'><strong>Nestorium,</strong></span> <span class='ocrx_word' id='word_1_528' title='bbox 3166 2238 3597 2317; x_wconf 83' lang='lat' dir='ltr'><strong>Marcionem,</strong></span> <span class='ocrx_word' id='word_1_529' title='bbox 3661 2236 4125 2322; x_wconf 76' lang='lat' dir='ltr'><strong>Eutychetem,</strong></span> <span class='ocrx_word' id='word_1_530' title='bbox 4212 2243 4282 2302; x_wconf 91' lang='lat' dir='ltr'><strong>et</strong></span> <span class='ocrx_word' id='word_1_531' title='bbox 4367 2236 4646 2321; x_wconf 87' lang='lat' dir='ltr'><strong>reliquos</strong></span> 
     </span>
     <span class='ocr_line' id='line_1_80' title="bbox 2693 2322 4644 2407; baseline -0.001 -18"><span class='ocrx_word' id='word_1_532' title='bbox 2693 2322 3012 2389; x_wconf 90' lang='lat' dir='ltr'><strong>eiusmodi</strong></span> <span class='ocrx_word' id='word_1_533' title='bbox 3057 2324 3439 2402; x_wconf 89' lang='lat' dir='ltr'><strong>haereticos,</strong></span> <span class='ocrx_word' id='word_1_534' title='bbox 3501 2344 3780 2407; x_wconf 88' lang='lat' dir='ltr'><strong>quorum</strong></span> <span class='ocrx_word' id='word_1_535' title='bbox 3824 2322 4083 2389; x_wconf 85' lang='lat' dir='ltr'><strong>furores</strong></span> <span class='ocrx_word' id='word_1_536' title='bbox 4125 2330 4261 2389; x_wconf 90' lang='lat' dir='ltr'><strong>toto</strong></span> <span class='ocrx_word' id='word_1_537' title='bbox 4302 2322 4506 2388; x_wconf 87' lang='lat' dir='ltr'><strong>corde</strong></span> <span class='ocrx_word' id='word_1_538' title='bbox 4540 2343 4644 2388; x_wconf 87' lang='lat' dir='ltr'><strong>ex·</strong></span> 
     </span>
     <span class='ocr_line' id='line_1_81' title="bbox 2691 2429 3043 2476; baseline -0.006 0"><span class='ocrx_word' id='word_1_539' title='bbox 2691 2429 3043 2476; x_wconf 90' lang='lat' dir='ltr'><strong>secramur.</strong></span> 
     </span>
    </p>

    <p class='ocr_par' dir='ltr' id='par_1_15' title="bbox 2692 2494 4658 4293">
     <span class='ocr_line' id='line_1_82' title="bbox 2865 2494 4647 2577; baseline 0 -18"><span class='ocrx_word' id='word_1_540' title='bbox 2865 2495 2974 2559; x_wconf 84' lang='lat' dir='ltr'><strong>Ex</strong></span> <span class='ocrx_word' id='word_1_541' title='bbox 3040 2495 3446 2561; x_wconf 80' lang='lat' dir='ltr'><strong>confessione</strong></span> <span class='ocrx_word' id='word_1_542' title='bbox 3509 2494 3896 2560; x_wconf 78' lang='lat' dir='ltr'><strong>Pinczoviae</strong></span> <span class='ocrx_word' id='word_1_543' title='bbox 3965 2514 4022 2559; x_wconf 92' lang='lat' dir='ltr'><strong>a.</strong></span> <span class='ocrx_word' id='word_1_544' title='bbox 4098 2496 4256 2558; x_wconf 83' lang='grc'><strong>1561</strong></span> <span class='ocrx_word' id='word_1_545' title='bbox 4331 2494 4647 2577; x_wconf 73' lang='lat' dir='ltr'><strong>impreoea</strong></span> 
     </span>
     <span class='ocr_line' id='line_1_83' title="bbox 2695 2578 4650 2664; baseline 0 -19"><span class='ocrx_word' id='word_1_546' title='bbox 2695 2599 2894 2663; x_wconf 90' lang='lat' dir='ltr'><strong>quam</strong></span> <span class='ocrx_word' id='word_1_547' title='bbox 2936 2581 3414 2664; x_wconf 87' lang='lat' dir='ltr'><strong>conscripserat</strong></span> <span class='ocrx_word' id='word_1_548' title='bbox 3446 2578 3533 2646; x_wconf 93' lang='lat' dir='ltr'><strong>D.</strong></span> <span class='ocrx_word' id='word_1_549' title='bbox 3556 2600 3601 2645; x_wconf 85' lang='lat' dir='ltr'><strong>a</strong></span> <span class='ocrx_word' id='word_1_550' title='bbox 3623 2580 3826 2647; x_wconf 62' lang='lat' dir='ltr'><strong>Lusco</strong></span> <span class='ocrx_word' id='word_1_551' title='bbox 3869 2579 3990 2646; x_wconf 91' lang='lat' dir='ltr'><strong>sub</strong></span> <span class='ocrx_word' id='word_1_552' title='bbox 4033 2587 4313 2644; x_wconf 91' lang='lat' dir='ltr'><strong>mortem</strong></span> <span class='ocrx_word' id='word_1_553' title='bbox 4359 2599 4554 2645; x_wconf 82' lang='lat' dir='ltr'><strong>suam</strong></span> <span class='ocrx_word' id='word_1_554' title='bbox 4587 2591 4650 2644; x_wconf 81' lang='lat' dir='ltr'><strong>ct</strong></span> 
     </span>
     <span class='ocr_line' id='line_1_84' title="bbox 2696 2665 4650 2749; baseline -0.001 -18"><span class='ocrx_word' id='word_1_555' title='bbox 2696 2667 2990 2732; x_wconf 91' lang='lat' dir='ltr'><strong>omnium</strong></span> <span class='ocrx_word' id='word_1_556' title='bbox 3046 2675 3184 2731; x_wconf 90' lang='lat' dir='ltr'><strong>tam</strong></span> <span class='ocrx_word' id='word_1_557' title='bbox 3241 2665 3562 2732; x_wconf 91' lang='lat' dir='ltr'><strong>nobilium</strong></span> <span class='ocrx_word' id='word_1_558' title='bbox 3621 2685 3820 2749; x_wconf 89' lang='lat' dir='ltr'><strong>quam</strong></span> <span class='ocrx_word' id='word_1_559' title='bbox 3873 2665 4330 2731; x_wconf 90' lang='lat' dir='ltr'><strong>ministrorum</strong></span> <span class='ocrx_word' id='word_1_560' title='bbox 4387 2665 4650 2731; x_wconf 82' lang='lat' dir='ltr'><strong>nomine</strong></span> 
     </span>
     <span class='ocr_line' id='line_1_85' title="bbox 2694 2750 4649 2835; baseline -0.001 -18"><span class='ocrx_word' id='word_1_561' title='bbox 2694 2751 3190 2835; x_wconf 80' lang='lat' dir='ltr'><strong>invulgaverat:</strong></span> <span class='ocrx_word' id='word_1_562' title='bbox 3269 2752 3616 2819; x_wconf 86' lang='lat' dir='ltr'><strong>Postremo</strong></span> <span class='ocrx_word' id='word_1_563' title='bbox 3681 2759 3902 2817; x_wconf 90' lang='lat' dir='ltr'><strong>autem</strong></span> <span class='ocrx_word' id='word_1_564' title='bbox 3963 2758 4042 2817; x_wconf 91' lang='lat' dir='ltr'><strong>ut</strong></span> <span class='ocrx_word' id='word_1_565' title='bbox 4116 2750 4430 2816; x_wconf 87' lang='lat' dir='ltr'><strong>omnibus</strong></span> <span class='ocrx_word' id='word_1_566' title='bbox 4508 2771 4649 2817; x_wconf 83' lang='lat' dir='ltr'><strong>con-</strong></span> 
     </span>
     <span class='ocr_line' id='line_1_86' title="bbox 2696 2837 4649 2921; baseline -0.001 -18"><span class='ocrx_word' id='word_1_567' title='bbox 2696 2845 2871 2903; x_wconf 92' lang='lat' dir='ltr'><strong>stare</strong></span> <span class='ocrx_word' id='word_1_568' title='bbox 2948 2845 3176 2921; x_wconf 90' lang='lat' dir='ltr'><strong>posset</strong></span> <span class='ocrx_word' id='word_1_569' title='bbox 3196 2888 3210 2916; x_wconf 91' lang='lat'><strong>,</strong></span> <span class='ocrx_word' id='word_1_570' title='bbox 3308 2858 3431 2903; x_wconf 91' lang='lat' dir='ltr'><strong>nos</strong></span> <span class='ocrx_word' id='word_1_571' title='bbox 3509 2856 3657 2902; x_wconf 92' lang='lat' dir='ltr'><strong>cum</strong></span> <span class='ocrx_word' id='word_1_572' title='bbox 3745 2838 4071 2903; x_wconf 85' lang='lat' dir='ltr'><strong>restitutis</strong></span> <span class='ocrx_word' id='word_1_573' title='bbox 4154 2837 4464 2903; x_wconf 90' lang='lat' dir='ltr'><strong>omnibus</strong></span> <span class='ocrx_word' id='word_1_574' title='bbox 4540 2856 4649 2920; x_wconf 77' lang='lat' dir='ltr'><strong>per</strong></span> 
     </span>
     <span class='ocr_line' id='line_1_87' title="bbox 2697 2921 4650 3003; baseline -0.002 -13"><span class='ocrx_word' id='word_1_575' title='bbox 2697 2922 3148 3003; x_wconf 84' lang='lat' dir='ltr'><strong>Germaniam,</strong></span> <span class='ocrx_word' id='word_1_576' title='bbox 3193 2921 3597 3002; x_wconf 82' lang='lat' dir='ltr'><strong>Helvetiam,</strong></span> <span class='ocrx_word' id='word_1_577' title='bbox 3642 2921 4048 2988; x_wconf 87' lang='lat' dir='ltr'><strong>Sabaudiam</strong></span> <span class='ocrx_word' id='word_1_578' title='bbox 4091 2922 4384 2989; x_wconf 84' lang='lat' dir='ltr'><strong>ecclesiis</strong></span> <span class='ocrx_word' id='word_1_579' title='bbox 4431 2922 4558 2987; x_wconf 83' lang='lat' dir='ltr'><strong>hac</strong></span> <span class='ocrx_word' id='word_1_580' title='bbox 4587 2922 4650 2986; x_wconf 90' lang='lat' dir='ltr'><strong>in</strong></span> 
     </span>
     <span class='ocr_line' id='line_1_88' title="bbox 2692 3008 4653 3094; baseline -0.001 -20"><span class='ocrx_word' id='word_1_581' title='bbox 2692 3017 2881 3093; x_wconf 88' lang='lat' dir='ltr'><strong>parte</strong></span> <span class='ocrx_word' id='word_1_582' title='bbox 2922 3030 3192 3094; x_wconf 87' lang='lat' dir='ltr'><strong>prorsus</strong></span> <span class='ocrx_word' id='word_1_583' title='bbox 3233 3009 3624 3089; x_wconf 89' lang='lat' dir='ltr'><strong>consentire,</strong></span> <span class='ocrx_word' id='word_1_584' title='bbox 3676 3009 3897 3076; x_wconf 79' lang='lat' dir='ltr'><strong>visum</strong></span> <span class='ocrx_word' id='word_1_585' title='bbox 3953 3009 4264 3075; x_wconf 80' lang='lat' dir='ltr'><strong>universo</strong></span> <span class='ocrx_word' id='word_1_586' title='bbox 4317 3008 4546 3076; x_wconf 78' lang='lat' dir='ltr'><strong>coetui</strong></span> <span class='ocrx_word' id='word_1_587' title='bbox 4583 3014 4653 3073; x_wconf 88' lang='lat' dir='ltr'><strong>ut</strong></span> 
     </span>
     <span class='ocr_line' id='line_1_89' title="bbox 2692 3094 4652 3178; baseline -0.001 -18"><span class='ocrx_word' id='word_1_588' title='bbox 2692 3095 2953 3178; x_wconf 88' lang='lat' dir='ltr'><strong>publice</strong></span> <span class='ocrx_word' id='word_1_589' title='bbox 2996 3115 3225 3162; x_wconf 93' lang='lat' dir='ltr'><strong>omnes</strong></span> <span class='ocrx_word' id='word_1_590' title='bbox 3269 3101 3673 3161; x_wconf 89' lang='lat' dir='ltr'><strong>testarentur</strong></span> <span class='ocrx_word' id='word_1_591' title='bbox 3715 3116 3786 3161; x_wconf 90' lang='lat' dir='ltr'><strong>se</strong></span> <span class='ocrx_word' id='word_1_592' title='bbox 3827 3095 3899 3160; x_wconf 91' lang='lat' dir='ltr'><strong>in</strong></span> <span class='ocrx_word' id='word_1_593' title='bbox 3941 3116 4022 3161; x_wconf 91' lang='lat' dir='ltr'><strong>ea</strong></span> <span class='ocrx_word' id='word_1_594' title='bbox 4059 3094 4366 3161; x_wconf 61' lang='grc' dir='ltr'><strong>διακαῆ</strong></span> <span class='ocrx_word' id='word_1_595' title='bbox 4400 3102 4652 3160; x_wconf 65' lang='lat' dir='ltr'><strong>conem-</strong></span> 
     </span>
     <span class='ocr_line' id='line_1_90' title="bbox 2695 3179 4652 3264; baseline -0.002 -16"><span class='ocrx_word' id='word_1_596' title='bbox 2695 3181 2930 3258; x_wconf 85' lang='lat' dir='ltr'><strong>versia,</strong></span> <span class='ocrx_word' id='word_1_597' title='bbox 2998 3202 3150 3248; x_wconf 90' lang='lat' dir='ltr'><strong>cum</strong></span> <span class='ocrx_word' id='word_1_598' title='bbox 3192 3182 3276 3247; x_wconf 92' lang='lat' dir='ltr'><strong>D.</strong></span> <span class='ocrx_word' id='word_1_599' title='bbox 3326 3180 3757 3247; x_wconf 65' lang='lat' dir='ltr'><strong>Mam-mne</strong></span> <span class='ocrx_word' id='word_1_600' title='bbox 3823 3190 3889 3246; x_wconf 90' lang='lat' dir='ltr'><strong>et</strong></span> <span class='ocrx_word' id='word_1_601' title='bbox 3939 3180 4295 3264; x_wconf 86' lang='lat' dir='ltr'><strong>praedictis</strong></span> <span class='ocrx_word' id='word_1_602' title='bbox 4350 3179 4652 3246; x_wconf 82' lang='lat' dir='ltr'><strong>omnibus</strong></span> 
     </span>
     <span class='ocr_line' id='line_1_91' title="bbox 2696 3264 4656 3348; baseline -0.002 -15"><span class='ocrx_word' id='word_1_603' title='bbox 2696 3266 2987 3333; x_wconf 87' lang='lat' dir='ltr'><strong>ecclesiis</strong></span> <span class='ocrx_word' id='word_1_604' title='bbox 3031 3267 3298 3348; x_wconf 86' lang='lat' dir='ltr'><strong>sentire,</strong></span> <span class='ocrx_word' id='word_1_605' title='bbox 3344 3265 3645 3333; x_wconf 74' lang='lat' dir='ltr'><strong>Stancari</strong></span> <span class='ocrx_word' id='word_1_606' title='bbox 3686 3286 3842 3332; x_wconf 82' lang='lat' dir='ltr'><strong>vero</strong></span> <span class='ocrx_word' id='word_1_607' title='bbox 3901 3264 4265 3333; x_wconf 90' lang='lat' dir='ltr'><strong>doctrinam</strong></span> <span class='ocrx_word' id='word_1_608' title='bbox 4308 3286 4393 3331; x_wconf 87' lang='lat' dir='ltr'><strong>eo</strong></span> <span class='ocrx_word' id='word_1_609' title='bbox 4435 3265 4580 3331; x_wconf 87' lang='lat' dir='ltr'><strong>loco</strong></span> <span class='ocrx_word' id='word_1_610' title='bbox 4617 3285 4656 3329; x_wconf 80' lang='lat' dir='ltr'><strong>a</strong></span> 
     </span>
     <span class='ocr_line' id='line_1_92' title="bbox 2693 3350 4654 3436; baseline -0.001 -19"><span class='ocrx_word' id='word_1_611' title='bbox 2693 3350 2882 3417; x_wconf 90' lang='lat' dir='ltr'><strong>nobis</strong></span> <span class='ocrx_word' id='word_1_612' title='bbox 2927 3351 3175 3430; x_wconf 87' lang='lat' dir='ltr'><strong>haberi,</strong></span> <span class='ocrx_word' id='word_1_613' title='bbox 3240 3372 3367 3436; x_wconf 88' lang='lat' dir='ltr'><strong>quo</strong></span> <span class='ocrx_word' id='word_1_614' title='bbox 3410 3351 3550 3418; x_wconf 91' lang='lat' dir='ltr'><strong>loco</strong></span> <span class='ocrx_word' id='word_1_615' title='bbox 3592 3352 3732 3435; x_wconf 85' lang='lat' dir='ltr'><strong>ipse</strong></span> <span class='ocrx_word' id='word_1_616' title='bbox 3774 3359 4069 3418; x_wconf 88' lang='lat' dir='ltr'><strong>nostram</strong></span> <span class='ocrx_word' id='word_1_617' title='bbox 4111 3351 4409 3433; x_wconf 69' lang='lat' dir='ltr'><strong>haberet,</strong></span> <span class='ocrx_word' id='word_1_618' title='bbox 4467 3351 4654 3435; x_wconf 88' lang='lat' dir='ltr'><strong>idque</strong></span> 
     </span>
     <span class='ocr_line' id='line_1_93' title="bbox 2697 3436 4656 3522; baseline -0.001 -19"><span class='ocrx_word' id='word_1_619' title='bbox 2697 3444 2776 3503; x_wconf 91' lang='lat' dir='ltr'><strong>ut</strong></span> <span class='ocrx_word' id='word_1_620' title='bbox 2839 3436 3060 3522; x_wconf 90' lang='lat' dir='ltr'><strong>palam</strong></span> <span class='ocrx_word' id='word_1_621' title='bbox 3123 3439 3333 3515; x_wconf 88' lang='lat' dir='ltr'><strong>fieret,</strong></span> <span class='ocrx_word' id='word_1_622' title='bbox 3397 3436 3802 3521; x_wconf 89' lang='lat' dir='ltr'><strong>exemplaria</strong></span> <span class='ocrx_word' id='word_1_623' title='bbox 3863 3437 4114 3504; x_wconf 89' lang='lat' dir='ltr'><strong>exordii</strong></span> <span class='ocrx_word' id='word_1_624' title='bbox 4177 3437 4362 3503; x_wconf 87' lang='lat' dir='ltr'><strong>illius</strong></span> <span class='ocrx_word' id='word_1_625' title='bbox 4427 3437 4656 3504; x_wconf 77' lang='lat' dir='ltr'><strong>famosi</strong></span> 
     </span>
     <span class='ocr_line' id='line_1_94' title="bbox 2695 3521 4656 3608; baseline -0.002 -18"><span class='ocrx_word' id='word_1_626' title='bbox 2695 3521 2969 3591; x_wconf 90' lang='lat' dir='ltr'><strong>collecta</strong></span> <span class='ocrx_word' id='word_1_627' title='bbox 3011 3544 3134 3607; x_wconf 89' lang='lat' dir='ltr'><strong>pro</strong></span> <span class='ocrx_word' id='word_1_628' title='bbox 3174 3522 3406 3608; x_wconf 89' lang='lat' dir='ltr'><strong>templi</strong></span> <span class='ocrx_word' id='word_1_629' title='bbox 3446 3521 3715 3604; x_wconf 83' lang='lat' dir='ltr'><strong>foribus,</strong></span> <span class='ocrx_word' id='word_1_630' title='bbox 3749 3522 4024 3590; x_wconf 88' lang='lat' dir='ltr'><strong>redditis</strong></span> <span class='ocrx_word' id='word_1_631' title='bbox 4056 3524 4294 3602; x_wconf 87' lang='lat' dir='ltr'><strong>causis,</strong></span> <span class='ocrx_word' id='word_1_632' title='bbox 4335 3524 4415 3589; x_wconf 89' lang='lat' dir='ltr'><strong>in</strong></span> <span class='ocrx_word' id='word_1_633' title='bbox 4449 3522 4656 3590; x_wconf 83' lang='lat' dir='ltr'><strong>medio</strong></span> 
     </span>
     <span class='ocr_line' id='line_1_95' title="bbox 2693 3607 4658 3692; baseline -0.001 -17"><span class='ocrx_word' id='word_1_634' title='bbox 2693 3609 2988 3676; x_wconf 80' lang='lat' dir='ltr'><strong>universi</strong></span> <span class='ocrx_word' id='word_1_635' title='bbox 3032 3617 3251 3675; x_wconf 90' lang='lat' dir='ltr'><strong>coetus</strong></span> <span class='ocrx_word' id='word_1_636' title='bbox 3311 3610 3703 3685; x_wconf 90' lang='lat' dir='ltr'><strong>exussimus,</strong></span> <span class='ocrx_word' id='word_1_637' title='bbox 3757 3616 3956 3692; x_wconf 87' lang='lat' dir='ltr'><strong>atque</strong></span> <span class='ocrx_word' id='word_1_638' title='bbox 4012 3610 4110 3676; x_wconf 90' lang='lat' dir='ltr'><strong>ita</strong></span> <span class='ocrx_word' id='word_1_639' title='bbox 4162 3607 4438 3675; x_wconf 89' lang='lat' dir='ltr'><strong>demum</strong></span> <span class='ocrx_word' id='word_1_640' title='bbox 4483 3612 4658 3674; x_wconf 78' lang='lat' dir='ltr'><strong>invo-</strong></span> 
     </span>
     <span class='ocr_line' id='line_1_96' title="bbox 2695 3693 4656 3779; baseline -0.001 -18"><span class='ocrx_word' id='word_1_641' title='bbox 2695 3702 2839 3761; x_wconf 90' lang='lat' dir='ltr'><strong>cato</strong></span> <span class='ocrx_word' id='word_1_642' title='bbox 2858 3693 2990 3761; x_wconf 90' lang='lat' dir='ltr'><strong>Dei</strong></span> <span class='ocrx_word' id='word_1_643' title='bbox 3032 3696 3299 3760; x_wconf 91' lang='lat' dir='ltr'><strong>nomine</strong></span> <span class='ocrx_word' id='word_1_644' title='bbox 3341 3701 3410 3759; x_wconf 90' lang='lat' dir='ltr'><strong>et</strong></span> <span class='ocrx_word' id='word_1_645' title='bbox 3450 3694 3613 3761; x_wconf 87' lang='lat' dir='ltr'><strong>actis</strong></span> <span class='ocrx_word' id='word_1_646' title='bbox 3655 3715 3777 3777; x_wconf 90' lang='lat' dir='ltr'><strong>pro</strong></span> <span class='ocrx_word' id='word_1_647' title='bbox 3819 3716 4126 3762; x_wconf 90' lang='lat' dir='ltr'><strong>successu</strong></span> <span class='ocrx_word' id='word_1_648' title='bbox 4160 3693 4478 3778; x_wconf 90' lang='lat' dir='ltr'><strong>colloquii</strong></span> <span class='ocrx_word' id='word_1_649' title='bbox 4515 3714 4656 3779; x_wconf 78' lang='lat' dir='ltr'><strong>grs-</strong></span> 
     </span>
     <span class='ocr_line' id='line_1_97' title="bbox 2695 3779 4658 3864; baseline -0.001 -17"><span class='ocrx_word' id='word_1_650' title='bbox 2695 3781 2805 3847; x_wconf 90' lang='lat' dir='ltr'><strong>tiis</strong></span> <span class='ocrx_word' id='word_1_651' title='bbox 2848 3788 3073 3847; x_wconf 88' lang='lat' dir='ltr'><strong>coetus</strong></span> <span class='ocrx_word' id='word_1_652' title='bbox 3112 3781 3185 3845; x_wconf 91' lang='lat' dir='ltr'><strong>in</strong></span> <span class='ocrx_word' id='word_1_653' title='bbox 3227 3800 3386 3864; x_wconf 88' lang='lat' dir='ltr'><strong>pace</strong></span> <span class='ocrx_word' id='word_1_654' title='bbox 3430 3779 3788 3846; x_wconf 90' lang='lat' dir='ltr'><strong>dissolutus</strong></span> <span class='ocrx_word' id='word_1_655' title='bbox 3830 3786 3948 3845; x_wconf 90' lang='lat' dir='ltr'><strong>est.</strong></span> <span class='ocrx_word' id='word_1_656' title='bbox 4005 3781 4090 3846; x_wconf 90' lang='lat' dir='ltr'><strong>In</strong></span> <span class='ocrx_word' id='word_1_657' title='bbox 4135 3800 4404 3846; x_wconf 88' lang='lat' dir='ltr'><strong>summa</strong></span> <span class='ocrx_word' id='word_1_658' title='bbox 4450 3780 4658 3847; x_wconf 74' lang='lat' dir='ltr'><strong>detes-</strong></span> 
     </span>
     <span class='ocr_line' id='line_1_98' title="bbox 2694 3864 4656 3948; baseline -0.002 -16"><span class='ocrx_word' id='word_1_659' title='bbox 2694 3874 2916 3932; x_wconf 90' lang='lat' dir='ltr'><strong>tamur</strong></span> <span class='ocrx_word' id='word_1_660' title='bbox 2950 3876 3087 3931; x_wconf 86' lang='lat' dir='ltr'><strong>tam</strong></span> <span class='ocrx_word' id='word_1_661' title='bbox 3123 3886 3332 3932; x_wconf 81' lang='lat' dir='ltr'><strong>novas</strong></span> <span class='ocrx_word' id='word_1_662' title='bbox 3353 3885 3552 3948; x_wconf 87' lang='lat' dir='ltr'><strong>quam</strong></span> <span class='ocrx_word' id='word_1_663' title='bbox 3574 3874 3830 3933; x_wconf 82' lang='lat' dir='ltr'><strong>veteres</strong></span> <span class='ocrx_word' id='word_1_664' title='bbox 3873 3864 4196 3945; x_wconf 84' lang='lat' dir='ltr'><strong>haereses,</strong></span> <span class='ocrx_word' id='word_1_665' title='bbox 4241 3874 4313 3932; x_wconf 85' lang='lat' dir='ltr'><strong>et</strong></span> <span class='ocrx_word' id='word_1_666' title='bbox 4356 3867 4656 3932; x_wconf 79' lang='lat' dir='ltr'><strong>nomim-</strong></span> 
     </span>
     <span class='ocr_line' id='line_1_99' title="bbox 2694 3949 4657 4030; baseline 0 -14"><span class='ocrx_word' id='word_1_667' title='bbox 2694 3952 2817 4017; x_wconf 91' lang='lat' dir='ltr'><strong>tim</strong></span> <span class='ocrx_word' id='word_1_668' title='bbox 2860 3950 3249 4017; x_wconf 89' lang='lat' dir='ltr'><strong>damnamus</strong></span> <span class='ocrx_word' id='word_1_669' title='bbox 3275 3950 3533 4030; x_wconf 69' lang='lat' dir='ltr'><strong>Servati,</strong></span> <span class='ocrx_word' id='word_1_670' title='bbox 3563 3950 3878 4030; x_wconf 73' lang='lat' dir='ltr'><strong>Gribaldi,</strong></span> <span class='ocrx_word' id='word_1_671' title='bbox 3907 3951 4184 4030; x_wconf 69' lang='lat' dir='ltr'><strong>Gonest‘i,</strong></span> <span class='ocrx_word' id='word_1_672' title='bbox 4216 3949 4300 4019; x_wconf 90' lang='lat' dir='ltr'><strong>de</strong></span> <span class='ocrx_word' id='word_1_673' title='bbox 4341 3952 4657 4029; x_wconf 75' lang='lat' dir='ltr'><strong>trinitate,</strong></span> 
     </span>
     <span class='ocr_line' id='line_1_100' title="bbox 2695 4034 4654 4113; baseline -0.001 -8"><span class='ocrx_word' id='word_1_674' title='bbox 2695 4045 2764 4105; x_wconf 91' lang='lat' dir='ltr'><strong>et</strong></span> <span class='ocrx_word' id='word_1_675' title='bbox 2796 4036 3135 4103; x_wconf 84' lang='lat' dir='ltr'><strong>Valentini</strong></span> <span class='ocrx_word' id='word_1_676' title='bbox 3165 4036 3441 4103; x_wconf 72' lang='lat' dir='ltr'><strong>Gemtilis</strong></span> <span class='ocrx_word' id='word_1_677' title='bbox 3483 4044 3693 4102; x_wconf 87' lang='lat' dir='ltr'><strong>totam</strong></span> <span class='ocrx_word' id='word_1_678' title='bbox 3734 4034 4127 4103; x_wconf 85' lang='lat' dir='ltr'><strong>doctrinam:</strong></span> <span class='ocrx_word' id='word_1_679' title='bbox 4170 4038 4334 4103; x_wconf 88' lang='lat' dir='ltr'><strong>item</strong></span> <span class='ocrx_word' id='word_1_680' title='bbox 4357 4036 4654 4113; x_wconf 85' lang='lat' dir='ltr'><strong>Sabellii,</strong></span> 
     </span>
     <span class='ocr_line' id='line_1_101' title="bbox 2699 4121 4657 4191; baseline -0.001 -1"><span class='ocrx_word' id='word_1_681' title='bbox 2699 4122 3018 4191; x_wconf 73' lang='lat' dir='ltr'><strong>Stancari.</strong></span> <span class='ocrx_word' id='word_1_682' title='bbox 3082 4122 3369 4189; x_wconf 90' lang='lat' dir='ltr'><strong>Paulum</strong></span> <span class='ocrx_word' id='word_1_683' title='bbox 3414 4121 3740 4189; x_wconf 75' lang='lat' dir='ltr'><strong>Alciatum</strong></span> <span class='ocrx_word' id='word_1_684' title='bbox 3783 4130 3851 4188; x_wconf 90' lang='lat' dir='ltr'><strong>et</strong></span> <span class='ocrx_word' id='word_1_685' title='bbox 3891 4123 4053 4190; x_wconf 88' lang='lat' dir='ltr'><strong>alios</strong></span> <span class='ocrx_word' id='word_1_686' title='bbox 4095 4121 4394 4190; x_wconf 85' lang='lat' dir='ltr'><strong>eiusdem</strong></span> <span class='ocrx_word' id='word_1_687' title='bbox 4437 4140 4657 4190; x_wconf 85' lang='lat' dir='ltr'><strong>mone-</strong></span> 
     </span>
     <span class='ocr_line' id='line_1_102' title="bbox 2699 4207 3705 4293; baseline -0.002 -18"><span class='ocrx_word' id='word_1_688' title='bbox 2699 4217 2810 4278; x_wconf 86' lang='lat' dir='ltr'><strong>tae</strong></span> <span class='ocrx_word' id='word_1_689' title='bbox 2851 4208 3239 4293; x_wconf 88' lang='lat' dir='ltr'><strong>phanaticos</strong></span> <span class='ocrx_word' id='word_1_690' title='bbox 3282 4207 3705 4275; x_wconf 90' lang='lat' dir='ltr'><strong>detestamur.</strong></span> 
     </span>
    </p>
   </div>
   <div class='ocr_carea' id='block_1_9' title="bbox 2693 4720 4656 5270">
    <p class='ocr_par' dir='ltr' id='par_1_16' title="bbox 2693 4720 4656 5270">
     <span class='ocr_line' id='line_1_103' title="bbox 3573 4720 3775 4791; baseline 0 0"><span class='ocrx_word' id='word_1_691' title='bbox 3573 4720 3775 4791; x_wconf 76' lang='lat'><strong>8876.</strong></span> 
     </span>
     <span class='ocr_line' id='line_1_104' title="bbox 2917 4841 4468 4926; baseline 0.001 -3"><span class='ocrx_word' id='word_1_692' title='bbox 2917 4857 3040 4923; x_wconf 75' lang='lat' dir='ltr'><strong>LE</strong></span> <span class='ocrx_word' id='word_1_693' title='bbox 3086 4858 3391 4924; x_wconf 64' lang='lat' dir='ltr'><strong>smum</strong></span> <span class='ocrx_word' id='word_1_694' title='bbox 3434 4857 3563 4925; x_wconf 81' lang='lat' dir='ltr'><strong>DE</strong></span> <span class='ocrx_word' id='word_1_695' title='bbox 3609 4841 3997 4925; x_wconf 69' lang='lat' dir='ltr'><strong>GENEV‘E</strong></span> <span class='ocrx_word' id='word_1_696' title='bbox 4041 4858 4106 4926; x_wconf 79' lang='lat' dir='ltr'>A</span> <span class='ocrx_word' id='word_1_697' title='bbox 4149 4856 4468 4924; x_wconf 71' lang='lat' dir='ltr'><strong>vmm&#39;.</strong></span> 
     </span>
     <span class='ocr_line' id='line_1_105' title="bbox 2876 5028 4275 5113; baseline 0 -18"><span class='ocrx_word' id='word_1_698' title='bbox 2876 5028 3729 5111; x_wconf 74' lang='lat' dir='ltr'><strong>Onlepressederevenir</strong></span> <span class='ocrx_word' id='word_1_699' title='bbox 3771 5029 4275 5113; x_wconf 48' lang='lat' dir='ltr'><strong>amposta&amp;</strong></span> 
     </span>
     <span class='ocr_line' id='line_1_106' title="bbox 2693 5199 4656 5270; baseline -0.001 -14"><span class='ocrx_word' id='word_1_700' title='bbox 2693 5199 2941 5269; x_wconf 79' lang='grc'><strong>88761)</strong></span> <span class='ocrx_word' id='word_1_701' title='bbox 2977 5199 3304 5270; x_wconf 59' lang='lat' dir='ltr'><strong>Samiam·</strong></span> <span class='ocrx_word' id='word_1_702' title='bbox 3343 5200 3445 5257; x_wconf 72' lang='grc' dir='ltr'><strong>Ιοὸο</strong></span> <span class='ocrx_word' id='word_1_703' title='bbox 3487 5199 4102 5256; x_wconf 56' lang='lat' dir='ltr'><strong>moduinum</strong></span> <span class='ocrx_word' id='word_1_704' title='bbox 4145 5202 4656 5255; x_wconf 58' lang='lat' dir='ltr'><strong>&amp;imm-et-</strong></span> 
     </span>
    </p>
   </div>
   <div class='ocr_carea' id='block_1_10' title="bbox 2694 5266 4654 5408">
    <p class='ocr_par' dir='ltr' id='par_1_17' title="bbox 2694 5266 4654 5408">
     <span class='ocr_line' id='line_1_107' title="bbox 2694 5266 4654 5340; baseline -0.001 -14"><span class='ocrx_word' id='word_1_705' title='bbox 2694 5273 2809 5338; x_wconf 59' lang='grc' dir='ltr'><strong>βᾶ</strong></span> <span class='ocrx_word' id='word_1_706' title='bbox 2839 5286 2890 5326; x_wconf 80' lang='lat' dir='ltr'><strong>v.</strong></span> <span class='ocrx_word' id='word_1_707' title='bbox 2914 5269 3048 5339; x_wconf 69' lang='lat' dir='ltr'><strong>Ray.</strong></span> <span class='ocrx_word' id='word_1_708' title='bbox 3087 5268 3230 5339; x_wconf 75' lang='lat' dir='ltr'><strong>Sept.</strong></span> <span class='ocrx_word' id='word_1_709' title='bbox 3264 5270 3315 5323; x_wconf 82' lang='lat'><strong>4.</strong></span> <span class='ocrx_word' id='word_1_710' title='bbox 3365 5268 3450 5327; x_wconf 89' lang='grc'><strong>10.</strong></span> <span class='ocrx_word' id='word_1_711' title='bbox 3485 5269 3632 5326; x_wconf 72' lang='lat' dir='ltr'><strong>Nor.</strong></span> <span class='ocrx_word' id='word_1_712' title='bbox 3669 5269 3754 5324; x_wconf 90' lang='lat'><strong>10.</strong></span> <span class='ocrx_word' id='word_1_713' title='bbox 3775 5266 3857 5323; x_wconf 82' lang='lat'><strong>15.</strong></span> <span class='ocrx_word' id='word_1_714' title='bbox 3878 5269 3961 5323; x_wconf 75' lang='lat'><strong>26.</strong></span> <span class='ocrx_word' id='word_1_715' title='bbox 3995 5277 4048 5324; x_wconf 73' lang='lat' dir='ltr'><strong>ce</strong></span> <span class='ocrx_word' id='word_1_716' title='bbox 4081 5274 4222 5340; x_wconf 66' lang='grc' dir='ltr'><strong>ςιίαε</strong></span> <span class='ocrx_word' id='word_1_717' title='bbox 4253 5271 4318 5325; x_wconf 70' lang='lat' dir='ltr'><strong>in</strong></span> <span class='ocrx_word' id='word_1_718' title='bbox 4348 5267 4654 5325; x_wconf 57' lang='lat' dir='ltr'><strong>undul-</strong></span> 
     </span>
     <span class='ocr_line' id='line_1_108' title="bbox 2696 5336 4064 5408; baseline 0 -14"><span class='ocrx_word' id='word_1_719' title='bbox 2696 5341 2908 5408; x_wconf 67' lang='lat' dir='ltr'><strong>passim</strong></span> <span class='ocrx_word' id='word_1_720' title='bbox 2941 5345 3237 5396; x_wconf 63' lang='lat' dir='ltr'><strong>occurrent.</strong></span> <span class='ocrx_word' id='word_1_721' title='bbox 3284 5337 3372 5406; x_wconf 76' lang='lat' dir='ltr'><strong>Of.</strong></span> <span class='ocrx_word' id='word_1_722' title='bbox 3409 5339 3571 5397; x_wconf 69' lang='lat' dir='ltr'><strong>etiam</strong></span> <span class='ocrx_word' id='word_1_723' title='bbox 3605 5338 3685 5395; x_wconf 85' lang='lat' dir='ltr'><strong>N.</strong></span> <span class='ocrx_word' id='word_1_724' title='bbox 3719 5338 3875 5394; x_wconf 81' lang='lat'><strong>3809.</strong></span> <span class='ocrx_word' id='word_1_725' title='bbox 3907 5336 4064 5394; x_wconf 77' lang='lat'><strong>3813.</strong></span> 
     </span>
    </p>
   </div>
   <div class='ocr_carea' id='block_1_11' title="bbox 2695 5151 3108 5164">
    <p class='ocr_par' dir='ltr' id='par_1_18' title="bbox 2695 5151 3108 5164">
     <span class='ocr_line' id='line_1_109' title="bbox 2695 5151 3108 5164; baseline 0 0"><span class='ocrx_word' id='word_1_726' title='bbox 2695 5151 3108 5164; x_wconf 95' lang='lat' dir='ltr'><strong> </strong></span> 
     </span>
    </p>
   </div>
   <div class='ocr_carea' id='block_1_12' title="bbox 4802 5 4846 6100">
    <p class='ocr_par' dir='ltr' id='par_1_19' title="bbox 4802 5 4846 6100">
     <span class='ocr_line' id='line_1_110' title="bbox 4802 5 4846 6100; baseline 0 0"><span class='ocrx_word' id='word_1_727' title='bbox 4802 5 4846 6100; x_wconf 95' lang='lat' dir='ltr'><strong> </strong></span> 
     </span>
    </p>
   </div>
  </div>
 </body>
</html>
