4900 6125
646 421 776 483 179

644 624 832 682 voce,
900 611 1038 668 tum
1106 602 1332 669 literis.
1412 600 1703 668 Proinde
1748 599 2174 666 Holbrachum
2222 600 2611 665 hortabatur

649 689 735 755 ad
769 687 1332 772 subscriptionem,
1370 687 1562 753 modo
1604 687 1735 771 ipsi
1767 686 1995 752 liceret
2013 688 2343 770 excipere:
2390 686 2613 770 potius

650 794 848 859 quam
928 782 1001 839 ιιι
1076 774 1324 840 sineret
1402 774 1740 840 ecclesiam
1765 823 1781 850 ,
1860 771 1929 837 id
1992 771 2165 856 quod
2248 771 2612 838 adversarii

649 860 1104 936 moliebantur,
1150 859 1473 944 dissipari.
1564 859 1711 944 Ego
1754 879 1912 926 vero
1954 857 2139 924 nulla
2182 857 2312 923 alia
2353 857 2612 923 ratione

649 955 718 1012 et
759 945 963 1012 nullis
1006 944 1153 1012 aliis
1196 944 1277 1011 de
1319 945 1553 1021 causis,
1607 965 1806 1029 quam
1864 951 1940 1010 ut
1999 965 2083 1009 ne
2139 942 2360 1011 locum
2423 942 2611 1009 cede-

650 1053 787 1097 rem
867 1029 1109 1098 talibus
1185 1030 1599 1111 adversariis,
1678 1030 1790 1114 qui
1852 1037 2118 1114 praeter
2179 1029 2456 1113 impiam
2529 1028 2611 1093 de

650 1138 855 1184 coena
919 1117 1129 1201 deque
1188 1117 1553 1201 ubiquitate
1617 1115 1982 1183 doctrinam
2049 1114 2609 1200 Pelagianismum

650 1205 849 1269 etiam
906 1202 980 1268 in
1034 1202 1330 1269 scholam
1391 1202 1904 1281 introducerent,
1961 1200 2346 1285 subscripsi:
2412 1198 2610 1283 idque

652 1301 795 1354 tum
841 1288 1128 1366 demum,
1194 1309 1396 1372 quum
1442 1288 1774 1366 vidissem,
1833 1287 2118 1371 reliquos
2161 1309 2391 1353 omnes
2431 1306 2610 1351 meos

648 1374 930 1459 collegas
986 1372 1483 1458 subscripsisse:
1550 1385 1619 1438 et
1673 1372 1855 1453 mihi,
1913 1373 2042 1440 nisi
2086 1372 2262 1438 idem
2304 1373 2606 1452 facerem,

650 1460 919 1526 omnino
964 1462 1315 1525 stationem
1359 1482 1503 1526 esse
1548 1458 1994 1526 deserendam.
2082 1458 2163 1524 Id
2207 1457 2379 1542 quod
2424 1479 2607 1524 cum-

696 1546 884 1611 rimis
942 1545 1292 1629 cupiebant
1349 1545 1726 1622 adversarii,
1786 1553 1855 1611 et
1911 1545 2218 1610 omnibus
2269 1545 2407 1610 suis
2446 1543 2606 1609 viri·

696 1653 791 1709 us,
853 1632 976 1697 hoc
1034 1642 1153 1708 est,
1208 1631 1390 1697 falsis
1445 1630 1987 1711 accusationibus,
2046 1630 2414 1708 calumniis,
2476 1628 2606 1694 cla-

651 1717 963 1795 moribus,
1030 1717 1360 1794 eonviciis,
1427 1715 1593 1782 dolis
1658 1725 1728 1782 et
1778 1716 2116 1794 cuniculis,
2162 1723 2379 1782 totum
2423 1713 2605 1780 bien·

650 1804 841 1868 nium
906 1804 1122 1869 conati
1180 1803 1449 1868 fuerunt
1499 1815 1573 1868 ut
1616 1811 2189 1886 consequerentur.
2278 1799 2606 1867 Praemisi

650 1909 845 1973 porro
901 1909 1079 1954 meas
1136 1890 1571 1972 exceptiones,
1625 1899 1693 1954 et
1734 1895 2135 1972 protestatus
2178 1909 2327 1954 sum
2368 1886 2607 1971 palam,

651 1995 758 2039 me
801 1973 974 2039 nolle
1018 1985 1089 2039 ut
1133 1974 1257 2040 hao
1298 1995 1447 2039 mea
1488 1973 1968 2057 subscriptione
2012 1973 2221 2040 ullum
2264 1975 2384 2039 fiat
2425 1992 2609 2055 prae-

652 2059 965 2126 iudicium
1025 2059 1173 2125 aliis
1218 2059 1501 2126 ecclesiis
1545 2069 1613 2125 et
1654 2060 2027 2138 academiis,
2072 2079 2239 2143 quae
2281 2058 2448 2124 mihi
2493 2057 2606 2123 de-

656 2145 895 2211 derant
954 2146 1347 2224 testimonia,
1410 2166 1623 2229 neque
1676 2148 1699 2211 i
1783 2147 1802 2210 i
1848 2146 2138 2224 veritati,
2197 2166 2409 2228 neque
2454 2142 2606 2210 doc-

658 2233 887 2309 trinae,
945 2250 1142 2315 quam
1197 2251 1319 2316 ego
1360 2231 1435 2296 in
1481 2232 1606 2298 hac
1649 2254 1719 2298 sc
1767 2231 1873 2297 ola
1916 2230 2158 2298 tradidi
2211 2251 2328 2314 per
2383 2239 2606 2297 octen-

653 2318 858 2394 nium,
925 2338 1217 2400 quaeque
1276 2318 1654 2384 continetur
1708 2317 1782 2382 in
1827 2318 1993 2383 meis
2037 2314 2607 2400 praelectionibus,

645 2402 1234 2486 disputationibus,
1291 2404 1837 2470 confessionibus:
1917 2402 2246 2487 velleque,
2314 2411 2389 2467 ut
2441 2400 2605 2466 mihi

643 2487 837 2554 liceat
900 2489 1325 2573 interpretari
1393 2497 1527 2552 tam
1573 2492 2035 2574 Augustanam
2107 2488 2604 2567 confessionem,

686 2595 838 2640 uam
884 2585 1262 2657 praesentes
1305 2574 1615 2640 articulos
1656 2575 1845 2640 iuxta
1887 2574 2187 2659 regulam
2227 2571 2412 2639 verbi
2448 2571 2602 2651 Dei,

643 2597 1012 2726 doctrinam
1055 2661 1436 2744 Augustini,
1483 2659 1748 2725 Lutheri
1790 2670 2058 2744 propter
2114 2659 2480 2726 doctrinam
2523 2657 2605 2724 de

645 2744 1257 2830 praedestinatione,
1301 2753 1370 2811 et
1411 2744 1669 2813 Buceri.
1746 2745 1977 2830 Neque
2020 2744 2142 2811 has
2185 2745 2605 2827 exceptiones

647 2831 1118 2917 compositores
1176 2831 1568 2897 reiecerunt.
1673 2829 2022 2913 Quomodo
2080 2831 2285 2915 igitur
2364 2831 2604 2897 recessi

648 2938 687 2981 a
748 2927 1010 3002 recepta
1064 2915 1401 2982 doctrina?
1474 2917 1620 2981 Imo
1684 2925 1915 2983 contra
1970 2917 2437 2999 compositores
2499 2937 2603 2981 ro-

651 3002 875 3069 tundis
922 3002 1140 3070 verbis
1188 3001 1488 3082 SturmiO,
1535 3001 1696 3068 mihi
1743 3014 1812 3069 et
1852 3002 2001 3068 aliis
2044 3003 2294 3086 aliquot
2334 3001 2602 3087 collegis

650 3090 958 3155 dixerant
1015 3100 1237 3155 antea:
1299 3100 1594 3173 pastores
1651 3088 1991 3156 nobiscum
2050 3087 2400 3154 admittere
2454 3086 2604 3155 doc·

651 3177 889 3239 trinam
944 3173 1320 3258 Augustini,
1368 3173 1630 3239 Lutheri
1688 3183 1757 3240 et
1797 3173 2040 3240 Bucen*
2095 3173 2177 3239 de
2243 3173 2605 3257 praedesti-

651 3261 946 3325 natione:
1005 3274 1070 3324 et
1127 3260 1290 3326 mihi
1351 3280 1664 3341 seorsum,
1727 3281 1929 3344 quum
1972 3259 2401 3326 ostendissem
2447 3280 2604 3325 ean-

651 3346 798 3411 dem
869 3346 1060 3429 plane
1125 3346 1604 3411 conclusionem
1672 3345 1752 3412 de
1810 3345 2302 3429 perseverantia
2344 3354 2606 3411 sancto-

652 3452 801 3496 rum
862 3432 930 3496 in
987 3431 1152 3497 libro
1198 3431 1509 3498 Heshusii
1534 3431 1617 3497 de
1659 3432 1865 3497 libero
1923 3430 2214 3510 arbitrio,
2280 3430 2608 3508 dixerunt,

652 3539 830 3583 meos
873 3516 1283 3583 adversarios
1326 3527 1539 3583 totum
1584 3516 1773 3583 illum
1831 3516 2075 3584 librum
2119 3516 2413 3599 probare.
2503 3517 2608 3582 De

650 3623 853 3669 coena
915 3604 1112 3668 etiam
1178 3610 1637 3669 concesserant
1701 3601 1892 3669 nobis
1955 3602 2326 3669 doctrinam
2371 3601 2612 3668 Buceri

654 3700 721 3754 et
767 3690 1045 3753 aliorum
1103 3690 1425 3754 maiorum
1482 3698 1876 3766 nostrorum,
1922 3687 2035 3772 qui
2078 3689 2150 3752 in
2195 3688 2319 3753 hac
2385 3686 2612 3754 schola

653 3785 852 3857 atque
938 3773 1212 3841 ecclesia
1297 3773 1706 3841 docuerunt:
1794 3772 2084 3856 adeoque
2169 3772 2611 3839 confessiones

653 3880 882 3927 omnes
949 3871 1016 3924 et
1079 3859 1471 3944 Apologiam
1539 3860 1738 3926 huius
1803 3860 2104 3927 civitatis.
2216 3859 2386 3924 Mihi
2454 3880 2611 3924 vero

654 3947 999 4032 speciatim
1094 3946 1266 4012 hanc
1367 3967 1584 4011 meam
1670 3945 1751 4011 de
1850 3946 2222 4030 praesentia
2321 3945 2613 4029 corporis

654 4031 909 4099 Christi
975 4031 1044 4095 in
1109 4052 1315 4098 coena
1378 4030 1881 4114 explicationem
1941 4030 2379 4097 admiserunt:
2446 4028 2610 4095 illud

653 4117 839 4183 nullo
895 4116 1089 4183 modo
1145 4136 1454 4201 praesens
1510 4138 1653 4183 esse
1712 4117 2090 4200 corporibus
2129 4118 2388 4193 nostris,
2434 4115 2611 4200 quod

652 4203 839 4269 nullo
883 4206 1172 4287 corporis
1213 4224 1409 4269 sensu
1455 4203 1874 4288 percipiatur,
1918 4222 2233 4287 praesens
2275 4222 2433 4268 vero
2469 4223 2613 4268 esse

654 4288 949 4355 fidelium
1002 4286 1335 4355 mentibus
1389 4288 1563 4372 quod
1618 4290 1699 4355 ab
1754 4289 1917 4372 ipsis
1973 4308 2128 4354 vere
2183 4288 2609 4373 percipiatur:

654 4388 852 4458 atque
915 4375 1012 4441 ita
1067 4396 1222 4440 vere
1288 4374 1707 4458 percipiatur,
1774 4382 1851 4440 ut
1913 4373 2122 4459 ipsius
2186 4374 2291 4442 vis
2356 4375 2425 4439 in
2469 4374 2614 4458 ipsa

656 4482 914 4544 quoque
968 4481 1243 4545 corpora
1301 4472 1527 4526 nostra
1588 4460 1927 4539 redundet,
1972 4481 2102 4544 qua
2139 4459 2355 4526 indies
2398 4461 2612 4543 magis

658 4566 736 4611 ac
821 4547 1032 4632 magis
1120 4546 1616 4625 mortificentur,
1705 4552 2179 4631 regenerentur
2262 4560 2330 4611 et
2410 4545 2612 4630 capiti

660 4631 927 4698 Christo
972 4634 1489 4716 incorporentur,
1536 4646 1730 4716 atque
1774 4632 1859 4698 ad
1897 4631 2246 4716 gloriosam
2283 4653 2610 4699 resurrec-

659 4720 907 4784 tionem
951 4717 1401 4803 disponantur.
1490 4716 1716 4800 Quum
1770 4717 1934 4785 haec
1976 4716 2072 4782 illi
2119 4718 2309 4784 nobis
2350 4739 2612 4785 conces-

659 4805 897 4871 serint:
958 4825 1075 4870 cur
1133 4825 1264 4870 non
1328 4801 1773 4871 debuissemus
1828 4814 1897 4870 et
1939 4825 2059 4870 nos
2117 4802 2418 4869 articulis
2459 4803 2612 4882 illis,

661 4890 1043 4957 concordiae
1107 4891 1340 4975 gratia,
1398 4888 1850 4956 subscribere?
1942 4888 2131 4955 Adde
2191 4887 2383 4972 quod,
2428 4902 2615 4955 ante-

661 4997 854 5060 quam
901 4977 1089 5041 fieret
1145 4975 1568 5060 subscriptio,
1632 4974 1957 5042 Sturmius
1998 4975 2271 5042 miserat
2312 4973 2396 5040 ad
2438 4995 2613 5041 com-

663 5062 982 5146 positores
1045 5063 1407 5145 permultas
1482 5059 1933 5127 conclusiones
1993 5060 2228 5145 impias
2294 5082 2380 5126 ex
2447 5061 2617 5128 libro

662 5157 1001 5231 pastorum
1055 5158 1287 5215 contra
1337 5168 1447 5215 me
1488 5148 1734 5232 scripto
1776 5145 2107 5213 collectas:
2153 5149 2617 5230 compositores

663 5254 792 5312 eas,
837 5244 913 5299 ut
951 5233 1165 5313 audio,
1261 5232 1679 5318 raelegerunt
1718 5230 2093 5317 pastoribus
2136 5241 2205 5299 et
2248 5234 2612 5318 interroga-

660 5335 836 5398 runt,
903 5340 987 5384 an
1054 5320 1148 5384 ita
1254 5317 1561 5386 coerent?
1627 5318 2124 5402 responderunt,
2195 5339 2266 5384 se
2332 5339 2465 5384 non
2522 5320 2614 5385 ita

2316 410 2785 480 EPIS‘DOLA
2828 416 2998 478 4040
4509 418 4600 482 lm

2714 604 2975 669 sentire.
3061 602 3241 686 Quid
3307 603 3432 669 hoc
3495 602 3640 681 fuit,
3706 603 3834 669 nisi
3889 623 4143 670 errores
4187 619 4526 672 recantasse
4553 621 4602 672 st

2715 689 2978 756 veritati
3038 687 3482 773 acquievisse?
3553 687 3695 755 Cur
3749 690 3956 774 igitur
3997 709 4130 755 non
4174 691 4604 775 subscripsisse-

2711 796 2860 841 mus
2925 775 3220 843 articulis
3274 773 3549 841 minime
3615 795 3731 858 per
3784 795 3858 841 se
3912 773 4187 859 impiis?
4275 775 4436 842 Nam
4473 779 4605 861 quod

2712 860 2805 927 ibi
2847 861 3136 927 traditur
3176 861 3260 926 de
3303 881 3464 926 vera
3505 871 3575 925 et
3608 859 4030 928 substantiali
4064 864 4398 944 prasentia
4425 884 4606 947 corpo-

2711 946 2807 1014 ris
2853 945 3104 1013 Christi
3147 946 3429 1030 impium
3467 967 3602 1012 non
3645 957 3765 1026 est,
3830 948 3888 1014 si
3929 947 4382 1031 interpreteris
4421 948 4490 1014 de
4523 949 4612 1015 ilh

2712 1034 3085 1117 praesentia
3140 1054 3273 1116 qua
3325 1052 3636 1116 praesens
3690 1042 3793 1099 est
3833 1032 4166 1099 mentibus
4211 1032 4505 1110 fidelium,
4555 1047 4613 1101 ut

2711 1118 3643 1272 :22:02r1011:013„2s;·::fi‘:
3696 1119 4331 1289 :fflfflffle
4369 1121 4614 1272 Ἣ

2712 1292 3119 1375 praesentiae
3197 1290 3463 1355 nomine
3541 1288 3979 1375 intelligenda
4041 1299 4145 1357 est
4210 1227 4616 1375 propiquitu

2709 1377 2982 1460 quaevis
3017 1375 3269 1443 localis:
3316 1373 3432 1443 sed
3467 1374 3618 1441 talis
3656 1377 4109 1459 propinquitas
4151 1397 4286 1459 qua
4327 1398 4447 1454 res,
4481 1399 4614 1460 quse

2709 1461 2949 1529 dicitur
2991 1482 3135 1529 esse
3176 1481 3510 1546 praesens,
3575 1461 3820 1544 percipi
3866 1463 4068 1544 possit
4110 1463 4192 1527 ab
4235 1462 4370 1543 illo,
4412 1464 4506 1528 cui
4542 1461 4616 1527 di·

2709 1548 2881 1614 citur
2934 1569 3078 1615 esse
3135 1567 3465 1631 praesens.
3556 1546 3751 1627 Quod
3807 1545 4013 1613 locale
4067 1549 4360 1630 spatium
4403 1550 4617 1624 attium,

2708 1633 2867 1700 solis
2928 1654 3166 1718 corpus
3230 1631 3442 1698 multo
3506 1631 3722 1716 magis
3789 1632 3989 1699 distat
4049 1632 4133 1699 ab
4199 1634 4409 1700 oculis
4473 1637 4620 1714 meh,

2707 1740 2904 1803 quam
2960 1731 3034 1785 tn
3088 1719 3203 1804 qui
3247 1717 3564 1803 Lugduni
3608 1738 3708 1784 es:
3778 1718 4048 1784 interim
4091 1729 4320 1785 tamen
4363 1719 4454 1785 sol
4493 1717 4620 1786 dici·

2709 1815 2819 1870 tur
2882 1805 3070 1882 mihi,
3139 1805 3262 1871 hoc
3306 1811 3427 1882 est,
3493 1803 3699 1870 oculis
3743 1805 3906 1870 meis
3950 1825 4266 1887 praesens
4311 1826 4479 1871 esse:
4519 1826 4622 1870 usu

2708 1899 2931 1957 autem
3002 1901 3092 1957 tu.
3183 1888 3678 1972 Quamobrem?
3751 1892 4060 1972 quoniam
4132 1890 4246 1956 ille
4311 1892 4406 1956 ita
4455 1889 4624 1956 oculis

2708 1977 2874 2043 meis
2917 1977 3322 2060 propinquus
3376 1983 3479 2041 est
3535 1984 3611 2040 ut
3655 1972 3738 2040 ab
3780 1977 3876 2039 eis
3920 1976 4343 2059 percipiatur,
4387 1985 4460 2041 tu
4495 1995 4624 2041 vero

2707 2083 3135 2146 nequaquam.
3223 2060 3413 2126 Idem
3476 2060 3574 2126 sol
3641 2082 3775 2126 non
3839 2062 4049 2127 multo
4108 2063 4323 2145 magis
4382 2062 4564 2128 distat
4595 2081 4626 2126 a

2707 2149 2917 2226 nobis,
2959 2169 3164 2232 quum
3208 2157 3311 2213 est
3352 2167 3553 2229 supra
3596 2144 3774 2211 aliud
3819 2147 4403 2231 hemisphaerium,
4463 2167 4626 2231 quam

2751 2255 2910 2300 uum
2971 2244 3072 2299 est
3127 2253 3331 2317 supra
3383 2241 3716 2297 nostrum:
3785 2241 3971 2298 tanto
4029 2234 4204 2298 enim
4261 2236 4476 2317 magis
4515 2245 4628 2298 tun

2706 2255 2927 2397 distat,
2994 2328 3243 2402 quanta
3285 2324 3388 2384 est
3433 2327 3665 2396 terrae,
3705 2338 3872 2401 quae
3914 2318 4386 2402 interponitur,
4429 2318 4628 2385 crassi·

2708 2405 2849 2481 ties,
2905 2415 3065 2470 tunc
3125 2413 3348 2469 tamen
3394 2401 3633 2469 dicitur
3677 2415 3745 2468 et
3798 2411 3901 2469 est
3943 2425 4098 2470 vere
4141 2406 4401 2471 absens.
4485 2402 4628 2486 Quid

2706 2490 2853 2556 ita?
2935 2489 3092 2574 quia
3157 2510 3292 2555 non
3378 2499 3593 2573 potest
3667 2490 3915 2573 percipi
3979 2490 4062 2554 ab
4128 2491 4336 2557 oculis
4405 2491 4628 2564 noan-is,

2709 2596 2885 2643 nunc
2942 2596 3101 2643 vero
3153 2595 3469 2661 praesens
3523 2583 3644 2653 est,
3700 2574 3854 2657 quia
3897 2576 4276 2658 percipitur.
4371 2577 4630 2642 Eatenus

2707 2663 2913 2746 igitur
2955 2660 3202 2744 aliquid
3248 2660 3487 2727 dicitur
3530 2659 3724 2727 alicui
3770 2682 3916 2727 esse
3958 2680 4295 2744 praesens,
4345 2673 4630 2745 quatenus

2706 2747 2873 2813 illud
2918 2748 3000 2812 ab
3045 2747 3169 2812 hoc
3295 2746 3592 2830 rcipitur.
3681 2746 3935 2811 Verum
3979 2757 4202 2813 autem
4244 2759 4319 2813 et
4360 2749 4630 2814 substan·

2707 2833 2863 2899 tiale
2905 2853 3142 2917 corpus
3247 2831 3440 2898 hristi
3497 2832 3744 2916 percipi
3790 2832 3872 2896 ab
3916 2833 4156 2898 animis
4202 2834 4632 2915 mentibusque

2706 2918 3022 2998 fidelium,
3076 2927 3222 2983 tum
3267 2919 3339 2982 in
3381 2916 3867 3001 praedicatione
3923 2918 4268 3003 evangelii,
4331 2930 4476 2984 tum
4517 2938 4630 3001 spe-

2707 3005 2930 3073 ciatim
2989 3006 3057 3070 in
3112 3023 3349 3081 coena,
3393 3003 3540 3087 quis
3599 3024 3755 3069 vere
3816 3003 3964 3087 pius
4018 3026 4062 3069 n
4186 3002 4256 3071 t?
4355 3005 4505 3071 Non
4555 3017 4634 3069 est

2706 3091 2915 3175 igitur
2971 3111 3090 3175 per
3146 3112 3219 3156 se
3262 3090 3464 3173 impia
3507 3089 3625 3154 illa
3667 3091 4035 3155 sententia:
4203 3112 4372 3174 rpus
4417 3090 4632 3157 Christi

2707 3178 2780 3241 in
2844 3197 3049 3242 coena
3115 3196 3271 3242 vere
3337 3184 3404 3240 et
3468 3174 3992 3249 substantialiter
4043 3197 4363 3259 praesens
4405 3198 4560 3254 esse,
4591 3176 4634 3240 si

2709 3260 2941 3328 addas:
2988 3260 3318 3327 mentibus
3363 3260 3673 3326 fidelium.
3761 3260 3945 3325 Nihil
3988 3262 4164 3327 enim
4209 3264 4396 3328 inter
4438 3281 4634 3344 corpu

2708 3346 2964 3414 Christi
3037 3346 3397 3431 gloriosum
3475 3344 3650 3429 quod
3715 3346 3785 3410 in
3848 3346 4025 3412 coelo
4089 3358 4210 3425 est,
4275 3360 4352 3414 et
4419 3356 4636 3414 mentm

2709 3442 2993 3511 nostras,
3058 3452 3226 3515 quae
3269 3431 3641 3498 substantia
3683 3432 3751 3495 in
3797 3433 3997 3498 terris
4037 3444 4214 3512 sunt,
4258 3433 4636 3501 intercedas

2708 3526 2942 3602 potest,
2990 3516 3164 3601 quod
3204 3537 3432 3585 veram
3465 3518 3721 3582 interea
3753 3518 4063 3583 unionem
4097 3528 4164 3584 et
4198 3529 4514 3583 mco
4541 3519 4636 3583 in·

2753 3603 2930 3668 edire
2994 3613 3207 3686 queat,
3275 3603 3402 3667 nisi
3466 3603 3968 3685 impoenitentia
4029 3614 4225 3686 atque
4289 3605 4634 3671 infideliu-

2709 3625 2903 3756 ἕίοιιι
2946 3709 3062 3771 per
3103 3687 3496 3772 prophetam
3542 3688 3704 3755 dicit
3745 3686 4106 3756 Dominus:
4187 3690 4480 3759 Peccata
4518 3710 4636 3755 vo·

2709 3786 2816 3840 tra
2858 3774 3230 3840 diviserunt
3270 3775 3449 3839 inter
3492 3795 3598 3839 me
3640 3782 3709 3838 et
3754 3795 3885 3851 vos,
3931 3796 4098 3858 qnae
4141 3774 4276 3841 duo
4313 3799 4517 3860 quum
4547 3776 4637 3841 ab·

2709 3861 2843 3926 sint
2907 3882 2948 3926 a
3012 3858 3312 3926 fidelibus
3378 3861 3800 3943 consequitur
3868 3881 4091 3926 veram
4157 3882 4304 3929 esse
4361 3870 4638 3927 noa-vc·

2709 3945 2980 4030 ideoque
3041 3966 3263 4011 veram
3323 3946 3761 4028 praesentiam
3805 3945 3983 4011 inter
4022 3967 4263 4029 corpus
4302 3948 4552 4015 Christi
4587 3960 4638 4012 st

2709 4031 3001 4098 fidelium
3055 4042 3329 4110 mentes,
3395 4031 3526 4096 imo
3585 4039 3652 4096 et
3693 4030 4168 4114 quodammodo
4211 4033 4394 4100 inter
4435 4052 4640 4117 corpu·

2712 4116 2963 4184 Christi
3008 4128 3075 4181 et
3116 4137 3387 4200 corpora
3429 4125 3685 4183 nostra:
3743 4126 4087 4200 quatenus,
4133 4128 4209 4183 ut
4253 4119 4420 4197 dixi,
4467 4124 4644 4184 virtus

2711 4203 3002 4287 corporis
3046 4201 3297 4269 Christi
3355 4223 3475 4287 pro
3536 4202 3722 4268 nobis
3766 4205 4078 4279 crucifixi,
4147 4205 4213 4269 vi
4257 4207 4364 4273 sui
4409 4207 4644 4290 spiritus

2712 4288 3049 4356 derivatur
3090 4289 3161 4352 in
3205 4308 3482 4371 corpora
3550 4297 3776 4354 nostra
3820 4286 3904 4354 ad
3947 4291 4266 4356 maiorem
4313 4290 4646 4359 sanctific·-

2713 4376 2960 4440 tionem
3018 4374 3092 4439 in
3149 4373 3275 4439 hoc
3317 4373 3576 4440 saeculo
3623 4383 3691 4439 et
3728 4374 4081 4458 gloriosam
4123 4378 4642 4444 resurrectionen

2711 4462 2781 4527 in
2826 4460 2956 4526 alio
2990 4458 3267 4537 saeculo,
3317 4480 3483 4542 quae
3517 4460 3740 4526 omnia
3773 4464 4076 4527 sentiunt
4108 4464 4644 4545 experiunturqus

2713 4546 2941 4613 fideles
2986 4546 3056 4610 in
3100 4567 3172 4611 se
3215 4545 3393 4629 ipsis.

2885 4630 3080 4714 Quod
3125 4632 3326 4696 etiam
3372 4633 3440 4696 in
3485 4632 3616 4697 illis
3651 4634 3948 4700 articulis
3985 4633 4298 4700 habetur:
4355 4633 4488 4715 Qui
4519 4631 4644 4697 obe-

2714 4718 2907 4784 diunt
2949 4717 3497 4803 concupiscentiis
3542 4720 3805 4801 peccati,
3850 4721 4164 4784 amittunt
4207 4718 4442 4785 fidem:
4487 4728 4642 4797 (nun

2711 4805 2883 4870 forte
2948 4804 3072 4870 hoc
3136 4816 3201 4869 te
3281 4803 3705 4870 vehementer
3772 4804 4078 4871 offendit:
4159 4808 4354 4890 quasi
4420 4814 4640 4891 pugnet

2711 4911 2864 4956 oum
2940 4888 3055 4954 illa
3131 4887 3425 4956 doctrina
3500 4899 3770 4973 propter
3844 4912 4040 4974 quam
4119 4892 4482 4957 excitatum
4605 4890 4616 4901 '

2714 4974 3090 5053 dissidium)
3114 4975 3284 5040 nihil
3305 4973 3503 5041 habet
3537 4975 3821 5056 absurdi,
3855 4979 3914 5042 si
3949 4988 4198 5043 attente
4229 4988 4302 5042 et
4324 4977 4642 5061 diligenter

2716 5060 2922 5129 verba
2977 5061 3359 5144 perpendas.
3465 5062 3795 5145 Principio
3851 5062 4310 5129 conditionalis
4367 5074 4472 5128 est
4517 5079 4642 5145 pro·

2714 5148 2980 5231 positio:
3069 5145 3148 5214 Si
3204 5148 3317 5232 qni
3376 5146 3706 5213 obediunt.
3794 5147 3941 5233 Ego
4000 5170 4154 5214 vero
4197 5170 4373 5233 nego
4413 5154 4640 5215 unctu·

2715 5232 2884 5313 illos,
2941 5232 3023 5300 de
3077 5231 3313 5316 quibus
3371 5253 3518 5298 mea
3571 5244 3714 5299 erat
3767 5236 4146 5319 propositio,
4206 5256 4366 5301 vere
4409 5230 4640 5300 obedire

2715 5319 3260 5403 concupiscentiis
3295 5321 3563 5403 peccati,
3609 5320 3867 5385 etiamsi
3902 5339 4384 5405 nonnunquam
4417 5322 4486 5385 in
4517 5336 4638 5403 ρο·
