4900 6125
345 394 467 461 ²05

511 580 870 661 Monsieur,
935 578 1167 662 Quant
1219 580 1278 665 jl
1342 584 1525 647 seust
1631 580 1741 647 leu
1797 602 1841 647 a
1890 581 2071 650 Dieu
2124 600 2293 651 vous

547 667 648 735 oir
703 666 1034 734 d’homme
1087 664 1402 733 suffisant
1453 686 1542 749 pa
1621 665 1727 732 ela
1781 666 2125 735 tellement
2166 688 2293 752 que

339 688 405 821 Ε
441 761 665 821 retour
705 750 790 819 de
830 760 1055 819 nostre
1088 752 1221 818 bon
1262 761 1331 818 et
1369 750 1590 817 fidelle
1621 752 1927 820 ministre
1959 753 2291 840 spectable

339 836 677 907 Theodoro
717 839 796 906 de
835 836 1042 904 Beate
1081 856 1168 903 ne
1221 857 1384 906 vous
1436 837 1573 904 fust
1622 839 1812 922 point
1852 859 2033 907 venu
2073 837 2207 906 mal
2251 860 2293 906 a

338 946 457 1011 gre
496 943 665 992 nous
697 923 1046 991 11011οὠ000
1078 923 1213 989 heu
1245 924 1520 990 matiere
1554 921 1637 990 de
1669 944 1839 993 nous
1880 945 1967 991 en
2007 924 2292 992 resiouir

336 1020 406 1077 et
442 1009 631 1078 louer
671 1008 867 1076 Dieu.
957 1007 1094 1075 Oar
1146 1029 1269 1076 son
1313 1008 1592 1076 absence
1634 1018 1786 1076 nest
1987 1031 2144 1079 sans
2185 1030 2288 1076 re-

334 1104 482 1182 gret
521 1103 668 1161 tant
709 1095 793 1163 de
834 1101 1021 1161 toute
1073 1093 1304 1180 leglise
1346 1115 1471 1178 que
1515 1094 1631 1161 des
1673 1115 1822 1164 esco
1878 1097 2006 1164 ‘ers
2048 1097 2164 1181 qui
2204 1115 2291 1162 ne

459 1189 628 1249 vent
666 1182 852 1249 avoir
891 1180 1227 1248 tousiours
1267 1180 1492 1248 lecons
1524 1202 1607 1247 en
1636 1180 1996 1268 Theologie
2037 1202 2290 1249 comme

467 1274 825 1336 coustume.
913 1265 1111 1351 Mays
1173 1286 1346 1350 puys
1410 1287 1537 1350 que
1591 1287 1757 1335 vous
1824 1288 1986 1334 avez
2050 1275 2290 1335 trouve

332 1352 461 1420 bon
506 1351 592 1419 de
648 1352 713 1418 le
778 1352 1028 1419 retenir
1089 1371 1357 1418 encores
1410 1371 1581 1435 pour
1636 1359 1871 1436 quatre
1911 1353 2080 1419 mois
2122 1374 2290 1422 nous

331 1459 645 1524 esperone
686 1458 815 1522 que
856 1457 977 1503 son
1019 1435 1252 1504 labeur
1292 1444 1645 1521 apportera
1687 1438 1779 1504 tel
1820 1439 2023 1505 fruiot
2055 1458 2180 1524 que
2213 1460 2289 1507 00

330 1544 494 1591 nous
536 1542 698 1591 sera·
722 1522 1023 1590 occasion
1055 1521 1138 1589 de
1171 1522 1474 1607 patience
1506 1543 1593 1589 en
1633 1544 1710 1590 00
1742 1523 1880 1608 quil
1914 1544 2085 1592 nous
2127 1544 2290 1591 aura

330 1608 620 1698 defailly.
688 1609 784 1676 Et
812 1629 984 1693 puys
1017 1627 1148 1692 que
1180 1629 1348 1675 vous
1387 1629 1429 1674 a
1470 1607 1623 1692 pleu
1656 1608 1944 1693 prendre
1974 1611 2044 1676 la
2077 1611 2286 1696 peine,

329 1696 693 1774 Monsieur,
759 1693 842 1761 de
896 1714 1064 1760 nous
1119 1713 1205 1760 en
1268 1695 1529 1773 escrire,
1595 1715 1765 1761 nous
1819 1696 2073 1763 serione
2131 1697 2288 1763 bien

325 1801 592 1868 man-ys
646 1781 730 1847 de
785 1780 1020 1847 navoir
1071 1777 1451 1863 obtempero
1494 1800 1536 1846 a
1576 1788 1801 1847 vostre
1844 1780 2040 1864 desir,
2100 1780 2287 1848 daul-

323 1873 467 1934 tmt
521 1885 655 1950 que
711 1886 882 1932 nous
932 1864 1318 1933 vouldrions
1372 1865 1524 1932 bien
1589 1865 1774 1935 selon
1835 1877 2061 1935 nostre
2120 1867 2290 1952 petit

323 1953 603 2105 m?
632 1949 2286 2124 §Ruissph‘ffssssfissnvssZatfffiriaassssffipiffi'ssss

321 2143 486 2190 nous
550 2143 833 2210 aymons
894 2122 1122 2189 mieux
1185 2129 1360 2189 estre
1430 2122 1823 2206 despouillez
1898 2145 2070 2209 pour
2142 2145 2287 2210 ung

319 2216 536 2294 temps
603 2208 787 2294 dung
840 2208 900 2275 si
953 2206 1171 2293 grand
1224 2208 1380 2275 bien
1423 2227 1552 2292 que
1603 2205 1686 2275 de
1727 2228 1894 2275 vous
1936 2208 2282 2294 desplaire‚

319 2315 485 2363 nous
527 2314 704 2363 vous
743 2293 992 2379 priene,
1033 2292 1392 2373 Monsieur,
1435 2314 1562 2377 que
1604 2293 1669 2360 le
1711 2301 1921 2361 terme
1955 2315 2082 2378 par
2116 2315 2284 2362 vous

317 2381 587 2467 assigno
639 2387 860 2447 estant
910 2377 1155 2446 eschen
1196 2377 1335 2462 quil
1375 2400 1540 2446 vous
1594 2379 1804 2462 plaise
1843 2387 2019 2447 estre
2060 2381 2282 2447 moien

315 2485 440 2550 que
479 2486 659 2551 pour
698 2466 762 2533 le
804 2464 1067 2549 moings
1100 2463 1160 2548 ,il
1206 2485 1376 2530 nous
1430 2464 1570 2530 soit
1613 2464 1798 2531 lhors
1838 2465 2052 2533 rendu
2090 2465 2281 2533 Affin

317 2571 445 2636 que
497 2560 733 2619 nostre
796 2549 1010 2618 escole
1052 2551 1166 2633 qui
1230 2556 1333 2616 est
1387 2569 1474 2616 en
1527 2550 1742 2634 partie
1804 2550 2088 2636 dissipee
2150 2552 2280 2619 scit

316 2637 558 2705 remise
615 2636 933 2704 audessus
984 2641 1053 2702 et
1094 2656 1224 2719 que
1280 2655 1450 2701 nous
1506 2634 1729 2702 scions
1770 2634 1998 2704 edifiez
2040 2658 2164 2723 par
2202 2657 2278 2705 00

316 2722 615 2827 doctrine
669 2721 750 2790 de
807 2720 1090 2807 laquelle
1136 2719 1193 2805 ,il
1249 2740 1421 2787 nous
1477 2720 1635 2787 faiot
1686 2719 1838 2788 bien
1881 2723 2016 2788 mal
2058 2723 2278 2790 destre

354 2830 559 2879 uvea.

309 2830 354 2895 P
478 2892 853 2974 Monsieur,
897 2913 1089 2978 apres
1120 2911 1293 2959 nous
1325 2897 1501 2959 estre
1541 2891 2136 2960 treshumblement
2174 2911 2278 2959 re-

313 2978 741 3048 commandez
774 2999 816 3044 a
856 2985 1083 3047 vostre
1123 2977 1340 3045 bonne
1382 2998 1579 3064 grace
1619 2998 1791 3045 nous
1832 2977 2172 3064 supplions
2213 2977 2277 3043 le

311 3087 466 3153 pere
506 3065 760 3135 celeste
798 3085 969 3133 vous
1009 3064 1366 3130 maintenir
1406 3064 1733 3132 tousiours
1773 3085 1860 3131 en
1904 3085 1982 3130 sa
2020 3070 2276 3149 protec-

313 3155 468 3232 tion,
523 3173 700 3221 vous
755 3150 1035 3217 fortifier
1088 3169 1213 3234 par
1265 3170 1342 3217 sa
1391 3157 1585 3217 vertu
1639 3157 1707 3217 et
1763 3157 2150 3235 augmentet
2191 3169 2277 3215 en

311 3245 493 3306 toute
537 3238 928 3323 prosperite.
992 3235 1101 3302 De
1130 3234 1404 3303 Geneve
1447 3256 1520 3302 00
1561 3236 1755 3303 xxvi·
1799 3234 1881 3301 de
1914 3234 2277 3304 Decembre

319 3326 478 3390 1562
521 3325 674 3409 pris
716 3343 758 3389 a
797 3321 866 3389 la
905 3322 1204 3389 nativite.

644 3458 791 3524 Voz
823 3455 978 3524 bien
1012 3457 1320 3524 humbles
1354 3463 1425 3524 et
1457 3457 1883 3525 affectionnez
1917 3456 2276 3525 serviteurs

783 3543 883 3609 les
925 3542 1285 3629 syndiques
1327 3549 1397 3609 et
1437 3542 1682 3611 conseil
1727 3542 1809 3610 de
1852 3542 2142 3611 Geneve.

1195 4085 1399 4159 8668.

449 4245 583 4312 LE
628 4225 938 4310 summ
981 4239 1111 4307 DE:
1156 4223 1543 4308 GENEVE
1586 4241 1652 4306 A
1694 4237 2140 4308 oomeNY.

482 4415 699 4483 Μέηιε
739 4412 921 4497 sajet.
952 4413 1002 4498 ¹)

376 4586 681 4655 (Archives
715 4586 788 4641 de
821 4583 1060 4641 Geueve.
1129 4583 1351 4639 Lettres
1385 4584 1455 4638 de
1488 4583 1545 4638 la
1579 4581 1913 4653 seigneurie.
1984 4580 2201 4653 Oopie.)

481 4758 848 4836 Monsieur,
891 4756 1103 4823 Aiant
1139 4776 1333 4824 recen
1351 4761 1587 4856 ‚vostre
1629 4754 1795 4820 letre
1827 4774 1949 4840 par
1990 4753 2272 4856 laquelle

315 4864 480 4914 vous
525 4844 706 4930 priez
747 4864 876 4928 que
918 4842 1000 4944 le·
1020 4849 1230 4942 terme
1274 4851 1404 4907 soit
1438 4839 1754 4926 prolonge
1788 4862 1830 4908 a
1861 4847 2086 4907 nostre
2118 4840 2270 4908 b1en

316 4939 625 5084 am
661 4926 1956 5101 {gffsmpmwssaklzffmzz
1972 4925 2273 5097 dm:

317 5101 606 5186 pafflela,
661 5122 830 5168 nous
883 5119 1143 5169 navons
1200 5120 1321 5185 pas
1362 5098 1569 5168 voulu
1611 5120 1660 5185 y
1702 5097 2068 5166 conti-edire
2122 5102 2272 5164 tant

322 5307 589 5377 00001)
622 5305 881 5378 neposne
914 5308 952 5364 a
989 5306 1066 5364 Ν.
1098 5303 1253 5360 3619.

2047 396 2207 461 1561
2254 390 2668 462 Duum.

4218 396 4346 462 206

2730 600 2815 648 ue
2868 599 3039 647 nous
3091 578 3391 647 desirons
3435 579 3941 649 ladvancement
3981 579 4065 647 de
4113 581 4346 650 levan-

2389 599 2635 667 Pouroe
2780 665 3024 732 iaulme
3057 664 3139 732 de
3171 667 3397 734 france
3431 685 3560 750 que
3593 684 3795 752 aussy
3825 685 3996 752 pour
4026 667 4096 734 la
4127 666 4347 734 bonne

2487 686 2526 734 e
2568 686 2654 732 au

2390 666 2695 821 ἕὲοοίιίοιι
2736 773 2866 837 que
2906 771 3074 818 nous
3115 770 3320 820 avons
3353 750 3437 819 de
3476 773 3637 821 vous
3677 751 4031 836 complaire
4070 761 4140 819 et
4180 752 4346 821 faire

2387 838 2645 904 service
2701 858 2787 904 en
2837 846 2985 904 tout
3040 856 3116 905 00
3167 838 3283 922 qui
3333 857 3505 906 nous
3560 857 3710 905 sera
3764 836 4062 922 possible.
4152 838 4344 927 Vray

2390 931 2498 991 est
2536 944 2665 1007 que
2707 943 2781 989 sa
2813 943 3126 1008 presence
3169 932 3272 989 est
3303 922 3456 990 bien
3500 945 3573 989 re
3693 933 3799 990 tce
3832 944 3958 1009 par
3990 923 4152 992 deca
4190 930 4347 992 tant

2391 1007 2475 1075 de
2516 1028 2685 1075 ceux
2770 1010 2843 1074 ui
2898 1008 3231 1076 estudient
3285 1029 3371 1076 en
3424 1007 3581 1075 theo
3605 1009 3754 1094 ogie
3794 1030 3925 1093 que
3969 1008 4055 1077 de
4092 1015 4239 1077 tout
4276 1008 4347 1076 le

2388 1095 2646 1179 peuple,
2691 1099 2757 1160 te
2809 1102 3035 1161 ement
3052 1115 3179 1179 que
3222 1094 3306 1163 sil
3325 1116 3492 1162 nous
3532 1116 3617 1162 en
3656 1094 3869 1161 falloit
3910 1102 4084 1162 estre
4116 1094 4344 1181 prives

2435 1179 2544 1247 lus
2595 1180 2757 1265 long
2806 1189 3021 1264 temps
3076 1201 3243 1248 nous
3296 1203 3343 1265 y
3386 1180 3652 1247 auriens
3708 1180 3921 1267 grand
3975 1179 4342 1267 dommage.

2450 1284 2721 1351 arquoy‚
2765 1266 3125 1343 Monsieur,
3184 1266 3368 1333 selon
3394 1266 3537 1350 'que
3578 1287 3745 1334 vous
3786 1287 3956 1334 nous
3997 1267 4181 1335 voiez
4230 1268 4344 1352 jn·

2390 1350 2561 1419 olins
2619 1361 2687 1418 et
2741 1351 3147 1418 volontaires
3186 1372 3228 1417 a
3269 1372 3437 1419 nous
3490 1351 3799 1419 accorder
3846 1360 3919 1420 et
3972 1352 4348 1438 acquiescet

2390 1455 2433 1502 a
2474 1445 2696 1505 vostre
2737 1436 2868 1503 bon
2921 1436 3170 1521 plaisir,
3227 1457 3395 1504 nous
3437 1456 3643 1504 avons
3687 1437 3770 1505 de
3811 1444 4041 1504 nostre
4081 1444 4260 1506 coste
4301 1457 4348 1503 a

2389 1523 3052 1692 Ξὲἒὲἕῖἑθὲοῗῖἐῗι
3080 1525 3815 1675 ἳοῗὲιξίωὲῗιῗὲἒ
3843 1522 4343 1676 ᾞἛΘΡἨ

2390 1695 2612 1760 tinuer
2653 1714 2695 1760 a
2737 1693 2899 1760 faire
2941 1715 3014 1760 ce
3057 1693 3194 1777 quil
3238 1715 3279 1760 a
3320 1694 3471 1760 bien
3515 1714 3905 1761 commenee.

2560 1778 2931 1860 Monsieur,
2998 1800 3189 1865 apres
3251 1800 3420 1847 nous
3484 1787 3657 1847 estre
3719 1778 4174 1847 humblement
4232 1800 4341 1847 re·

2385 1865 2807 1933 commandez
2850 1885 2892 1931 a
2931 1874 3150 1932 vostre
3201 1863 3416 1932 bonne
3468 1884 3666 1949 grace
3706 1885 3874 1932 nous
3925 1863 4340 1950 supplierons

2385 1950 2449 2017 le
2510 1972 2670 2036 pere
2736 1950 2819 2018 de
2883 1950 3303 2018 misericorde
3365 1971 3534 2018 vous
3597 1950 3786 2017 avoir
3839 1971 3928 2018 en
3983 1971 4058 2018 00
4112 1951 4336 2038 garde,

2385 2057 2554 2103 vous
2611 2036 2962 2105 acoroistre
3006 2057 3091 2102 en
3145 2044 3296 2103 tous
3346 2035 3511 2103 dous
3571 2035 3650 2102 de
3706 2057 3828 2103 son
3881 2036 4088 2122 esprit
4141 2045 4211 2104 et
4250 2057 4337 2104 en

2383 2122 2598 2190 bonne
2638 2122 3020 2207 prosperite.
3092 2122 3198 2188 De
3221 2122 3497 2189 Geueve
3530 2142 3605 2189 ce
3640 2121 3831 2189 xxvi⁸
3868 2120 3951 2187 de
3972 2120 4337 2190 Decembre

2391 2210 2555 2273 1562
2597 2210 2737 2293 pris
2780 2228 2821 2274 a
2861 2206 2930 2273 la
2971 2208 3267 2274 nativite.

3257 2751 3457 2824 8669.

2747 2902 3496 2973 OAPROPHONTES
3540 2903 3978 2972 OALVINO.

2556 3077 2831 3145 Gratum
2870 3077 3159 3143 animum
3199 3077 3391 3160 effuse
3418 3075 3750 3160 profitetur
3789 3080 3846 3142 et
3891 3075 4155 3156 floribus·
4186 3083 4331 3164 po&-

2375 3166 2641 3316 mmm
2651 3167 2943 3243 exornat,
3006 3163 3202 3229 simul
3262 3182 3520 3229 munere
3571 3162 3764 3229 misso
3828 3163 4139 3229 sincerum
4201 3184 4335 3231 0000

2374 3420 2490 3486 (Ex
2523 3419 2862 3490 autographo
2895 3416 3030 3473 Ood.
3062 3417 3231 3476 Goth.
3263 3415 3386 3482 405,
3420 3417 3511 3474 sol.
3547 3416 3635 3474 45.
3691 3417 4034 3490 Singularem
4066 3419 4173 3473 viri
4204 3418 4330 3474 lati-

2373 3490 2608 3544 nitatem
2640 3488 2732 3542 vel
2776 3488 2836 3543 in
2881 3485 3218 3558 simplicibus
3252 3486 3430 3541 literis
3464 3487 3788 3542 servandam
3822 3503 3944 3542 esse
3972 3489 4329 3558 putavimus.)

2546 3656 2929 3726 clarissimo
2966 3658 3112 3724 viro
3145 3658 3385 3724 Ioanni
3419 3656 3698 3725 Calvino
3739 3658 3804 3724 N
3804 3658 4107 3725 ovoduno
4137 3680 4332 3744 prae-

2374 3743 2579 3811 stanti
2634 3752 3040 3831 symmystae
3082 3744 3327 3811 summi
3371 3744 3514 3809 vivi
3556 3741 3690 3809 Dei
3729 3742 3802 3809 in
3843 3743 4007 3811 urbe
4051 3744 4332 3813 Geneva

2376 3829 2641 3896 domino
2683 3838 2750 3896 et
2790 3830 2965 3914 patri
2999 3829 3072 3894 in
3107 3828 3376 3896 Christo
3411 3849 3670 3895 summa
3702 3829 4125 3897 observantia
4157 3852 4329 3914 sem-

2373 3935 2495 4000 per
2536 3913 2808 3982 colendo
2852 3936 2929 3983 00
2971 3914 3368 3982 venerando.

2547 4000 2846 4066 Firmum
2924 4006 2993 4066 et
3068 4001 3425 4084 perfectam
3500 4021 3619 4085 per
3693 4000 3986 4086 graciam
4054 4001 4330 4069 Domini

2373 4092 2686 4170 precatur
2737 4085 2811 4150 iu
2863 4086 3258 4170 apostolicae
3315 4085 3469 4152 fidei
3526 4085 3787 4153 assiduo
3840 4087 4064 4154 labore
4106 4085 4328 4155 studio

2373 4177 2444 4239 et
2485 4172 2888 4238 confessione
2928 4172 3127 4237 simul
3171 4172 3631 4238 constanciam.

2537 4256 2916 4324 Clarissimo
2935 4265 3003 4324 et
3023 4257 3386 4323 reverende
3401 4256 3664 4323 domine
3686 4263 3754 4324 et
3764 4262 3953 4342 pater
3972 4257 4044 4323 in
4056 4256 4328 4326 Ohristo

2372 4343 2663 4409 Domino
2726 4343 2912 4412 salva
2978 4344 3409 4410 observanoia
3454 4343 3723 4410 colende
3786 4351 3856 4409 et
3919 4342 4324 4411 charissime.

2372 4429 2523 4497 Etsi
2581 4427 2769 4496 nulla
2820 4429 2990 4495 mihi
3048 4448 3339 4513 unquam
3398 4449 3547 4495 cum
3590 4430 3679 4494 V.
3734 4428 3819 4494 R.
3880 4429 4329 4496 intercesserit

2372 4513 2619 4581 noticia
2660 4523 2728 4581 et
2767 4514 3194 4595 consuetudo,
3236 4512 3415 4580 unde
3459 4514 3667 4599 possit
3709 4514 3798 4581 ali
3844 4532 3929 4579 ua
3972 4514 4224 4582 occasio
4258 4522 4329 4582 et

2375 4599 2650 4667 audacia
2669 4600 2860 4678 sumi,
2884 4618 3014 4684 qua
3033 4600 3365 4666 animatus
3387 4599 3736 4667 scriberem
3867 4600 3950 4665 V.
3972 4599 4077 4679 R,
4099 4606 4327 4667 tamen

2372 4685 2600 4754 divina
2652 4687 2954 4769 specifica
3057 4684 3424 4753 rovidencia
3476 4687 3679 4752 efficit
3734 4693 3811 4750 ut
3851 4684 4078 4768 procul
4130 4686 4326 4754 valde

2371 4771 2584 4838 dissiti
2627 4780 2696 4856 et
2738 4771 2947 4857 ignoti
2990 4706 3310 4839 divinitus
3353 4773 3786 4839 innotescant.
3880 4771 4075 4839 Nunc
4117 4771 4327 4856 igitur

2369 4857 2580 4926 fretus
2617 4878 2890 4943 syncera
2950 4857 3196 4941 pietate
3259 4865 3327 4923 et
3389 4857 3745 4924 clemencia
3810 4864 4104 4940 paterna,
4191 4879 4325 4942 qua

2370 4944 2671 5010 affectam
2714 4963 2857 5010 esse
2955 4964 3293 5011 ersuasum
3335 4941 3544 5010 habeo
3597 4943 3876 5010 eandem
3932 4963 4092 5028 erga
4131 4964 4323 5029 apos·

2370 5028 2604 5095 tolicae
2668 5028 2820 5096 fidei
2930 5031 3292 5108 omesticos,
3358 5048 3507 5094 cum
3569 5048 3829 5114 magna,
3895 5049 3980 5095 ne
4037 5028 4323 5096 dixerim

2371 5114 2721 5180 temeraria
2760 5115 3090 5200 parrhisia
3131 5135 3208 5184 00
3250 5115 3475 5181 &arsia
3529 5116 3732 5181 statui
3775 5113 3858 5181 ad
3899 5115 3985 5181 V.
4030 5114 4114 5182 R.
4158 5116 4322 5184 scri-

2372 5199 2614 5267 berem.
2670 5200 2925 5267 Verum
2963 5223 3272 5285 praesens
3314 5210 3672 5267 statueram
3717 5198 3992 5267 eandem
4034 5200 4323 5270 salutare

2374 5292 2441 5351 et
2475 5286 2751 5372 alloqui:
2796 5284 2967 5370 quod
3001 5295 3070 5353 et
3101 5287 3396 5354 fecissem
3433 5286 3560 5353 nisi
3595 5286 3802 5354 hostis
3836 5286 4134 5354 veritatis
4168 5307 4321 5356 son-
