4900 6125
279 419 409 481 449

277 603 757 671 ecclesiasticae
816 604 1127 671 delicasti.
1148 608 1206 684 ⁴2)
1294 603 1489 686 Quod
1548 625 1701 670 vero
1755 603 1980 669 nullae
2033 602 2152 668 tibi
2196 624 2237 669 a

279 711 391 756 me
433 689 661 756 literae
682 699 1028 766 venerunt,
1075 691 1434 757 clarissime
1456 691 1560 756 vir
1600 701 1667 755 et
1702 689 1866 755 mihi
1897 711 1979 754 ex
2017 691 2236 755 animo

280 775 565 855 colende,
608 798 740 842 non
786 786 1045 841 tantum
1089 785 1166 842 ut
1207 778 1370 841 meis
1406 776 1955 860 occupationibus,
1998 775 2237 858 quibus

278 862 417 928 illic
472 863 569 927 fui
625 859 883 928 assidue
941 872 1008 928 et
1051 863 1293 946 absque
1337 862 1476 927 ulla
1531 861 1938 927 relaxatione
1982 860 2238 926 distric-

280 955 424 1027 tus,
468 948 753 1031 imputes
797 967 987 1032 rogo:
1046 946 1163 1012 sed
1204 949 1333 1012 alia
1376 948 1801 1014 excusatione
1845 957 1995 1011 utor
2039 945 2233 1030 quod,

277 1056 483 1119 quum
542 1034 707 1098 mihi
766 1033 1153 1099 nunciatum
1218 1045 1390 1099 esset
1455 1043 1521 1098 te
1577 1033 1802 1117 procul
1869 1034 2094 1099 abesse
2153 1033 2235 1097 ab

277 1122 553 1187 Austria
614 1120 917 1202 diemque
982 1118 1231 1185 reditus
1297 1141 1439 1186 esse
1512 1120 1870 1196 incertum,
1949 1117 2238 1201 obrepsit

278 1207 446 1271 mihi
493 1207 712 1271 nescio
753 1225 918 1289 quae
963 1206 1276 1289 segnities
1295 1257 1309 1281 ,
1370 1225 1535 1288 quae
1579 1226 1684 1269 me
1731 1203 1813 1268 ad
1876 1204 2237 1270 discessum

279 1313 489 1376 usque
542 1292 769 1357 tenuit.
859 1291 1145 1375 Negabis
1200 1291 1367 1357 hanc
1427 1292 1625 1356 fuisse
1682 1290 2042 1374 legitimam
2098 1310 2238 1354 ces-

278 1377 466 1444 sandi
534 1396 830 1455 causam,
897 1398 1104 1458 neque
1163 1397 1283 1460 ego
1341 1386 1570 1442 contra
1614 1376 1909 1458 disputo:
1977 1384 2236 1440 tantum

279 1464 567 1548 ingenue
612 1463 807 1527 retuli
850 1462 1007 1544 quid
1053 1483 1160 1527 me
1215 1473 1374 1527 tunc
1431 1463 1512 1527 ab
1571 1461 1784 1527 officio
1844 1460 2233 1543 impedierit.

277 1550 474 1615 Nunc
519 1548 626 1612 ubi
672 1548 952 1614 alterum
997 1549 1334 1631 exemplar
1367 1547 1529 1612 mihi
1566 1548 1856 1613 oblatum
1893 1559 2010 1624 est,
2055 1544 2236 1610 dolui

277 1635 480 1700 fuisse
524 1634 814 1699 laborem
860 1634 976 1698 tibi
1022 1632 1447 1716 duplicatum,
1494 1652 1569 1697 ac
1612 1635 1997 1717 praesertim
2034 1652 2235 1714 quum

277 1719 445 1784 mihi
523 1722 851 1805 integrum
920 1739 1052 1782 non
1121 1720 1207 1784 sit
1273 1731 1424 1783 voto
1491 1729 1605 1783 tuo
1666 1740 1920 1783 morem
1986 1737 2232 1802 gerere.

277 1805 486 1887 Cupis
542 1806 665 1871 hac
723 1804 805 1870 de
860 1827 932 1870 re
990 1806 1245 1888 copiose
1302 1805 1416 1869 tibi
1477 1825 1553 1870 ac
1610 1803 1962 1889 diligenter
2017 1824 2236 1868 meum

153 1937 164 1948 -
278 1891 620 1957 consilium
666 1892 922 1974 exponi.
1012 1891 1155 1975 Ego
1201 1910 1388 1967 vero,
1450 1891 1606 1974 quia
1649 1910 1754 1955 res
1798 1898 1900 1955 est
1943 1891 2238 1972 apprime

279 1977 488 2043 ardua
530 1989 596 2042 et
653 1975 966 2050 difficilis,
1035 1996 1245 2059 neque
1289 1976 1370 2040 ad
1430 1996 1575 2041 eam
1636 1976 1969 2060 ingenium
2016 1994 2235 2038 meum

278 2065 374 2128 sic
419 2062 702 2146 applicui
750 2073 826 2127 ut
879 2062 1155 2128 idoneus
1200 2063 1364 2126 mihi
1410 2061 1640 2126 videar
1683 2062 1913 2139 iudex,
1973 2070 2236 2124 senten-

278 2150 442 2215 tiam
487 2169 720 2226 meam,
768 2169 851 2212 ne
888 2148 1276 2213 temeritatis
1310 2146 1602 2222 damner,
1648 2149 2069 2229 interponere
2105 2166 2236 2210 non

276 2234 503 2300 audeo.
595 2233 910 2299 Nonnihil
958 2234 1122 2298 forte
1167 2234 1235 2298 in
1292 2253 1594 2298 sermone
1637 2233 1942 2298 familiari
1985 2231 2238 2314 profer-

277 2340 439 2385 rem.
530 2319 665 2386 Sed
710 2321 861 2403 quia
908 2339 1116 2402 neque
1170 2339 1275 2384 res
1317 2318 1482 2383 mihi
1540 2320 1738 2402 probe
1781 2316 2095 2383 meditata
2140 2325 2240 2381 est

278 2415 349 2471 et
383 2406 651 2491 longam
673 2406 1207 2471 exercitationem
1230 2406 1506 2487 flagitat,
1546 2425 1584 2468 a
1619 2406 1971 2487 scriptione
2008 2423 2238 2486 super-

278 2490 506 2557 sedere
542 2491 716 2555 malo
797 2511 947 2556 uam
984 2511 1151 2555 onus
1193 2491 1528 2572 suscipere
1571 2492 1756 2556 cuius
1799 2489 1937 2556 solo
1971 2497 2240 2570 aspectu

279 2587 545 2643 terreor.
639 2513 827 2641 Addo
870 2575 1040 2658 quod
1086 2577 1293 2641 forma
1331 2576 1474 2652 illa,
1535 2597 1702 2659 quae
1760 2576 1877 2641 abs
1931 2585 1996 2639 te
2041 2575 2241 2639 missa

279 2673 400 2742 est,
446 2684 484 2728 a
527 2663 753 2744 peritis
796 2660 1152 2727 artificibus
1196 2682 1266 2727 se
1309 2663 1732 2744 compositam
1775 2661 1977 2725 fuisse
2021 2667 2238 2725 osten-

281 2747 411 2814 dit:
476 2769 673 2831 quam
734 2750 790 2812 si
846 2746 1135 2811 limando
1180 2746 1388 2829 polire
1430 2757 1806 2825 tentavero,
1872 2744 2239 2810 timendum

278 2843 382 2900 est
425 2854 510 2898 ne
554 2832 864 2897 deteram.
936 2833 1036 2898 Ne
1079 2843 1300 2898 tamen
1346 2834 1686 2899 existimes
1721 2831 1917 2898 nimis
1952 2832 2240 2913 praecise

279 2921 500 2986 omnia
541 2938 647 2984 me
703 2919 823 2984 tibi
871 2940 1142 3001 negare,
1203 2917 1583 2982 methodum
1638 2937 2053 3000 summopere
2097 2915 2238 2998 pla-

277 3027 427 3073 cere
470 3026 600 3071 non
646 3003 1001 3081 dissimulo,
1049 3005 1273 3088 paucis
1314 3012 1577 3069 tantum
1622 3004 1932 3086 exceptis.
2018 3005 2238 3084 Atque

278 3093 538 3157 utinam
606 3112 682 3156 eo
717 3112 937 3174 -quem
1003 3089 1315 3156 describis
1378 3091 1607 3155 ordine
1675 3091 1803 3153 iam
1880 3089 2240 3170 composita

278 3188 452 3244 esset
497 3177 804 3255 historia,
850 3196 1043 3260 quam
1090 3186 1156 3240 et
1198 3175 1361 3241 fides
1403 3175 1894 3241 commendaret
1935 3184 1999 3239 et
2043 3193 2238 3238 orna-

276 3275 382 3328 ret
447 3262 822 3329 dexteritas.
913 3260 1309 3344 Quanquam
1368 3274 1588 3325 autem
1647 3258 2045 3325 incredibilis
2112 3259 2240 3323 erit

278 3347 493 3426 labor,
557 3369 742 3431 spem
811 3358 1027 3412 tamen
1096 3347 1379 3429 aliquam
1448 3346 1978 3429 incomparabilis
2040 3344 2239 3408 huius

275 3436 576 3501 thesauri
622 3434 813 3500 nobis
871 3434 1016 3497 fieri
1061 3434 1487 3498 vehementer
1528 3435 1799 3516 gaudeo.
1886 3429 2236 3496 Caeterum

277 3522 352 3586 in
398 3520 548 3585 aliis
592 3519 714 3585 tibi
761 3519 1038 3583 libenter
1081 3519 1513 3595 subscribens,
1560 3538 1643 3582 an
1689 3516 1987 3600 singulas
2033 3534 2239 3579 anno-

277 3627 429 3671 rum
494 3605 828 3671 centurias
892 3605 962 3668 in
1008 3615 1217 3668 certos
1297 3603 1497 3669 libros
1563 3602 1866 3667 distribui
1932 3599 2240 3685 expediat-

277 3693 516 3757 nescio.
609 3690 879 3757 Accidet
942 3691 1120 3754 enim
1189 3698 1265 3753 ut
1329 3689 1552 3755 decem
1633 3689 1793 3753 anni
1869 3686 2237 3751 uberiorem

276 3798 472 3861 quam
533 3777 867 3860 integrum
913 3776 1248 3840 saeculum
1305 3774 1625 3839 texendae
1669 3774 1984 3838 historiae
2028 3784 2238 3837 mate-

276 3865 446 3928 riam
489 3861 934 3945 suppeditent.
1007 3860 1233 3941 Quare
1265 3862 1561 3943 praefixa
1602 3860 1746 3942 lege
1792 3858 1874 3924 ad
1910 3878 2237 3922 annorum

276 3969 625 4014 numerum
674 3945 1028 4030 adstringi,
1088 3968 1246 4011 usus
1290 3944 1571 4023 docebit,
1630 3946 1758 4009 nisi
1819 3943 2042 4021 fallor,
2102 3965 2234 4008 non

273 4055 420 4100 esse
473 4040 988 4100 consentaneum
1035 4052 1244 4114 neque
1290 4031 1468 4095 utile.
1559 4036 1777 4114 Atque
1822 4030 1983 4095 haec
2040 4028 2236 4094 liber-

275 4130 380 4185 tas
439 4118 1023 4202 praestantissimis
1083 4116 1371 4183 historiis
1401 4119 1455 4192 ⁸)
1511 4117 1783 4199 placuit,
1846 4124 1922 4178 ut
1978 4114 2234 4180 oblatae

272 4227 496 4272 rerum
555 4205 777 4288 copiae
843 4203 1060 4286 potius
1126 4224 1319 4285 quam
1387 4203 1580 4267 annis
1645 4202 1846 4268 libros
1910 4208 2232 4282 aptarent.

276 4295 495 4375 Atque
554 4292 749 4355 etiam
799 4289 920 4354 hoc
961 4287 1206 4353 videris
1247 4288 1824 4363 animadvertisse,
1886 4285 2046 4350 dum
2090 4305 2233 4351 cor·

269 4378 628 4443 rectionem
675 4374 861 4440 addis
903 4375 1132 4456 spatiis
1175 4384 1354 4441 certa
1397 4375 1652 4439 ratione
1706 4373 2006 4456 sumptis.
2094 4371 2232 4437 Sed

271 4474 494 4528 tamen
540 4461 897 4526 admonitio
941 4461 1102 4525 haec
1145 4479 1292 4524 mea
1337 4481 1468 4524 non
1510 4478 1933 4542 supervacua,
1978 4457 2231 4539 opinor,

271 4570 484 4633 neque
540 4546 1004 4630 intempestiva
1046 4546 1187 4611 erit.
1277 4546 1635 4611 Distinctio
1678 4564 1874 4627 quam
1917 4544 2230 4626 proponis

479 4786 541 4853 2)
571 4786 862 4841 delibasti?
884 4785 1222 4867 ‘delius-sti?
1261 4783 1642 4865 -OMsth‘dnu
1676 4784 1776 4839 aza
1808 4799 1974 4853 quan
1995 4782 2230 4839 Calvum

267 4870 571 4979 mmm...
538 4854 1113 5006 &amum-
1109 4852 1720 5005 mmms,
1745 4853 2229 5002 ¹33&er

271 5001 333 5048 ot
365 4993 811 5074 scholasticorum
849 4940 1368 5073 Wittaeemminm
1414 5008 1445 5045 e
1484 4990 1673 5072 istola·
1708 5006 1742 5043 s
1774 4988 2228 5058 gubernatoribus

271 5070 333 5117 ot
384 5077 660 5143 operariis.
692 5062 816 5143 ‘eius
871 5061 1134 5116 historiae
1185 5059 1350 5114 edita.
1491 5066 1579 5115 itt.
1619 5056 1769 5142 ¹⁸3⁶&
1819 5056 1871 5111 4.
1948 5058 2229 5115 Gestorum

273 5130 472 5186 Noun
506 5130 739 5184 comam
770 5134 899 5212 pos(
923 5129 1126 5195 feam
1159 5134 1424 5184 vomunt
1454 5144 1624 5210 quun
1658 5143 1771 5182 san
1805 5127 1985 5183 meato
2014 5143 2065 5181 a.
2092 5125 2228 5209 Ιδρῖ

261 5201 481 5325 mae
525 5205 635 5252 tres
674 5196 964 5253 &misnae
1011 5198 1291 5253 wadnam
1331 5199 1558 5265 summ.
1634 5195 1713 5264 Os.
1756 5196 1957 5266 Freoer
1993 5195 2229 5251 F'lacm

417 5266 479 5321 19
514 5282 578 5337 sq
615 5308 626 5320 .

479 5335 536 5399 8)
570 5284 708 5405 gne.-
745 5335 1035 5389 hittorioifl.

480 5420 703 5478 θανὼν·
729 5434 917 5492 open.
998 5419 1116 5476 Vol.
1149 5417 1284 5475 XX.

1900 413 2687 484 SUPPLEMENTUM.

4175 420 4309 485 460

2339 603 2463 669 etsi
2496 602 2852 687 probabilis
2897 611 3014 683 est,
3061 623 3293 670 vereor
3336 611 3558 671 tamen
3602 626 3689 670 ne
3732 604 3958 670 eadem
4004 603 4307 671 iterando

2340 688 2672 756 fastidium
2718 711 2794 756 ac
2852 688 3221 756 molestiam
3276 692 3488 772 pariat
3541 690 3914 757 lectoribus.
4001 690 4174 756 Nam
4220 692 4305 758 de

2338 775 2645 841 ecclesiae
2688 776 3179 860 propagatione,
3227 775 3308 840 de
3350 796 3592 861 genere
3628 775 3966 843 doctrinae
4010 785 4078 842 et
4120 796 4307 843 erro·

2337 861 2521 927 ribus
2565 859 2886 927 disserere
2930 881 3067 927 non
3093 862 3337 944 poteris
3382 863 3539 945 quin
3583 882 3900 946 personas
3944 862 4141 928 simul
4188 861 4306 926 ad-

2337 948 2631 1014 misceas.
2721 948 2825 1013 De
2868 947 3163 1013 conciliis
3218 947 3420 1014 etiam
3469 969 3637 1032 quae
3695 948 3910 1013 reiicis
3954 949 4024 1012 in
4068 968 4307 1013 secun-

2339 1033 2490 1097 dam
2537 1032 2813 1098 classem
2858 1043 3076 1099 tacere
3119 1031 3474 1099 absurdum
3520 1034 3663 1100 erit.
3737 1034 3879 1099 Iam
3938 1054 4025 1099 ne
4079 1031 4307 1099 odiosa

2338 1119 2424 1184 sit
2468 1118 2768 1201 repetitio
2812 1117 3189 1184 videndum.
3280 1118 3465 1184 Haec
3506 1141 3667 1185 vero
3720 1119 4081 1185 tolerabilis
4133 1119 4306 1184 forte

2338 1215 2515 1269 esset
2556 1204 2826 1270 cavendi
2873 1205 3040 1268 ratio
3084 1205 3138 1269 si
3183 1213 3377 1269 autor
3420 1204 3771 1283 historiae,
3816 1204 4114 1287 quisquis
4158 1206 4304 1284 erit,

2338 1289 2519 1354 illam
2564 1289 2852 1372 capitum
2893 1289 3403 1365 distinctionem,
3448 1310 3614 1374 quae
3649 1291 3809 1356 scite
3843 1303 3909 1355 et
3943 1289 4308 1374 prudenter

2340 1376 2458 1440 abs
2501 1385 2566 1440 te
2611 1375 2959 1441 observata
3002 1385 3132 1455 est,
3192 1374 3399 1442 oculis
3456 1378 3592 1442 suis
3637 1376 3994 1442 subiectam
4039 1375 4304 1458 habeat,

2339 1480 2415 1525 eo
2463 1471 2681 1526 tamen
2724 1462 2997 1527 artificio
3057 1467 3379 1544 temperet
3435 1462 3749 1527 historiae
3793 1460 4010 1539 filum,
4067 1483 4153 1527 ne
4198 1482 4307 1528 res

2340 1548 2513 1612 inter
2579 1568 2651 1612 se
2704 1558 2944 1612 natura
3000 1567 3329 1612 connexas
3385 1559 3455 1612 et
3505 1549 3694 1631 quasi
3759 1547 3959 1613 simul
4024 1549 4306 1613 fluentes

2340 1631 2770 1697 distrahendo
2822 1654 2893 1697 se
2948 1633 3243 1717 implicet
3286 1633 3491 1698 nimia
3550 1634 3894 1710 servitute,
3955 1654 4031 1699 ac
4091 1631 4305 1699 taedio

2338 1719 2614 1783 lectores
2650 1739 2934 1785 onerans
2978 1720 3283 1784 tenebras
3318 1740 3436 1802 pro
3478 1718 3624 1785 luce
3667 1718 3945 1785 obiiciat.
4019 1718 4193 1783 Nam
4238 1724 4307 1784 et

2340 1824 2459 1887 pro
2503 1812 2618 1869 tua
2671 1803 3023 1887 prudentia
3065 1805 3314 1887 optime
3357 1806 3535 1870 nosti
3578 1826 3776 1888 quam
3824 1803 4060 1870 melius
4101 1805 4309 1869 inter-

2339 1889 2499 1954 dum
2545 1911 2628 1954 ex
2664 1890 2921 1955 occulto
2958 1889 3063 1954 vel
3106 1891 3173 1955 in
3213 1891 3496 1972 speciem
3542 1890 3838 1974 neglecto
3872 1910 4068 1973 quam
4106 1889 4307 1955 anxie

2339 1983 2603 2058 captato
2638 1976 2916 2042 artificio
2953 1977 3206 2042 eluceat
3245 1977 3696 2059 perspicuitas.
3762 1975 4115 2042 Caeterum
4151 1975 4310 2058 quia

2339 2063 2664 2127 concinna
2707 2072 2809 2126 est
2851 2064 3052 2128 series
3094 2061 3211 2126 illa
3254 2062 3371 2126 abs
3414 2073 3482 2126 te
3526 2061 3802 2146 digesta,
3847 2071 3925 2125 ut
3966 2061 4311 2145 scriptoris

2341 2146 2685 2213 consilium
2733 2165 2809 2212 ac
2869 2148 3036 2211 ratio
3080 2154 3332 2231 pateat,
3403 2149 3619 2230 capita
3684 2147 3800 2211 illa
3858 2145 4057 2211 velim
4116 2147 4310 2212 initio

2340 2233 2619 2315 proponi
2664 2235 2849 2316 quasi
2905 2252 3174 2315 scopum
3230 2234 3339 2316 qui
3399 2252 3660 2316 semper
3712 2232 4032 2298 lectorum
4088 2231 4309 2298 oculos

2341 2318 2413 2382 in
2458 2339 2530 2383 se
2575 2327 2806 2384 vertat.
2876 2318 3102 2401 Neque
3138 2339 3298 2382 vero
3341 2328 3417 2382 ut
3461 2318 3623 2383 mihi
3670 2318 3740 2383 in
3785 2317 3890 2383 his
3934 2317 4310 2384 subscribas

2341 2403 2697 2470 contendo:
2744 2404 2897 2487 quia
2929 2404 3171 2468 sufficit
3207 2402 3421 2487 aliqua
3459 2425 3542 2469 ex
3578 2413 3764 2486 parte
3801 2423 3908 2467 me
3944 2403 4065 2468 tibi
4104 2403 4310 2469 fuisse

2341 2489 2792 2572 obsequutum.
2883 2488 3081 2565 Vale.
3141 2489 3556 2555 ornatissime
3600 2489 3705 2554 vir
3761 2497 3829 2553 et
3882 2487 4047 2553 mihi
4103 2489 4312 2572 pluri-

2341 2595 2526 2639 mum
2595 2575 2973 2640 honorande
3040 2623 3709 2642 ............
3776 2574 4309 2641 benedictionum

2341 2659 2711 2745 locupletet.
2734 2662 2791 2745 ⁴)
2879 2659 3190 2726 Genevae
3233 2660 3448 2726 idibus
3492 2659 3844 2727 Februarii
3895 2663 4079 2725 1557.

3270 2796 3559 2863 Ioannes
3596 2796 3915 2863 Calvinus
3960 2803 4132 2863 tuus.

3136 3089 3548 3101 ————

3218 3343 3412 3414 4182.

2342 3513 2466 3580 LE
2511 3498 2815 3581 smum
2864 3515 2986 3605 DE
3033 3501 3423 3583 GENEVE
3461 3518 3662 3586 on
3697 3514 4304 3585 MAGISTRATS

2969 3619 3096 3684 DE
3142 3618 3668 3687 LAUSANNE.
4150 3614 4161 3625 ·

2337 3789 3109 3960 DmRecgmmandation
3176 3791 3254 3858 de
3329 3792 3604 3874 l'affaire
3666 3791 3744 3857 de
3812 3788 4038 3857 calven
4098 3794 4307 3858 cmm

2769 4046 3014 4112 (Lettres
3048 4047 3119 4102 de
3155 4049 3209 4101 la
3243 4046 3579 4118 seigneurie.
3651 4048 3863 4117 copie.)

2336 4218 2491 4282 Aux
2548 4216 2772 4284 nobles
2830 4239 3022 4304 sages
3078 4227 3143 4284 et
3202 4219 3484 4286 honores
3544 4220 3752 4285 freres
3806 4219 3902 4285 les
3956 4218 4301 4303 seigneurs

2333 4302 2919 4389 Bourguemaistre
2974 4313 3041 4370 et
3094 4304 3358 4404 Gonseil
3426 4306 3507 4371 de
3565 4306 3882 4372 Losanne
3948 4325 4068 4370 nos
4133 4303 4299 4370 bons

2323 4394 2358 4443 ἰ’
2996 4411 3271 4476 voysins
3314 4402 3381 4456 et
3425 4411 3635 4477 amys.

2503 4559 2749 4627 Nobles
2793 4584 2983 4647 sagos
3017 4572 3084 4627 et
3117 4562 3401 4629 honorez
3436 4563 3643 4629 freres
3690 4564 3905 4646 Apres
3943 4582 4063 4628 noz
4099 4562 4300 4628 affec-

2325 4656 2589 4713 tueuses
2632 4648 2947 4714 amiables
2990 4649 3621 4749 recommandations
3692 4650 3925 4733 Ayans
3970 4656 4144 4715 estez
4189 4668 4298 4747 re-

2328 4733 3323 4903 gffgifflffiffiuffffi„
3359 4732 3917 4904 13013321120320
3936 4732 4301 4899 ‘5353ss

2327 4923 2496 4969 vous
2538 4906 2825 4990 escripre
2869 4927 2949 4972 en
2994 4927 3069 4972 sa
3113 4907 3346 4973 faveur
3389 4906 3546 4971 affin
3590 4905 3727 4990 quil
3772 4907 3998 4991 puisse
4039 4906 4299 4972 obtenir

2533 5194 2593 5278 4)
2632 5194 2686 5248 P
2771 5194 4005 5278 emmamnumaneagiqweaaoeeacm.
4061 5191 4309 5251 Mt

2326 5278 2519 5387 ⁹333?
2541 5332 2599 5399 ι)
2699 5279 2899 5388 ‘'.⁹a“.‘.'
2928 5266 3579 5390 wdffi5“m
3614 5331 3767 5389 1⁶5⁷.
3803 5331 3874 5398 a.
3912 5330 3977 5384 ιν.
4011 5328 4169 5385 ηοω.

3805 5415 3879 5471 29
