<?xml version="1.0" encoding="UTF-8"?>
<!DOCTYPE html PUBLIC "-//W3C//DTD XHTML 1.0 Transitional//EN"
    "http://www.w3.org/TR/xhtml1/DTD/xhtml1-transitional.dtd">
<html xmlns="http://www.w3.org/1999/xhtml" xml:lang="en" lang="en">
 <head>
  <title>
</title>
<meta http-equiv="Content-Type" content="text/html;charset=utf-8" />
  <meta name='ocr-system' content='tesseract 3.04.00' />
  <meta name='ocr-capabilities' content='ocr_page ocr_carea ocr_par ocr_line ocrx_word'/>
</head>
<body>
  <div class='ocr_page' id='page_1' title='image "./ioanniscalvinio12unkngoog/ioanniscalvinio12unkngoog_0260.png"; bbox 0 0 4900 6125; ppageno 0'>
   <div class='ocr_carea' id='block_1_1' title="bbox 603 400 742 465">
    <p class='ocr_par' dir='ltr' id='par_1_1' title="bbox 603 400 742 465">
     <span class='ocr_line' id='line_1_1' title="bbox 603 400 742 465; baseline -0.007 0"><span class='ocrx_word' id='word_1_1' title='bbox 603 400 742 465; x_wconf 75' lang='lat'>483</span> 
     </span>
    </p>
   </div>
   <div class='ocr_carea' id='block_1_2' title="bbox 609 581 2580 1168">
    <p class='ocr_par' dir='ltr' id='par_1_2' title="bbox 610 581 2577 758">
     <span class='ocr_line' id='line_1_2' title="bbox 610 581 2577 674; baseline -0.003 -21"><span class='ocrx_word' id='word_1_2' title='bbox 610 585 987 674; x_wconf 67' lang='lat' dir='ltr'>opprimere</span> <span class='ocrx_word' id='word_1_3' title='bbox 1020 584 1267 653; x_wconf 74' lang='lat' dir='ltr'>frustra</span> <span class='ocrx_word' id='word_1_4' title='bbox 1297 583 1518 653; x_wconf 85' lang='lat' dir='ltr'>conati</span> <span class='ocrx_word' id='word_1_5' title='bbox 1548 590 1725 652; x_wconf 87' lang='lat' dir='ltr'>sunt.</span> <span class='ocrx_word' id='word_1_6' title='bbox 1795 581 1943 651; x_wconf 83' lang='lat' dir='ltr'>Iam</span> <span class='ocrx_word' id='word_1_7' title='bbox 1979 602 2141 671; x_wconf 88' lang='lat' dir='ltr'>ergo</span> <span class='ocrx_word' id='word_1_8' title='bbox 2175 582 2401 663; x_wconf 86' lang='lat' dir='ltr'>miras,</span> <span class='ocrx_word' id='word_1_9' title='bbox 2441 581 2577 649; x_wconf 91' lang='lat' dir='ltr'>imo</span> 
     </span>
     <span class='ocr_line' id='line_1_3' title="bbox 739 668 2576 758; baseline -0.002 -21"><span class='ocrx_word' id='word_1_10' title='bbox 739 670 1024 758; x_wconf 80' lang='lat' dir='ltr'>digiosas</span> <span class='ocrx_word' id='word_1_11' title='bbox 1066 679 1297 738; x_wconf 70' lang='lat' dir='ltr'>centn</span> <span class='ocrx_word' id='word_1_12' title='bbox 1317 669 1657 738; x_wconf 70' lang='lat' dir='ltr'>Danielem</span> <span class='ocrx_word' id='word_1_13' title='bbox 1698 668 2035 738; x_wconf 85' lang='lat' dir='ltr'>consulem</span> <span class='ocrx_word' id='word_1_14' title='bbox 2069 677 2139 736; x_wconf 88' lang='lat' dir='ltr'>et</span> <span class='ocrx_word' id='word_1_15' title='bbox 2178 670 2359 736; x_wconf 76' lang='lat' dir='ltr'>cives</span> <span class='ocrx_word' id='word_1_16' title='bbox 2392 683 2576 754; x_wconf 82' lang='lat' dir='ltr'>spar-</span> 
     </span>
    </p>

    <p class='ocr_par' dir='ltr' id='par_1_3' title="bbox 609 752 2580 1168">
     <span class='ocr_line' id='line_1_4' title="bbox 753 752 2580 841; baseline -0.002 -17"><span class='ocrx_word' id='word_1_17' title='bbox 753 767 784 824; x_wconf 94' lang='lat' dir='ltr'>t</span> <span class='ocrx_word' id='word_1_18' title='bbox 825 757 1210 824; x_wconf 79' lang='lat' dir='ltr'>calumnias.</span> <span class='ocrx_word' id='word_1_19' title='bbox 1279 755 1577 824; x_wconf 70' lang='lat' dir='ltr'>Tandem</span> <span class='ocrx_word' id='word_1_20' title='bbox 1620 755 1820 823; x_wconf 85' lang='lat' dir='ltr'>etiam</span> <span class='ocrx_word' id='word_1_21' title='bbox 1864 775 1907 823; x_wconf 89' lang='lat' dir='ltr'>a</span> <span class='ocrx_word' id='word_1_22' title='bbox 1947 773 2210 823; x_wconf 87' lang='lat' dir='ltr'>camera</span> <span class='ocrx_word' id='word_1_23' title='bbox 2252 752 2580 841; x_wconf 83' lang='lat' dir='ltr'>imperiali</span> 
     </span>
     <span class='ocr_line' id='line_1_5' title="bbox 669 839 2577 929; baseline -0.002 -19"><span class='ocrx_word' id='word_1_24' title='bbox 669 844 852 929; x_wconf 85' lang='lat' dir='ltr'>pirae</span> <span class='ocrx_word' id='word_1_25' title='bbox 893 842 1241 928; x_wconf 73' lang='lat' dir='ltr'><strong>proscripti</strong></span> <span class='ocrx_word' id='word_1_26' title='bbox 1282 850 1462 910; x_wconf 88' lang='lat' dir='ltr'>sunt.</span> <span class='ocrx_word' id='word_1_27' title='bbox 1532 841 1862 909; x_wconf 81' lang='lat' dir='ltr'>Dominus</span> <span class='ocrx_word' id='word_1_28' title='bbox 1894 840 2128 907; x_wconf 87' lang='lat' dir='ltr'>liberet</span> <span class='ocrx_word' id='word_1_29' title='bbox 2160 860 2273 908; x_wconf 91' lang='lat' dir='ltr'>eos</span> <span class='ocrx_word' id='word_1_30' title='bbox 2306 860 2349 908; x_wconf 89' lang='lat' dir='ltr'>a</span> <span class='ocrx_word' id='word_1_31' title='bbox 2381 839 2577 907; x_wconf 86' lang='lat' dir='ltr'>malo.</span> 
     </span>
     <span class='ocr_line' id='line_1_6' title="bbox 611 924 2579 1015; baseline -0.003 -17"><span class='ocrx_word' id='word_1_32' title='bbox 611 927 868 1015; x_wconf 79' lang='lat' dir='ltr'>Scripsi</span> <span class='ocrx_word' id='word_1_33' title='bbox 911 929 1303 995; x_wconf 67' lang='lat' dir='ltr'><strong>festinanter</strong></span> <span class='ocrx_word' id='word_1_34' title='bbox 1343 949 1468 996; x_wconf 88' lang='lat' dir='ltr'>nec</span> <span class='ocrx_word' id='word_1_35' title='bbox 1498 925 1724 1014; x_wconf 88' lang='lat' dir='ltr'>relegi.</span> <span class='ocrx_word' id='word_1_36' title='bbox 1781 926 1952 994; x_wconf 84' lang='lat' dir='ltr'>Vale</span> <span class='ocrx_word' id='word_1_37' title='bbox 1986 928 2253 1011; x_wconf 90' lang='lat' dir='ltr'>optime.</span> <span class='ocrx_word' id='word_1_38' title='bbox 2324 927 2385 992; x_wconf 86' lang='grc'>7.</span> <span class='ocrx_word' id='word_1_39' title='bbox 2421 924 2579 993; x_wconf 90' lang='lat' dir='ltr'>Iulii</span> 
     </span>
     <span class='ocr_line' id='line_1_7' title="bbox 609 1013 2579 1168; baseline -0.001 -88"><span class='ocrx_word' id='word_1_40' title='bbox 609 1013 803 1168; x_wconf 47' lang='lat'><strong>3122.</strong></span> <span class='ocrx_word' id='word_1_41' title='bbox 886 1013 1124 1083; x_wconf 80' lang='lat' dir='ltr'>Saluta</span> <span class='ocrx_word' id='word_1_42' title='bbox 1179 1013 1424 1082; x_wconf 85' lang='lat' dir='ltr'>amieos</span> <span class='ocrx_word' id='word_1_43' title='bbox 1481 1021 1552 1082; x_wconf 90' lang='lat' dir='ltr'>et</span> <span class='ocrx_word' id='word_1_44' title='bbox 1603 1014 1857 1081; x_wconf 86' lang='lat' dir='ltr'>fratres.</span> <span class='ocrx_word' id='word_1_45' title='bbox 1942 1013 2171 1080; x_wconf 81' lang='lat' dir='ltr'>Nostri</span> <span class='ocrx_word' id='word_1_46' title='bbox 2227 1032 2456 1079; x_wconf 87' lang='lat' dir='ltr'>omnes</span> <span class='ocrx_word' id='word_1_47' title='bbox 2511 1019 2579 1079; x_wconf 91' lang='lat' dir='ltr'>te</span> 
     </span>
    </p>
   </div>
   <div class='ocr_carea' id='block_1_3' title="bbox 1869 1235 2402 1304">
    <p class='ocr_par' dir='ltr' id='par_1_4' title="bbox 1869 1235 2402 1304">
     <span class='ocr_line' id='line_1_8' title="bbox 1869 1235 2402 1304; baseline 0 -1"><span class='ocrx_word' id='word_1_48' title='bbox 1869 1236 2053 1304; x_wconf 75' lang='lat' dir='ltr'>&#39;l&#39;uus</span> <span class='ocrx_word' id='word_1_49' title='bbox 2093 1235 2208 1303; x_wconf 90' lang='lat' dir='ltr'>ille</span> <span class='ocrx_word' id='word_1_50' title='bbox 2249 1235 2402 1303; x_wconf 87' lang='grc' dir='ltr'>ΗΒ.</span> 
     </span>
    </p>
   </div>
   <div class='ocr_carea' id='block_1_4' title="bbox 1083 1781 2103 2007">
    <p class='ocr_par' dir='ltr' id='par_1_5' title="bbox 1083 1781 2103 2007">
     <span class='ocr_line' id='line_1_9' title="bbox 1489 1781 1688 1853; baseline -0.025 0"><span class='ocrx_word' id='word_1_51' title='bbox 1489 1781 1688 1853; x_wconf 77' lang='lat'>8824.</span> 
     </span>
     <span class='ocr_line' id='line_1_10' title="bbox 1083 1935 2103 2007; baseline 0.001 -3"><span class='ocrx_word' id='word_1_52' title='bbox 1083 1936 1615 2005; x_wconf 71' lang='lat' dir='ltr'>ZERRINTES</span> <span class='ocrx_word' id='word_1_53' title='bbox 1661 1935 2103 2007; x_wconf 77' lang='lat' dir='ltr'>OALVINO.</span> 
     </span>
    </p>
   </div>
   <div class='ocr_carea' id='block_1_5' title="bbox 599 2109 2577 2281">
    <p class='ocr_par' dir='ltr' id='par_1_6' title="bbox 599 2109 2577 2281">
     <span class='ocr_line' id='line_1_11' title="bbox 784 2109 2577 2195; baseline 0 -15"><span class='ocrx_word' id='word_1_54' title='bbox 784 2111 1349 2180; x_wconf 66' lang='lat' dir='ltr'>Gmwaaeiumin</span> <span class='ocrx_word' id='word_1_55' title='bbox 1393 2109 2081 2178; x_wconf 64' lang='lat' dir='ltr'>mmaieffaais</span> <span class='ocrx_word' id='word_1_56' title='bbox 2117 2111 2577 2195; x_wconf 61' lang='lat' dir='ltr'>fratribus-eso-</span> 
     </span>
     <span class='ocr_line' id='line_1_12' title="bbox 599 2195 1626 2281; baseline -0.005 -14"><span class='ocrx_word' id='word_1_57' title='bbox 599 2195 1626 2281; x_wconf 46' lang='lat' dir='ltr'>mutuavimus</span> 
     </span>
    </p>
   </div>
   <div class='ocr_carea' id='block_1_6' title="bbox 915 2365 2267 2439">
    <p class='ocr_par' dir='ltr' id='par_1_7' title="bbox 915 2365 2267 2439">
     <span class='ocr_line' id='line_1_13' title="bbox 915 2365 2267 2439; baseline -0.001 -16"><span class='ocrx_word' id='word_1_58' title='bbox 915 2367 1025 2437; x_wconf 73' lang='lat' dir='ltr'>(Ex</span> <span class='ocrx_word' id='word_1_59' title='bbox 1060 2365 1403 2439; x_wconf 73' lang='lat' dir='ltr'>autographo</span> <span class='ocrx_word' id='word_1_60' title='bbox 1437 2366 1573 2423; x_wconf 84' lang='lat' dir='ltr'>Ood.</span> <span class='ocrx_word' id='word_1_61' title='bbox 1610 2366 1958 2438; x_wconf 56' lang='lat' dir='ltr'>(buenni,</span> <span class='ocrx_word' id='word_1_62' title='bbox 1990 2367 2084 2424; x_wconf 79' lang='lat' dir='ltr'>sol.</span> <span class='ocrx_word' id='word_1_63' title='bbox 2121 2367 2267 2438; x_wconf 78' lang='lat' dir='ltr'>ue.)</span> 
     </span>
    </p>
   </div>
   <div class='ocr_carea' id='block_1_7' title="bbox 599 2538 2571 2711">
    <p class='ocr_par' dir='ltr' id='par_1_8' title="bbox 599 2538 2571 2711">
     <span class='ocr_line' id='line_1_14' title="bbox 599 2538 2571 2624; baseline -0.001 -16"><span class='ocrx_word' id='word_1_64' title='bbox 599 2538 1022 2608; x_wconf 81' lang='lat' dir='ltr'>Genevensis</span> <span class='ocrx_word' id='word_1_65' title='bbox 1085 2540 1400 2608; x_wconf 88' lang='lat' dir='ltr'>eeclesiae</span> <span class='ocrx_word' id='word_1_66' title='bbox 1464 2539 1714 2624; x_wconf 84' lang='lat' dir='ltr'>pastori</span> <span class='ocrx_word' id='word_1_67' title='bbox 1775 2539 2281 2624; x_wconf 82' lang='lat' dir='ltr'>vigilantissimo</span> <span class='ocrx_word' id='word_1_68' title='bbox 2334 2540 2571 2607; x_wconf 84' lang='lat' dir='ltr'>Ioanni</span> 
     </span>
     <span class='ocr_line' id='line_1_15' title="bbox 702 2624 2483 2711; baseline 0 -18"><span class='ocrx_word' id='word_1_69' title='bbox 702 2624 987 2693; x_wconf 81' lang='lat' dir='ltr'>Oalvino</span> <span class='ocrx_word' id='word_1_70' title='bbox 1030 2627 1203 2711; x_wconf 87' lang='lat' dir='ltr'>patri</span> <span class='ocrx_word' id='word_1_71' title='bbox 1249 2647 1326 2693; x_wconf 89' lang='lat' dir='ltr'>ac</span> <span class='ocrx_word' id='word_1_72' title='bbox 1369 2626 1562 2692; x_wconf 78' lang='lat' dir='ltr'>fratri</span> <span class='ocrx_word' id='word_1_73' title='bbox 1605 2626 1680 2690; x_wconf 92' lang='lat' dir='ltr'>in</span> <span class='ocrx_word' id='word_1_74' title='bbox 1714 2626 1985 2693; x_wconf 77' lang='lat' dir='ltr'>Christo</span> <span class='ocrx_word' id='word_1_75' title='bbox 2027 2625 2301 2694; x_wconf 89' lang='lat' dir='ltr'>colendo</span> <span class='ocrx_word' id='word_1_76' title='bbox 2345 2648 2483 2695; x_wconf 89' lang='lat' dir='ltr'>suo.</span> 
     </span>
    </p>
   </div>
   <div class='ocr_carea' id='block_1_8' title="bbox 591 2795 2575 5199">
    <p class='ocr_par' dir='ltr' id='par_1_9' title="bbox 591 2795 2575 5199">
     <span class='ocr_line' id='line_1_16' title="bbox 775 2795 2574 2881; baseline 0.001 -19"><span class='ocrx_word' id='word_1_77' title='bbox 775 2795 990 2864; x_wconf 86' lang='lat' dir='ltr'>Nullis</span> <span class='ocrx_word' id='word_1_78' title='bbox 1049 2816 1347 2881; x_wconf 88' lang='lat' dir='ltr'>unquam</span> <span class='ocrx_word' id='word_1_79' title='bbox 1406 2805 1679 2863; x_wconf 79' lang='lat' dir='ltr'>senatus</span> <span class='ocrx_word' id='word_1_80' title='bbox 1736 2799 1941 2864; x_wconf 80' lang='lat' dir='ltr'>vestri</span> <span class='ocrx_word' id='word_1_81' title='bbox 1997 2796 2208 2865; x_wconf 89' lang='lat' dir='ltr'>literis</span> <span class='ocrx_word' id='word_1_82' title='bbox 2271 2799 2368 2864; x_wconf 88' lang='lat' dir='ltr'>ita</span> <span class='ocrx_word' id='word_1_83' title='bbox 2423 2820 2574 2864; x_wconf 90' lang='lat' dir='ltr'>sum</span> 
     </span>
     <span class='ocr_line' id='line_1_17' title="bbox 599 2881 2573 2971; baseline -0.001 -19"><span class='ocrx_word' id='word_1_84' title='bbox 599 2892 970 2952; x_wconf 85' lang='lat' dir='ltr'>commotus</span> <span class='ocrx_word' id='word_1_85' title='bbox 1003 2891 1086 2949; x_wconf 90' lang='lat' dir='ltr'>ut</span> <span class='ocrx_word' id='word_1_86' title='bbox 1127 2883 1212 2948; x_wconf 81' lang='lat' dir='ltr'>iis</span> <span class='ocrx_word' id='word_1_87' title='bbox 1245 2903 1408 2967; x_wconf 82' lang='lat' dir='ltr'>quas</span> <span class='ocrx_word' id='word_1_88' title='bbox 1443 2881 1638 2950; x_wconf 86' lang='lat' dir='ltr'>hodie</span> <span class='ocrx_word' id='word_1_89' title='bbox 1671 2884 1743 2950; x_wconf 91' lang='lat' dir='ltr'>in</span> <span class='ocrx_word' id='word_1_90' title='bbox 1780 2893 2016 2949; x_wconf 88' lang='lat' dir='ltr'>senatu</span> <span class='ocrx_word' id='word_1_91' title='bbox 2051 2883 2382 2968; x_wconf 79' lang='lat' dir='ltr'>frequenti</span> <span class='ocrx_word' id='word_1_92' title='bbox 2420 2884 2573 2971; x_wconf 90' lang='lat' dir='ltr'>legi,</span> 
     </span>
     <span class='ocr_line' id='line_1_18' title="bbox 599 2968 2573 3054; baseline 0.002 -20"><span class='ocrx_word' id='word_1_93' title='bbox 599 2968 841 3054; x_wconf 88' lang='lat' dir='ltr'>quibus</span> <span class='ocrx_word' id='word_1_94' title='bbox 885 2969 969 3035; x_wconf 91' lang='lat' dir='ltr'>de</span> <span class='ocrx_word' id='word_1_95' title='bbox 1012 2977 1390 3036; x_wconf 84' lang='lat' dir='ltr'>commeatu</span> <span class='ocrx_word' id='word_1_96' title='bbox 1430 2969 1633 3035; x_wconf 88' lang='lat' dir='ltr'>unius</span> <span class='ocrx_word' id='word_1_97' title='bbox 1678 2968 1809 3034; x_wconf 89' lang='lat' dir='ltr'>diei</span> <span class='ocrx_word' id='word_1_98' title='bbox 1851 2969 1922 3034; x_wconf 90' lang='lat' dir='ltr'>in</span> <span class='ocrx_word' id='word_1_99' title='bbox 1965 2971 2097 3035; x_wconf 87' lang='lat' dir='ltr'>tria</span> <span class='ocrx_word' id='word_1_100' title='bbox 2146 2970 2410 3037; x_wconf 89' lang='lat' dir='ltr'>circiter</span> <span class='ocrx_word' id='word_1_101' title='bbox 2453 2971 2573 3037; x_wconf 92' lang='lat' dir='ltr'>ho-</span> 
     </span>
     <span class='ocr_line' id='line_1_19' title="bbox 598 3054 2573 3140; baseline 0.001 -18"><span class='ocrx_word' id='word_1_102' title='bbox 598 3055 861 3123; x_wconf 81' lang='lat' dir='ltr'>minum</span> <span class='ocrx_word' id='word_1_103' title='bbox 914 3055 1123 3122; x_wconf 88' lang='lat' dir='ltr'>millia</span> <span class='ocrx_word' id='word_1_104' title='bbox 1176 3076 1256 3121; x_wconf 87' lang='lat' dir='ltr'>ea</span> <span class='ocrx_word' id='word_1_105' title='bbox 1311 3054 1620 3139; x_wconf 88' lang='lat' dir='ltr'>desperat</span> <span class='ocrx_word' id='word_1_106' title='bbox 1674 3056 1853 3135; x_wconf 89' lang='lat' dir='ltr'>urbs,</span> <span class='ocrx_word' id='word_1_107' title='bbox 1908 3076 2105 3140; x_wconf 88' lang='lat' dir='ltr'>quam</span> <span class='ocrx_word' id='word_1_108' title='bbox 2163 3054 2573 3123; x_wconf 76' lang='lat' dir='ltr'>obsidionem</span> 
     </span>
     <span class='ocr_line' id='line_1_20' title="bbox 597 3141 2574 3228; baseline 0.001 -19"><span class='ocrx_word' id='word_1_109' title='bbox 597 3142 847 3228; x_wconf 76' lang='lat' dir='ltr'>integri</span> <span class='ocrx_word' id='word_1_110' title='bbox 892 3143 1052 3208; x_wconf 88' lang='lat' dir='ltr'>anni</span> <span class='ocrx_word' id='word_1_111' title='bbox 1095 3141 1380 3207; x_wconf 84' lang='lat' dir='ltr'>laturam</span> <span class='ocrx_word' id='word_1_112' title='bbox 1426 3141 1616 3208; x_wconf 83' lang='lat' dir='ltr'>facile</span> <span class='ocrx_word' id='word_1_113' title='bbox 1650 3160 1882 3207; x_wconf 88' lang='lat' dir='ltr'>omnes</span> <span class='ocrx_word' id='word_1_114' title='bbox 1915 3141 2385 3219; x_wconf 83' lang='lat' dir='ltr'>iudicabamus,</span> <span class='ocrx_word' id='word_1_115' title='bbox 2428 3144 2574 3210; x_wconf 88' lang='lat' dir='ltr'>sine</span> 
     </span>
     <span class='ocr_line' id='line_1_21' title="bbox 597 3226 2575 3311; baseline 0.001 -17"><span class='ocrx_word' id='word_1_116' title='bbox 597 3226 824 3311; x_wconf 84' lang='lat' dir='ltr'>inopia</span> <span class='ocrx_word' id='word_1_117' title='bbox 859 3228 1095 3294; x_wconf 80' lang='lat' dir='ltr'>victus.</span> <span class='ocrx_word' id='word_1_118' title='bbox 1167 3226 1356 3308; x_wconf 84' lang='lat' dir='ltr'>Quae</span> <span class='ocrx_word' id='word_1_119' title='bbox 1399 3228 1458 3291; x_wconf 89' lang='lat' dir='ltr'>si</span> <span class='ocrx_word' id='word_1_120' title='bbox 1494 3236 1680 3293; x_wconf 86' lang='lat' dir='ltr'>tanta</span> <span class='ocrx_word' id='word_1_121' title='bbox 1712 3247 1896 3293; x_wconf 88' lang='lat' dir='ltr'>nunc</span> <span class='ocrx_word' id='word_1_122' title='bbox 1931 3234 2050 3306; x_wconf 87' lang='lat' dir='ltr'>est,</span> <span class='ocrx_word' id='word_1_123' title='bbox 2095 3226 2575 3295; x_wconf 88' lang='lat' dir='ltr'>dissimulanda</span> 
     </span>
     <span class='ocr_line' id='line_1_22' title="bbox 598 3312 2573 3399; baseline 0 -19"><span class='ocrx_word' id='word_1_124' title='bbox 598 3320 829 3381; x_wconf 86' lang='lat' dir='ltr'>tamen</span> <span class='ocrx_word' id='word_1_125' title='bbox 874 3323 1034 3392; x_wconf 91' lang='lat' dir='ltr'>erat,</span> <span class='ocrx_word' id='word_1_126' title='bbox 1092 3319 1163 3379; x_wconf 92' lang='lat' dir='ltr'>et</span> <span class='ocrx_word' id='word_1_127' title='bbox 1219 3312 1480 3395; x_wconf 85' lang='lat' dir='ltr'>quidvis</span> <span class='ocrx_word' id='word_1_128' title='bbox 1536 3314 1758 3397; x_wconf 89' lang='lat' dir='ltr'>potius</span> <span class='ocrx_word' id='word_1_129' title='bbox 1815 3313 2209 3379; x_wconf 89' lang='lat' dir='ltr'>tentandum</span> <span class='ocrx_word' id='word_1_130' title='bbox 2252 3335 2452 3399; x_wconf 90' lang='lat' dir='ltr'>quam</span> <span class='ocrx_word' id='word_1_131' title='bbox 2495 3326 2573 3380; x_wconf 88' lang='lat' dir='ltr'>ut</span> 
     </span>
     <span class='ocr_line' id='line_1_23' title="bbox 599 3397 2572 3484; baseline -0.001 -18"><span class='ocrx_word' id='word_1_132' title='bbox 599 3399 711 3467; x_wconf 82' lang='lat' dir='ltr'>vel</span> <span class='ocrx_word' id='word_1_133' title='bbox 768 3399 1168 3465; x_wconf 89' lang='lat' dir='ltr'>simularetis</span> <span class='ocrx_word' id='word_1_134' title='bbox 1211 3397 1319 3466; x_wconf 79' lang='lat' dir='ltr'>vel</span> <span class='ocrx_word' id='word_1_135' title='bbox 1364 3397 1535 3466; x_wconf 88' lang='lat' dir='ltr'>serio</span> <span class='ocrx_word' id='word_1_136' title='bbox 1577 3398 1945 3483; x_wconf 80' lang='lat' dir='ltr'>proderetis</span> <span class='ocrx_word' id='word_1_137' title='bbox 2001 3400 2312 3484; x_wconf 90' lang='lat' dir='ltr'>inopiam.</span> <span class='ocrx_word' id='word_1_138' title='bbox 2385 3399 2572 3466; x_wconf 87' lang='lat' dir='ltr'>Proh</span> 
     </span>
     <span class='ocr_line' id='line_1_24' title="bbox 595 3483 2573 3569; baseline -0.001 -18"><span class='ocrx_word' id='word_1_139' title='bbox 595 3485 818 3552; x_wconf 75' lang='lat' dir='ltr'>Deus!</span> <span class='ocrx_word' id='word_1_140' title='bbox 888 3484 999 3568; x_wconf 90' lang='lat' dir='ltr'>qui</span> <span class='ocrx_word' id='word_1_141' title='bbox 1065 3483 1372 3551; x_wconf 76' lang='lat' dir='ltr'>cachinni</span> <span class='ocrx_word' id='word_1_142' title='bbox 1435 3494 1593 3550; x_wconf 89' lang='lat' dir='ltr'>sunt</span> <span class='ocrx_word' id='word_1_143' title='bbox 1655 3484 1866 3551; x_wconf 88' lang='lat' dir='ltr'>oborti</span> <span class='ocrx_word' id='word_1_144' title='bbox 1931 3487 2261 3569; x_wconf 89' lang='lat' dir='ltr'>permixto</span> <span class='ocrx_word' id='word_1_145' title='bbox 2324 3491 2426 3563; x_wconf 90' lang='lat' dir='ltr'>(ut</span> <span class='ocrx_word' id='word_1_146' title='bbox 2468 3487 2573 3564; x_wconf 86' lang='lat' dir='ltr'>fit)</span> 
     </span>
     <span class='ocr_line' id='line_1_25' title="bbox 598 3569 2572 3655; baseline 0.001 -18"><span class='ocrx_word' id='word_1_147' title='bbox 598 3569 1017 3655; x_wconf 84' lang='lat' dir='ltr'>quorundam</span> <span class='ocrx_word' id='word_1_148' title='bbox 1062 3570 1335 3655; x_wconf 88' lang='lat' dir='ltr'>gemitu,</span> <span class='ocrx_word' id='word_1_149' title='bbox 1373 3569 1651 3637; x_wconf 80' lang='lat' dir='ltr'>Geneva</span> <span class='ocrx_word' id='word_1_150' title='bbox 1693 3570 2121 3637; x_wconf 88' lang='lat' dir='ltr'>eeclesiarum</span> <span class='ocrx_word' id='word_1_151' title='bbox 2164 3572 2370 3638; x_wconf 83' lang='lat' dir='ltr'>totius</span> <span class='ocrx_word' id='word_1_152' title='bbox 2406 3570 2572 3638; x_wconf 81' lang='lat' dir='ltr'>Gal-</span> 
     </span>
     <span class='ocr_line' id='line_1_26' title="bbox 597 3654 2574 3741; baseline 0.001 -19"><span class='ocrx_word' id='word_1_153' title='bbox 597 3656 729 3723; x_wconf 84' lang='lat' dir='ltr'>liae</span> <span class='ocrx_word' id='word_1_154' title='bbox 781 3664 1006 3741; x_wconf 87' lang='lat' dir='ltr'>segete</span> <span class='ocrx_word' id='word_1_155' title='bbox 1067 3676 1253 3721; x_wconf 88' lang='lat' dir='ltr'>suam</span> <span class='ocrx_word' id='word_1_156' title='bbox 1315 3654 1900 3722; x_wconf 74' lang='lat' dir='ltr'>infoecunditatem</span> <span class='ocrx_word' id='word_1_157' title='bbox 1965 3658 2354 3722; x_wconf 81' lang='lat' dir='ltr'>confitente!</span> <span class='ocrx_word' id='word_1_158' title='bbox 2425 3658 2574 3741; x_wconf 83' lang='lat' dir='ltr'>Ego</span> 
     </span>
     <span class='ocr_line' id='line_1_27' title="bbox 597 3740 2572 3827; baseline 0.001 -19"><span class='ocrx_word' id='word_1_159' title='bbox 597 3742 726 3808; x_wconf 82' lang='lat' dir='ltr'>tibi</span> <span class='ocrx_word' id='word_1_160' title='bbox 767 3742 972 3809; x_wconf 87' lang='lat' dir='ltr'>libere</span> <span class='ocrx_word' id='word_1_161' title='bbox 1009 3740 1155 3809; x_wconf 89' lang='lat' dir='ltr'>dico</span> <span class='ocrx_word' id='word_1_162' title='bbox 1199 3762 1308 3807; x_wconf 91' lang='lat' dir='ltr'>me</span> <span class='ocrx_word' id='word_1_163' title='bbox 1351 3741 1868 3809; x_wconf 84' lang='lat' dir='ltr'>detrectaturum</span> <span class='ocrx_word' id='word_1_164' title='bbox 1913 3742 2147 3808; x_wconf 90' lang='lat' dir='ltr'>tributi</span> <span class='ocrx_word' id='word_1_165' title='bbox 2188 3743 2572 3827; x_wconf 82' lang='lat' dir='ltr'>pensionem</span> 
     </span>
     <span class='ocr_line' id='line_1_28' title="bbox 597 3826 2571 3912; baseline -0.002 -16"><span class='ocrx_word' id='word_1_166' title='bbox 597 3836 823 3896; x_wconf 82' lang='lat' dir='ltr'>vestro</span> <span class='ocrx_word' id='word_1_167' title='bbox 866 3838 1103 3893; x_wconf 88' lang='lat' dir='ltr'>senatu</span> <span class='ocrx_word' id='word_1_168' title='bbox 1147 3828 1455 3912; x_wconf 77' lang='lat' dir='ltr'>exigente</span> <span class='ocrx_word' id='word_1_169' title='bbox 1500 3848 1633 3894; x_wconf 90' lang='lat' dir='ltr'>non</span> <span class='ocrx_word' id='word_1_170' title='bbox 1693 3828 1916 3906; x_wconf 85' lang='lat' dir='ltr'>fuisse,</span> <span class='ocrx_word' id='word_1_171' title='bbox 1973 3826 2132 3894; x_wconf 87' lang='lat' dir='ltr'>licet</span> <span class='ocrx_word' id='word_1_172' title='bbox 2189 3828 2387 3894; x_wconf 88' lang='lat' dir='ltr'>alieni</span> <span class='ocrx_word' id='word_1_173' title='bbox 2445 3829 2571 3894; x_wconf 88' lang='lat' dir='ltr'>sim</span> 
     </span>
     <span class='ocr_line' id='line_1_29' title="bbox 596 3913 2571 3998; baseline 0 -18"><span class='ocrx_word' id='word_1_174' title='bbox 596 3914 691 3980; x_wconf 91' lang='lat' dir='ltr'>im</span> <span class='ocrx_word' id='word_1_175' title='bbox 820 3914 882 3992; x_wconf 82' lang='lat'>&#39;’,</span> <span class='ocrx_word' id='word_1_176' title='bbox 928 3922 1188 3979; x_wconf 83' lang='lat' dir='ltr'>tantum</span> <span class='ocrx_word' id='word_1_177' title='bbox 1223 3935 1309 3979; x_wconf 90' lang='lat' dir='ltr'>ne</span> <span class='ocrx_word' id='word_1_178' title='bbox 1345 3913 1628 3981; x_wconf 79' lang='lat' dir='ltr'>Geneva</span> <span class='ocrx_word' id='word_1_179' title='bbox 1668 3934 1858 3980; x_wconf 89' lang='lat' dir='ltr'>suam</span> <span class='ocrx_word' id='word_1_180' title='bbox 1895 3913 2279 3998; x_wconf 86' lang='lat' dir='ltr'>parcitatem</span> <span class='ocrx_word' id='word_1_181' title='bbox 2323 3915 2395 3980; x_wconf 92' lang='lat' dir='ltr'>in</span> <span class='ocrx_word' id='word_1_182' title='bbox 2439 3935 2571 3995; x_wconf 86' lang='lat' dir='ltr'>eos,</span> 
     </span>
     <span class='ocr_line' id='line_1_30' title="bbox 595 3999 2571 4084; baseline 0.001 -20"><span class='ocrx_word' id='word_1_183' title='bbox 595 4020 713 4084; x_wconf 87' lang='lat' dir='ltr'>qm</span> <span class='ocrx_word' id='word_1_184' title='bbox 757 3999 876 4066; x_wconf 76' lang='lat' dir='ltr'>vix</span> <span class='ocrx_word' id='word_1_185' title='bbox 910 3999 1173 4084; x_wconf 89' lang='lat' dir='ltr'>magnis</span> <span class='ocrx_word' id='word_1_186' title='bbox 1217 4000 1766 4078; x_wconf 80' lang='lat' dir='ltr'>contentionibus,</span> <span class='ocrx_word' id='word_1_187' title='bbox 1809 4008 1885 4065; x_wconf 88' lang='lat' dir='ltr'>ut</span> <span class='ocrx_word' id='word_1_188' title='bbox 1908 3999 2168 4067; x_wconf 79' lang='lat' dir='ltr'>Galliae</span> <span class='ocrx_word' id='word_1_189' title='bbox 2202 4020 2393 4084; x_wconf 91' lang='lat' dir='ltr'>opem</span> <span class='ocrx_word' id='word_1_190' title='bbox 2438 4001 2571 4066; x_wconf 78' lang='lat' dir='ltr'>fer-</span> 
     </span>
     <span class='ocr_line' id='line_1_31' title="bbox 595 4085 2567 4170; baseline -0.001 -18"><span class='ocrx_word' id='word_1_191' title='bbox 595 4096 770 4165; x_wconf 82' lang='lat' dir='ltr'>rent,</span> <span class='ocrx_word' id='word_1_192' title='bbox 836 4086 1215 4152; x_wconf 88' lang='lat' dir='ltr'>missionem</span> <span class='ocrx_word' id='word_1_193' title='bbox 1284 4085 1639 4170; x_wconf 88' lang='lat' dir='ltr'>impetrare</span> <span class='ocrx_word' id='word_1_194' title='bbox 1698 4095 2074 4170; x_wconf 88' lang='lat' dir='ltr'>potuerunt,</span> <span class='ocrx_word' id='word_1_195' title='bbox 2141 4086 2316 4153; x_wconf 86' lang='lat' dir='ltr'>fassa</span> <span class='ocrx_word' id='word_1_196' title='bbox 2373 4094 2567 4153; x_wconf 85' lang='lat' dir='ltr'>esset.</span> 
     </span>
     <span class='ocr_line' id='line_1_32' title="bbox 593 4169 2571 4257; baseline -0.001 -19"><span class='ocrx_word' id='word_1_197' title='bbox 593 4171 834 4257; x_wconf 84' lang='lat' dir='ltr'>Neque</span> <span class='ocrx_word' id='word_1_198' title='bbox 869 4171 1163 4236; x_wconf 85' lang='lat' dir='ltr'>nummis</span> <span class='ocrx_word' id='word_1_199' title='bbox 1196 4192 1410 4254; x_wconf 89' lang='lat' dir='ltr'>neque</span> <span class='ocrx_word' id='word_1_200' title='bbox 1453 4171 1660 4238; x_wconf 88' lang='lat' dir='ltr'>labori</span> <span class='ocrx_word' id='word_1_201' title='bbox 1697 4169 2097 4255; x_wconf 88' lang='lat' dir='ltr'>parcendum</span> <span class='ocrx_word' id='word_1_202' title='bbox 2136 4182 2280 4238; x_wconf 89' lang='lat' dir='ltr'>erat</span> <span class='ocrx_word' id='word_1_203' title='bbox 2313 4193 2399 4238; x_wconf 93' lang='lat' dir='ltr'>ne</span> <span class='ocrx_word' id='word_1_204' title='bbox 2439 4172 2571 4237; x_wconf 90' lang='lat' dir='ltr'>ista</span> 
     </span>
     <span class='ocr_line' id='line_1_33' title="bbox 592 4256 2569 4409; baseline -0.001 -86"><span class='ocrx_word' id='word_1_205' title='bbox 592 4257 990 4409; x_wconf 44' lang='lat' dir='ltr'>significatio</span> <span class='ocrx_word' id='word_1_206' title='bbox 1030 4257 1499 4323; x_wconf 90' lang='lat' dir='ltr'>contractionis</span> <span class='ocrx_word' id='word_1_207' title='bbox 1542 4259 1884 4342; x_wconf 84' lang='lat' dir='ltr'>erupisset,</span> <span class='ocrx_word' id='word_1_208' title='bbox 1943 4258 2340 4342; x_wconf 91' lang='lat' dir='ltr'>praesertim</span> <span class='ocrx_word' id='word_1_209' title='bbox 2384 4256 2569 4322; x_wconf 89' lang='lat' dir='ltr'>nullo</span> 
     </span>
     <span class='ocr_line' id='line_1_34' title="bbox 593 4341 2570 4428; baseline -0.002 -15"><span class='ocrx_word' id='word_1_210' title='bbox 593 4364 679 4413; x_wconf 79' lang='lat' dir='ltr'>ve</span> <span class='ocrx_word' id='word_1_211' title='bbox 750 4342 992 4408; x_wconf 88' lang='lat' dir='ltr'>damno</span> <span class='ocrx_word' id='word_1_212' title='bbox 1035 4341 1146 4407; x_wconf 80' lang='lat' dir='ltr'>vel</span> <span class='ocrx_word' id='word_1_213' title='bbox 1192 4342 1588 4409; x_wconf 87' lang='lat' dir='ltr'>detrimento</span> <span class='ocrx_word' id='word_1_214' title='bbox 1627 4345 1835 4408; x_wconf 83' lang='lat' dir='ltr'>vitam</span> <span class='ocrx_word' id='word_1_215' title='bbox 1879 4364 2072 4409; x_wconf 88' lang='lat' dir='ltr'>suam</span> <span class='ocrx_word' id='word_1_216' title='bbox 2115 4364 2235 4428; x_wconf 88' lang='lat' dir='ltr'>pro</span> <span class='ocrx_word' id='word_1_217' title='bbox 2278 4342 2570 4410; x_wconf 86' lang='lat' dir='ltr'>ecclesiis</span> 
     </span>
     <span class='ocr_line' id='line_1_35' title="bbox 591 4428 2568 4513; baseline -0.001 -17"><span class='ocrx_word' id='word_1_218' title='bbox 591 4430 1081 4513; x_wconf 85' lang='lat' dir='ltr'>exponentibus</span> <span class='ocrx_word' id='word_1_219' title='bbox 1117 4447 1448 4494; x_wconf 88' lang='lat' dir='ltr'>annonam</span> <span class='ocrx_word' id='word_1_220' title='bbox 1471 4429 1679 4512; x_wconf 88' lang='lat' dir='ltr'>pretio</span> <span class='ocrx_word' id='word_1_221' title='bbox 1724 4430 2066 4513; x_wconf 87' lang='lat' dir='ltr'>empturis.</span> <span class='ocrx_word' id='word_1_222' title='bbox 2127 4428 2381 4496; x_wconf 89' lang='lat' dir='ltr'>Omnes</span> <span class='ocrx_word' id='word_1_223' title='bbox 2424 4449 2568 4495; x_wconf 91' lang='lat' dir='ltr'>om·</span> 
     </span>
     <span class='ocr_line' id='line_1_36' title="bbox 593 4514 2571 4582; baseline -0.001 0"><span class='ocrx_word' id='word_1_224' title='bbox 593 4516 782 4582; x_wconf 85' lang='lat' dir='ltr'>nium</span> <span class='ocrx_word' id='word_1_225' title='bbox 840 4535 1034 4581; x_wconf 81' lang='lat' dir='ltr'>voces</span> <span class='ocrx_word' id='word_1_226' title='bbox 1099 4514 1440 4581; x_wconf 87' lang='lat' dir='ltr'>clamitant</span> <span class='ocrx_word' id='word_1_227' title='bbox 1496 4514 1924 4582; x_wconf 83' lang='lat' dir='ltr'>Genevenses</span> <span class='ocrx_word' id='word_1_228' title='bbox 1988 4514 2055 4580; x_wconf 92' lang='lat' dir='ltr'>id</span> <span class='ocrx_word' id='word_1_229' title='bbox 2112 4536 2322 4581; x_wconf 90' lang='lat' dir='ltr'>unum</span> <span class='ocrx_word' id='word_1_230' title='bbox 2389 4535 2571 4581; x_wconf 90' lang='lat' dir='ltr'>nunc</span> 
     </span>
     <span class='ocr_line' id='line_1_37' title="bbox 593 4599 2570 4686; baseline -0.002 -17"><span class='ocrx_word' id='word_1_231' title='bbox 593 4602 907 4686; x_wconf 85' lang='lat' dir='ltr'>cogitare,</span> <span class='ocrx_word' id='word_1_232' title='bbox 948 4614 1029 4666; x_wconf 88' lang='lat' dir='ltr'>ut</span> <span class='ocrx_word' id='word_1_233' title='bbox 1070 4603 1214 4667; x_wconf 89' lang='lat' dir='ltr'>sine</span> <span class='ocrx_word' id='word_1_234' title='bbox 1257 4621 1376 4666; x_wconf 88' lang='lat' dir='ltr'>suo</span> <span class='ocrx_word' id='word_1_235' title='bbox 1417 4599 1831 4667; x_wconf 90' lang='lat' dir='ltr'>incommodo</span> <span class='ocrx_word' id='word_1_236' title='bbox 1874 4600 2110 4668; x_wconf 88' lang='lat' dir='ltr'>alienis</span> <span class='ocrx_word' id='word_1_237' title='bbox 2155 4602 2359 4668; x_wconf 86' lang='lat' dir='ltr'>armis</span> <span class='ocrx_word' id='word_1_238' title='bbox 2399 4621 2570 4685; x_wconf 88' lang='lat' dir='ltr'>quae</span> 
     </span>
     <span class='ocr_line' id='line_1_38' title="bbox 595 4685 2569 4754; baseline -0.001 -2"><span class='ocrx_word' id='word_1_239' title='bbox 595 4688 620 4752; x_wconf 91' lang='lat' dir='ltr'>i</span> <span class='ocrx_word' id='word_1_240' title='bbox 701 4688 724 4752; x_wconf 93' lang='lat' dir='ltr'>i</span> <span class='ocrx_word' id='word_1_241' title='bbox 767 4688 1184 4753; x_wconf 86' lang='lat' dir='ltr'>concitarunt</span> <span class='ocrx_word' id='word_1_242' title='bbox 1225 4686 1354 4751; x_wconf 88' lang='lat' dir='ltr'>tuti</span> <span class='ocrx_word' id='word_1_243' title='bbox 1399 4687 1652 4752; x_wconf 81' lang='lat' dir='ltr'>vivant.</span> <span class='ocrx_word' id='word_1_244' title='bbox 1733 4687 2007 4754; x_wconf 88' lang='lat' dir='ltr'>Utinam</span> <span class='ocrx_word' id='word_1_245' title='bbox 2055 4688 2178 4753; x_wconf 85' lang='lat' dir='ltr'>hoe</span> <span class='ocrx_word' id='word_1_246' title='bbox 2222 4687 2413 4753; x_wconf 88' lang='lat' dir='ltr'>nohis</span> <span class='ocrx_word' id='word_1_247' title='bbox 2457 4685 2569 4752; x_wconf 91' lang='lat' dir='ltr'>diu</span> 
     </span>
     <span class='ocr_line' id='line_1_39' title="bbox 593 4771 2571 4858; baseline -0.001 -19"><span class='ocrx_word' id='word_1_248' title='bbox 593 4772 810 4850; x_wconf 88' lang='lat' dir='ltr'>hceat,</span> <span class='ocrx_word' id='word_1_249' title='bbox 877 4782 947 4839; x_wconf 92' lang='lat' dir='ltr'>et</span> <span class='ocrx_word' id='word_1_250' title='bbox 1011 4792 1195 4838; x_wconf 88' lang='lat' dir='ltr'>arma</span> <span class='ocrx_word' id='word_1_251' title='bbox 1259 4772 1532 4838; x_wconf 88' lang='lat' dir='ltr'>silerent</span> <span class='ocrx_word' id='word_1_252' title='bbox 1595 4771 1815 4856; x_wconf 87' lang='lat' dir='ltr'>potius</span> <span class='ocrx_word' id='word_1_253' title='bbox 1870 4793 2063 4857; x_wconf 90' lang='lat' dir='ltr'>quam</span> <span class='ocrx_word' id='word_1_254' title='bbox 2134 4780 2264 4838; x_wconf 91' lang='lat' dir='ltr'>tam</span> <span class='ocrx_word' id='word_1_255' title='bbox 2328 4772 2571 4858; x_wconf 72' lang='lat' dir='ltr'>frigide</span> 
     </span>
     <span class='ocr_line' id='line_1_40' title="bbox 595 4857 2572 4926; baseline 0 -3"><span class='ocrx_word' id='word_1_256' title='bbox 595 4859 998 4924; x_wconf 79' lang='lat' dir='ltr'>foverentur.</span> <span class='ocrx_word' id='word_1_257' title='bbox 1078 4857 1402 4924; x_wconf 88' lang='lat' dir='ltr'>Prudenti</span> <span class='ocrx_word' id='word_1_258' title='bbox 1446 4857 1610 4925; x_wconf 85' lang='lat' dir='ltr'>haec</span> <span class='ocrx_word' id='word_1_259' title='bbox 1651 4858 1864 4924; x_wconf 88' lang='lat' dir='ltr'>scribo</span> <span class='ocrx_word' id='word_1_260' title='bbox 1908 4868 1977 4924; x_wconf 91' lang='lat' dir='ltr'>et</span> <span class='ocrx_word' id='word_1_261' title='bbox 2017 4858 2123 4926; x_wconf 90' lang='lat' dir='ltr'>cui</span> <span class='ocrx_word' id='word_1_262' title='bbox 2166 4879 2303 4924; x_wconf 91' lang='lat' dir='ltr'>non</span> <span class='ocrx_word' id='word_1_263' title='bbox 2346 4858 2572 4924; x_wconf 88' lang='lat' dir='ltr'>omnia</span> 
     </span>
     <span class='ocr_line' id='line_1_41' title="bbox 597 4942 2567 5029; baseline -0.001 -19"><span class='ocrx_word' id='word_1_264' title='bbox 597 4943 877 5010; x_wconf 82' lang='lat' dir='ltr'>consilia</span> <span class='ocrx_word' id='word_1_265' title='bbox 919 4943 1182 5027; x_wconf 86' lang='lat' dir='ltr'>probari</span> <span class='ocrx_word' id='word_1_266' title='bbox 1224 4946 1376 5011; x_wconf 88' lang='lat' dir='ltr'>seio.</span> <span class='ocrx_word' id='word_1_267' title='bbox 1456 4942 1534 5009; x_wconf 81' lang='lat' dir='ltr'>Si</span> <span class='ocrx_word' id='word_1_268' title='bbox 1578 4945 1690 5026; x_wconf 91' lang='lat' dir='ltr'>qui</span> <span class='ocrx_word' id='word_1_269' title='bbox 1734 4964 2034 5011; x_wconf 89' lang='lat' dir='ltr'>annonae</span> <span class='ocrx_word' id='word_1_270' title='bbox 2076 4944 2369 5029; x_wconf 88' lang='lat' dir='ltr'>inopiam</span> <span class='ocrx_word' id='word_1_271' title='bbox 2413 4964 2567 5010; x_wconf 86' lang='lat' dir='ltr'>eau-</span> 
     </span>
     <span class='ocr_line' id='line_1_42' title="bbox 597 5028 2426 5106; baseline 0.003 -13"><span class='ocrx_word' id='word_1_272' title='bbox 597 5038 821 5095; x_wconf 80' lang='lat' dir='ltr'>santes</span> <span class='ocrx_word' id='word_1_273' title='bbox 855 5028 1129 5094; x_wconf 81' lang='lat' dir='ltr'>insidias</span> <span class='ocrx_word' id='word_1_274' title='bbox 1152 5031 1342 5095; x_wconf 83' lang='lat' dir='ltr'>veriti</span> <span class='ocrx_word' id='word_1_275' title='bbox 1379 5038 1555 5106; x_wconf 74' lang='lat' dir='ltr'>sunt,</span> <span class='ocrx_word' id='word_1_276' title='bbox 1593 5029 1912 5096; x_wconf 83' lang='lat' dir='ltr'>falluntur</span> <span class='ocrx_word' id='word_1_277' title='bbox 1933 5040 2002 5095; x_wconf 90' lang='lat' dir='ltr'>et</span> <span class='ocrx_word' id='word_1_278' title='bbox 2035 5030 2291 5096; x_wconf 81' lang='lat' dir='ltr'>fallunt.</span> <span class='ocrx_word' id='word_1_279' title='bbox 2352 5028 2426 5098; x_wconf 66' lang='grc' dir='ltr'>δ’</span> 
     </span>
     <span class='ocr_line' id='line_1_43' title="bbox 601 5112 2566 5199; baseline 0.003 -21"><span class='ocrx_word' id='word_1_280' title='bbox 601 5112 780 5178; x_wconf 86' lang='lat' dir='ltr'>enim</span> <span class='ocrx_word' id='word_1_281' title='bbox 842 5114 971 5180; x_wconf 87' lang='lat' dir='ltr'>ista</span> <span class='ocrx_word' id='word_1_282' title='bbox 1024 5113 1369 5181; x_wconf 76' lang='lat' dir='ltr'>Genevam</span> <span class='ocrx_word' id='word_1_283' title='bbox 1428 5136 1564 5181; x_wconf 91' lang='lat' dir='ltr'>non</span> <span class='ocrx_word' id='word_1_284' title='bbox 1628 5123 1868 5199; x_wconf 89' lang='lat' dir='ltr'>petunt</span> <span class='ocrx_word' id='word_1_285' title='bbox 1930 5114 2048 5182; x_wconf 90' lang='lat' dir='ltr'>sed</span> <span class='ocrx_word' id='word_1_286' title='bbox 2113 5117 2337 5184; x_wconf 89' lang='lat' dir='ltr'>hostes</span> <span class='ocrx_word' id='word_1_287' title='bbox 2404 5136 2566 5183; x_wconf 79' lang='lat' dir='ltr'>eius.</span> 
     </span>
    </p>
   </div>
   <div class='ocr_carea' id='block_1_9' title="bbox 605 5250 1014 5261">
    <p class='ocr_par' dir='ltr' id='par_1_10' title="bbox 605 5250 1014 5261">
     <span class='ocr_line' id='line_1_44' title="bbox 605 5250 1014 5261; baseline 0 864"><span class='ocrx_word' id='word_1_288' title='bbox 605 5250 1014 5261; x_wconf 95' lang='lat' dir='ltr'> </span> 
     </span>
    </p>
   </div>
   <div class='ocr_carea' id='block_1_10' title="bbox 597 5312 2570 5392">
    <p class='ocr_par' dir='ltr' id='par_1_11' title="bbox 597 5312 2570 5392">
     <span class='ocr_line' id='line_1_45' title="bbox 597 5312 2570 5392; baseline 0.002 -23"><span class='ocrx_word' id='word_1_289' title='bbox 597 5312 873 5382; x_wconf 60' lang='lat' dir='ltr'>ml)</span> <span class='ocrx_word' id='word_1_290' title='bbox 913 5314 1130 5373; x_wconf 58' lang='lat' dir='ltr'>Umor</span> <span class='ocrx_word' id='word_1_291' title='bbox 1160 5318 1251 5374; x_wconf 62' lang='lat' dir='ltr'>ue</span> <span class='ocrx_word' id='word_1_292' title='bbox 1281 5319 1528 5387; x_wconf 65' lang='lat' dir='ltr'>marera</span> <span class='ocrx_word' id='word_1_293' title='bbox 1565 5319 1700 5392; x_wconf 70' lang='lat' dir='ltr'>Rea.</span> <span class='ocrx_word' id='word_1_294' title='bbox 1733 5318 2050 5378; x_wconf 64' lang='lat' dir='ltr'>duco-sca</span> <span class='ocrx_word' id='word_1_295' title='bbox 2078 5338 2119 5377; x_wconf 76' lang='lat' dir='ltr'>a</span> <span class='ocrx_word' id='word_1_296' title='bbox 2152 5322 2203 5378; x_wconf 80' lang='lat'>5.</span> <span class='ocrx_word' id='word_1_297' title='bbox 2238 5320 2317 5378; x_wconf 74' lang='lat' dir='ltr'>ad</span> <span class='ocrx_word' id='word_1_298' title='bbox 2349 5318 2570 5379; x_wconf 69' lang='lat' dir='ltr'>leul.</span> 
     </span>
    </p>
   </div>
   <div class='ocr_carea' id='block_1_11' title="bbox 2130 391 3133 463">
    <p class='ocr_par' dir='ltr' id='par_1_12' title="bbox 2130 391 3133 463">
     <span class='ocr_line' id='line_1_46' title="bbox 2130 391 3133 463; baseline -0.005 0"><span class='ocrx_word' id='word_1_299' title='bbox 2130 391 2661 463; x_wconf 72' lang='lat' dir='ltr'><strong>EPIS‘POLAE</strong></span> <span class='ocrx_word' id='word_1_300' title='bbox 2708 395 3133 459; x_wconf 80' lang='lat'>3823—3827</span> 
     </span>
    </p>
   </div>
   <div class='ocr_carea' id='block_1_12' title="bbox 2617 583 2637 5359">
    <p class='ocr_par' dir='ltr' id='par_1_13' title="bbox 2617 583 2637 5359">
     <span class='ocr_line' id='line_1_47' title="bbox 2617 583 2637 5359; baseline 0 0"><span class='ocrx_word' id='word_1_301' title='bbox 2617 583 2637 5359; x_wconf 95' lang='lat' dir='ltr'> </span> 
     </span>
    </p>
   </div>
   <div class='ocr_carea' id='block_1_13' title="bbox 4478 400 4581 462">
    <p class='ocr_par' dir='ltr' id='par_1_14' title="bbox 4478 400 4581 462">
     <span class='ocr_line' id='line_1_48' title="bbox 4478 400 4581 462; baseline 0 0"><span class='ocrx_word' id='word_1_302' title='bbox 4478 400 4581 462; x_wconf 70' lang='lat'>484</span> 
     </span>
    </p>
   </div>
   <div class='ocr_carea' id='block_1_14' title="bbox 2680 581 4592 843">
    <p class='ocr_par' dir='ltr' id='par_1_15' title="bbox 2680 581 4592 843">
     <span class='ocr_line' id='line_1_49' title="bbox 2681 581 4589 668; baseline 0 -17"><span class='ocrx_word' id='word_1_303' title='bbox 2681 581 3042 651; x_wconf 79' lang='lat' dir='ltr'>Continere</span> <span class='ocrx_word' id='word_1_304' title='bbox 3081 601 3210 664; x_wconf 91' lang='lat' dir='ltr'>me,</span> <span class='ocrx_word' id='word_1_305' title='bbox 3255 583 3416 667; x_wconf 87' lang='lat' dir='ltr'>quin</span> <span class='ocrx_word' id='word_1_306' title='bbox 3459 583 3588 650; x_wconf 83' lang='lat' dir='ltr'>ists</span> <span class='ocrx_word' id='word_1_307' title='bbox 3628 589 3848 651; x_wconf 83' lang='lat' dir='ltr'>tecum</span> <span class='ocrx_word' id='word_1_308' title='bbox 3881 581 4325 651; x_wconf 72' lang='lat' dir='ltr'>stomacharer</span> <span class='ocrx_word' id='word_1_309' title='bbox 4353 602 4589 668; x_wconf 69' lang='lat' dir='ltr'>oocupa-</span> 
     </span>
     <span class='ocr_line' id='line_1_50' title="bbox 2680 668 4591 755; baseline 0.001 -19"><span class='ocrx_word' id='word_1_310' title='bbox 2680 668 2955 750; x_wconf 85' lang='lat' dir='ltr'>tissimo,</span> <span class='ocrx_word' id='word_1_311' title='bbox 3020 689 3156 736; x_wconf 91' lang='lat' dir='ltr'>non</span> <span class='ocrx_word' id='word_1_312' title='bbox 3201 670 3402 754; x_wconf 83' lang='lat' dir='ltr'>potui.</span> <span class='ocrx_word' id='word_1_313' title='bbox 3476 669 3648 737; x_wconf 85' lang='lat' dir='ltr'>Vale</span> <span class='ocrx_word' id='word_1_314' title='bbox 3686 677 3758 736; x_wconf 87' lang='lat' dir='ltr'>et</span> <span class='ocrx_word' id='word_1_315' title='bbox 3807 690 3914 736; x_wconf 89' lang='lat' dir='ltr'>me</span> <span class='ocrx_word' id='word_1_316' title='bbox 3956 687 4137 735; x_wconf 81' lang='lat' dir='ltr'>ama:</span> <span class='ocrx_word' id='word_1_317' title='bbox 4203 689 4325 755; x_wconf 87' lang='lat' dir='ltr'>ego</span> <span class='ocrx_word' id='word_1_318' title='bbox 4363 668 4591 755; x_wconf 73' lang='lat' dir='ltr'>quidun</span> 
     </span>
     <span class='ocr_line' id='line_1_51' title="bbox 2681 754 4592 843; baseline 0.001 -22"><span class='ocrx_word' id='word_1_319' title='bbox 2681 763 2747 823; x_wconf 88' lang='lat' dir='ltr'>te</span> <span class='ocrx_word' id='word_1_320' title='bbox 2804 754 3233 824; x_wconf 82' lang='lat' dir='ltr'>vehementer</span> <span class='ocrx_word' id='word_1_321' title='bbox 3286 754 3490 843; x_wconf 86' lang='lat' dir='ltr'>diligo</span> <span class='ocrx_word' id='word_1_322' title='bbox 3547 763 3616 824; x_wconf 90' lang='lat' dir='ltr'>et</span> <span class='ocrx_word' id='word_1_323' title='bbox 3668 755 3958 823; x_wconf 81' lang='lat' dir='ltr'>observo.</span> <span class='ocrx_word' id='word_1_324' title='bbox 4040 754 4305 822; x_wconf 78' lang='lat' dir='ltr'>Bernae</span> <span class='ocrx_word' id='word_1_325' title='bbox 4356 759 4412 823; x_wconf 84' lang='grc'>8.</span> <span class='ocrx_word' id='word_1_326' title='bbox 4458 754 4592 822; x_wconf 78' lang='lat' dir='ltr'>Inffi</span> 
     </span>
    </p>
   </div>
   <div class='ocr_carea' id='block_1_15' title="bbox 2686 844 4450 996">
    <p class='ocr_par' dir='ltr' id='par_1_16' title="bbox 2686 844 4450 996">
     <span class='ocr_line' id='line_1_52' title="bbox 2686 844 4450 996; baseline 0.001 -89"><span class='ocrx_word' id='word_1_327' title='bbox 2686 844 2872 910; x_wconf 75' lang='lat'><strong>1⁶62.</strong></span> <span class='ocrx_word' id='word_1_328' title='bbox 3832 927 4017 995; x_wconf 62' lang='lat' dir='ltr'>Tum</span> <span class='ocrx_word' id='word_1_329' title='bbox 4058 925 4450 996; x_wconf 42' lang='lat' dir='ltr'>zemma</span> 
     </span>
    </p>
   </div>
   <div class='ocr_carea' id='block_1_16' title="bbox 3168 1438 4154 1663">
    <p class='ocr_par' dir='ltr' id='par_1_17' title="bbox 3168 1438 4154 1663">
     <span class='ocr_line' id='line_1_53' title="bbox 3558 1438 3758 1511; baseline -0.01 0"><span class='ocrx_word' id='word_1_330' title='bbox 3558 1438 3758 1511; x_wconf 73' lang='lat'><strong>8825.</strong></span> 
     </span>
     <span class='ocr_line' id='line_1_54' title="bbox 3168 1593 4154 1663; baseline 0 -1"><span class='ocrx_word' id='word_1_331' title='bbox 3168 1593 3672 1663; x_wconf 73' lang='lat' dir='ltr'><strong>FARELLUS</strong></span> <span class='ocrx_word' id='word_1_332' title='bbox 3715 1593 4154 1663; x_wconf 78' lang='lat' dir='ltr'>OALVINO.</span> 
     </span>
    </p>
   </div>
   <div class='ocr_carea' id='block_1_17' title="bbox 2678 1766 4619 2250">
    <p class='ocr_par' dir='ltr' id='par_1_18' title="bbox 2678 1766 4619 2250">
     <span class='ocr_line' id='line_1_55' title="bbox 2854 1766 4613 1852; baseline 0.001 -19"><span class='ocrx_word' id='word_1_333' title='bbox 2854 1766 3008 1852; x_wconf 69' lang='lat' dir='ltr'>Aqit</span> <span class='ocrx_word' id='word_1_334' title='bbox 3069 1768 3147 1834; x_wconf 74' lang='lat' dir='ltr'>de</span> <span class='ocrx_word' id='word_1_335' title='bbox 3208 1768 3495 1834; x_wconf 66' lang='lat' dir='ltr'>ministro</span> <span class='ocrx_word' id='word_1_336' title='bbox 3555 1767 3757 1835; x_wconf 73' lang='lat' dir='ltr'>nescio</span> <span class='ocrx_word' id='word_1_337' title='bbox 3798 1787 3919 1849; x_wconf 77' lang='lat' dir='ltr'>quo</span> <span class='ocrx_word' id='word_1_338' title='bbox 3980 1767 4291 1846; x_wconf 71' lang='lat' dir='ltr'>mittendo,</span> <span class='ocrx_word' id='word_1_339' title='bbox 4357 1770 4497 1835; x_wconf 70' lang='lat' dir='ltr'>itan</span> <span class='ocrx_word' id='word_1_340' title='bbox 4542 1767 4613 1834; x_wconf 75' lang='lat' dir='ltr'>de</span> 
     </span>
     <span class='ocr_line' id='line_1_56' title="bbox 2678 1851 4617 1939; baseline 0 -19"><span class='ocrx_word' id='word_1_341' title='bbox 2678 1851 3074 1920; x_wconf 68' lang='lat' dir='ltr'>ducibusad</span> <span class='ocrx_word' id='word_1_342' title='bbox 3124 1853 3245 1919; x_wconf 72' lang='lat' dir='ltr'>iter</span> <span class='ocrx_word' id='word_1_343' title='bbox 3295 1851 3857 1939; x_wconf 67' lang='lat' dir='ltr'>seaoen‘nyentibua</span> <span class='ocrx_word' id='word_1_344' title='bbox 3908 1853 4617 1938; x_wconf 59' lang='lat' dir='ltr'>namq-nom</span> 
     </span>
     <span class='ocr_line' id='line_1_57' title="bbox 2680 1938 3833 2022; baseline -0.003 -16"><span class='ocrx_word' id='word_1_345' title='bbox 2680 1940 3015 2022; x_wconf 70' lang='lat' dir='ltr'>impeditis.</span> <span class='ocrx_word' id='word_1_346' title='bbox 3100 1938 3478 2006; x_wconf 75' lang='lat' dir='ltr'>Farelliana</span> <span class='ocrx_word' id='word_1_347' title='bbox 3518 1939 3833 2006; x_wconf 65' lang='lat' dir='ltr'>luciditae.</span> 
     </span>
     <span class='ocr_line' id='line_1_58' title="bbox 2680 2107 4619 2250; baseline 0 -15"><span class='ocrx_word' id='word_1_348' title='bbox 2680 2111 2795 2178; x_wconf 68' lang='lat'>&lt;¹³¹</span> <span class='ocrx_word' id='word_1_349' title='bbox 2817 2128 2910 2235; x_wconf 55' lang='lat' dir='ltr'>aaz</span> <span class='ocrx_word' id='word_1_350' title='bbox 3060 2110 3193 2250; x_wconf 56' lang='lat' dir='ltr'>as„</span> <span class='ocrx_word' id='word_1_351' title='bbox 3205 2110 3614 2249; x_wconf 52' lang='lat' dir='ltr'>amr-1,</span> <span class='ocrx_word' id='word_1_352' title='bbox 3642 2107 3909 2245; x_wconf 43' lang='lat' dir='ltr'>aasz&amp;</span> <span class='ocrx_word' id='word_1_353' title='bbox 3941 2108 4317 2236; x_wconf 44' lang='lat' dir='ltr'>{mat</span> <span class='ocrx_word' id='word_1_354' title='bbox 4348 2110 4499 2246; x_wconf 48' lang='lat' dir='ltr'>a,</span> <span class='ocrx_word' id='word_1_355' title='bbox 4514 2109 4619 2176; x_wconf 57' lang='lat'>¹¹⁶»</span> 
     </span>
    </p>
   </div>
   <div class='ocr_carea' id='block_1_18' title="bbox 2678 2348 4627 2674">
    <p class='ocr_par' dir='ltr' id='par_1_19' title="bbox 2678 2348 4627 2674">
     <span class='ocr_line' id='line_1_59' title="bbox 2853 2348 4627 2419; baseline -0.001 -2"><span class='ocrx_word' id='word_1_356' title='bbox 2853 2350 3107 2417; x_wconf 82' lang='lat' dir='ltr'>Christi</span> <span class='ocrx_word' id='word_1_357' title='bbox 3164 2370 3356 2417; x_wconf 87' lang='lat' dir='ltr'>servo</span> <span class='ocrx_word' id='word_1_358' title='bbox 3397 2351 3492 2416; x_wconf 86' lang='lat' dir='ltr'>Io.</span> <span class='ocrx_word' id='word_1_359' title='bbox 3538 2348 3819 2419; x_wconf 81' lang='lat' dir='ltr'>Calvino</span> <span class='ocrx_word' id='word_1_360' title='bbox 3875 2349 4186 2417; x_wconf 88' lang='lat' dir='ltr'>ecclesiae</span> <span class='ocrx_word' id='word_1_361' title='bbox 4230 2349 4627 2417; x_wconf 82' lang='lat' dir='ltr'>Genevensis</span> 
     </span>
     <span class='ocr_line' id='line_1_60' title="bbox 2678 2436 4619 2522; baseline 0 -21"><span class='ocrx_word' id='word_1_362' title='bbox 2678 2436 2946 2520; x_wconf 87' lang='lat' dir='ltr'>pastori,</span> <span class='ocrx_word' id='word_1_363' title='bbox 3004 2436 3197 2502; x_wconf 74' lang='lat' dir='ltr'>fratri</span> <span class='ocrx_word' id='word_1_364' title='bbox 3250 2445 3318 2502; x_wconf 89' lang='lat' dir='ltr'>et</span> <span class='ocrx_word' id='word_1_365' title='bbox 3369 2445 3777 2522; x_wconf 78' lang='lat' dir='ltr'>symmystae</span> <span class='ocrx_word' id='word_1_366' title='bbox 3830 2456 4027 2520; x_wconf 88' lang='lat' dir='ltr'>quam</span> <span class='ocrx_word' id='word_1_367' title='bbox 4071 2437 4365 2502; x_wconf 77' lang='lat' dir='ltr'>maxime</span> <span class='ocrx_word' id='word_1_368' title='bbox 4418 2437 4619 2503; x_wconf 80' lang='lat' dir='ltr'>obser·</span> 
     </span>
     <span class='ocr_line' id='line_1_61' title="bbox 2680 2522 4467 2674; baseline 0.001 -88"><span class='ocrx_word' id='word_1_369' title='bbox 2680 2522 2912 2588; x_wconf 80' lang='lat' dir='ltr'>vando.</span> <span class='ocrx_word' id='word_1_370' title='bbox 4134 2605 4467 2674; x_wconf 48' lang='lat' dir='ltr'>Gemme-</span> 
     </span>
    </p>
   </div>
   <div class='ocr_carea' id='block_1_19' title="bbox 2671 2777 4633 4921">
    <p class='ocr_par' dir='ltr' id='par_1_20' title="bbox 2674 2777 4632 3884">
     <span class='ocr_line' id='line_1_62' title="bbox 2852 2777 4631 2865; baseline 0 -20"><span class='ocrx_word' id='word_1_371' title='bbox 2852 2778 2925 2846; x_wconf 82' lang='lat' dir='ltr'>S.</span> <span class='ocrx_word' id='word_1_372' title='bbox 2997 2780 3351 2865; x_wconf 85' lang='lat' dir='ltr'>Rogarunt</span> <span class='ocrx_word' id='word_1_373' title='bbox 3392 2799 3512 2845; x_wconf 92' lang='lat' dir='ltr'>nos</span> <span class='ocrx_word' id='word_1_374' title='bbox 3554 2777 3601 2843; x_wconf 90' lang='lat' dir='ltr'>ii</span> <span class='ocrx_word' id='word_1_375' title='bbox 3637 2778 3750 2861; x_wconf 87' lang='lat' dir='ltr'>qui</span> <span class='ocrx_word' id='word_1_376' title='bbox 3794 2777 4205 2863; x_wconf 87' lang='lat' dir='ltr'>collegerunt</span> <span class='ocrx_word' id='word_1_377' title='bbox 4236 2778 4481 2845; x_wconf 86' lang='lat' dir='ltr'>milites</span> <span class='ocrx_word' id='word_1_378' title='bbox 4522 2797 4631 2861; x_wconf 77' lang='lat' dir='ltr'>pro</span> 
     </span>
     <span class='ocr_line' id='line_1_63' title="bbox 2678 2863 4627 2947; baseline -0.001 -17"><span class='ocrx_word' id='word_1_379' title='bbox 2678 2867 3004 2932; x_wconf 79' lang='lat' dir='ltr'>ministro,</span> <span class='ocrx_word' id='word_1_380' title='bbox 3033 2870 3084 2943; x_wconf 86' lang='lat'>¹)</span> <span class='ocrx_word' id='word_1_381' title='bbox 3157 2864 3384 2930; x_wconf 81' lang='lat' dir='ltr'>Alium</span> <span class='ocrx_word' id='word_1_382' title='bbox 3430 2885 3560 2930; x_wconf 93' lang='lat' dir='ltr'>non</span> <span class='ocrx_word' id='word_1_383' title='bbox 3605 2864 3938 2947; x_wconf 89' lang='lat' dir='ltr'>potuimus</span> <span class='ocrx_word' id='word_1_384' title='bbox 3981 2863 4139 2930; x_wconf 87' lang='lat' dir='ltr'>dare</span> <span class='ocrx_word' id='word_1_385' title='bbox 4182 2884 4379 2946; x_wconf 84' lang='lat' dir='ltr'>quam</span> <span class='ocrx_word' id='word_1_386' title='bbox 4416 2864 4627 2932; x_wconf 68' lang='lat' dir='ltr'>Sain-</span> 
     </span>
     <span class='ocr_line' id='line_1_64' title="bbox 2680 2947 4629 3034; baseline -0.001 -17"><span class='ocrx_word' id='word_1_387' title='bbox 2680 2953 2960 3017; x_wconf 86' lang='lat' dir='ltr'>riensem</span> <span class='ocrx_word' id='word_1_388' title='bbox 3008 2971 3235 3017; x_wconf 88' lang='lat' dir='ltr'>senem</span> <span class='ocrx_word' id='word_1_389' title='bbox 3279 2959 3625 3034; x_wconf 86' lang='lat' dir='ltr'>expertum</span> <span class='ocrx_word' id='word_1_390' title='bbox 3670 2969 3914 3028; x_wconf 88' lang='lat' dir='ltr'>rerum,</span> <span class='ocrx_word' id='word_1_391' title='bbox 3970 2947 4090 3015; x_wconf 91' lang='lat' dir='ltr'>sed</span> <span class='ocrx_word' id='word_1_392' title='bbox 4131 2970 4263 3015; x_wconf 91' lang='lat' dir='ltr'>non</span> <span class='ocrx_word' id='word_1_393' title='bbox 4324 2961 4461 3015; x_wconf 89' lang='lat' dir='ltr'>tam</span> <span class='ocrx_word' id='word_1_394' title='bbox 4514 2950 4629 3015; x_wconf 87' lang='lat' dir='ltr'>hn-</span> 
     </span>
     <span class='ocr_line' id='line_1_65' title="bbox 2679 3033 4629 3120; baseline -0.001 -17"><span class='ocrx_word' id='word_1_395' title='bbox 2679 3038 2897 3104; x_wconf 91' lang='lat' dir='ltr'>manis</span> <span class='ocrx_word' id='word_1_396' title='bbox 2938 3036 3146 3103; x_wconf 88' lang='lat' dir='ltr'>literis</span> <span class='ocrx_word' id='word_1_397' title='bbox 3192 3037 3486 3116; x_wconf 89' lang='lat' dir='ltr'>tinctum,</span> <span class='ocrx_word' id='word_1_398' title='bbox 3540 3035 3613 3101; x_wconf 91' lang='lat' dir='ltr'>in</span> <span class='ocrx_word' id='word_1_399' title='bbox 3666 3035 3929 3120; x_wconf 91' lang='lat' dir='ltr'>pietatis</span> <span class='ocrx_word' id='word_1_400' title='bbox 3982 3033 4283 3102; x_wconf 90' lang='lat' dir='ltr'>doctrina</span> <span class='ocrx_word' id='word_1_401' title='bbox 4326 3056 4459 3103; x_wconf 91' lang='lat' dir='ltr'>non</span> <span class='ocrx_word' id='word_1_402' title='bbox 4514 3035 4629 3101; x_wconf 88' lang='lat' dir='ltr'>im·</span> 
     </span>
     <span class='ocr_line' id='line_1_66' title="bbox 2679 3118 4631 3209; baseline -0.001 -20"><span class='ocrx_word' id='word_1_403' title='bbox 2679 3144 2941 3209; x_wconf 88' lang='lat' dir='ltr'>purum,</span> <span class='ocrx_word' id='word_1_404' title='bbox 2987 3134 3056 3190; x_wconf 91' lang='lat' dir='ltr'>et</span> <span class='ocrx_word' id='word_1_405' title='bbox 3076 3123 3191 3208; x_wconf 88' lang='lat' dir='ltr'>qui</span> <span class='ocrx_word' id='word_1_406' title='bbox 3230 3144 3362 3188; x_wconf 89' lang='lat' dir='ltr'>non</span> <span class='ocrx_word' id='word_1_407' title='bbox 3405 3133 3508 3188; x_wconf 88' lang='lat' dir='ltr'>est</span> <span class='ocrx_word' id='word_1_408' title='bbox 3548 3122 3815 3205; x_wconf 90' lang='lat' dir='ltr'>ineptus</span> <span class='ocrx_word' id='word_1_409' title='bbox 3848 3118 3931 3187; x_wconf 90' lang='lat' dir='ltr'>ad</span> <span class='ocrx_word' id='word_1_410' title='bbox 3965 3120 4413 3188; x_wconf 91' lang='lat' dir='ltr'>admonendos</span> <span class='ocrx_word' id='word_1_411' title='bbox 4456 3123 4631 3187; x_wconf 78' lang='lat' dir='ltr'>iuve-</span> 
     </span>
     <span class='ocr_line' id='line_1_67' title="bbox 2678 3206 4631 3292; baseline -0.002 -17"><span class='ocrx_word' id='word_1_412' title='bbox 2678 3230 2815 3275; x_wconf 89' lang='lat' dir='ltr'>nes.</span> <span class='ocrx_word' id='word_1_413' title='bbox 2896 3206 2974 3274; x_wconf 80' lang='lat' dir='ltr'>Si</span> <span class='ocrx_word' id='word_1_414' title='bbox 3032 3218 3334 3275; x_wconf 89' lang='lat' dir='ltr'>senectus</span> <span class='ocrx_word' id='word_1_415' title='bbox 3391 3215 3623 3292; x_wconf 84' lang='lat' dir='ltr'>gravet</span> <span class='ocrx_word' id='word_1_416' title='bbox 3673 3208 3913 3285; x_wconf 81' lang='lat' dir='ltr'>virum,</span> <span class='ocrx_word' id='word_1_417' title='bbox 3972 3216 4050 3272; x_wconf 89' lang='lat' dir='ltr'>ut</span> <span class='ocrx_word' id='word_1_418' title='bbox 4100 3207 4280 3274; x_wconf 88' lang='lat' dir='ltr'>ultra</span> <span class='ocrx_word' id='word_1_419' title='bbox 4334 3206 4631 3292; x_wconf 82' lang='lat' dir='ltr'>progredi</span> 
     </span>
     <span class='ocr_line' id='line_1_68' title="bbox 2680 3292 4630 3378; baseline -0.002 -18"><span class='ocrx_word' id='word_1_420' title='bbox 2680 3314 2813 3360; x_wconf 88' lang='lat' dir='ltr'>non</span> <span class='ocrx_word' id='word_1_421' title='bbox 2856 3296 3084 3378; x_wconf 84' lang='lat' dir='ltr'>possit,</span> <span class='ocrx_word' id='word_1_422' title='bbox 3140 3302 3210 3359; x_wconf 90' lang='lat' dir='ltr'>et</span> <span class='ocrx_word' id='word_1_423' title='bbox 3262 3294 3376 3359; x_wconf 86' lang='lat' dir='ltr'>ubi</span> <span class='ocrx_word' id='word_1_424' title='bbox 3421 3294 3598 3360; x_wconf 80' lang='lat' dir='ltr'>vires</span> <span class='ocrx_word' id='word_1_425' title='bbox 3650 3293 4050 3370; x_wconf 81' lang='lat' dir='ltr'>suffecerint,</span> <span class='ocrx_word' id='word_1_426' title='bbox 4107 3302 4184 3358; x_wconf 89' lang='lat' dir='ltr'>ut</span> <span class='ocrx_word' id='word_1_427' title='bbox 4234 3292 4630 3371; x_wconf 75' lang='lat' dir='ltr'>sublevetur,</span> 
     </span>
     <span class='ocr_line' id='line_1_69' title="bbox 2676 3378 4629 3463; baseline -0.001 -18"><span class='ocrx_word' id='word_1_428' title='bbox 2676 3388 2746 3445; x_wconf 90' lang='lat' dir='ltr'>et</span> <span class='ocrx_word' id='word_1_429' title='bbox 2787 3379 2844 3446; x_wconf 89' lang='lat' dir='ltr'>si</span> <span class='ocrx_word' id='word_1_430' title='bbox 2888 3379 3303 3446; x_wconf 88' lang='lat' dir='ltr'>scribendum</span> <span class='ocrx_word' id='word_1_431' title='bbox 3350 3381 3437 3445; x_wconf 90' lang='lat' dir='ltr'>sit</span> <span class='ocrx_word' id='word_1_432' title='bbox 3478 3387 3594 3444; x_wconf 90' lang='lat' dir='ltr'>aut</span> <span class='ocrx_word' id='word_1_433' title='bbox 3636 3398 3787 3443; x_wconf 92' lang='lat' dir='ltr'>cum</span> <span class='ocrx_word' id='word_1_434' title='bbox 3823 3378 4242 3462; x_wconf 86' lang='lat' dir='ltr'>peritioribus</span> <span class='ocrx_word' id='word_1_435' title='bbox 4286 3379 4629 3463; x_wconf 81' lang='lat' dir='ltr'>agendum,</span> 
     </span>
     <span class='ocr_line' id='line_1_70' title="bbox 2676 3462 4631 3549; baseline -0.002 -18"><span class='ocrx_word' id='word_1_436' title='bbox 2676 3467 2916 3531; x_wconf 86' lang='lat' dir='ltr'>fratres</span> <span class='ocrx_word' id='word_1_437' title='bbox 2973 3475 3043 3531; x_wconf 89' lang='lat' dir='ltr'>te</span> <span class='ocrx_word' id='word_1_438' title='bbox 3098 3475 3341 3549; x_wconf 83' lang='lat' dir='ltr'>rogant</span> <span class='ocrx_word' id='word_1_439' title='bbox 3397 3474 3465 3530; x_wconf 90' lang='lat' dir='ltr'>et</span> <span class='ocrx_word' id='word_1_440' title='bbox 3519 3463 3823 3549; x_wconf 83' lang='lat' dir='ltr'>colleg-as,</span> <span class='ocrx_word' id='word_1_441' title='bbox 3888 3472 3969 3529; x_wconf 87' lang='lat' dir='ltr'>ut</span> <span class='ocrx_word' id='word_1_442' title='bbox 4014 3462 4343 3530; x_wconf 56' lang='lat' dir='ltr'>Chaldia„</span> <span class='ocrx_word' id='word_1_443' title='bbox 4382 3463 4631 3531; x_wconf 76' lang='lat' dir='ltr'>addatis</span> 
     </span>
     <span class='ocr_line' id='line_1_71' title="bbox 2675 3548 4631 3634; baseline -0.001 -17"><span class='ocrx_word' id='word_1_444' title='bbox 2675 3553 2756 3630; x_wconf 91' lang='lat' dir='ltr'>ei,</span> <span class='ocrx_word' id='word_1_445' title='bbox 2800 3551 2859 3616; x_wconf 89' lang='lat' dir='ltr'>si</span> <span class='ocrx_word' id='word_1_446' title='bbox 2893 3551 3079 3616; x_wconf 86' lang='lat' dir='ltr'>vobis</span> <span class='ocrx_word' id='word_1_447' title='bbox 3114 3549 3428 3634; x_wconf 91' lang='lat' dir='ltr'>probetur</span> <span class='ocrx_word' id='word_1_448' title='bbox 3470 3570 3600 3616; x_wconf 93' lang='lat' dir='ltr'>non</span> <span class='ocrx_word' id='word_1_449' title='bbox 3647 3552 3908 3634; x_wconf 87' lang='lat' dir='ltr'>ineptus</span> <span class='ocrx_word' id='word_1_450' title='bbox 3952 3548 4035 3614; x_wconf 91' lang='lat' dir='ltr'>ad</span> <span class='ocrx_word' id='word_1_451' title='bbox 4081 3549 4206 3616; x_wconf 91' lang='lat' dir='ltr'>hoc</span> <span class='ocrx_word' id='word_1_452' title='bbox 4248 3571 4509 3629; x_wconf 87' lang='lat' dir='ltr'>munus,</span> <span class='ocrx_word' id='word_1_453' title='bbox 4552 3569 4631 3615; x_wconf 87' lang='lat' dir='ltr'>ne</span> 
     </span>
     <span class='ocr_line' id='line_1_72' title="bbox 2674 3633 4629 3719; baseline -0.002 -16"><span class='ocrx_word' id='word_1_454' title='bbox 2674 3637 2821 3703; x_wconf 91' lang='lat' dir='ltr'>sine</span> <span class='ocrx_word' id='word_1_455' title='bbox 2862 3636 3166 3702; x_wconf 90' lang='lat' dir='ltr'>ministro</span> <span class='ocrx_word' id='word_1_456' title='bbox 3223 3637 3359 3700; x_wconf 92' lang='lat' dir='ltr'>sint</span> <span class='ocrx_word' id='word_1_457' title='bbox 3414 3643 3728 3701; x_wconf 89' lang='lat' dir='ltr'>manente</span> <span class='ocrx_word' id='word_1_458' title='bbox 3782 3636 3987 3701; x_wconf 59' lang='lat' dir='ltr'>&amp;atre</span> <span class='ocrx_word' id='word_1_459' title='bbox 4044 3646 4162 3700; x_wconf 86' lang='lat' dir='ltr'>aut</span> <span class='ocrx_word' id='word_1_460' title='bbox 4216 3636 4362 3701; x_wconf 91' lang='lat' dir='ltr'>sine</span> <span class='ocrx_word' id='word_1_461' title='bbox 4403 3657 4479 3702; x_wconf 92' lang='lat' dir='ltr'>eo</span> <span class='ocrx_word' id='word_1_462' title='bbox 4520 3633 4629 3719; x_wconf 81' lang='lat' dir='ltr'>qui</span> 
     </span>
     <span class='ocr_line' id='line_1_73' title="bbox 2674 3720 4632 3806; baseline -0.001 -17"><span class='ocrx_word' id='word_1_463' title='bbox 2674 3722 3019 3790; x_wconf 88' lang='lat' dir='ltr'>scribendo</span> <span class='ocrx_word' id='word_1_464' title='bbox 3062 3720 3286 3787; x_wconf 81' lang='lat' dir='ltr'>valeat</span> <span class='ocrx_word' id='word_1_465' title='bbox 3327 3728 3393 3787; x_wconf 90' lang='lat' dir='ltr'>et</span> <span class='ocrx_word' id='word_1_466' title='bbox 3438 3720 3596 3787; x_wconf 89' lang='lat' dir='ltr'>latio</span> <span class='ocrx_word' id='word_1_467' title='bbox 3624 3724 3681 3801; x_wconf 76' lang='lat'>²)</span> <span class='ocrx_word' id='word_1_468' title='bbox 3726 3738 4028 3788; x_wconf 89' lang='lat' dir='ltr'>sermone</span> <span class='ocrx_word' id='word_1_469' title='bbox 4060 3722 4304 3806; x_wconf 88' lang='lat' dir='ltr'>quique</span> <span class='ocrx_word' id='word_1_470' title='bbox 4337 3721 4632 3789; x_wconf 79' lang='lat' dir='ltr'>doetion‘·</span> 
     </span>
     <span class='ocr_line' id='line_1_74' title="bbox 2675 3806 3582 3884; baseline -0.006 -8"><span class='ocrx_word' id='word_1_471' title='bbox 2675 3810 2798 3876; x_wconf 90' lang='lat' dir='ltr'>bus</span> <span class='ocrx_word' id='word_1_472' title='bbox 2841 3807 3217 3874; x_wconf 79' lang='lat' dir='ltr'>satisfacere</span> <span class='ocrx_word' id='word_1_473' title='bbox 3246 3809 3300 3884; x_wconf 81' lang='lat'>⁸)</span> <span class='ocrx_word' id='word_1_474' title='bbox 3346 3806 3582 3873; x_wconf 71' lang='lat' dir='ltr'>valeat,</span> 
     </span>
    </p>

    <p class='ocr_par' dir='ltr' id='par_1_21' title="bbox 2671 3889 4633 4921">
     <span class='ocr_line' id='line_1_75' title="bbox 2845 3889 4631 3978; baseline -0.001 -19"><span class='ocrx_word' id='word_1_475' title='bbox 2845 3893 3099 3978; x_wconf 82' lang='lat' dir='ltr'>Magna</span> <span class='ocrx_word' id='word_1_476' title='bbox 3134 3892 3472 3960; x_wconf 76' lang='lat' dir='ltr'>alacritate</span> <span class='ocrx_word' id='word_1_477' title='bbox 3507 3891 3706 3959; x_wconf 85' lang='lat' dir='ltr'>duces</span> <span class='ocrx_word' id='word_1_478' title='bbox 3739 3891 4179 3959; x_wconf 85' lang='lat' dir='ltr'>incubuerunt</span> <span class='ocrx_word' id='word_1_479' title='bbox 4222 3892 4297 3957; x_wconf 91' lang='lat' dir='ltr'>in</span> <span class='ocrx_word' id='word_1_480' title='bbox 4339 3889 4631 3977; x_wconf 84' lang='lat' dir='ltr'>legendis</span> 
     </span>
     <span class='ocr_line' id='line_1_76' title="bbox 2672 3975 4633 4061; baseline -0.001 -16"><span class='ocrx_word' id='word_1_481' title='bbox 2672 3978 2993 4045; x_wconf 86' lang='lat' dir='ltr'>militibus</span> <span class='ocrx_word' id='word_1_482' title='bbox 3035 3988 3103 4044; x_wconf 91' lang='lat' dir='ltr'>et</span> <span class='ocrx_word' id='word_1_483' title='bbox 3135 3978 3206 4043; x_wconf 92' lang='lat' dir='ltr'>in</span> <span class='ocrx_word' id='word_1_484' title='bbox 3246 3978 3485 4043; x_wconf 87' lang='lat' dir='ltr'>itinere</span> <span class='ocrx_word' id='word_1_485' title='bbox 3520 3975 3912 4061; x_wconf 88' lang='lat' dir='ltr'>arripiendo.</span> <span class='ocrx_word' id='word_1_486' title='bbox 3970 3977 4120 4046; x_wconf 89' lang='lat' dir='ltr'>Una</span> <span class='ocrx_word' id='word_1_487' title='bbox 4158 3988 4423 4044; x_wconf 88' lang='lat' dir='ltr'>tantum</span> <span class='ocrx_word' id='word_1_488' title='bbox 4456 3995 4633 4044; x_wconf 77' lang='lat' dir='ltr'>mors</span> 
     </span>
     <span class='ocr_line' id='line_1_77' title="bbox 2673 4062 4629 4149; baseline -0.002 -18"><span class='ocrx_word' id='word_1_489' title='bbox 2673 4064 2952 4131; x_wconf 90' lang='lat' dir='ltr'>molesta</span> <span class='ocrx_word' id='word_1_490' title='bbox 2994 4064 3100 4130; x_wconf 90' lang='lat' dir='ltr'>his</span> <span class='ocrx_word' id='word_1_491' title='bbox 3142 4063 3287 4143; x_wconf 81' lang='lat' dir='ltr'>fuit,</span> <span class='ocrx_word' id='word_1_492' title='bbox 3329 4084 3526 4148; x_wconf 86' lang='lat' dir='ltr'>quam</span> <span class='ocrx_word' id='word_1_493' title='bbox 3570 4064 3941 4129; x_wconf 86' lang='lat' dir='ltr'>iniecerunt</span> <span class='ocrx_word' id='word_1_494' title='bbox 3980 4063 4081 4129; x_wconf 89' lang='lat' dir='ltr'>illi</span> <span class='ocrx_word' id='word_1_495' title='bbox 4104 4084 4223 4147; x_wconf 86' lang='lat' dir='ltr'>per</span> <span class='ocrx_word' id='word_1_496' title='bbox 4245 4085 4409 4149; x_wconf 89' lang='lat' dir='ltr'>quos</span> <span class='ocrx_word' id='word_1_497' title='bbox 4432 4062 4629 4130; x_wconf 75' lang='lat' dir='ltr'>multa</span> 
     </span>
     <span class='ocr_line' id='line_1_78' title="bbox 2672 4146 4627 4235; baseline -0.001 -18"><span class='ocrx_word' id='word_1_498' title='bbox 2672 4148 3142 4235; x_wconf 86' lang='lat' dir='ltr'>impediuntur,</span> <span class='ocrx_word' id='word_1_499' title='bbox 3202 4169 3369 4233; x_wconf 90' lang='lat' dir='ltr'>quae</span> <span class='ocrx_word' id='word_1_500' title='bbox 3423 4158 3759 4232; x_wconf 89' lang='lat' dir='ltr'>oporteret</span> <span class='ocrx_word' id='word_1_501' title='bbox 3812 4146 4166 4235; x_wconf 86' lang='lat' dir='ltr'>diligenter</span> <span class='ocrx_word' id='word_1_502' title='bbox 4218 4171 4470 4217; x_wconf 85' lang='lat' dir='ltr'>curare.</span> <span class='ocrx_word' id='word_1_503' title='bbox 4550 4146 4627 4215; x_wconf 82' lang='lat' dir='ltr'>Si</span> 
     </span>
     <span class='ocr_line' id='line_1_79' title="bbox 2673 4234 4625 4312; baseline -0.002 -10"><span class='ocrx_word' id='word_1_504' title='bbox 2673 4237 2796 4303; x_wconf 88' lang='lat' dir='ltr'>hos</span> <span class='ocrx_word' id='word_1_505' title='bbox 2836 4235 3035 4302; x_wconf 83' lang='lat' dir='ltr'>officii</span> <span class='ocrx_word' id='word_1_506' title='bbox 3082 4234 3518 4312; x_wconf 85' lang='lat' dir='ltr'>admonueris,</span> <span class='ocrx_word' id='word_1_507' title='bbox 3564 4235 3810 4301; x_wconf 86' lang='lat' dir='ltr'>frustra</span> <span class='ocrx_word' id='word_1_508' title='bbox 3852 4256 3985 4301; x_wconf 91' lang='lat' dir='ltr'>non</span> <span class='ocrx_word' id='word_1_509' title='bbox 4028 4236 4296 4302; x_wconf 86' lang='lat' dir='ltr'>feceris:</span> <span class='ocrx_word' id='word_1_510' title='bbox 4352 4244 4418 4301; x_wconf 90' lang='lat' dir='ltr'>te</span> <span class='ocrx_word' id='word_1_511' title='bbox 4458 4234 4625 4301; x_wconf 87' lang='lat' dir='ltr'>enim</span> 
     </span>
     <span class='ocr_line' id='line_1_80' title="bbox 2672 4320 4624 4405; baseline -0.002 -16"><span class='ocrx_word' id='word_1_512' title='bbox 2672 4322 3027 4389; x_wconf 85' lang='lat' dir='ltr'>observant</span> <span class='ocrx_word' id='word_1_513' title='bbox 3068 4330 3137 4385; x_wconf 89' lang='lat' dir='ltr'>et</span> <span class='ocrx_word' id='word_1_514' title='bbox 3178 4340 3596 4404; x_wconf 87' lang='lat' dir='ltr'>summopere</span> <span class='ocrx_word' id='word_1_515' title='bbox 3638 4321 3974 4405; x_wconf 91' lang='lat' dir='ltr'>petierunt</span> <span class='ocrx_word' id='word_1_516' title='bbox 4015 4329 4095 4387; x_wconf 88' lang='lat' dir='ltr'>ut</span> <span class='ocrx_word' id='word_1_517' title='bbox 4136 4322 4221 4386; x_wconf 92' lang='lat' dir='ltr'>ad</span> <span class='ocrx_word' id='word_1_518' title='bbox 4266 4330 4335 4388; x_wconf 85' lang='lat' dir='ltr'>te</span> <span class='ocrx_word' id='word_1_519' title='bbox 4394 4320 4624 4389; x_wconf 86' lang='lat' dir='ltr'>scribe-</span> 
     </span>
     <span class='ocr_line' id='line_1_81' title="bbox 2672 4404 4621 4492; baseline -0.002 -18"><span class='ocrx_word' id='word_1_520' title='bbox 2672 4430 2836 4487; x_wconf 92' lang='lat' dir='ltr'>rem,</span> <span class='ocrx_word' id='word_1_521' title='bbox 2894 4415 2972 4473; x_wconf 90' lang='lat' dir='ltr'>ut</span> <span class='ocrx_word' id='word_1_522' title='bbox 3022 4406 3094 4472; x_wconf 92' lang='lat' dir='ltr'>in</span> <span class='ocrx_word' id='word_1_523' title='bbox 3150 4406 3298 4473; x_wconf 92' lang='lat' dir='ltr'>albo</span> <span class='ocrx_word' id='word_1_524' title='bbox 3397 4406 3609 4472; x_wconf 89' lang='lat' dir='ltr'>iorum</span> <span class='ocrx_word' id='word_1_525' title='bbox 3665 4406 3911 4473; x_wconf 88' lang='lat' dir='ltr'>habeas</span> <span class='ocrx_word' id='word_1_526' title='bbox 3953 4413 4023 4473; x_wconf 92' lang='lat' dir='ltr'>et</span> <span class='ocrx_word' id='word_1_527' title='bbox 4074 4425 4309 4472; x_wconf 89' lang='lat' dir='ltr'>eorum</span> <span class='ocrx_word' id='word_1_528' title='bbox 4349 4407 4456 4492; x_wconf 90' lang='lat' dir='ltr'>qui</span> <span class='ocrx_word' id='word_1_529' title='bbox 4507 4404 4621 4471; x_wconf 84' lang='lat' dir='ltr'>tibi</span> 
     </span>
     <span class='ocr_line' id='line_1_82' title="bbox 2671 4491 4627 4577; baseline -0.003 -17"><span class='ocrx_word' id='word_1_530' title='bbox 2671 4514 2923 4560; x_wconf 90' lang='lat' dir='ltr'>morem</span> <span class='ocrx_word' id='word_1_531' title='bbox 2963 4513 3193 4577; x_wconf 86' lang='lat' dir='ltr'>gerere</span> <span class='ocrx_word' id='word_1_532' title='bbox 3236 4502 3343 4559; x_wconf 88' lang='lat' dir='ltr'>stu</span> <span class='ocrx_word' id='word_1_533' title='bbox 3391 4499 3508 4557; x_wconf 93' lang='lat' dir='ltr'>ent</span> <span class='ocrx_word' id='word_1_534' title='bbox 3542 4513 3625 4558; x_wconf 91' lang='lat' dir='ltr'>ex</span> <span class='ocrx_word' id='word_1_535' title='bbox 3661 4492 3903 4560; x_wconf 91' lang='lat' dir='ltr'>animo.</span> <span class='ocrx_word' id='word_1_536' title='bbox 3961 4491 4132 4559; x_wconf 84' lang='lat' dir='ltr'>Vale</span> <span class='ocrx_word' id='word_1_537' title='bbox 4165 4493 4353 4560; x_wconf 82' lang='lat' dir='ltr'>bene.</span> <span class='ocrx_word' id='word_1_538' title='bbox 4408 4491 4627 4560; x_wconf 73' lang='lat' dir='ltr'>Chris-</span> 
     </span>
     <span class='ocr_line' id='line_1_83' title="bbox 2672 4576 4621 4679; baseline -0.003 -33"><span class='ocrx_word' id='word_1_539' title='bbox 2672 4588 2781 4646; x_wconf 90' lang='lat' dir='ltr'>tus</span> <span class='ocrx_word' id='word_1_540' title='bbox 2843 4576 2958 4679; x_wconf 62' lang='grc' dir='ltr'>[ές]</span> <span class='ocrx_word' id='word_1_541' title='bbox 3024 4584 3247 4645; x_wconf 80' lang='lat' dir='ltr'>servet</span> <span class='ocrx_word' id='word_1_542' title='bbox 3300 4586 3368 4643; x_wconf 93' lang='lat' dir='ltr'>et</span> <span class='ocrx_word' id='word_1_543' title='bbox 3430 4576 3719 4663; x_wconf 88' lang='lat' dir='ltr'>collegas</span> <span class='ocrx_word' id='word_1_544' title='bbox 3767 4598 4019 4659; x_wconf 87' lang='lat' dir='ltr'>omnes,</span> <span class='ocrx_word' id='word_1_545' title='bbox 4085 4599 4235 4644; x_wconf 89' lang='lat' dir='ltr'>cum</span> <span class='ocrx_word' id='word_1_546' title='bbox 4281 4579 4428 4663; x_wconf 88' lang='lat' dir='ltr'>piis,</span> <span class='ocrx_word' id='word_1_547' title='bbox 4486 4588 4621 4641; x_wconf 86' lang='lat' dir='ltr'>tum</span> 
     </span>
     <span class='ocr_line' id='line_1_84' title="bbox 2671 4664 4623 4751; baseline -0.004 -18"><span class='ocrx_word' id='word_1_548' title='bbox 2671 4665 2982 4751; x_wconf 77' lang='lat' dir='ltr'>syndicis,</span> <span class='ocrx_word' id='word_1_549' title='bbox 3020 4664 3449 4741; x_wconf 87' lang='lat' dir='ltr'>senatoribus,</span> <span class='ocrx_word' id='word_1_550' title='bbox 3487 4674 3629 4729; x_wconf 86' lang='lat' dir='ltr'>tum</span> <span class='ocrx_word' id='word_1_551' title='bbox 3664 4674 3800 4730; x_wconf 79' lang='lat' dir='ltr'>toto</span> <span class='ocrx_word' id='word_1_552' title='bbox 3828 4675 4055 4731; x_wconf 84' lang='lat' dir='ltr'>sancto</span> <span class='ocrx_word' id='word_1_553' title='bbox 4088 4674 4300 4731; x_wconf 89' lang='lat' dir='ltr'>coetu.</span> <span class='ocrx_word' id='word_1_554' title='bbox 4364 4665 4623 4730; x_wconf 70' lang='lat' dir='ltr'>Fntm</span> 
     </span>
     <span class='ocr_line' id='line_1_85' title="bbox 2672 4749 4621 4835; baseline -0.001 -19"><span class='ocrx_word' id='word_1_555' title='bbox 2672 4764 2740 4818; x_wconf 87' lang='lat' dir='ltr'>te</span> <span class='ocrx_word' id='word_1_556' title='bbox 2782 4762 2852 4818; x_wconf 89' lang='lat' dir='ltr'>et</span> <span class='ocrx_word' id='word_1_557' title='bbox 2893 4749 3176 4835; x_wconf 87' lang='lat' dir='ltr'>collegas</span> <span class='ocrx_word' id='word_1_558' title='bbox 3220 4750 3516 4816; x_wconf 87' lang='lat' dir='ltr'>salutant</span> <span class='ocrx_word' id='word_1_559' title='bbox 3548 4759 3852 4816; x_wconf 90' lang='lat' dir='ltr'>amanter</span> <span class='ocrx_word' id='word_1_560' title='bbox 3885 4759 3953 4816; x_wconf 91' lang='lat' dir='ltr'>et</span> <span class='ocrx_word' id='word_1_561' title='bbox 3986 4762 4390 4828; x_wconf 81' lang='lat' dir='ltr'>reverenter,</span> <span class='ocrx_word' id='word_1_562' title='bbox 4426 4768 4621 4834; x_wconf 77' lang='lat' dir='ltr'>quan·</span> 
     </span>
     <span class='ocr_line' id='line_1_86' title="bbox 2672 4836 4413 4921; baseline 0.001 -19"><span class='ocrx_word' id='word_1_563' title='bbox 2672 4847 2814 4902; x_wconf 86' lang='lat' dir='ltr'>tum</span> <span class='ocrx_word' id='word_1_564' title='bbox 2856 4846 3135 4921; x_wconf 87' lang='lat' dir='ltr'>possunt</span> <span class='ocrx_word' id='word_1_565' title='bbox 3176 4836 3484 4902; x_wconf 84' lang='lat' dir='ltr'>maxime.</span> <span class='ocrx_word' id='word_1_566' title='bbox 3556 4836 3871 4903; x_wconf 89' lang='lat' dir='ltr'>Neooomi</span> <span class='ocrx_word' id='word_1_567' title='bbox 3916 4841 3976 4903; x_wconf 88' lang='grc'>9.</span> <span class='ocrx_word' id='word_1_568' title='bbox 4020 4836 4176 4902; x_wconf 82' lang='grc' dir='ltr'>ΙιιΙίὶ</span> <span class='ocrx_word' id='word_1_569' title='bbox 4228 4840 4413 4903; x_wconf 83' lang='grc'><strong>1562.</strong></span> 
     </span>
    </p>
   </div>
   <div class='ocr_carea' id='block_1_20' title="bbox 3913 4972 4457 5041">
    <p class='ocr_par' dir='ltr' id='par_1_22' title="bbox 3913 4972 4457 5041">
     <span class='ocr_line' id='line_1_87' title="bbox 3913 4972 4457 5041; baseline 0.004 -2"><span class='ocrx_word' id='word_1_570' title='bbox 3913 4973 4099 5040; x_wconf 75' lang='lat' dir='ltr'>&#39;l&#39;uus</span> <span class='ocrx_word' id='word_1_571' title='bbox 4138 4972 4457 5041; x_wconf 76' lang='lat' dir='ltr'>Farellus.</span> 
     </span>
    </p>
   </div>
   <div class='ocr_carea' id='block_1_21' title="bbox 2674 5061 3084 5073">
    <p class='ocr_par' dir='ltr' id='par_1_23' title="bbox 2674 5061 3084 5073">
     <span class='ocr_line' id='line_1_88' title="bbox 2674 5061 3084 5073; baseline 0 0"><span class='ocrx_word' id='word_1_572' title='bbox 2674 5061 3084 5073; x_wconf 95' lang='lat' dir='ltr'> </span> 
     </span>
    </p>
   </div>
   <div class='ocr_carea' id='block_1_22' title="bbox 2668 5175 3946 5386">
    <p class='ocr_par' dir='ltr' id='par_1_24' title="bbox 2668 5175 3946 5386">
     <span class='ocr_line' id='line_1_89' title="bbox 2668 5175 3375 5246; baseline -0.006 -12"><span class='ocrx_word' id='word_1_573' title='bbox 2668 5177 2857 5234; x_wconf 77' lang='lat'><strong>8825.</strong></span> <span class='ocrx_word' id='word_1_574' title='bbox 2878 5178 2938 5243; x_wconf 91' lang='lat'>1)</span> <span class='ocrx_word' id='word_1_575' title='bbox 2977 5175 3375 5246; x_wconf 58' lang='lat' dir='ltr'>&amp;apud-‘qm</span> 
     </span>
     <span class='ocr_line' id='line_1_90' title="bbox 2874 5244 3946 5315; baseline 0 -15"><span class='ocrx_word' id='word_1_576' title='bbox 2874 5244 2938 5311; x_wconf 65' lang='grc' dir='ltr'>Β)</span> <span class='ocrx_word' id='word_1_577' title='bbox 2972 5246 3109 5315; x_wconf 67' lang='lat'>109⁶.-</span> <span class='ocrx_word' id='word_1_578' title='bbox 3144 5246 3331 5312; x_wconf 75' lang='lat' dir='ltr'>latino,</span> <span class='ocrx_word' id='word_1_579' title='bbox 3365 5250 3430 5301; x_wconf 70' lang='lat' dir='ltr'>ut</span> <span class='ocrx_word' id='word_1_580' title='bbox 3462 5244 3623 5302; x_wconf 70' lang='lat' dir='ltr'>habet</span> <span class='ocrx_word' id='word_1_581' title='bbox 3661 5244 3791 5303; x_wconf 73' lang='lat' dir='ltr'>oud.</span> <span class='ocrx_word' id='word_1_582' title='bbox 3828 5245 3946 5302; x_wconf 80' lang='lat'><strong>116.</strong></span> 
     </span>
     <span class='ocr_line' id='line_1_91' title="bbox 2875 5314 3459 5386; baseline -0.003 -17"><span class='ocrx_word' id='word_1_583' title='bbox 2875 5314 2937 5384; x_wconf 78' lang='grc'>8)</span> <span class='ocrx_word' id='word_1_584' title='bbox 2969 5314 3217 5369; x_wconf 77' lang='lat' dir='ltr'>sufficere</span> <span class='ocrx_word' id='word_1_585' title='bbox 3249 5316 3459 5386; x_wconf 64' lang='lat' dir='ltr'>Apoqr.</span> 
     </span>
    </p>
   </div>
   <div class='ocr_carea' id='block_1_23' title="bbox 3497 5455 3905 5467">
    <p class='ocr_par' dir='ltr' id='par_1_25' title="bbox 3497 5455 3905 5467">
     <span class='ocr_line' id='line_1_92' title="bbox 3497 5455 3905 5467; baseline 0 0"><span class='ocrx_word' id='word_1_586' title='bbox 3497 5455 3905 5467; x_wconf 95' lang='lat' dir='ltr'> </span> 
     </span>
    </p>
   </div>
   <div class='ocr_carea' id='block_1_24' title="bbox 4782 5 4803 928">
    <p class='ocr_par' dir='ltr' id='par_1_26' title="bbox 4782 5 4803 928">
     <span class='ocr_line' id='line_1_93' title="bbox 4782 5 4803 928; baseline 0 0"><span class='ocrx_word' id='word_1_587' title='bbox 4782 5 4803 928; x_wconf 95' lang='lat' dir='ltr'> </span> 
     </span>
    </p>
   </div>
  </div>
 </body>
</html>
