4900 6125
620 386 750 453 303

624 579 696 638 et
758 569 1019 638 assidue
1094 591 1213 637 exs
1334 578 1401 635 to
1478 565 1642 637 dum
1719 588 1828 633 me
1910 563 2246 632 anhelitus
2309 564 2590 631 deficiat.

623 656 806 724 Satis
830 659 889 738 ⁷)
932 653 1106 740 quod
1149 655 1205 722 Ο
1292 654 1419 721 isto
1461 653 1616 719 vivo
1674 662 1744 719 et
1785 652 2061 732 morior,
2122 651 2236 736 qui
2290 652 2430 718 suis
2489 650 2594 716 lu-

623 752 961 896 ffibzt
982 741 1071 910 ⁹i)n
1114 742 1257 807 vita
1298 748 1367 807 et
1422 740 1495 805 in
1538 749 1769 805 morte.
1798 742 1853 822 ⁸)
1939 736 2200 804 Iterum
2244 737 2397 803 vale
2439 756 2593 803 cum

1406 1119 1815 1130 ——

1517 1355 1715 1427 4105.

1150 1513 1396 1580 ΒΕΖΔ
1433 1509 2073 1579 BULLINGERO.

806 1682 2023 1767 amandiqeaepfflaaisobsessa.
2111 1681 2597 1765 Quaesipen‘·

626 1773 748 1840 erit
787 1774 979 1840 stiam
1020 1771 1097 1837 dc
1138 1771 1495 1837 vicinorum
1535 1767 1815 1835 libertate
1857 1772 2067 1834 adum
2110 1768 2251 1833 erit.
2342 1766 2599 1834 Interea

626 1853 2065 1938 decalvinivaaiammspesrdiqm

939 2027 1053 2093 (Ex
1090 2025 1432 2097 autographo
1468 2025 1601 2081 Ood.
1640 2024 1848 2080 Genev.
1886 2024 2006 2092 118,
2043 2025 2135 2080 fol.
2168 2024 2286 2094 21.)

804 2198 1069 2265 Eximio
1127 2196 1379 2263 Christi
1437 2216 1629 2262 servo
1688 2196 1775 2262 D.
1822 2195 2163 2263 Henricho
2205 2195 2600 2281 Bullingero

628 2285 802 2369 patri
836 2283 1003 2349 mihi
1038 2282 1399 2367 plurimum
1436 2280 1850 2349 observando
1887 2294 1954 2348 et
1987 2282 2348 2369 'ligurinae
2391 2282 2600 2349 eccle·

629 2372 768 2438 siae
812 2389 967 2437 vere
1009 2368 1143 2435 fido
1183 2368 1455 2453 pastori.
2170 2454 2423 2540 'figuti’

630 2748 717 2762 -
759 2712 897 2780 Sed
962 2734 1086 2778 nos
1146 2711 1257 2778 hic
1321 2712 1604 2788 interea,
1666 2711 1762 2775 mi
1825 2723 2033 2795 pater,
2099 2709 2424 2796 quomodo
2490 2711 2602 2777 hic

635 2797 1065 2867 exercemur?
1148 2796 1424 2863 Certum
1467 2806 1570 2863 est
1614 2819 1731 2863 nos
1774 2796 1984 2865 veluti
2026 2817 2296 2880 scopum
2341 2817 2487 2862 esse
2528 2797 2600 2862 in

631 2906 829 2971 quem
873 2905 1049 2951 nuuc
1070 2881 1335 2967 quidem
1359 2881 1743 2968 diriguntur
1783 2883 2079 2949 omnium
2103 2882 2398 2948 hostium
2432 2882 2597 2948 tela:

628 2980 696 3038 et
747 2992 877 3055 quo
933 2968 1066 3037 nisi
1119 2989 1384 3036 sursum
1440 2970 1917 3052 respiceremus
1931 2967 1965 3033 ⁸?
2055 2968 2147 3034 Et
2202 2977 2380 3034 certe
2441 2966 2601 3034 inde

626 3059 854 3127 veniet
897 3055 1085 3123 nobis
1128 3054 1454 3122 auxilium
1496 3055 1633 3122 sive
1675 3054 1955 3123 victuris
1970 3106 1986 3134 ‚
2045 3054 2190 3122 sive
2234 3055 2596 3121 morituris.

628 3145 772 3211 Nec
825 3164 987 3211 vero
1045 3142 1254 3209 ullum
1315 3139 1826 3225 perturbationis
1880 3149 2000 3207 aut
2051 3149 2270 3208 metus
2328 3142 2597 3226 signum

631 3231 741 3297 hic
784 3227 1259 3295 animadverto.
1331 3225 1646 3294 Calendis
1689 3226 1855 3293 Maii
1895 3227 1968 3293 in
2011 3226 2292 3311 publicis
2335 3246 2598 3311 promo·

630 3315 922 3383 tionibus
981 3313 1306 3380 studiosos
1362 3313 1621 3380 circiter
1675 3312 1854 3379 mille
1912 3311 2232 3380 ducentos
2297 3313 2599 3398 privatae

629 3400 894 3470 scholae
934 3398 1453 3477 numeravimus,
1497 3397 1795 3483 publicae
1830 3396 1913 3463 ad
1957 3407 2290 3466 trecentos
2333 3408 2403 3464 et
2435 3419 2596 3482 quo·

630 3485 791 3554 tidie
825 3506 867 3552 a
956 3485 1121 3553 escit
1153 3505 1488 3562 numerus,
1532 3492 1608 3550 ut
1641 3484 1811 3550 mihi
1848 3485 2207 3551 verisimile
2241 3487 2334 3551 sit
2356 3485 2595 3565 Deum,

627 3573 803 3640 sicut
844 3570 930 3637 ad
980 3593 1061 3638 uc
1098 3571 1252 3638 fecit
1285 3569 1678 3636 mirabiliter
1711 3590 1910 3654 porro
1947 3573 2016 3636 in
2052 3570 2265 3637 oculis
2288 3570 2594 3650 Satanae,

625 3658 808 3727 bunc
850 3678 1125 3725 suorum
1181 3663 1438 3723 coetum
1494 3664 2039 3724 conservaturum
2053 3703 2069 3732 ‚
2129 3657 2387 3723 etiamsi
2440 3656 2597 3723 reli-

675 3765 800 3811 uus
879 3744 1057 3810 orbis
1145 3740 1499 3808 adversum
1589 3762 1712 3809 nos
1792 3743 2168 3809 coniurarit.
2277 3741 2473 3825 Quod
2540 3743 2596 3808 si

699 3829 825 3897 ’ter
859 3828 1172 3897 acciderit
1191 3828 1499 3895 vivemus
1532 3838 1755 3893 tamen
1789 3828 1992 3893 etiam
2025 3829 2274 3894 mortui
2307 3836 2376 3894 et
2418 3837 2597 3895 certe

627 3916 832 3983 buius
893 3914 1080 3982 urbis
1142 3913 1456 3993 exitium,
1520 3915 1581 3980 si
1645 3914 2028 3999 contigerit,
2093 3914 2164 3979 in
2219 3914 2598 3979 vicinarum

629 4004 926 4069 omnium
969 4000 1344 4085 regionum,
1400 4020 1568 4085 quae
1612 3999 1782 4065 nihil
1825 4000 2048 4065 minus
2095 4000 2415 4084 cog-itant,
2464 4001 2597 4065 rui-

629 4109 791 4154 nam
834 4098 903 4155 et
946 4086 1455 4153 destructionem
1489 4084 1790 4170 publicae
1825 4084 2148 4152 libertatis
2183 4085 2594 4151 redundabit.

630 4173 781 4240 Lon
830 4196 868 4241 e
920 4173 1136 4257 magis
1193 4192 1316 4239 nos
1373 4181 1682 4255 torquent
1744 4169 1976 4254 optimi
2034 4172 2245 4236 nostri
2302 4171 2598 4271 parentis

632 4270 702 4326 et
742 4261 788 4327 fi
833 4259 956 4325 elis
1012 4258 1188 4323 servi
1233 4256 1365 4323 Dei
1420 4256 1724 4341 perpetui
1781 4255 2037 4322 dolores
2092 4256 2174 4321 de
2227 4276 2413 4322 cuius
2458 4257 2599 4321 vita

633 4438 676 4445 ...-
687 4438 752 4443 —.—
781 4436 1004 4443 -—--—-—-.
1025 4436 1044 4441 —

841 4549 904 4612 ‘'1)
939 4550 1075 4604 satis
1110 4555 1197 4602 est
1234 4546 1385 4602 Edu.

934 4626 993 4673 et
1025 4623 1204 4672 morte
1241 4615 1392 4671 EM.

843 4687 878 4742 9
937 4686 1086 4742 Aad.
1123 4686 1379 4740 Genevae
1410 4683 1463 4740 2.
1499 4684 1632 4739 Maii
1667 4681 2010 4739 mmmm.
2047 4684 2195 4739 Ead.
2238 4713 2301 4724 -
2339 4685 2597 4740 Genevae

636 4756 860 4819 calend.
897 4756 1028 4810 Maii
1065 4753 1222 4810 1564.
1293 4754 1444 4808 Tuus
1489 4753 1748 4808 Calvinus
1783 4753 1852 4807 P.
1897 4779 1954 4791 -
1990 4752 2243 4808 Genevae
2278 4754 2410 4808 Maii
2463 4753 2598 4808 1564

636 4825 707 4879 P.
751 4825 815 4880 ὄπ
863 4824 984 4880 cod.
1017 4824 1189 4881 Rem.
1223 4852 1289 4862 —
1327 4823 1482 4877 Bau
1527 4823 1591 4877 ἑκ
1637 4821 1797 4877 Vita:
1839 4821 2088 4876 Secunda
2135 4823 2265 4876 Maii
2312 4840 2480 4893 quum
2527 4840 2597 4877 ex

634 4894 839 4950 Farelli
885 4893 1064 4947 literis
1104 4893 1132 4961 (
1298 4891 1460 4960 dieu)
1502 4891 1846 4959 cognovisset
1891 4891 2142 4955 (Viretus
2190 4892 2336 4945 enim
2384 4892 2599 4974 longius

635 4962 854 5029 aberat)
889 4961 1147 5017 statuisse
1195 4960 1347 5015 illum
1396 4961 1504 5015 iam
1551 4977 1618 5015 oc
1750 4960 1995 5013 enarium
2039 4968 2100 5013 et
2139 4960 2596 5015 valetudinarium

635 5047 825 5087 senem
876 5031 986 5084 iter
1029 5029 1101 5084 ad
1147 5045 1207 5083 se
1259 5029 1472 5099 ingredi
1514 5030 1594 5083 sic
1637 5030 1688 5084 ei
1794 5029 1909 5081 tine
1960 5029 2267 5098 rescripsit:
2325 5030 2466 5083 Vale
2500 5036 2595 5085 ete.

641 5100 814 5155 Venit
848 5105 1033 5155 nmen
1066 5098 1341 5153 Genevam
1376 5099 1554 5153 bonus
1587 5098 1682 5152 ille
1717 5113 1883 5151 senex
1920 5102 1980 5150 et
2012 5115 2180 5167 quum
2213 5116 2324 5152 una
2355 5098 2504 5152 inter
2536 5115 2597 5153 se

637 5169 852 5291 loguuti
888 5173 1073 5290 meent
1103 5167 1373 5290 ροὲι-ἰᾱίο
1407 5164 1959 5289 Nemea-:durzazegl-nt.
2032 5166 2322 5291 Ἥ
2347 5167 2436 5222 lois
2470 5167 2595 5221 ulti·

636 5255 689 5292 Β
776 5243 941 5292 ⁰00ss
1020 5253 1174 5292 ΜΨ*
1277 5234 1532 5301 sssum,
1943 5239 2088 5290 Μ

637 5305 902 5375 maela
931 5304 1308 5363 &Fanum-
1339 5309 1393 5358 st
1427 5305 1671 5360 Vintu-
1704 5308 1755 5359 σε
1786 5303 1859 5359 ab
1895 5303 1970 5356 iis
2002 5303 2593 5360 cammerata«.

2121 347 2679 445 'EPISTOLAE
2723 381 3156 444 4104—4108
4503 385 4595 448 θοι

2696 563 3057 633 secundum
3093 565 3428 633 hominem
3474 566 3608 632 iam
3643 567 3838 652 plane
3873 566 4382 651 desperavimus.
4452 567 4605 634 Vivit

2697 662 2919 718 tamen
2967 662 3036 718 et
3094 653 3186 718 ita
3242 651 3512 736 quidem
3566 661 3643 718 ut
3699 654 3812 736 qui
3879 653 4071 721 nobis
4134 654 4294 720 olim
4357 655 4421 719 in

2696 737 2892 815 vitae,
2939 759 3117 805 nunc
3152 737 3342 804 fortis
3378 747 3445 804 et
3477 758 3638 804 vere
3673 739 4018 806 christiani
4063 740 4281 806 obitus
4359 739 4374 753 ‘

2695 823 3081 908 exemplum
3136 824 3209 889 in
3254 845 3399 890 sese
3440 826 3772 909 praebeat.
3863 826 4011 909 Ego
4052 846 4212 891 vero
4256 826 4447 891 miser
4485 825 4611 909 quid

2695 929 2889 994 agam
2954 910 3031 975 in
3072 930 3268 993 quem
3315 919 3505 975 tanta
3556 909 3763 977 moles
3825 911 4144 978 inclinat?
4236 909 4509 979 Obsecro
4542 921 4611 986 ts.

2696 995 2792 1060 mi
2836 1006 3055 1079 pater,
3098 995 3485 1062 commenda
3528 1017 3635 1062 me
3678 995 3997 1075 Domino,
4040 999 4101 1063 si
4142 1017 4431 1081 unquam
4467 995 4615 1074 alins

2680 1101 2836 1147 una
2890 1102 3042 1149 cum
3106 1080 3378 1166 collegis
3440 1081 3748 1148 omnibus
3805 1094 3882 1149 ut
3942 1083 4084 1166 ipse
4140 1081 4616 1168 gubernaculum

2697 1165 2975 1250 arripiat
3017 1175 3086 1233 et
3126 1187 3288 1234 vere
3330 1166 3561 1233 divina
3602 1189 3726 1234 sua
3762 1169 4012 1235 virtute
4054 1190 4178 1234 nos
4234 1169 4309 1233 in
4366 1181 4619 1251 tempore

2697 1251 2944 1320 fulciat.
3012 1252 3224 1320 Plura
3264 1252 3346 1321 de
3387 1252 3515 1322 hoc
3557 1263 3946 1339 argumento
3986 1275 4148 1339 prae
4190 1273 4479 1320 moerore
4514 1274 4619 1319 nou

2696 1359 2988 1423 possum.
3009 1373 4419 1391 ————————————

2696 1445 2826 1491 vae
2870 1435 2930 1491 4.
2978 1425 3161 1492 Maii.

4063 1562 4485 1630 TuusBeza.

3588 2109 3786 2181 41⁰⁶.

3194 2264 3604 2334 VIRETUS
3630 2262 4185 2332 ‚BLAURERQ

2702 2522 4189 2693 Ἑᾶαἱὲἴφᾙοῖῗέἕῖῧέἷῖωω
4032 2542 4149 2622 ³¹⁸¹
4173 2542 4225 2674 ⁸⁰.
4233 2544 4247 2588 ¹
4274 2609 4436 2692 12oe
4474 2545 4647 2675 mi

2702 2714 2772 2761 se
2811 2693 3060 2759 manui
3101 2693 3238 2759 iam
3279 2693 3590 2777 imparem
3640 2693 3845 2760 sentit.

2704 2863 2819 2930 (Ex
2855 2862 3195 2934 autographo
3232 2862 3365 2917 Cod.
3401 2863 3639 2935 Sangall.
3672 2862 3747 2919 ὅ
3788 2865 3933 2947 Epp.
3987 2864 4085 2921 1x.
4081 2882 4217 2989 “pm
4211 2863 4355 2990 255?
4378 2865 4649 2990 1⁸83

2706 2933 2885 3003 plaria
2931 2934 3240 2987 recentiora
3284 2935 3531 3003 reperies
3573 2934 3632 2987 in
3667 2934 3811 2989 Bibl.
3856 2934 4047 2988 civica.

2950 3003 3091 3073 Epp.
3128 3001 3285 3056 vm.
3320 3001 3413 3057 sol.
3447 3002 3553 3057 '192
3588 3008 3646 3057 et
3679 3019 3768 3075 ap.
3806 3003 4097 3059 Simlerum
4134 3003 4260 3058 Vol.
4301 3003 4458 3075 109.)

2703 3174 3090 3242 Clarissimo
3152 3174 3296 3241 viro
3354 3193 3433 3240 ac
3483 3176 3586 3240 sin
3681 3176 3805 3242 lari
3861 3176 4230 3243 eruditione
4294 3184 4371 3242 et
4485 3179 4651 3242 iente

2704 3261 3124 3327 ornatissimo
3180 3259 3267 3326 D.
3312 3259 3662 3327 Ambrosio
3705 3261 4027 3329 Blaurero
4098 3262 4357 3348 insigni
4421 3197 4645 3329 (ghi-'sn

2945 3347 3251 3414 ministro
3294 3355 3362 3412 et
3404 3348 3576 3431 patri
3618 3347 3984 3431 plurimum
4031 3348 4439 3415 venerando.

2877 3518 2949 3585 S.
2995 3519 3160 3584 Tam
3204 3516 3534 3585 iucundae
3576 3519 3741 3584 mihi
3784 3529 3852 3584 et
3894 3540 4138 3586 suaves
4203 3530 4365 3586 tuae
4410 3520 4653 3586 fuerunt

2700 3604 2954 3683 literae,
2982 3608 3029 3683 ¹)
3095 3605 3200 3669 vir
3264 3606 3830 3689 praestantissime
3909 3627 3987 3670 ac
4050 3614 4241 3688 pater
4302 3606 4649 3690 plurimun

2700 3691 3097 3768 venerande,
3121 3710 3319 3773 quam
3355 3690 3592 3774 plenae
3613 3691 3897 3756 eximiae
3918 3691 4185 3775 pietatis
4205 3700 4278 3757 et
4310 3690 4649 3777 singulari·

2701 3789 2851 3843 tuae
2894 3797 2932 3841 e
3098 3797 3206 3841 me
3249 3774 3759 3843 benevolentiae.
3848 3775 3997 3843 Hoc
4038 3797 4249 3843 unum
4302 3778 4481 3844 mihi
4523 3790 4647 3842 tsn-

2701 3875 2842 3929 tum
2888 3861 2973 3927 do
2999 3873 3068 3928 et
3105 3860 3279 3944 quod
3321 3861 3678 3946 praeclaris
3719 3861 4023 3927 laudibus
4046 3914 4062 3941 ‚
4106 3862 4351 3947 quibus
4396 3884 4509 3930 me
4548 3863 4647 3929 in-

2700 3948 3013 4015 meritum
3079 3968 3280 4013 ornas
3297 3998 3313 4021 ‚
3381 3959 3662 4032 tuaeque
3726 3949 4199 4032 exspectationi
4267 3949 4649 4034 respondere

2701 4054 2834 4101 non
2876 4036 3141 4118 possim.
3231 4032 3674 4115 Quamobrem
3733 4042 3799 4099 te
3862 4054 3979 4099 oro
4020 4042 4214 4119 atque
4258 4034 4535 4103 obsecro
4570 4042 4647 4111 ut.

2700 4118 3466 4271 ffizaffiopffoffimfflz
3504 4118 3981 4290 maga-zib&
4020 4120 4649 4273 ῗιιοιξωιιῗιᾎᾶίοαὶω

2701 4290 3006 4358 adiutum
3064 4292 3147 4356 iri
3202 4291 3458 4356 confido
3479 4256 3495 4282 ⁹
3521 4291 3593 4356 in
3660 4290 3785 4357 hac
3827 4301 3965 4355 tam
4010 4293 4199 4376 gravi
4245 4313 4451 4376 quam
4496 4310 4649 4358 nune

2701 4380 2992 4443 sustineo
3048 4377 3415 4462 provincia,
3472 4378 3577 4443 cui
3631 4377 3909 4442 nimium
3976 4397 4128 4443 sum
4173 4378 4413 4462 impar.
4632 4376 4645 4387 ”

2700 4466 2882 4529 enim
2924 4483 3207 4546 persona
3246 4463 3553 4544 imposita
3592 4472 3695 4528 est
3737 4484 3906 4546 quae
3958 4461 4159 4547 longe
4211 4463 4545 4531 firmiores
4594 4476 4649 4526 α

2700 4550 2995 4632 corporis
3058 4564 3129 4614 et
3180 4548 3385 4614 animi
3431 4550 3609 4614 vires
3641 4549 3949 4631 postulat.
4038 4548 4318 4614 Praesto
4362 4550 4647 4634 equidm

2699 4633 2874 4719 quod
2936 4654 3225 4720 possum.
3315 4632 3654 4716 Quantum
3720 4635 3868 4700 aliis
3932 4634 4335 4701 satisfaciam
4406 4634 4647 4702 nendo:

2698 4730 2879 4787 certe
2926 4720 3095 4785 mihi
3154 4741 3286 4786 non
3351 4719 3694 4786 satisfacio.
3784 4719 4032 4786 Multos
4078 4719 4402 4788 habemus
4444 4721 4647 4787 hosts·

2699 4818 2770 4873 et
2811 4804 2978 4872 dolis
3021 4815 3089 4872 et
3129 4808 3423 4890 potentia
3466 4814 3776 4883 armatos,
3819 4805 3934 4890 qui
3973 4805 4187 4891 quoad
4221 4816 4503 4891 possunt
4533 4804 4647 4891 pii·

2698 4893 2946 4958 nostris
3004 4891 3241 4959 studiis
3296 4900 3363 4957 et
3405 4891 3746 4958 conatibus
3785 4912 3860 4957 se
3900 4902 4283 4976 opponunt.
4342 4902 4420 4959 ut
4460 4911 4647 4960 evu-

2698 4977 2857 5063 gelii
2898 4997 3196 5058 cursum,
3241 4977 3301 5044 si
3343 4979 3608 5062 penitus
3648 4976 3971 5065 impedire
4011 4998 4141 5044 non
4190 4978 4489 5055 valeant,
4530 4974 4643 5042 nl·

2700 5071 2832 5130 tem
2888 5064 3381 5148 quibuscunque
3439 5074 3748 5148 poterunt
3789 5063 4004 5130 modis
4046 5074 4481 5131 remorentur.

2699 5304 2892 5361 4100.
2906 5304 2965 5373 1)
2995 5302 3325 5376 deperditae.
