4900 6125
268 406 387 467 477

1127 587 1331 660 42⁰2.

857 759 1138 829 SPINA
1181 755 1623 829 OAININO.

442 931 1471 1018 Quademusaprofessiom
1700 928 2218 1014 'memmii

266 1014 2217 1102 hucucsquenonfeoeritdeolarat,iamveroadfaeiendam

254 1100 1823 1258 ffiwoemaffimat,modofflloisus
1868 1102 2217 1185 ἐμείωσαν·

576 1362 689 1429 (Ex
723 1359 1064 1431 autographo
1097 1358 1232 1415 Ood.
1268 1358 1474 1416 Gener·
1511 1357 1628 1424 110,
1661 1358 1752 1414 fol.
1788 1354 1906 1424 2⁷.)

436 1536 499 1599 A
523 1532 869 1599 Monsieur
889 1532 1228 1599 Mousieur
1247 1530 1524 1599 Maistre
1537 1529 1816 1597 Oharlee
1836 1528 1876 1596 d
2036 1527 2211 1596 ville.

1473 1618 1535 1684 A
1580 1614 1900 1682 Villefran
1985 1636 2040 1682 e.

363 1789 458 1856 Io.
482 1790 854 1857 Acanthius
886 1789 1252 1856 clarissimo
1286 1788 1432 1855 viro
1453 1787 1688 1854 Oarolo
1708 1785 2001 1854 Passelio
2036 1784 2110 1853 S.

435 1961 647 2028 Paulo
704 1960 918 2027 serius
976 1961 1096 2027 tibi
1153 1959 1541 2044 respondeo,
1603 1978 1757 2025 nam
1811 1977 1957 2025 sero
2012 1956 2208 2024 etiam

255 2048 492 2114 literas
566 2059 712 2113 tuas
791 2047 1026 2129 aooepi.
1136 2044 1360 2127 Quum
1434 2045 1612 2112 enim
1673 2042 2062 2130 gravissime
2125 2064 2210 2109 ex

257 2133 491 2199 morbo
544 2133 777 2217 eapitis
832 2130 1228 2210 laborarem,
1285 2131 1397 2214 qui
1440 2151 1546 2196 me
1588 2139 1735 2197 ooto
1775 2129 1909 2195 iam
1951 2149 2210 2195 meuses

258 2231 330 2284 et
383 2220 667 2303 amplius
727 2218 971 2295 tenuit,
1050 2238 1182 2283 non
1239 2226 1395 2282 suut
1450 2216 1615 2282 mihi
1721 2217 1859 2282 rius
1915 2213 2208 2281 redditae

255 2327 461 2389 quam
525 2303 709 2370 dolor
763 2303 1082 2386 coepisset
1137 2302 1478 2369 mitesoere
1536 2311 1603 2368 et
1649 2301 1663 2316 '
1720 2323 1793 2368 as
1835 2300 2054 2385 legere
2097 2308 2205 2366 ut-

253 2412 518 2474 eunque
584 2389 956 2475 potuissem.
1045 2389 1178 2455 Pro
1249 2388 1487 2473 quibus
1553 2388 1673 2454 tibi
1727 2389 2082 2453 immensas
2137 2392 2206 2451 et

247 2476 660 2543 immortales
693 2478 942 2560 gradus
975 2474 1204 2542 habeo.
1260 2474 1488 2557 Quum
1521 2474 1697 2542 enim
1732 2482 1986 2556 patrem
2011 2484 2204 2537 autea

246 2564 470 2648 egeris
516 2561 806 2628 docendo
848 2569 918 2627 et
969 2558 1357 2638 erudiendo,
1427 2579 1604 2625 nuno
1660 2560 1816 2624 item
1859 2556 2055 2642 egisti
2096 2577 2201 2622 me

243 2656 528 2733 paterne
569 2644 964 2733 castigando,
1008 2667 1130 2713 neo
1172 2653 1272 2713 eet
1312 2645 1486 2730 quod
1522 2645 1801 2710 horteris
1837 2655 1911 2709 ut
1943 2641 2202 2725 flagella

245 2747 370 2800 tua
423 2733 772 2799 mitissima
822 2732 1074 2817 plaoate
1129 2733 1354 2798 feram.
1443 2728 1623 2797 Sunt
1677 2729 1851 2795 euim
1907 2728 2022 2793 illa
2063 2748 2199 2792 me-

243 2820 418 2885 liora
470 2831 537 2885 et
591 2819 760 2885 mihi
815 2838 974 2885 sane
1014 2816 1221 2883 multo
1273 2816 1564 2883 dulciora
1605 2814 1884 2881 aliorum
1941 2813 2198 2881 osoulis.

245 2906 343 2970 Et
398 2919 473 2970 ut
515 2926 673 2971 vere
730 2903 974 2984 dicam,
1036 2923 1157 2987 ego
1199 2901 1318 2967 tibi
1363 2904 1568 2968 vitam
1610 2911 1680 2967 et
1720 2901 1778 2967 si
1820 2899 1981 2983 quid
2025 2909 2202 2965 esset

245 2991 420 3056 mihi
461 2990 677 3057 adhue
719 2990 938 3058 oarius
980 2987 1213 3055 debere
1254 2988 1489 3068 fateor,
1535 2988 1648 3072 qui
1692 2988 1833 3052 sine
1875 2984 2007 3050 ullo
2049 3003 2198 3050 meo

243 3079 484 3143 merito
527 3088 666 3142 tam
709 3075 1041 3142 studiosus
1082 3075 1176 3141 sis
1216 3074 1446 3141 salutis
1488 3082 1556 3139 et
1597 3073 1796 3140 offleii
1829 3073 1977 3137 mei.
2059 3070 2197 3137 Ob—

239 3184 432 3230 seero
497 3172 564 3228 te
626 3174 849 3228 tamen
906 3182 990 3226 ne
1047 3160 1420 3226 tarditatem
1473 3182 1686 3225 meam
1745 3158 2026 3225 astutiae
2081 3175 2195 3223 aut

233 3248 573 3315 malitioso
617 3256 687 3313 et
724 3247 977 3315 oooulto
1010 3246 1206 3314 alicui
1238 3245 1508 3314 oonsilio
1540 3244 1823 3311 tribuas:
1871 3244 1993 3310 hoo
2018 3242 2198 3308 enim

231 3334 364 3400 tihi
399 3354 622 3400 eoram
656 3333 802 3399 Deo
844 3354 998 3399 vere
1042 3341 1110 3398 et
1149 3352 1235 3398 ex
1277 3331 1497 3397 animo
1540 3330 1773 3409 dinam,
1816 3351 1923 3396 me
1956 3329 2197 3396 ideireo

231 3428 588 3503 tantopere
631 3418 980 3497 distulisse,
1023 3418 1266 3502 partim
1299 3438 1387 3483 ne
1419 3417 1794 3502 praeseutia
1827 3437 1974 3482 mea
2007 3434 2196 3481 sauo-

231 3505 534 3572 tissimos
575 3505 726 3570 illos
767 3512 995 3572 ooetus
1051 3502 1468 3588 dissiparem,
1542 3502 1781 3586 partim
1825 3522 1980 3567 vero
2022 3499 2195 3584 quod

228 3590 540 3658 nondum
605 3600 827 3656 sertus
895 3609 1106 3657 essem
1176 3609 1260 3655 au
1324 3588 1662 3655 eeclesiam
1715 3586 2195 3671 pontificiorum

225 3677 510 3745 omnino
545 3675 931 3753 desererem,
976 3682 1044 3742 et
1078 3694 1284 3740 novos
1317 3682 1538 3740 ooetus
1571 3673 1915 3739 instituere
1949 3672 2193 3737 liceret.

225 3764 392 3831 Hoc
443 3763 619 3827 enim
678 3761 752 3826 in
793 3761 964 3827 Iuda
1013 3759 1171 3827 olim
1224 3761 1470 3827 fastum
1530 3779 1663 3825 non
1722 3758 1927 3824 fuisse
1983 3756 2195 3837 viden,

223 3850 396 3915 lieet
437 3848 508 3913 iu
555 3848 800 3932 templo
856 3846 1075 3913 oultus
1117 3846 1246 3912 Dei
1304 3844 1530 3912 multis
1585 3843 1798 3910 modis
1840 3842 2192 3910 admodum

225 3935 721 4003 oontaminatus
808 3941 999 3999 esset.
1118 3931 1474 3997 Praeterea
1557 3930 1816 4014 seriptis
1900 3927 2192 4009 Martini,

229 4019 541 4101 Philipps·
581 4027 651 4084 et
691 4017 960 4096 Bucari,
1022 4019 1208 4085 ouius
1247 4037 1370 4102 ego
1414 4015 1727 4082 iudicium
1770 4024 1840 4082 et
1877 4012 2193 4081 eruditio-

227 4126 394 4171 nem
440 4124 718 4188 semper,
765 4112 841 4169 ut
881 4104 974 4186 pii
1016 4123 1263 4183 omues,
1307 4102 1574 4187 plurimi
1614 4102 1737 4169 feei
1754 4148 1784 4179 ,-
1814 4099 2196 4167 deterrebar

223 4200 318 4257 ut
370 4189 439 4256 id
493 4191 790 4255 faeerem.
871 4187 1065 4254 Adde
1134 4186 1307 4274 quod
1375 4189 1445 4254 in
1512 4187 1998 4255 commentariis
2059 4185 2196 4252 tuis

223 4296 565 4359 nusquam
628 4274 758 4360 legi
775 4322 793 4352 ,
859 4272 1034 4358 quod
1095 4273 1510 4340 meminerim
1529 4324 1547 4354 ,
1612 4271 1951 4340 ecelesiam
2017 4269 2194 4356 apud

223 4362 388 4428 illos
448 4360 699 4426 nullam
756 4381 920 4427 esse.
1007 4358 1290 4444 Semper
1345 4360 1438 4426 fui
1494 4359 1567 4425 in
1626 4379 1708 4425 ea
1748 4359 2076 4424 sententia
2118 4365 2194 4422 ut

223 4448 458 4533 palam
502 4460 572 4511 et
613 4447 871 4513 fortiter
912 4445 1135 4512 omnia
1187 4445 1718 4530 improbarentur
1757 4462 1927 4527 quae
1968 4454 2194 4511 eontra

223 4534 518 4602 verbum
566 4532 694 4597 Dei
751 4532 821 4597 in
881 4552 1028 4597 eam
1085 4530 1291 4598 stulta
1332 4530 1674 4597 hominum
1717 4529 2036 4614 religione
2076 4536 2194 4595 aut

223 4619 372 4687 alio
428 4617 699 4685 oonsilio
756 4615 1131 4684 introduota
1186 4624 1440 4683 esseut:
1517 4614 1634 4683 sed
1685 4614 1782 4681 ita
1833 4626 2056 4681 tamen
2114 4622 2195 4681 ut

271 4726 407 4772 uae
478 4705 547 4769 in
625 4703 741 4769 illa
817 4702 1034 4770 adhue
1117 4710 1539 4787 superessent
1628 4721 1716 4768 ex
1776 4698 2193 4767 institutione

217 4727 494 4859 anri-ti
533 4790 962 4856 refineantur.
1031 4788 1228 4855 Nune
1268 4796 1488 4857 autem
1528 4808 1729 4872 quum
1772 4784 2031 4853 videam
2063 4785 2192 4870 piis

217 4878 370 4943 ‘hae
417 4874 864 4942 moderatione
920 4893 1056 4940 non
1114 4873 1457 4954 satisfieri,
1514 4884 1583 4940 et
1621 4871 1959 4940 eeclesiam
2002 4872 2190 4939 ouius

215 4981 362 5048 ego
417 4961 732 5029 iudicium
746 5008 763 5039 ,
827 4969 902 5027 ut
952 4958 1159 5026 debeo
1173 5010 1191 5039 ,
1448 4978 1646 5044 opere
1699 4976 2036 5036 revereor,
2077 4975 2188 5023 me

441 5058 557 5114 tuo
598 5055 1040 5114 wousantem:
1103 5066 1304 5130 quum
1391 5046 1626 5129 suique
1664 5042 2011 5129 postremis
2051 5041 2188 5109 tuis

259 5134 276 5150 “
353 5132 980 5201 rismetamserio
1020 5128 1455 5209 adiuraveris,
1512 5126 2186 5197 eteoramDeonisi

211 5238 506 5305 paream
550 5217 1002 5304 appellaveris,
1043 5217 1246 5285 statui
1287 5234 1552 5283 omnem
1592 5214 1796 5282 semel
1828 5232 2084 5280 moram
2117 5220 2185 5279 et

215 5304 723 5373 annotationem
764 5302 1180 5387 abrumpere,
1245 5310 1317 5369 et
1355 5321 1435 5369 ea
1474 5301 1546 5368 in
1587 5310 1919 5387 posterum
1958 5298 2184 5367 sonari

1883 397 2666 469 smmum

4134 412 4263 477 4⁷8

2312 589 3047 742 :mmm
3099 590 3679 745 miiaifflssnffi
3697 600 3823 748 Ἓξ
3867 594 4126 765 ξωωῗὲ
4157 605 4265 751 ῗξ

2314 758 2722 845 praescribas
2785 767 2855 827 et
2922 761 3093 847 sigui
3143 780 3267 829 ees.
3688 765 3867 832 enim
3929 774 4034 834 est
4124 703 4193 785 P!
4240 770 4257 786 ⁸

2315 844 2438 912 tibi
2451 896 2470 925 ,
2527 854 2842 930 tauquam
2884 847 3057 931 patri
3100 855 3168 914 et
3209 847 3353 915 viro
3392 850 3627 932 spiritu
3671 859 3739 918 et
3776 852 4098 937 snpientia
4138 853 4261 923 Dei

2314 950 2576 998 summa
2626 931 2949 1015 praedito,
3004 953 3250 1000 morem
3347 955 3530 1002 erere
3584 934 3656 1002 in
3710 937 3906 1006 rebus
3957 938 4263 1009 omnibus

2315 1016 2530 1101 quoad
2573 1025 2820 1102 potero.
2906 1018 3001 1084 Et
3041 1038 3217 1098 sane,
3261 1041 3319 1086 si
3361 1021 3554 1087 firma
3594 1041 3806 1090 essem
3860 1022 4261 1106 valetudine,

2314 1103 2804 1202 quamprimum
2845 1102 2931 1170 ad
2975 1125 3093 1171 vos
3132 1106 3603 1190 profioiseererf,
3645 1116 3721 1175 ut
3760 1108 3933 1176 hane
3976 1109 4261 1178 hiemem

2313 1186 2653 1256 vobiscum
2696 1187 3122 1269 traduoerem,
3166 1198 3235 1256 et
3266 1211 3373 1258 me
3406 1190 3527 1258 tibi
3872 1193 4098 1275 ndum,
4145 1205 4264 1263 aut

2313 1273 2512 1340 etiam
2554 1271 2638 1340 de
2677 1274 2750 1339 in
2978 1276 3431 1361 retingendum
3485 1282 3974 1347 oon-mittem.
4062 1278 4262 1363 Quod

2313 1359 2458 1425 Deo
2503 1358 2764 1425 volente
2906 1361 3039 1427 iam
3102 1362 3373 1429 ineunte
3472 1362 3727 1431 roz-imo
3770 1385 3943 1432 vere.
4029 1366 4263 1434 Debeo

2314 1444 2436 1512 tibi
2463 1444 2833 1595 flul-imum
2879 1445 3053 1530 quod
3093 1467 3321 1513 eorum
3465 1450 3725 1515 umnias
3766 1450 4102 1532 reieoeris,
4146 1453 4261 1537 qui

2312 1551 2420 1597 me
2507 1539 2828 1629 opti-mam
2886 1552 2927 1597 a
2975 1540 3201 1599 vestra
3263 1533 3588 1601 diversam
3648 1535 4017 1603 olanoulum
4072 1558 4260 1622 spar-

2312 1636 2469 1701 gere
2501 1615 2823 1682 dictitant,
2894 1615 3089 1700 Quod
3120 1618 3440 1686 nefarium
3476 1629 3544 1687 et
3577 1620 3981 1688 horrendum
4009 1624 4260 1691 orimen

2311 1721 2506 1768 nemo
2546 1721 2835 1786 unquam
2892 1702 3057 1769 mihi
3122 1703 3381 1772 obiioiet
3431 1726 3655 1772 eorum
3704 1708 3823 1791 qui
3864 1728 3971 1774 me
4014 1716 4263 1776 norunt

2311 1795 2427 1853 aut
2491 1786 2864 1871 loquentem
2930 1788 3339 1856 familiarite:-
3402 1791 3770 1859 audierunt.
3870 1793 4018 1879 Ego
4080 1794 4259 1862 enim

2310 1891 2570 1944 omnem
2616 1885 2903 1940 vestram
2946 1874 3308 1942 doctrinam
3354 1883 3665 1960 tanquam
3724 1878 4085 1946 doctrinam
4128 1880 4261 1947 Dei

2309 1959 2669 2042 amplector
2731 1969 2799 2024 et
2859 1960 3130 2046 resipio,
3214 1982 3486 2045 eamque
3549 1983 3671 2047 pto
3738 1984 3887 2030 mea
3948 1965 4260 2034 facultate

2309 2056 2567 2127 semper
2608 2054 2985 2112 constanter
3025 2047 3242 2131 pelam
3286 2056 3353 2114 et
3385 2048 3691 2131 privatim
3731 2050 4004 2130 asserui,
4048 2072 4259 2135 neque

2307 2130 2649 2213 permittet
2690 2131 3016 2198 Dominus
3071 2142 3147 2197 ut
3200 2132 3283 2198 ab
3341 2153 3421 2199 ea
3476 2155 3769 2217 unquam
3825 2135 3930 2202 vel
3986 2137 4059 2202 in
4122 2158 4259 2205 uno

2306 2217 2490 2365 :Kios
2531 2216 2889 2283 deflectam.
2976 2215 3114 2283 Sed
3171 2217 3292 2283 has
3347 2219 3711 2287 calumnias
3772 2242 3905 2288 non
3947 2232 4108 2306 puto
4150 2244 4261 2290 me

2375 2302 2434 2366 ‘a
2476 2301 2730 2367 ratione
2770 2301 3087 2385 repellere
3137 2324 3327 2387 posse
3369 2325 3565 2387 quam
3608 2307 3665 2373 ei
3707 2327 3826 2373 vos
3867 2307 4146 2376 invisam
4190 2317 4260 2375 et

2304 2385 2502 2451 fidem
2540 2407 2760 2454 meam
2806 2388 2987 2454 vobis
3044 2407 3265 2454 eoram
3322 2393 3631 2474 aperiam.
3721 2390 3933 2473 Quod,
3977 2403 4054 2459 ut
4096 2393 4256 2476 dixi,

2306 2470 2564 2538 decrevi
2624 2473 2837 2539 faeere
2892 2474 3108 2556 prima
3162 2495 3418 2558 qusque
3486 2477 3841 2544 eooaoione,
3929 2478 4034 2545 Ne
4096 2501 4255 2546 vero

2303 2555 2428 2621 hoo
2462 2557 2731 2626 indueus
2765 2559 3121 2637 animumn
3166 2558 3640 2629 admonitiones
3675 2572 3821 2628 tuas
3855 2583 3896 2628 a
3928 2585 4034 2630 me
4068 2586 4253 2649 spre-

2303 2651 2404 2708 tas
2447 2643 2665 2709 fuisse.
2735 2643 2908 2709 Nam
2953 2646 3009 2710 si
3050 2643 3120 2709 id
3155 2645 3452 2725 faeerem,
3497 2668 3605 2713 ms
3639 2648 4049 2731 deploratum
4088 2671 4248 2732 esse,

2303 2737 2370 2793 et
2410 2726 2629 2794 Deum
2758 2729 2891 2794 tius
2932 2751 3129 2813 quam
3170 2741 3238 2797 te
3278 2753 3387 2798 me
3428 2732 3646 2817 ipsum
3689 2741 4107 2803 eontemnere
4149 2738 4250 2803 iu-

2302 2811 2571 2881 diearea.
2715 2813 2796 2880 ed
2846 2836 3047 2897 quum
3088 2816 3437 2884 calumniis
3479 2827 3547 2885 et
3586 2819 4044 2887 maledioentia
4084 2841 4251 2888 non-

2300 2898 2632 2966 nullorum
2673 2900 2969 2966 animum
3012 2912 3199 2967 tuum
3255 2922 3296 2967 a
3350 2923 3459 2970 me
3521 2904 3877 2971 alienatum
3917 2927 4064 2973 esse
4104 2927 4249 2976 sus·

2301 2984 2583 3069 pioarer,
2647 2985 2810 3053 haee
2866 3006 3101 3053 revera
3140 2986 3279 3054 sola
3320 3009 3518 3056 eausa
3558 2990 3684 3056 fuit
3724 2998 3802 3056 ut
3843 2990 3927 3063 ad
3967 3000 4034 3057 te
4076 3013 4249 3060 nun-

2299 3091 2498 3154 quam
2553 3071 2834 3138 seribere
2889 3073 3197 3139 auderem
3240 3074 3369 3140 nisi
3411 3075 3623 3144 literis
3666 3079 3797 3144 tuis
3840 3088 4246 3162 provocatus.

2299 3155 2492 3256 liuns
2548 3166 2767 3225 autem
2820 3158 2989 3223 nihil
3041 3159 3209 3224 mihi
3264 3160 3553 3245 optatius
3606 3183 3802 3247 quam
3847 3170 4139 3231 veterem
4182 3174 4251 3231 et

2297 3244 2741 3309 intermissam
2786 3252 3079 3309 nostram
3122 3244 3450 3312 seribendi
3484 3247 4024 3316 eonsuetudinem
4058 3270 4249 3335 rep&

2297 3336 2458 3395 tere.
2536 3328 2724 3395 Nihil
2766 3328 2939 3396 enim
2983 3328 3160 3395 domi
3203 3330 3412 3399 habeo
3453 3332 3664 3400 literis
3707 3333 3838 3401 tuis
3878 3335 4248 3417 iucundius,

2294 3434 2460 3498 quas
2493 3412 2705 3514 indies
2738 3415 3097 3495 exosoulor,
3133 3425 3211 3482 ut
3241 3437 3408 3500 quae
3440 3417 3579 3485 sint
3608 3419 3935 3488 amicitiae
3963 3430 4249 3502 nostrae,

2295 3520 2426 3583 qua
2471 3500 2640 3565 mhil
2680 3500 2869 3584 prius
2925 3508 2993 3565 et
3034 3502 3367 3585 antiquius
3420 3503 3631 3572 habeo
3674 3513 3743 3571 et
3783 3526 3913 3589 qua
3951 3526 4060 3574 me
4100 3508 4247 3575 feli-

2293 3585 2631 3685 cissimum
2674 3606 2819 3652 esse
2861 3584 3055 3667 duoo,
3116 3587 3391 3673 pignora
3442 3597 3512 3656 et
3564 3600 4008 3659 monumenta.
4052 3592 4243 3673 Vale,

2293 3680 2542 3754 opume
2604 3692 2871 3755 pareus,
2938 3680 3007 3738 et
3066 3674 3198 3739 mei
3252 3693 3491 3758 quaeso
3547 3677 3665 3743 filii
3718 3676 3874 3759 tui,³
3969 3699 4121 3746 uem
4172 3679 4244 3746 in

2294 3755 2563 3823 Christo
2619 3757 2903 3841 genuisti
2918 3808 2936 3837 ,
2992 3779 3327 3842 nunquam
3371 3760 3793 3830 obliviscaris.
3946 3764 4052 3831 ale
4068 3815 4086 3845 ,
4139 3764 4243 3830 in-

2293 3862 2514 3926 quam,
2556 3850 2625 3907 et
2664 3843 2974 3910 eoolesiae
3015 3842 3147 3910 Dei
3190 3846 3341 3913 vive
3382 3844 3496 3913 diu
3535 3848 3897 3916 ineolumis.
3972 3850 4245 3918 Lutetia

2292 3927 2511 3995 idibus
2552 3930 2861 4014 Augusti.
2894 3931 2945 4013 ¹)

3383 4068 3511 4134 'l'ui
3552 4068 3983 4139 studiosissim'
3898 4072 3912 4087 ‘
3985 4093 4067 4140 us

3464 4154 3561 4221 Io.
3605 4156 3993 4224 Acanthius.
