4900 6125
661 399 787 462 363

1557 582 1746 655 41³1.

1142 719 1661 790 GRYNAEUS
1708 720 2148 790 GALVINO.

837 858 1091 924 Narrat
1135 856 1501 941 Rupet‘ortii
1542 857 1877 925 cuiusdam
1919 859 2182 927 caedem

901 989 910 996 '
983 1011 1095 1081 (nx
1130 1010 1472 1082 autographo
1508 1010 1639 1066 eod.
1676 1011 1881 1067 οων.
1919 1011 2042 1076 113,
2073 1013 2167 1069 τοι.
2202 1010 2316 1075 55.)

1012 1165 1153 1232 Ioh.
1199 1165 1481 1232 Oalvino
1524 1186 1646 1231 suo
1687 1166 1879 1233 fratri
1921 1167 2275 1234 carissimo.

832 1304 903 1373 S.
950 1303 1351 1389 Quanquam
1416 1323 1551 1369 non
1616 1300 1841 1369 dubito
1903 1303 2148 1370 famam
2216 1304 2467 1371 dudum
2536 1305 2621 1372 ad

663 1414 777 1460 vos
819 1390 903 1458 de
943 1397 1155 1457 morte
1201 1387 1569 1473 Rupefortii
1608 1390 1818 1456 nostri
1863 1388 2132 1455 allatam
2176 1411 2318 1457 esse
2332 1442 2348 1470 ,
2394 1402 2620 1457 tamen

660 1479 819 1563 quia
858 1477 928 1543 id
973 1474 1268 1560 postulas
1310 1474 1532 1541 verbis
1586 1474 1810 1558 paucis
1873 1475 2274 1560 significabo.
2366 1478 2621 1544 Ambu-

659 1565 871 1630 latum
914 1584 1063 1631 cum
1107 1561 1477 1647 propinquo
1535 1559 1804 1627 Vinaria
1846 1571 2041 1627 extra
2082 1562 2346 1628 moenia
2387 1564 2621 1641 iverat,

743 1672 780 1715 r
831 1647 1229 1734 proditorem
1247 1698 1262 1724 ,
1329 1646 1445 1730 qui
1508 1646 1579 1711 in
1626 1666 1795 1730 pago
1857 1647 2156 1730 proximo
2215 1647 2529 1730 quosdam
2585 1671 2622 1715 e

660 1670 887 1803 gallia
941 1755 1154 1816 nuper
1205 1752 1506 1801 reversos
1562 1731 1806 1799 milites
1862 1732 2148 1798 saltandi
2198 1733 2623 1817 luctandique

755 1841 905 1887 aros
947 1840 1092 1886 esse
1133 1819 1542 1904 promiserat,
1587 1815 1880 1884 eductus.
1968 1816 2195 1899 Quum
2240 1819 2324 1884 ad
2377 1839 2624 1904 pagum

690 1925 801 1974 ere
837 1914 1113 1973 ventum
1147 1913 1266 1983 est,
1306 1925 1554 1970 cuneus
1587 1901 1875 1970 hostium
1911 1903 2165 1988 impetu
2199 1905 2371 1971 facto
2394 1927 2625 1972 omnes

663 1992 930 2078 quidem
1043 1987 1349 2056 rehendit
1405 1997 1472 2055 et
1524 1990 1595 2054 in
1660 1990 1884 2055 navim
1928 2010 2095 2073 quae
2140 1990 2367 2057 Rheni
2409 1992 2624 2077 ripam

662 2079 737 2145 in
795 2077 919 2144 hoc
1076 2076 1289 2160 posita
1353 2074 1571 2141 stabat
1618 2074 1948 2159 compuJit.
2035 2076 2458 2160 Propinquus
2500 2077 2625 2163 igi-

663 2175 775 2230 tur
833 2163 1143 2230 Viam-ius
1195 2171 1264 2226 et
1320 2181 1663 2227 servorum
1709 2160 2075 2243 Rupefortii
2138 2163 2307 2228 alter
2351 2162 2510 2228 dum
2555 2166 2629 2230 in

662 2250 889 2317 navim
932 2245 1429 2333 pertruduntur,
1473 2246 1615 2330 ipse
1661 2244 2080 2330 Rupefortius
2118 2248 2296 2314 inter
2340 2248 2628 2314 militum

663 2334 1026 2402 tumultum
1082 2333 1257 2400 saltu
1314 2353 1461 2398 sese
1513 2332 1772 2418 ingenti
1824 2332 1894 2398 in
1943 2333 2159 2418 ripam
2217 2335 2496 2419 proripit
2551 2356 2628 2402 ac

660 2443 900 2489 manus
954 2420 1290 2486 latronum
1342 2417 1586 2484 evadit.
1674 2418 1953 2502 Equites
2003 2421 2073 2484 in
2131 2419 2391 2487 insidiis
2435 2430 2630 2487 erant

663 2507 811 2587 duo,
852 2507 967 2591 qui
1009 2506 1371 2590 fugientem
1416 2503 1501 2570 ad
1543 2523 1788 2590 pagum
1826 2506 2204 2588 proximum
2248 2507 2631 2590 persequuti

662 2592 926 2679 longius
969 2599 1248 2677 egerunt
1291 2599 1555 2675 praeter
1596 2611 1872 2675 pagum,
1939 2612 2015 2658 ac
2054 2592 2128 2656 in
2173 2594 2423 2676 campis
2467 2592 2629 2676 ipsis

663 2681 910 2764 apertis
954 2698 1109 2745 cum
1151 2678 1408 2755 itinere,
1452 2696 1582 2759 qua
1616 2677 1991 2777 Argentina
2024 2679 2312 2755 venitur,
2359 2677 2443 2744 ad
2481 2698 2629 2745 cur-

661 2786 907 2919 3231121
945 2761 1883 2934 {ffii'ssssfi’ussssz‘ffissssffi
1912 2771 2418 2915 ᾏῒὲῗὲἕὲἕθῗὲῗ
2434 2764 2629 2933 ..Zaa

662 2958 894 3005 eorum
935 2935 1340 3020 imploraret,
1385 2941 1651 3018 captum
1691 2954 1768 3001 ac
1811 2954 1979 3018 equo
2022 2935 2404 3019 impositum
2439 2948 2510 3001 et
2544 2935 2629 3002 ad

661 3024 926 3110 sylvam
1004 3022 1373 3108 proximam
1453 3021 1818 3105 abreptum.
1941 3020 2079 3087 Res
2155 3020 2318 3089 haec
2394 3019 2631 3087 accidit

660 3110 844 3177 mille
887 3110 970 3174 ad
1013 3129 1347 3174 summum
1403 3127 1444 3171 a
1500 3106 1848 3172 moenibus
1890 3128 2207 3191 passuum
2250 3107 2625 3174 intervallo.

663 3198 798 3263 Per
841 3196 1105 3280 sylvam
1150 3194 1385 3261 ductus
1423 3200 1527 3258 est
1568 3213 1762 3277 equo,
1832 3212 2034 3277 quum
2099 3192 2266 3259 alter
2330 3195 2629 3279 equitum

662 3283 735 3348 in
800 3280 999 3366 pedes
1062 3302 1133 3346 se
1198 3278 1602 3346 coniecisset.
1691 3276 1861 3345 Orta
1924 3288 2117 3345 nocte
2182 3279 2343 3358 iam,
2414 3288 2478 3346 et
2542 3300 2627 3345 ex

662 3368 941 3435 vulnere
983 3365 1158 3451 quod
1201 3365 1271 3431 in
1318 3365 1532 3450 capite
1576 3363 1810 3431 habuit
1852 3365 2013 3431 satis
2056 3385 2393 3449 magnum,
2439 3373 2509 3431 et
2543 3388 2629 3431 ex

661 3455 902 3520 itinere
957 3453 1298 3537 fatigatus,
1368 3449 1525 3516 vehi
1579 3472 1745 3535 equo
1796 3470 1931 3517 non
1998 3452 2216 3534 potuit
2270 3450 2628 3531 commode,

664 3561 741 3607 ac
787 3538 1054 3606 destitui
1101 3538 1351 3605 viribus
1393 3544 1471 3603 ut
1505 3535 1772 3603 videtur
1814 3537 2047 3620 coepit.
2136 3538 2345 3603 Latro
2401 3537 2630 3603 exani-

663 3646 838 3692 mem
880 3623 1352 3710 propemodum
1394 3643 1666 3707 prorsus
1720 3621 2055 3688 hominem
2111 3623 2259 3689 istic
2302 3623 2633 3690 interfecit

664 3710 1023 3778 bombarda
1066 3719 1331 3794 pectore
1377 3711 1667 3775 traiecto.
1760 3707 2051 3775 Globum
2110 3708 2221 3774 hic
2283 3728 2407 3775 nos
2451 3709 2631 3775 domi

664 3797 1006 3863 habemus.
1094 3796 1186 3861 Et
1241 3796 1560 3871 rusticus,
1625 3794 1741 3877 qui
1793 3794 1936 3877 ipse
1989 3794 2194 3861 oculis
2249 3795 2387 3860 suis
2443 3793 2628 3874 vidit,

665 3892 734 3950 et
776 3882 1096 3950 clamores
1138 3882 1480 3947 morientis
1523 3892 1589 3946 et
1630 3881 1838 3947 ictum
1873 3880 2167 3947 ferientis
2201 3880 2629 3947 bombardae-

666 3991 794 4054 que
856 3990 1095 4034 sonum
1159 3965 1414 4033 audivit
1429 4018 1444 4041 ,
1511 3967 1815 4033 narravit
1877 3966 2086 4033 nobis.
2175 3967 2304 4033 Est
2371 3966 2631 4033 facinus

667 4055 842 4141 quod
907 4053 1109 4120 nullis
1166 4053 1389 4119 verbis
1445 4052 1609 4119 satis
1667 4051 1884 4117 attolli
1943 4059 2174 4136 potest.
2263 4050 2633 4118 Prehendit

666 4140 1106 4293 ῗῴῗὲὶῗῑὲῗι
1138 4137 2026 4292 ἰῗᾈεᾞιῶᾜθξῖἕὲῗζ,
2065 4138 2242 4308 {1²32
2243 4146 2271 4202 ⁸
2290 4137 2633 4290 0203232

667 4314 791 4379 hos
835 4330 904 4378 et
960 4320 1456 4395 praetereuntes
1511 4317 1917 4392 receperunt.
1963 4308 2249 4376 Oomitia
2303 4308 2426 4376 hao
2472 4309 2630 4377 heb-

669 4398 945 4465 domade
1007 4397 1330 4463 habentur
1386 4396 1564 4480 apud
1623 4395 1990 4461 Helvetios.
2079 4394 2196 4462 Sic
2259 4395 2472 4460 fatum
2532 4405 2634 4461 est

665 4485 868 4550 huius
931 4484 1073 4549 viri.
1159 4483 1314 4567 Ipse
1359 4482 1683 4548 dominica
1724 4481 2027 4564 proxima
2089 4501 2285 4566 quam
2328 4482 2632 4547 interfec-

670 4578 779 4637 tus
838 4579 941 4637 est
994 4569 1077 4637 ad
1132 4588 1429 4635 mensam
1469 4568 1744 4634 Domini
1798 4565 2028 4634 adiens
2085 4567 2634 4652 significationem

668 4656 826 4721 fidei
880 4654 1061 4721 dedit
1105 4675 1236 4721 non
1280 4656 1624 4721 obscuram
1643 4705 1659 4731 ,
1719 4662 1786 4719 et
1842 4652 2020 4737 apud
2074 4675 2179 4719 me
2223 4652 2395 4718 vixit
2435 4654 2631 4719 inno·

667 4742 1064 4809 cautissime.
1156 4739 1554 4808 Incredibile
1597 4747 1700 4805 est
1740 4760 1936 4822 quem
1980 4738 2271 4805 dolorem
2316 4760 2633 4824 concepe-

669 4829 880 4895 rimus
923 4848 1150 4894 omnes
1193 4850 1280 4893 ex
1322 4828 1452 4892 isto
1494 4846 1671 4906 casu,
1717 4826 1828 4909 qui
1873 4825 2101 4908 utique
2158 4824 2243 4890 ad
2287 4847 2393 4891 res
2426 4826 2634 4891 maio·

671 4936 778 4980 res
823 4936 857 4980 s
904 4926 1123 4980 ectare
1167 4913 1454 4979 videtur.

914 5019 951 5066 e
994 4997 1253 5064 foedere
1295 5019 1446 5066 cum
1491 5019 1646 5083 rege
1690 4995 1858 5062 nihil
1900 5004 2004 5062 est
2047 4997 2173 5061 nisi
2217 4997 2347 5063 iam
2394 4998 2484 5064 sit
2518 4998 2636 5064 ali·

671 5085 846 5170 quid.
936 5083 1182 5150 Consul
1227 5085 1367 5167 ipse
1409 5081 1494 5148 ad
1540 5132 1938 5148 .......
1966 5085 2019 5164 ¹)
2063 5084 2326 5164 scripsit
2369 5087 2631 5163 iterum,

671 5255 1188 5380 315-sz
1234 5270 1302 5309 σε
1358 5256 1603 5323 patina
1668 5255 1782 5309 viri
1842 5254 2134 5308 morawa
2197 5256 2470 5311 &meare
2520 5273 2634 5312 non

2179 395 2707 464 EPISTOLAE
2751 399 3183 464 4131—4134
4527 401 4613 460 351.

2734 604 2811 650 ac
2853 585 3052 652 etiam
3096 594 3367 651 senatus
3408 586 3676 651 nomine
3716 586 3908 653 iussit
3948 583 4163 651 scribi.
4242 585 4621 669 mantiam·

2728 670 2913 738 sibus
2951 671 3323 757 significavi
3364 670 3604 737 omnia.
3695 671 3801 738 De
3856 668 4197 738 conatibus
4239 670 4624 754 improborum

2727 757 2904 840 apud
2947 778 3065 824 vos
3107 755 3311 823 valde
3348 756 3555 824 doleo.
3643 756 3781 823 Sed
3835 757 3965 823 hae
4022 764 4440 840 tempestates
4492 755 4623 839 peh-

2725 863 2852 993 {1⁰⁵
2888 842 3031 921 hoc,
3072 842 3249 928 quod
3291 850 3470 910 reete
3512 854 3587 908 tu
3628 842 3881 921 scribis,
3925 862 4272 926 nunquam
4306 841 4625 907 destituent

2791 947 2866 995 os
2929 930 2999 994 in
3065 928 3349 996 statione
3411 948 3672 1012 semper
3737 930 3985 994 erimus
4003 979 4020 1008 ,
4086 935 4158 993 et
4210 926 4629 1012 gratulabimur

2726 1014 2919 1080 nobis
2984 1014 3142 1081 dum
3206 1014 3302 1081 sic
3364 1034 3486 1081 nos
3547 1023 3785 1082 contra
3820 1016 4043 1080 omnia
4094 1015 4321 1080 firmat
4359 1011 4630 1090 Christus.

2724 1108 2801 1165 ut
2856 1100 3104 1185 impius
3146 1098 3417 1165 interim
3480 1120 3685 1186 regno
3729 1099 3983 1167 Ohristi
4024 1097 4359 1167 concedat.
4444 1098 4537 1163 Ah
4569 1118 4631 1163 ne

2725 1206 2846 1252 nos
2890 1185 3227 1252 horribilis
3269 1185 3468 1252 facies
3511 1207 3736 1252 rerum
3781 1192 4044 1252 terreat.
4114 1183 4467 1268 Superabit
4496 1191 4635 1250 certe

2723 1269 3054 1338 Dominus
3077 1270 3392 1338 Christus
3434 1271 3647 1353 Iesus,
3689 1281 3757 1338 et
3799 1271 3962 1339 fides
3999 1290 4176 1337 nunc
4208 1270 4477 1355 probata
4502 1268 4634 1352 quod

2772 1359 3007 1424 retium
3044 1356 3327 1424 habebit.
3395 1357 3725 1425 Dominus
3748 1357 4056 1425 Christus
4092 1377 4213 1423 nos
4246 1357 4318 1422 in
4353 1356 4520 1423 omni
4546 1374 4634 1419 vo-

2755 1453 2982 1508 untate
3025 1464 3148 1510 sua
3189 1451 3417 1510 sancte
3459 1453 3701 1510 servet.
3793 1446 4028 1509 Amen.
4118 1441 4340 1510 Dulce
4381 1451 4557 1524 caput
4588 1449 4635 1504 et

2722 1529 3147 1596 carissimum
3190 1538 3421 1612 pectus
3454 1528 3781 1596 Faressum
3820 1537 4125 1595 nostrum
4164 1527 4401 1594 saluta.
4447 1529 4637 1592 Am

2723 1635 2845 1682 nos
2887 1634 3066 1682 vere.
3155 1617 3362 1682 Amet
3413 1636 3534 1682 nos
3578 1615 3909 1682 Dominus
3952 1613 4286 1682 Christus.
4377 1616 4584 1679 Amen
4597 1612 4639 1680 2)

3548 1913 3657 1918 m..
3702 1911 3899 1919 -———

3611 2162 3807 2233 4132.

2828 2371 2833 2378 .
2896 2316 3393 2386 BU'I'LERUS
3438 2319 3559 2384 ΕΤ
3604 2316 4057 2386 ΤΒΔΗΕΒΟ
4103 2311 4536 2384 GALVmo.

2910 2489 3154 2572 Nuper,
3196 2495 3267 2556 ut
3308 2492 3575 2569 videtur,
3617 2490 3870 2558 Genava
3902 2489 4175 2573 profecti
4205 2485 4587 2572 prm
4616 2487 4651 2547 4

2734 2575 2936 2643 amico
2979 2577 3196 2643 omnia
3233 2576 3457 2659 fausta
3495 2581 3939 2660 apprecanm.

2733 2749 2959 2816 (Exstat
3001 2750 3059 2801 in
3096 2748 3230 2802 Ood.
3268 2748 3473 2803 Genev.
3517 2746 3642 2814 113,
3694 2746 3788 2801 sol.
3828 2746 3947 2801 113.
4016 2746 4183 2801 Edita
4218 2753 4305 2800 eat
4340 2747 4403 2800 in
4439 2745 4570 2816 Epp.
4594 2741 4659 2796 ti-

2731 2817 2939 2887 gurinis
2973 2834 3027 2887 p.
3061 2815 3165 2871 403
3200 2823 3259 2871 et
3293 2818 3504 2940 αυὲἱίοε
3539 2833 3701 2899 versa
3752 2816 3811 2870 in
3846 2816 4199 2870 Parkerianis
4235 2815 4300 2870 Τ.
4340 2815 4449 2872 ΙΠ.
4498 2811 4655 2884 pm.

3422 2885 3734 2956 erminjard.
3768 2885 3873 2942 IV.
3907 2883 4057 2953 876.)

2732 3057 3104 3125 Excellenti

2905 3144 2953 3209 h
3094 3144 3107 3158 ·
3207 3080 3369 3124 uum
3430 3058 3727 3125 doctrina
3786 3066 3932 3124 tum
3974 3056 4223 3142 pietate
4266 3056 4421 3124 viro
4464 3055 4545 3123 D.
4580 3054 4653 3122 1⁰·

2953 3165 3113 3210 anm

3216 3144 3438 3210 alvino
3482 3145 3693 3211 amico
3736 3143 4041 3227 inprimis
4094 3143 4527 3210 observando.

2731 3314 3202 3382 Eruditissimo
3262 3317 3405 3382 viro
3469 3317 3721 3401 sibique
3785 3314 3997 3381 multo
4057 3315 4406 3382 carissimo
4464 3315 4545 3381 D.
4580 3312 4657 3377 Io·

2732 3401 2939 3466 hanni
2983 3400 3266 3467 Calvino
3308 3401 3647 3468 Iohannes
3680 3403 3998 3469 Butlerus
4041 3409 4109 3466 et
4142 3400 4655 3467 Bartholomaeu-

2989 3486 3395 3553 'Prehernius
3437 3487 3547 3567 τήν
3587 3487 3794 3567 ἀληθῆ
3827 3485 4017 3572 χαρὰν
4061 3491 4122 3550 ἐν
4156 3488 4445 3575 Xeno-tf.

2902 3658 3008 3724 lta
3052 3660 3238 3726 nobis
3282 3661 3554 3743 posthac
3600 3660 3774 3725 laeta
3815 3660 4039 3725 omnia
4095 3658 4410 3726 accidant
4464 3674 4536 3724 nt
4568 3676 4653 3721 ns-

2732 3745 2831 3812 bis
2874 3765 3144 3830 gravem
3188 3745 3477 3813 dolorem
3521 3746 3745 3812 attulit
3784 3745 3950 3812 haec
3989 3752 4220 3812 nostra
4260 3764 4302 3810 a
4349 3756 4419 3811 te
4452 3745 4655 3829 dignu·

2731 3830 2849 3896 sio.
2923 3831 3218 3898 Tametsi
3259 3832 3437 3897 enim
3480 3853 3613 3898 non
3656 3831 4011 3897 admodum
4055 3828 4397 3911 diuturna,
4444 3842 4515 3896 ut
4546 3848 4655 3912 spo·

2730 3937 2989 3997 ramus,
3054 3918 3280 3983 futura
3321 3920 3441 3997 sit,
3506 3926 3730 3984 tamen
3775 3926 3966 3982 tanta
4025 3917 4277 4000 ingenii
4344 3918 4653 3985 suavita

2732 4010 2917 4067 tanta
2960 4002 3434 4087 colloquiorum
3478 4003 3841 4081 dulcedine,
3887 4024 4008 4070 nos
4051 4002 4158 4069 vel
4201 4001 4289 4067 ad
4334 4004 4535 4068 horu
4566 4000 4655 4065 ali-

2732 4096 2893 4171 quot
2932 4087 3248 4166 fraudari,
3292 4110 3430 4154 non
3474 4089 3695 4155 dolere
3741 4110 3875 4154 non
3918 4109 4286 4172 possumus.
4365 4089 4509 4155 Nee
4536 4082 4657 4153 mad

2731 4174 3000 4239 interim
3042 4175 3341 4241 animum
3383 4183 3689 4241 nostrum
3732 4173 4150 4240 mediocriter
4189 4176 4407 4259 ang-it,
4452 4195 4533 4240 ne
4560 4174 4655 4238 sin

2733 4260 2843 4343 qui
2887 4270 3126 4343 putent
3168 4280 3291 4326 nos
3333 4281 3596 4328 muscas
3638 4261 3917 4340 imitari,
3983 4280 4151 4344 quae
4201 4282 4411 4344 quum
4457 4268 4655 4327 aaut

2735 4345 3088 4430 diligenter
3127 4345 3350 4412 adsint
3392 4348 3504 4413 ubi
3549 4346 3763 4413 hiems
3804 4348 4057 4432 ingruit
4098 4347 4479 4431 aufugiunt.
4556 4344 4655 4411 Nn

2733 4440 2944 4510 certe,
3010 4432 3067 4497 si
3133 4452 3263 4516 qua
3326 4434 3398 4498 in
3463 4454 3537 4498 re
3581 4442 3646 4497 te
3688 4437 3919 4498 iuvare
3969 4434 4436 4525 potuissemus,
4490 4448 4655 4513 nsq-

2735 4517 2874 4583 ulla
2918 4516 3224 4601 voluptas
3267 4520 3386 4585 abs
3427 4526 3494 4583 te
3537 4528 3893 4597 avocasset,
3938 4539 4150 4602 neque
4192 4517 4411 4584 ullum
4450 4520 4655 4604 perin-

2732 4603 2878 4669 lum
2921 4603 3367 4671 abstraxisset
3432 4606 3798 4672 Enimvero
3831 4606 4039 4670 maior
4072 4615 4177 4671 est
4218 4605 4387 4671 haee
4429 4602 4655 4671 uun·

2732 4710 2935 4773 quam
2995 4689 3113 4755 tibi
3170 4691 3506 4758 malesana
3547 4689 3957 4775 quorundam
3999 4691 4269 4774 ingenia
4308 4690 4655 4759 attula-

2734 4795 2933 4858 quam
2978 4784 3058 4840 ut
3099 4796 3246 4842 eam
3289 4797 3411 4843 nos
3464 4776 3675 4843 lenire
3728 4777 4071 4860 posdmus.
4152 4776 4292 4843 Sed
4334 4778 4543 4845 hab·
4568 4773 4651 4859 φ’

2734 4860 3052 4945 quidquid
3117 4864 3343 4928 animo
3409 4872 3525 4928 tuo
3588 4862 3977 4929 nebularum
4043 4863 4348 4928 obortum
4392 4870 4505 4931 οὐ
4532 4876 4653 4928 α

2733 4947 3201 5013 consolationis
3254 4948 3458 5015 radiis
3499 4949 3687 5014 facile
3730 4948 3834 5014 dis
3918 4948 4067 5027 ilat,
4132 4948 4423 5033 Χριστὸν
4458 4942 4649 5027 jn&

2733 5032 2806 5099 Is
2850 5032 2971 5099 tibi
3014 5033 3249 5100 reddet
3289 5035 3529 5099 laetam
3570 5034 3833 5119 tranqu‘
3894 5035 4137 5111 ‘tatem,
4182 5035 4243 5100 is
4288 5035 4653 5103 hoan-

2735 5255 3224 5396 WDGQQ
3278 5255 3676 5381 Ἣ.
3728 5255 3859 5310 1541
3919 5272 3950 5311 e
3996 5256 4507 5382 υίοίεᾷεοη-ὔ,
4550 5252 4655 5309 1-
