4900 6125
657 421 772 481 191

652 626 776 673 868
820 604 1051 689 scripsi
1084 604 1362 689 probare
1404 613 1698 685 conatur,
1742 605 1887 673 dice
1921 627 2072 672 eum
2106 607 2376 673 sinistre
2410 608 2614 673 inter-

655 692 903 777 pretari
947 691 1195 775 scripta
1236 712 1402 770 mea,
1446 701 1512 757 et
1555 713 1645 758 ex
1686 693 1783 758 eis
1823 692 1941 757 illa
1973 691 2143 759 velle
2177 691 2412 760 elicere
2448 714 2616 775 quae

655 777 821 843 mihi
864 797 1205 861 nunquam
1250 785 1578 843 venerunt
1618 778 1688 843 in
1730 787 2018 844 mentem
2064 787 2133 844 et
2174 777 2297 846 hoc
2354 778 2617 863 publico

655 863 902 949 scripto
945 863 1223 945 probare
1265 884 1413 928 sum
1455 870 1745 946 paratus.

829 948 1129 1013 'l‘ern'um
1173 948 1423 1013 crimen
1469 959 1568 1015 est
1611 948 1784 1033 quod
1847 971 1969 1035 ego
2012 949 2138 1016 sim
2182 949 2476 1016 omnium
2519 950 2616 1014 fa-

655 1034 1125 1109 cinorosorum,
1169 1034 1669 1114 haereticorum,
1715 1035 2181 1111 adulterorum,
2215 1037 2462 1112 furum,
2500 1034 2616 1101 ho·

656 1118 1051 1188 micidarnm
1095 1125 1428 1202 patronus,
1474 1127 1540 1186 et
1580 1120 1753 1204 quod
1786 1143 1897 1188 668
1939 1130 2115 1188 tutos
2158 1122 2239 1188 ab
2285 1131 2618 1188 accusato-

656 1205 842 1272 ribus
899 1215 966 1272 et
1018 1204 1342 1272 iudicibus
1401 1217 1738 1288 praestare
1796 1207 2015 1286 velim,
2070 1215 2140 1272 et
2194 1206 2366 1291 quod
2408 1206 2618 1272 861118

657 1292 1126 1376 magistratum
1180 1290 1315 1356 ullo
1370 1290 1564 1358 modo
1608 1313 1751 1358 sese
1792 1293 2074 1378 negotiis
2114 1292 2451 1376 religionis
2495 1292 2617 1357 im-

657 1377 950 1444 miscere.
1039 1376 1132 1442 Ει
1174 1376 1255 1442 (16
1295 1375 1418 1443 hoc
1460 1377 1737 1444 crimine
1780 1378 1957 1444 idem
2000 1379 2172 1463 quod
2206 1378 2289 1444 de
2325 1378 2618 1461 superio-

658 1463 844 1530 ribus
885 1460 1264 1546 respondeo,
1306 1462 1612 1529 videlicet
1653 1463 2077 1531 falsissimum
2122 1486 2281 1544 esse,
2328 1475 2396 1529 et
2438 1471 2515 1529 ut
2551 1463 2621 1528 id

655 1548 889 1633 probet
930 1558 1271 1614 accusator
1311 1548 1588 1631 postulo.
1676 1550 1823 1634 Ego
1866 1571 2024 1616 vero
2065 1573 2174 1616 me
2216 1550 2619 1616 contrarium

658 1633 1091 1719 probaturum
1165 1654 1307 1699 esse
1376 1634 1575 1699 etiam
1633 1656 1718 1699 ex
1775 1636 2036 1719 scriptis
2090 1638 2255 1704 meis
2311 1634 2617 1719 spondeo.

660 1720 952 1786 Omnino
993 1719 1052 1784 si
1094 1719 1182 1783 sit
1226 1740 1392 1802 6888
1436 1719 1715 1786 testibus
1756 1722 1884 1787 fide
1928 1721 2167 1807 dignis,
2213 1720 2483 1805 planum
2525 1722 2621 1786 fa-

661 1807 849 1957 ‘ssffi’
863 1804 1225 1956 &⁶33³
1233 1805 1573 1956 θὲῗιέῖῖθ
1587 1807 1991 1975 ῗζὲἕῗῗέἓὲ
2022 1808 2365 1961 ,ἓῗέἰῗῶε
2378 1807 2626 1958 ⁸⁰1¹&ssss

662 1976 744 2043 de
788 1977 1180 2062 magistratu
1223 1977 1492 2041 omnino
1533 1976 1710 2043 idem
1753 1985 1820 2044 et
1861 2001 2120 2063 semper
2153 1979 2331 2045 86881
2371 1986 2441 2044 et
2474 2000 2625 2044 868-

660 2062 754 2129 ι16
797 2062 969 2146 quod
1012 2062 1084 2127 in
1128 2062 1330 2129 sacris
1364 2061 1575 2128 literis
1619 2071 1687 2129 et
1720 2063 1793 2129 in
1827 2064 2180 2131 Basiliensi
2214 2063 2626 2131 confessione

661 2148 961 2226 habetur,
1006 2146 1338 2213 videlicet:
1407 2147 1507 2213 Es
1548 2148 1682 2214 had
1720 2149 1864 2215 Gau
1916 2152 2030 2218 der
2079 2150 2360 2217 Oberkeit
2418 2151 2628 2216 seiner

661 2232 976 2302 Dienerin
1037 2233 1160 2299 das
1220 2232 1525 2300 Schwoert
1594 2236 1729 2300 und
1791 2235 2001 2302 hb‘sten
2069 2235 2453 2301 usserlichen
2502 2234 2626 2301 Ge-

659 2319 809 2386 walt
848 2318 1155 2384 zeschirm
1197 2319 1315 2385 den
1578 2371 1595 2399 ,
1644 2321 1867 2388 Raach
1906 2323 2043 2388 und
2069 2321 2260 2404 δῦναί
2292 2322 2402 2387 der
2444 2320 2628 2387 ὁόεεη

658 2403 953 2487 befolhen.
1034 2407 1256 2488 Atque
1331 2406 1345 2419 ‘
1403 2405 1493 2471 nd
1558 2405 1749 2484 addo,
1817 2428 1964 2473 eam
2028 2407 2266 2473 durare
2323 2416 2627 2491 oportere

658 2492 859 2557 etiam
904 2497 1198 2574 tempore
1235 2492 1391 2557 8681
1448 2492 1874 2571 Testamenti,
1932 2492 2247 2576 quamdin
2289 2501 2490 2562 erunt
2531 2492 2626 2557 fa-

659 2577 941 2644 cinorosi
987 2576 1289 2642 homines
1331 2578 1445 2660 qui
1490 2588 1645 2642 sunt
1679 2579 2015 2662 puniendi,
2061 2588 2130 2644 et
2164 2579 2275 2662 qui
2312 2579 2374 2644 ei
2410 2585 2626 2662 potes-

660 2664 785 2728 tati
828 2662 1077 2728 resistit
1116 2662 1176 2727 is
1218 2660 1351 2726 Dei
1394 2661 1794 2730 ordinationi
1838 2665 2110 2730 resistit.

835 2747 1171 2829 Quartum
1225 2747 1479 2813 crimen
1536 2760 1641 2815 est
1680 2749 1854 2833 quod
1903 2749 2196 2817 castellio
2237 2749 2328 2816 sit
2366 2749 2630 2834 papista

661 2843 730 2902 et
770 2832 1197 2917 blasphemus
1237 2832 1310 2898 in
1354 2834 1486 2899 Dei
1528 2836 1831 2918 gratiam.
1921 2836 2014 2902 Et
2071 2834 2155 2900 ad
2208 2835 2332 2902 hoc
2375 2835 2628 2900 crimen

660 2918 1026 3004 respondeo
1059 2918 1238 2983 idem
1277 2917 1452 3001 quod
1495 2919 1578 2985 ad
1622 2921 1979 3005 superiora,
2035 2920 2344 2988 videlicet
2385 2920 2629 2986 falsum

660 3026 805 3074 6886
862 3024 1076 3089 neque
1132 3004 1201 3070 id
1251 3003 1464 3071 ullum
1529 3027 1826 3091 unquam
1869 3006 2246 3073 mortalium
2286 3028 2431 3073 esse
2475 3027 2626 3090 pro·

660 3094 989 3159 baturum.
1076 3091 1252 3156 Nam
1309 3098 1571 3157 tantum
1625 3094 1815 3160 abest
1867 3102 1944 3159 8ι
2001 3094 2126 3159 sim
2171 3094 2428 3177 papista
2471 3102 2549 3158 ut
2590 3112 2630 3156 a

663 3179 925 3263 magnis
966 3177 1130 3243 viris
1173 3197 1304 3242 868
1365 3178 1588 3255 861861,
1649 3199 1890 3263 magna
1931 3177 2230 3245 mercede
2273 3178 2627 3263 proposita,

663 3274 732 3330 et
774 3266 903 3328 iam
949 3262 1204 3346 pridem
1248 3274 1313 3328 et
1357 3284 1492 3328 868
1548 3264 1644 3329 ita
1687 3264 1943 3348 pridem
1996 3264 2383 3331 sollicitatus
2426 3274 2507 3330 ut
2547 3262 2632 3328 ad

662 3351 841 3434 ipsos
883 3352 1241 3434 migrarem
1282 3351 1661 3415 recusarim.
1743 3349 1938 3433 Quod
1981 3370 2143 3416 vero
2185 3351 2259 3414 in
2301 3348 2435 3415 Dei
2478 3370 2630 3434 gra-

662 3437 827 3501 tiam
892 3433 1349 3516 blasphemum
1416 3455 1561 3501 esse
1624 3457 1730 3501 me
1774 3436 1947 3514 dicit,
2014 3435 2136 3502 hoc
2193 3455 2452 3518 quoque
2496 3454 2631 3500 868

663 3521 886 3586 minus
940 3540 1139 3603 quam
1200 3519 1364 3585 illud
1422 3520 1684 3587 falsum.
1771 3522 1836 3587 Ν
1839 3543 1947 3586 818
2005 3543 2123 3586 868
2167 3522 2457 3606 gratuito
2502 3519 2631 3585 Dei

660 3607 979 3673 beneficio
1038 3626 1154 3689 per
1212 3605 1410 3670 fidem
1462 3608 1533 3671 in
1576 3606 1926 3674 Christum
1980 3607 2325 3672 iustificari
2383 3616 2447 3671 et
2493 3627 2632 3670 ser-

662 3693 806 3759 vari
851 3712 1112 3774 semper
1147 3699 1215 3756 et
1248 3690 1499 3757 credidi
1535 3699 1603 3757 et
1638 3692 1845 3772 docui,
1892 3702 1959 3758 et
1995 3692 2118 3759 hoc
2153 3693 2352 3758 etiam
2387 3691 2634 3774 scripta

662 3798 813 3843 mea
902 3777 1076 3842 alam
1117 3784 1470 3842 testantur.
1994 3844 2009 3863 ‚

836 3799 1161 3945 (guintum
1202 3864 1476 3941 crimen,
1516 3863 1688 3946 qnod
1737 3862 2030 3931 castellio
2073 3864 2161 3928 sit
2196 3862 2633 3930 Academicus

663 3960 733 4015 et
790 3948 964 4031 quod
1025 3947 1267 4014 habeat
1332 3949 1637 4031 spiritum
1698 3950 2289 4033 Anabaptisticnm.
2380 3947 2633 4014 Acade-

663 4036 819 4101 mici
880 4044 1069 4100 erant
1129 4033 1503 4117 philosophi
1562 4035 1826 4117 quidam
1880 4037 1991 4119 qui
2036 4034 2204 4100 nihil
2249 4034 2403 4100 sciri
2448 4055 2637 4117 posse

664 4120 972 4188 dicebant
1011 4118 1295 4203 ideoque
1340 4119 1507 4184 nihil
1540 4121 1975 4186 affirmabant.
2051 4121 2155 4186 Ab
2199 4119 2323 4187 hoc
2359 4119 2638 4185 crimine

666 4208 948 4290 ipsemet
1006 4204 1186 4270 Besa
1242 4207 1309 4270 in
1382 4205 1502 4271 hoc
1578 4206 1744 4271 libro
1796 4227 1904 4271 me
1964 4207 2250 4271 maxime
2307 4205 2630 4272 vindieat:

663 4292 811 4359 ideo
854 4292 1033 4357 enim
1078 4293 1148 4355 in
1192 4312 1298 4356 me
1342 4291 1410 4355 in
1456 4300 1593 4356 toto
1636 4291 1806 4357 libro
1848 4291 2190 4358 invehitur
2231 4292 2384 4375 quia
2427 4292 2638 4356 multa

665 4380 989 4444 affirmem
1068 4397 1235 4460 (1886
1312 4378 1454 4460 1886
1532 4398 1572 4442 8
1647 4397 1756 4443 186
1834 4378 2153 4443 affirmari
2230 4377 2633 4462 indignatur.

668 4463 862 4546 Quod
914 4483 1072 4529 vero
1127 4462 1208 4528 de
1252 4463 1487 4546 spiritu
1534 4464 2027 4547 Anabaptistico
2071 4464 2318 4542 scribit,
2374 4463 2635 4546 qualem

669 4552 973 4634 spiritum
1030 4549 1336 4627 habeant,
1394 4558 1512 4614 aut
1564 4548 1721 4632 quid
1782 4549 1865 4615 de
1909 4549 2038 4616 Dei
2098 4549 2297 4616 verbo
2341 4548 2637 4615 sentiant

671 4648 788 4702 aut
851 4635 1143 4701 scribant
1186 4633 1663 4717 Anabaptistae
1706 4636 1834 4719 ipsi
1890 4634 2201 4701 viderint.
2290 4633 2470 4717 Quid
2514 4655 2635 4720 ego

670 4722 952 4788 sentiam
1016 4730 1131 4786 aut
1191 4721 1566 4803 scripserim
1628 4720 1913 4787 libenter
1979 4720 2247 4787 fatebor.
2356 4721 2504 4804 Ego
2568 4728 2636 4786 6ι

670 4806 903 4890 scripsi
949 4814 1017 4872 et
1058 4827 1237 4873 nunc
1281 4806 1497 4873 scribo
1542 4814 1611 4872 et
1652 4807 1886 4885 sentio,
1935 4807 2422 4874 controversias
2465 4828 2632 4891 quae

673 4901 832 4959 888ι
907 4892 1085 4957 18ι61·
1162 4892 1502 4976 theologos
1567 4892 1648 4958 de
1712 4893 2029 4977 religione
2096 4914 2229 4959 868
2294 4913 2486 4976 86886
2550 4914 2635 4959 ex

673 4980 1020 5062 scriptura,
1085 4978 1214 5043 nisi
1257 4978 1457 5044 simul
1503 4977 1676 5043 adsit
1719 4987 1863 5043 tum
1907 4977 2163 5045 Christi
2205 4978 2477 5062 spiritus
2520 4979 2633 5060 (181

673 5073 933 5129 mentes
974 5065 1248 5146 aperiat,
1290 5072 1436 5128 tum
1481 5064 1742 5140 caritas,
1797 5065 2118 5146 componi.
2206 5066 2425 5147 Atque
2467 5063 2634 5129 illud

677 5148 866 5227 addo,
902 5149 1031 5213 nisi
1068 5168 1337 5233 operam
1371 5148 1744 5215 dederimus
1777 5156 1857 5213 ιιι
1886 5150 2227 5216 caritatem
2254 5149 2631 5229 habeamus,

677 5235 971 5300 futurum
1050 5255 1193 5300 esse
1270 5242 1347 5299 ιιι
1423 5245 1672 5319 quanto
1750 5233 1898 5317 plus
1961 5234 2190 5302 literae
2247 5234 2635 5301 habebimus

680 5327 865 5385 tanto
945 5320 1164 5386 minus
1240 5319 1511 5404 spiritus
1578 5320 1954 5400 habeamus,
2046 5327 2357 5404 tantoque
2422 5321 2634 5406 magis

2172 417 2701 486 EPISTOLAE
2745 421 3173 485 4046-4047

4533 420 4624 478 192

2717 606 2896 672 inter
2951 628 3073 674 868
3128 608 3200 672 18
3259 607 3399 673 (1168
3443 605 3876 673 dissideamus
3919 613 3987 672 et
4030 605 4104 671 in
4147 604 4434 672 deterius
4473 605 4630 671 aba·

2719 713 2885 759 mus.
2969 693 3199 776 Neque
3243 715 3377 759 868
3416 693 3684 776 insuper
3724 691 3890 758 illud
3933 691 4130 758 Pauli
4172 690 4438 758 adiicio:
4495 691 4548 757 81
4581 701 4634 756 et

2719 777 3059 844 hominum
3118 779 3353 863 loquar
3396 790 3463 844 et
3505 777 3889 862 angelorum
3932 777 4197 862 linguis,
4250 799 4460 861 neque
4497 778 4634 844 cari·

2717 871 2855 930 tate
2911 865 3037 930 sim
3080 864 3435 948 praeditus,
3505 886 3652 931 sum
3695 884 3809 929 868
3853 883 4215 946 personans
4259 870 4376 929 aut

2719 949 2860 1015 lum
2899 951 3228 1017 tinniens:
3297 958 3364 1016 6ι
3405 951 3462 1015 81
3507 959 3764 1016 tantum
3812 948 4239 1015 divinationis
4283 949 4546 1014 habeam
4581 963 4638 1013 nt

2719 1036 2942 1102 omnia
2998 1056 3238 1102 arcana
3289 1035 3759 1119 scientiamque
3814 1055 4074 1101 omnem
4146 1043 4429 1112 teneam,
4494 1044 4554 1099 et
4597 1035 4642 1101 81

2722 1121 2883 1188 adeo
2949 1123 3130 1187 omni
3195 1122 3327 1188 fide
3392 1123 3518 1187 sim
3585 1120 3941 1205 praeditus,
4009 1119 4182 1185 nihil
4249 1139 4430 1186 sum:
4491 1133 4550 1186 et
4597 1121 4642 1184 si

2722 1229 2949 1274 omnes
3000 1229 3183 1274 meas
3237 1208 3588 1274 facultates
3647 1209 3715 1272 in
3772 1205 4238 1272 liberalitatem
4282 1226 4558 1290 erogem,
4589 1217 4644 1270 st

2722 1294 2780 1358 si
2834 1294 2945 1360 vel
3005 1314 3224 1359 meum
3281 1314 3516 1377 corpus
3574 1289 4094 1359 comburendum
4141 1290 4420 1369 tradam,
4474 1301 4536 1356 et
4568 1303 4644 1355 ts·

2721 1399 2879 1445 men
2921 1381 3195 1445 caritate
3237 1401 3370 1446 non
3415 1379 3544 1444 sim
3586 1377 3942 1461 praeditus,
3987 1377 4159 1442 nihil
4197 1378 4486 1461 proficio.

2894 1465 3080 1531 Haec
3122 1472 3278 1531 sunt
3320 1486 3485 1549 quae
3528 1484 3651 1547 ego
3695 1463 3776 1530 de
3820 1463 4074 1530 Christi
4117 1463 4360 1546 spiritu
4402 1471 4476 1528 et
4513 1463 4650 1529 osri-

2727 1561 2861 1616 tate
2919 1558 2989 1616 et
3048 1551 3276 1633 scripsi
3332 1558 3401 1616 et
3456 1550 3669 1616 scribo
3732 1559 3800 1615 et
3837 1548 4077 1616 sentio.
4167 1549 4464 1614 Tantum
4501 1546 4650 1613 abest

2723 1644 2801 1702 ut
2843 1635 2967 1703 hoc
3002 1637 3248 1701 crimen
3296 1635 3730 1714 reformidem,
3771 1643 3846 1700 ut
3892 1635 4055 1700 haec
4086 1655 4250 1699 vera
4282 1655 4428 1700 6886
4453 1632 4654 1708 dicam.

2771 1724 3173 1800 renunciem,
3232 1721 3529 1800 clamem,
3586 1733 3655 1787 et
3709 1729 3993 1788 eventus
4045 1720 4188 1803 1886
4232 1739 4393 1785 vera
4435 1741 4571 1786 6886
4604 1733 4654 1783 et

2775 1816 3048 1874 actenus
3126 1807 3351 1874 docuit
3427 1815 3497 1873 et
3560 1807 3864 1890 deinceps
3928 1805 4202 1872 docebit.
4305 1805 4484 1870 Nam
4541 1805 4656 1871 sine

2728 1893 2977 1960 Christi
3021 1893 3257 1976 spiritu
3302 1902 3370 1958 et
3413 1893 3702 1973 caritate,
3747 1893 3806 1958 si
3850 1892 3995 1975 quis
4039 1891 4164 1956 has
4206 1891 4656 1956 controversias

2728 1980 3029 2062 componi
3088 2000 3276 2062 86886
3333 1987 3573 2063 sperat,
3630 2000 3783 2044 eum
3847 1976 4123 2060 perinde
4167 1977 4379 2042 facere
4419 1974 4566 2043 dieo
4601 1996 4660 2041 ac
4777 2015 4790 2030 -

2729 2066 2786 2131 si
2830 2065 2994 2130 velit
3039 2073 3384 2130 arenatum
3442 2087 3528 2129 ex
3570 2064 3711 2130 sola
3767 2083 3969 2128 arena
4002 2071 4068 2127 et
4112 2061 4292 2128 68166
4332 2063 4482 2128 8186
4521 2083 4662 2145 aqua

2730 2152 2960 2217 facere.
3033 2148 3211 2215 Illud
3256 2148 3442 2227 addo,
3487 2159 3932 2215 accusatorem
3974 2169 4197 2214 meum
4243 2147 4353 2213 hic
4395 2147 4523 2212 sibi
4563 2149 4662 2230 ipsi

2731 2235 3078 2318 tripliciter
3141 2233 3605 2302 contradicere.
3708 2234 3881 2300 Nam
3948 2234 4005 2300 si
4071 2255 4219 2300 sum
4286 2234 4664 2308 Libertina,

2730 2343 2866 2387 868
2930 2341 3198 2405 868888ι
3240 2341 3382 2387 6886
3429 2320 3534 2386 861
3576 2321 3849 2420 Ρ8818ι8
3891 2319 4002 2385 861
4046 2320 4524 2402 Anabaptista:
4581 2319 4664 2383 sin

2729 2408 3004 2491 Papista
3067 2427 3236 2484 sum,
3289 2427 3411 2472 nec
3452 2406 3840 2473 Liberunus
3904 2427 4029 2472 866
4069 2404 4538 2488 Anabaptista,
4577 2417 4664 2469 8111

2731 2494 2789 2561 81
2859 2491 3315 2575 Anabaptista,
3389 2512 3510 2558 866
3573 2490 3962 2557 Libertinns
4025 2512 4149 2557 nee
4213 2490 4496 2574 Papista
4549 2510 4664 2555 6888

2732 2600 3015 2663 8688818.
3105 2575 3239 2659 Qui
3287 2598 3367 2660 pe
3419 2598 3624 2661 quum
3681 2576 3805 2643 hae
3849 2587 3987 2643 tres
4030 2585 4250 2643 sectae
4292 2577 4474 2643 inter
4535 2597 4664 2646 sese.

2732 2664 2901 2730 addo
2957 2664 3158 2729 etiam
3216 2684 3257 2727 a
3343 2662 3927 2729 Aacademicorum
3984 2673 4161 2728 secta
4215 2662 4403 2744 18886
4471 2682 4664 2728 omnm

2732 2751 2904 2817 sicut
2923 2768 3096 2832 aqua
3131 2748 3214 2815 ab
3235 2750 3374 2833 igni
3397 2748 3791 2832 discrepant,
3826 2748 3899 2814 id
3919 2746 4089 2832 quod
4113 2747 4305 2815 facile
4325 2748 4664 2832 probarem.

2732 2837 2898 2987 nisai(l
2915 2835 2986 2900 id
3041 2841 3300 2901 vestrae
3343 2832 3728 2918 prudentiae
3769 2836 4106 2919 cognitum
4149 2854 4296 2899 6886
4339 2834 4508 2899 mihi
4549 2854 4664 2916 per·

2732 2943 2812 2989 88
2901 2941 3098 2987 erem.

2905 3008 3092 3073 Haec
3130 3013 3289 3072 sunt
3331 3027 3499 3090 (1886
3542 3005 3708 3072 mihi
3749 3026 3790 3070 a
3831 3004 4014 3072 Beza
4055 3006 4128 3071 in
4163 3004 4297 3072 illis
4332 3004 4417 3072 (18
4460 3006 4668 3090 quibu

2733 3092 2982 3159 dictum
3040 3103 3144 3158 est
3195 3091 3356 3157 locis
3414 3092 3720 3175 imposita
3775 3101 3951 3157 sunt.
4037 3090 4216 3157 Sunt
4260 3100 4330 3158 et
4373 3091 4526 3169 alia,
4563 3092 4666 3157 11ιά

2734 3179 3225 3246 6161868ι1881181
3268 3178 3563 3256 Domini,
3624 3198 3790 3260 quae
3847 3177 4012 3242 mihi
4056 3176 4237 3243 Bm
4279 3186 4350 3244 et
4396 3177 4668 3244 calvi-n

2733 3267 3114 3348 imponunt:
3176 3284 3456 3346 quorum
3511 3284 3722 3328 unum
3778 3274 3894 3327 aut
3948 3263 4252 3340 alterum,
4310 3262 4396 3329 de
4463 3264 4668 3347 quibu

2734 3371 2856 3416 868
2920 3348 3228 3415 facillime
3294 3349 3495 3414 etiam
3563 3350 3706 3414 sine
3770 3369 3920 3413 mea
3987 3347 4367 3417 defensione
4410 3348 4670 3415 indiam

2732 3434 3052 3521 poteritis,
3096 3435 3306 3499 obiter
3348 3434 3579 3500 dicam.
3668 3433 3895 3499 Unum
3959 3443 4061 3500 est
4101 3432 4278 3518 quod
4315 3456 4442 3519 ego
4485 3434 4670 3500 nmi-

2735 3520 3186 3587 transtulerim
3231 3519 3519 3602 impulsu
3555 3519 4001 3603 instinctuque
4045 3519 4306 3585 diaboli.
4541 3522 4555 3534 ‘

2734 3627 2933 3691 quam
2989 3604 3439 3672 verisimiliter
3503 3604 3664 3671 haec
3739 3605 4143 3688 scripserint.
4233 3605 4538 3672 Alterum
4589 3620 4668 3669 681

2735 3691 2908 3775 quod
2953 3691 3157 3757 vicini
3199 3691 3334 3757 mei
3399 3690 3581 3774 ligna
3645 3690 4027 3774 harpagone
4081 3691 4436 3774 rapuerim.
4521 3691 4668 3756 Hine

2736 3776 3126 3861 cognoscite,
3194 3776 3324 3842 mei
3394 3775 3892 3843 clementissimi
3938 3775 4230 3855 Domini,
4294 3777 4522 3861 (188168
4559 3778 4668 3843 sint

2737 3869 3143 3929 accusatores
3184 3863 3334 3928 mei.
3422 3861 3596 3926 Nam
3639 3861 3698 3927 si
3755 3882 3982 3927 eorum
4033 3864 4432 3929 accusationi
4481 3862 4670 3929 creda-

2738 3950 2840 4029 tis,
2900 3946 3230 4031 oportebit
3283 3969 3419 4012 non
3474 3946 3687 4013 solum
3745 3969 3873 4025 me,
3931 3969 4160 4015 verum
4206 3951 4412 4014 etiam
4455 3950 4670 4015 vicinos

2739 4045 2894 4101 tunc
2936 4055 3114 4100 meos
3157 4041 3225 4098 et
3267 4034 3622 4117 piscatores
3645 4033 3907 4112 multos,
3951 4032 4240 4117 aliosque
4281 4035 4466 4100 cives
4503 4034 4668 4100 Basi-

2734 4120 2977 4186 lienses
3031 4119 3310 4184 fortasse
3375 4118 3526 4202 plus
3587 4140 3784 4202 quam
3851 4128 4182 4186 trecentos
4225 4142 4483 4187 mecum
4530 4120 4668 4184 dare

2737 4207 2898 4272 furti
2941 4226 3202 4289 poenas,
3255 4205 3501 4288 quippe
3556 4205 3668 4288 qui
3712 4203 3924 4271 eidem
3944 4208 4000 4281 ²)
4043 4206 4229 4291 ligna
4271 4207 4511 4273 centies
4549 4225 4666 4269 me-

2737 4313 2885 4360 6818
2931 4291 3422 4375 harpagonibus
3487 4291 3844 4376 rapuerint.
3925 4291 4073 4358 Hoc
4129 4291 4240 4357 isti
4294 4314 4494 4376 quum
4543 4290 4662 4354 rm»

2738 4388 2884 4444 tum
2952 4376 3169 4461 palam
3238 4376 3589 4459 publicatis
3654 4386 3789 4443 toto
3856 4378 4013 4443 orbe
4054 4376 4240 4443 libris
4283 4376 4664 4461 interpretati

2736 4464 3002 4540 fuerint,
3068 4464 3348 4546 cogitate
3390 4463 3616 4546 quales
3659 4462 3793 4529 sint
3838 4472 3907 4528 et
3947 4464 4016 4528 in
4058 4465 4336 4530 caeteris
4377 4465 4444 4529 in

2739 4560 2857 4627 tes,
2920 4548 3303 4632 praesertim
3349 4549 3405 4614 si
3448 4570 3644 4632 quem
3688 4548 3978 4614 oderint:
4048 4570 4204 4613 nam
4263 4569 4413 4615 mea
4451 4556 4666 4630 ampo

2737 4634 2948 4700 nihilo
3030 4632 3372 4700 candidius
3442 4636 3733 4717 profecto
3798 4643 3961 4700 sunt
4021 4636 4434 4719 interpretati
4491 4652 4664 4716 qm

2736 4720 3201 4804 harpagonem.

2908 4807 3093 4871 Haec
3141 4816 3210 4872 et
3265 4805 3466 4872 huius
3531 4806 3791 4891 generis
3834 4805 3965 4873 alia
4005 4806 4219 4872 multa
4262 4827 4428 4891 (1886
4459 4804 4530 4870 de
4567 4820 4662 4865 188

2734 4892 3156 4975 scripserunt,
3203 4891 3261 4958 si
3299 4891 3445 4958 vult
3489 4893 3766 4976 probare
3800 4912 3988 4958 18688
4024 4902 4381 4969 accusator,

2735 4998 2954 5044 coram
3018 4986 3243 5043 vestro
3305 4988 3559 5056 senatu,
3625 4987 3693 5043 et
3757 4998 3879 5062 ego
3943 4999 4162 5045 coram
4225 4978 4450 5044 eodem
4483 4973 4658 5041 etin

2735 5063 2952 5130 verbis
3010 5066 3375 5147 (utcunque
3430 5064 3808 5149 germanice
3867 5065 3984 5129 vix
4041 5064 4242 5131 etiam
4307 5060 4656 5129 balbutiam!

2732 5158 3003 5235 paratus
3038 5170 3183 5214 sum
3229 5169 3495 5215 causam
3539 5148 3772 5216 dicere.
3855 5148 3980 5216 Sin
4021 5150 4264 5216 malam
4307 5149 4490 5215 habet
4515 5162 4654 5208 wn-

2940 5334 4554 5408 Deivn'vicinmmaiusemntillalt'qnalibeuom
