4900 6125
235 403 337 466 118

225 588 453 736 danger
507 584 586 650 de
646 582 995 652 scandalle.
1081 582 1219 650 Nul
1278 581 1472 650 fidele
1525 604 1612 650 ne
1653 584 1937 667 pouvoit
1977 591 2152 652 estre

224 674 343 740 fuso
386 680 440 747 e,
484 691 736 737 comme
779 670 860 738 sil
906 677 1056 736 eust
1098 690 1183 736 ex
1384 669 1450 735 la
1494 689 1698 754 vraye
1742 669 2022 756 religion
2066 691 2153 736 en

221 756 535 842 opprobre.
622 756 683 822 11
729 777 815 822 66
857 755 1130 840 pouvoit
1216 755 1581 822 esbaucher
1623 755 1815 823 ceulx
1897 757 1969 823 ui
2002 777 2152 823 eus·

220 850 354 910 sent
391 842 459 909 ia
497 849 670 908 estez
711 840 1075 908 introduita
1119 861 1205 908 au
1248 841 1379 908 bon
1422 841 1706 921 chemin,
1752 862 1839 907 66
1918 863 2153 928 egeus·

220 937 310 995 ter
365 928 460 994 les
524 936 745 994 autres
806 948 976 1011 pour
1039 948 1124 992 ne
1186 927 1375 1011 point
1431 935 1676 993 entrer.
1761 927 2061 995 Plustost
2104 926 2153 992 il

217 1013 504 1098 despitoit
561 1021 771 1080 toutte
829 1031 905 1079 sa
962 1013 1192 1079 nation
1248 1012 1435 1079 aiant
1489 1032 1613 1079 son
1667 1013 1844 1079 autel
1908 1035 1948 1080 a
2001 1020 2155 1099 part

214 1121 370 1183 pour
407 1121 455 1183 y
497 1099 731 1166 adorer
772 1098 836 1166 16
878 1098 1057 1165 Dieu
1102 1097 1397 1166 d’Israel.
1468 1099 1574 1165 Le
1616 1106 1760 1164 tout
1800 1107 1903 1165 est
1945 1098 2029 1166 de
2068 1120 2154 1164 ne

212 1207 275 1252 se
315 1185 497 1270 point
540 1183 837 1252 611661161
879 1205 965 1250 66
1008 1183 1164 1252 faict
1215 1185 1673 1269 precisement,
1718 1184 1886 1252 mais
1930 1185 2155 1253 suivre

213 1293 279 1338 oe
330 1271 437 1354 qui
491 1279 594 1337 est
646 1269 1100 1338 d’edification.
1189 1270 1292 1336 Le
1346 1278 1520 1336 reste
1576 1267 1656 1336 de
1701 1271 1845 1338 voir
1883 1270 1941 1337 si
1986 1290 2156 1355 pour

208 1355 335 1424 6616
374 1377 537 1423 vous
581 1356 823 1423 debvez
879 1355 1165 1440 plustost
1221 1356 1470 1440 quitter
1514 1354 1727 1434 lestat,
1772 1377 1900 1441 que
1942 1356 2024 1422 de
2069 1377 2154 1422 ne

208 1443 381 1526 point
443 1442 796 1526 complaire
861 1462 903 1508 a
965 1441 1032 1506 16
1096 1442 1356 1526 Royne.
1456 1441 1568 1508 En
1633 1461 1806 1528 quoy
1872 1441 1923 1508 il
1987 1461 2156 1508 nous

206 1528 362 1594 fault
415 1529 589 1593 tenir
641 1527 709 1593 16
765 1526 971 1612 reigle
1037 1525 1119 1593 de
1162 1535 1243 1594 st.
1290 1526 1461 1594 Paul
1504 1526 1586 1592 de
1630 1548 1715 1593 ne
1758 1528 1950 1613 point
1990 1528 2155 1594 faire

205 1614 326 1679 mal
382 1615 515 1679 afin
574 1614 733 1697 qu'il
791 1635 874 1680 en
920 1611 1246 1678 advienne
1291 1612 1378 1679 du
1421 1611 1595 1678 bien.
1681 1612 1770 1681 Je
1813 1614 1957 1681 vois
1999 1613 2155 1680 bien

204 1698 343 1785 quel
383 1699 659 1783 prouffit
701 1705 861 1784 peut
902 1698 1167 1766 revenit
1202 1720 1242 1763 a
1274 1697 1550 1783 l’Eglise
1585 1719 1711 1783 que
1745 1720 1907 1767 vous
1942 1700 2155 1765 166166

202 1808 269 1852 66
311 1785 443 1851 1166
486 1784 574 1864 16,
620 1792 691 1850 61
734 1785 887 1868 quel
933 1783 1281 1869 dommage
1315 1783 1368 1849 il
1408 1783 1695 1850 faudroit
1727 1784 2049 1864 craindre,
2096 1785 2155 1851 si

201 1893 353 1937 vous
396 1891 477 1937 en
527 1871 729 1938 estiez
773 1871 948 1936 hors.
1039 1869 1215 1936 Mais
1262 1892 1343 1936 66
1386 1869 1575 1935 161166
1663 1870 2038 1956 erplexites,
2098 1870 2153 1937 si

200 1977 357 2023 nous
412 1957 585 2023 fault
639 1956 686 2022 11
745 1956 910 2022 faire
967 1965 1107 2023 cest
1163 1955 1467 2022 honneur
1525 1976 1566 2021 a
1607 1892 1785 2022 Bieu
1843 1956 1924 2023 de
1987 1977 2155 2023 nous

201 2063 457 2126 reposer
492 2063 613 2108 sur
638 2043 755 2127 luy
780 2041 914 2127 quil
951 2061 1185 2108 scaura
1219 2041 1372 2108 bien
1391 2042 1704 2125 pourvoir
1738 2061 1778 2107 a
1810 2050 1971 2108 tout.
2030 2041 2155 2108 Oe·

198 2126 487 2210 pendant
532 2127 585 2193 il
627 2149 734 2193 me
776 2127 1043 2207 semble,
1090 2127 1453 2203 Monsieur,
1496 2148 1623 2211 que
1658 2136 1880 2195 vostre
1914 2149 2156 2195 excuse

197 2234 338 2280 sera
379 2233 567 2280 assez
610 2213 962 2291 favorable,
1006 2233 1134 2278 veu
1176 2235 1303 2297 que
1345 2211 1411 2278 la
1445 2213 1683 2298 Royne
1726 2214 2005 2298 nignore
2040 2234 2156 2298 pas

194 2320 315 2382 que
370 2299 562 2366 selon
619 2299 687 2365 la
739 2299 855 2365 reli
908 2300 1017 2364 'on
1078 2320 1205 2383 que
1266 2318 1430 2365 vous
1496 2307 1705 2377 16666,
1727 2302 1782 2380 ⁸)
1845 2320 2009 2366 vous
2070 2320 2156 2365 116

190 2405 438 2470 pouvez
498 2405 667 2450 vous
724 2406 792 2450 m
892 2406 964 2450 er
1023 2403 1259 2470 pat-my
1316 2383 1495 2451 leurs
1553 2384 1959 2452 ceremonies
2002 2405 2155 2452 sans

187 2470 473 2537 offenser
514 2470 716 2545 Dieu,
781 2491 1023 2554 pource
1083 2491 1211 2555 que
1270 2479 1491 2536 vostre
1533 2472 1918 2538 conscience
1959 2493 2006 2557 y
2049 2491 2153 2536 re·

182 2578 416 2641 pugne.
514 2556 653 2638 Qui
699 2556 848 2639 plus
892 2566 1010 2634 est,
1054 2557 1331 2639 i’espere
1372 2556 1612 2640 qu’elle
1656 2564 1970 2622 trouvera
2005 2577 2151 2624 vos-

186 2653 283 2707 tre
324 2643 821 2727 magnanimite
865 2641 1205 2707 meilleure
1249 2663 1375 2725 que
1420 2642 1479 2706 si
1521 2663 1692 2709 vous
1736 2642 2150 2709 fleschissiez.

180 2727 329 2794 Elle
374 2750 555 2797 vous
598 2748 639 2792 a
683 2728 833 2795 bien
899 2728 1173 2794 souffert
1214 2737 1388 2793 estre
1443 2726 1676 2793 absent
1718 2726 1877 2812 long
1920 2740 2152 2810 temps,

182 2813 305 2880 elle
380 2833 566 2880 vous
618 2822 982 2899 permettra
1024 2813 1176 2879 bien
1236 2813 1566 2897 doneques
1619 2812 1838 2878 destre
1894 2812 2155 2879 malade

182 2901 337 2967 trois
380 2901 580 2966 iours
622 2901 752 2965 lan.
825 2898 1139 2965 Combien
1163 2920 1292 2982 que
1334 2899 1396 2965 ie
1431 2898 1567 2964 ditz
1602 2919 1759 2982 cecy
1795 2920 1916 2982 par
1949 2899 2157 2964 forme

180 2985 258 3050 de
318 2987 526 3067 risee,
551 2990 605 3063 ⁴)
658 3006 772 3051 car
828 2983 911 3050 de
952 2984 1346 3051 controfaire
1388 2983 1453 3049 le
1497 2983 1768 3065 malado,
1836 3005 1910 3051 ce
1954 2984 2157 3049 seroit

176 3073 362 3139 avoir
404 3072 623 3138 honte
664 3071 747 3138 de
790 3071 1178 3156 l’Evangile.
1267 3069 1513 3153 Quand
1556 3091 1723 3137 vous
1766 3091 1961 3141 66166
2003 3069 2156 3137 bien

174 3159 357 3240 66166
414 3166 649 3224 166166
706 3179 814 3224 666
867 3163 1412 3235 remonstrances,
1489 3156 1551 3221 ie
1607 3178 1690 3223 ne
1743 3154 1983 3222 doubts
2038 3176 2156 3239 pas

176 3263 305 3327 que
341 3266 525 3311 vous
589 3265 673 3309 ne
730 3243 1070 3311 conceviez
1124 3262 1286 3308 aveo
1347 3251 1425 3309 st.
1471 3242 1645 3307 Paul
1688 3263 1815 3325 que
1859 3263 2025 3307 nous
2069 3262 2155 3307 ne

172 3350 489 3412 pouvons
537 3351 658 3413 pas
691 3336 865 3396 estre
904 3328 1306 3414 participans
1349 3327 1432 3393 de
1474 3327 1542 3393 la
1583 3327 1765 3394 Oene
1809 3326 1890 3393 de
1931 3328 2154 3394 Iesus-

174 3414 403 3496 christ,
471 3429 547 3483 et
597 3437 768 3481 nous
826 3424 1122 3480 montrer
1174 3435 1410 3498 parmy
1467 3413 1564 3479 les
1620 3413 1975 3492 idolatries,
2039 3433 2157 3479 sur

172 3512 315 3568 tout
362 3501 605 3587 quand
649 3521 814 3567 nous
868 3499 1167 3566 donnons
1231 3499 1532 3565 mauvais
1575 3498 1890 3582 example.
1982 3499 2158 3565 Mais

170 3588 230 3652 16
276 3609 458 3654 vous
499 3587 661 3672 prie,
695 3586 1055 3663 Monsieur,
1103 3585 1184 3652 de
1227 3605 1391 3650 vous
1424 3607 1471 3669 y
1507 3591 1832 3660 evertuer,
1877 3591 1944 3649 et
1978 3585 2157 3667 61161·

166 3672 349 3740 Dieu
400 3673 496 3740 de
543 3695 707 3740 vous
750 3695 795 3757 y
839 3671 1013 3737 tenir
1054 3671 1121 3737 la
1161 3672 1343 3736 main
1388 3669 1577 3747 forte,
1622 3679 1690 3735 61
1734 3690 1897 3735 vous
1934 3689 2154 3736 reves-

168 3761 258 3824 tir
314 3760 445 3826 des
511 3780 731 3824 armes
783 3758 922 3842 quil
981 3762 1145 3825 vohs
1197 3778 1238 3821 a
1296 3755 1586 3822 donnees
1642 3775 1812 3838 pour
1853 3754 2155 3821 batailler

162 3854 695 3921 constamment,
741 3843 1038 3910 assavoir
1077 3842 1158 3909 de
1194 3862 1362 3908 vous
1396 3861 1666 3908 exercet
1700 3839 2155 3925 diligemment

164 3954 251 3997 en
300 3954 384 4000 sa
433 3930 688 4016 parole.

344 4017 858 4101 Monseigneur,
912 4035 1104 4098 apres
1162 4012 1346 4080 avoir
1401 4020 1708 4096 presente
1762 4033 1902 4079 mes
1956 4012 2154 4078 hum-

156 4104 307 4171 bles
356 4100 1015 4170 recommendatione
1054 4107 1097 4166 a
1135 4106 1360 4165 vostre
1402 4100 1620 4165 bonne
1662 4119 1856 4183 grace
1891 4107 1959 4163 et
1990 4097 2155 4166 66116

160 4189 246 4256 de
290 4188 631 4256 Madame
691 4198 914 4253 vostre
970 4187 1229 4265 femme,
1294 4186 1357 4250 16
1415 4185 1681 4269 prieray
1738 4183 1803 4250 16
1858 4204 2013 4267 6616
2071 4182 2154 4249 de

154 4273 618 4343 misericorde
674 4294 836 4340 vous
894 4272 1067 4338 tenir
1119 4293 1201 4338 66
1237 4291 1313 4337 66
1355 4269 1577 4355 garde,
1634 4292 1797 4337 vous
1839 4269 2155 4337 conduire

156 4385 247 4427 en
318 4361 562 4427 bonne
618 4358 984 4443 6166661116
1037 4368 1105 4422 61
1157 4378 1323 4423 vous
1387 4356 1640 4422 donner
1682 4357 2005 4422 heureuse
2049 4375 2154 4421 ar-

156 4450 379 4515 rivee.
491 4447 596 4513 De
640 4444 914 4511 Geneve
958 4465 1032 4509 66
1075 4442 1337 4509 dernier
1379 4443 1526 4508 iour
1567 4441 1649 4507 de
1682 4442 1924 4509 Juillet
1967 4444 2149 4506 1563.

507 4582 747 4648 Vostre
792 4578 1063 4646 humble
1106 4578 1435 4645 serviteur

1555 4664 1680 4730 Ian
1721 4663 1977 4731 Calvin.

387 4856 465 4921 3)
510 4855 705 4912 Calvia
737 4855 787 4910 1ae
818 4854 957 4910 croit
991 4852 1133 4909 donc
1166 4850 1548 4908 &museum
1577 4858 1837 4909 661166νέ1.

388 4925 467 4991 4)
499 4925 556 4994 je
589 4941 657 4980 ne
691 4925 803 4978 dits
836 4940 936 4992 pas
969 4938 1097 4993 cocy
1130 4938 1233 4991 661·
1266 4921 1440 4976 forme
1475 4921 1546 4977 de
1583 4939 1709 4977 1666
1736 4922 1831 4979 Bt.
1866 4950 1930 4963 —
1968 4925 2155 4993 Atque

144 4998 265 5053 hoo
306 4994 557 5066 quidem
592 5009 693 5064 661·
724 4994 920 5048 iocum.

394 5402 631 5461 odoini
654 5418 844 5473 opera.
920 5402 1036 5457 Vol.
1066 5400 1199 5457 XX.

2013 394 2180 463 1568
2220 393 2405 464 ῙΠΙι.

4109 399 4238 463 114

3135 582 3335 655 8997.

2584 719 3060 791 OALVINUS
3106 719 3905 790 DELPHINA'PIBUS.

2428 893 2743 960 Hortatur
2796 893 2884 959 ad
2929 912 3158 976 pacem
3210 898 3269 959 et
3317 893 3801 960 moderationem
3856 914 3936 960 ne
3997 896 4228 964 adver—

2254 979 2458 1046 sariis
2490 984 2859 1063 praetextus
2900 979 3370 1046 calumniarum
3412 980 3577 1046 ultro
3620 980 3935 1062 offeratur.

2258 1149 2454 1214 (Manu
2489 1150 2701 1219 scripta
2735 1166 2844 1204 666
2880 1154 3080 1203 exstat.
3151 1147 3347 1204 Edidit
3383 1150 3526 1204 Beza
3561 1149 3769 1204 Geuev.
3805 1167 3864 1220 p.
3898 1148 4020 1220 274,
4051 1151 4224 1210 Laus.

2256 1236 2312 1289 p.
2347 1216 2472 1283 564,
2507 1218 2724 1274 Hanov.
2802 1260 2813 1272 .
2851 1216 2971 1288 688,
3006 1218 3219 1275 0116661
3252 1216 3465 1288 6.-375,
3501 1222 3677 1273 Amst.
3731 1235 3785 1289 6.
3824 1217 3946 1278 171.
3983 1250 4050 1260 -
4088 1221 4222 1275 Ver·

2256 1288 2340 1341 sio
2384 1286 2581 1356 gallica
2623 1287 2682 1342 111
2843 1287 3021 1341 Berol.
3065 1304 3120 1357 6.
3156 1285 3277 1342 882.
3347 1287 3555 1341 Textus
3597 1287 3826 1356 gallicus
3871 1288 4219 1345 authenticus

2772 1373 2936 1427 quem
2972 1357 3121 1412 Beza
3155 1357 3323 1410 vertit
3354 1373 3466 1411 non
3503 1356 3723 1422 exstat.)

2432 1528 2777 1595 Hactenus
2835 1526 2920 1593 ad
2975 1547 3093 1593 vos
3153 1547 3282 1592 666
3328 1527 3581 1611 6611661,
3639 1527 4048 1594 (1116611661161
4090 1528 4222 1594 fra·

2258 1623 2411 1694 tres,
2492 1612 2666 1698 quod
2743 1621 3194 1696 exspectarem
3268 1621 3342 1678 ut
3420 1635 3527 1679 res
3606 1614 3783 1680 inter
3845 1634 3961 1679 vos
4026 1613 4220 1698 66616

2258 1701 2495 1767 melius
2539 1720 2610 1766 se
2653 1699 3011 1765 haberent:
3075 1697 3338 1782 quando
3381 1699 3575 1764 aliter
3618 1700 3763 1766 fieri
3808 1720 3935 1765 non
3980 1707 4219 1784 potest,

2257 1807 2456 1871 quam
2509 1795 2588 1852 61
2642 1784 2966 1850 1161161616
3023 1785 3244 1851 exitus
3302 1784 3587 1868 plurima
3629 1785 3791 1852 satis
3834 1785 4222 1869 perturbata

2258 1883 2330 1939 et
2380 1871 2759 1938 inordinata
2817 1870 3162 1954 relinquat.
3251 1870 3392 1936 Nec
3445 1877 3670 1936 tamen
3735 1891 3879 1937 eam
3925 1871 4220 1937 omnium

2258 1958 2747 2025 restitutionem
2792 1956 3155 2041 sperabam,
3201 1956 3274 2021 in
3317 1977 3450 2040 qua
3491 1955 3658 2021 nihil
3694 1956 4221 2023 desideraretur:

2259 2065 2468 2129 quum
2531 2042 2700 2108 nihil
2778 2049 2920 2107 tum
2987 2042 3153 2107 meis
3220 2040 3430 2108 literis
3494 2064 3659 2126 opus
3725 2042 3972 2108 fuisset.
4084 2040 4222 2110 Sed

2258 2130 2568 2213 quoniam
2635 2129 2706 2193 in
2768 2127 3006 2193 mediis
3070 2127 3202 2194 illis
3261 2127 3630 2194 fervoribus
3695 2150 3830 2193 non
3891 2129 3986 2193 116
4027 2149 4134 2193 166
4175 2150 4219 2195 6

2259 2215 2444 2281 vobis
2510 2213 2847 2280 commode
2911 2212 3210 2279 auditum
3273 2213 3357 2278 iri
3422 2212 3811 2289 iudicabam,
3879 2213 4220 2279 meliorem

2258 2300 2683 2377 occasionem,
2721 2319 2886 2383 quae
2921 2320 3100 2365 nunc
3123 2297 3389 2365 videtur
3410 2300 3651 2379 offerri,
3687 2298 3849 2364 mihi
3873 2299 4218 2382 opperien-

2259 2386 2412 2453 dam
2458 2385 2640 2451 duxi.
2721 2385 2955 2451 Habeo
3012 2385 3220 2464 igitur
3274 2383 3403 2451 duo
3459 2405 3717 2451 summa
3765 2385 3998 2468 capita,
4046 2405 4218 2469 quae

2257 2473 2446 2540 vobis
2529 2491 2905 2555 proponam.
3016 2470 3245 2537 Unum
3310 2480 3414 2537 est
3435 2522 3450 2548 ,
3532 2492 3614 2537 66
3681 2469 3872 2538 valde
3948 2470 4216 2536 illorum

2259 2557 2565 2641 exemplo
2623 2557 2854 2623 sinatis
2895 2575 3016 2623 vos
3059 2554 3229 2633 duci,
3285 2557 3401 2640 qui
3455 2557 3582 2623 sibi
3629 2555 4030 2639 persuadent
4072 2576 4217 2623 sese

2258 2664 2460 2728 quam
2500 2643 2745 2726 optime
2788 2641 2869 2707 de
2913 2642 3055 2708 Deo
3099 2642 3369 2707 meritos
3412 2663 3573 2716 esse,
3636 2641 3807 2726 quod
3854 2662 3972 2725 pro
4009 2641 4216 2708 eccle-

2258 2732 2395 2796 siae
2437 2731 2581 2795 iure
2623 2727 2941 2794 adversus
3000 2728 3413 2813 tyrannicam
3469 2725 3807 2794 audaciam
3851 2726 4214 2794 secundum

2259 2815 2476 2882 edicta
2516 2813 2905 2898 principalia
2947 2813 3301 2879 asserendo
3357 2833 3542 2878 arma
3583 2813 3874 2887 tulerint,
3920 2813 4215 2896 pericula

2261 2900 2561 2980 adierint,
2599 2899 2983 2966 facultatum
3029 2899 3500 2965 detrimentum
3547 2899 4005 2966 sustinuerint.
4069 2898 4216 2964 Imo

2260 3006 2338 3051 eo
2360 3005 2568 3069 usque
2601 2984 3004 3052 insolescunt
3037 2984 3361 3064 nonnulli,
3399 2991 3477 3050 ut
3508 2984 3633 3050 sibi
3661 2984 3882 3050 deberi
3916 2984 4222 3051 iactitent

2258 3071 2431 3157 quod
2475 3072 2546 3137 in
2590 3071 2918 3155 evangelii
2961 3073 3442 3154 possessionem
3488 3072 3600 3137 alii
3644 3071 3829 3137 missi
3864 3071 4015 3136 sint.
4089 3072 4214 3135 At·

2260 3159 2376 3242 qui
2417 3158 2473 3224 61
2519 3156 2616 3223 116
2657 3156 2946 3222 Domino
2990 3157 3209 3223 visum
3254 3170 3372 3235 est,
3417 3166 3493 3222 ut
3535 3167 3670 3222 tam
3709 3157 4028 3222 honorato
4063 3155 4214 3221 usui

2259 3265 2380 3312 vos
2457 3241 2885 3326 impenderet,
2952 3262 3084 3307 non
3149 3249 3252 3307 est
3315 3241 3490 3325 quod
3554 3262 3633 3307 eo
3700 3243 3966 3307 nomine
4028 3242 4216 3309 vobis

2259 3329 2589 3414 placeatis,
2675 3335 2792 3393 aut
2867 3326 3218 3393 remittatis
3276 3347 3537 3406 manus,
3616 3327 3802 3410 quasi
3866 3348 4063 3410 opere
4129 3325 4213 3392 ad

2257 3418 2458 3481 finem
2510 3434 2718 3497 usque
2774 3411 3127 3496 perducto:
3192 3412 3309 3480 sed
3352 3414 3572 3497 potius
3617 3423 3696 3478 ut
3737 3412 3891 3478 inde
3934 3414 4211 3479 sumatis

2256 3502 2553 3568 animum
2595 3498 2911 3583 pergendi
2954 3500 3023 3564 in
3068 3498 3304 3565 melius
3345 3497 3516 3581 quod
3559 3498 3882 3582 reliquum
3927 3508 4029 3565 est
4069 3499 4212 3564 lon-

2257 3586 2461 3671 gioris
2504 3586 2669 3652 viae.
2758 3583 2987 3666 Quum
3032 3585 3091 3650 si
3133 3593 3476 3668 postquam
3523 3594 3659 3648 tam
3702 3583 3869 3650 bene
3902 3584 4210 3668 coepistis

2256 3691 2512 3739 cessare
2555 3670 2983 3754 contingeret,
3028 3670 3260 3736 essetis
3295 3679 3478 3735 tanto
3520 3669 3742 3735 minus
3784 3669 4209 3737 excusabiles.

2256 3758 2563 3825 Alterum
2642 3757 2953 3839 sequitur,
3021 3756 3193 3839 quod
3258 3775 3460 3839 quum
3530 3754 3681 3821 belli
3746 3756 3997 3822 occasio
4059 3776 4211 3823 eam

2255 3843 2590 3911 licentiam
2649 3842 2960 3907 invehere
3002 3841 3209 3907 soleat
3252 3849 3328 3906 ut
3368 3841 3599 3925 optimi
3643 3841 3843 3906 etiam
3886 3850 4031 3906 tum
4082 3840 4210 3908 sibi

2255 3928 2581 4007 excidant,
2669 3925 3031 3993 videndum
3097 3947 3242 3992 esse
3307 3947 3393 3991 ne
3457 3927 3863 4012 profusiones
3927 3927 4079 3993 illae
4142 3936 4211 3993 et

2255 4015 2646 4082 insolentiae
2708 4013 2944 4097 quibus
3008 4012 3198 4078 multi
3264 4011 3511 4078 addicti
3580 4012 3849 4079 fuerunt
3911 4033 3954 4078 a
4024 4012 4210 4079 vobis

2257 4100 2565 4184 deinceps
2621 4099 3050 4165 retineantur.
3138 4097 3364 4180 Quum
3419 4099 3636 4182 potius
3702 4098 3948 4164 malum
3990 4098 4014 4163 i
4094 4119 4212 4163 um

2255 4187 2427 4271 quod
2486 4186 2581 4252 ita
2633 4186 2763 4250 iam
2822 4182 3108 4249 inhaesit
3150 4182 3495 4250 stimulare
3536 4206 3652 4250 vos
3699 4183 3935 4249 debeat
4103 4204 4209 4250 re-

2256 4271 2548 4339 medium
2591 4279 2778 4337 tanto
2814 4268 3168 4337 studiosius
3215 4269 3700 4354 requirendum.
3765 4270 4012 4335 Eorum
4050 4289 4210 4336 vero

2255 4378 2424 4442 quae
2489 4367 2628 4423 tam
2692 4355 3064 4422 inordinate
3125 4363 3314 4441 gesta
3368 4366 3529 4420 sunt
3586 4354 3801 4421 omnis
3857 4353 4031 4437 apud
4086 4374 4209 4420 vos

2255 4443 2631 4528 sepelienda
2686 4449 2788 4508 est
2842 4442 3176 4519 memoria,
3235 4441 3363 4507 nisi
3418 4450 3493 4506 ut
3545 4440 3676 4506 illis
3719 4440 4210 4524 ingemiscendo

2255 4552 2297 4596 6
2341 4531 2484 4597 Deo
2527 4527 2793 4596 veniam
2839 4527 3215 4610 precemini,
3284 4535 3480 4610 atque
3524 4527 3607 4593 ab
3646 4525 3966 4591 eiusmodi
4009 4526 4209 4594 rebus

2255 4615 2428 4682 serio
2517 4613 2704 4679 edem
2748 4613 3067 4678 referatis.
3156 4611 3379 4694 Quum
3446 4632 3601 4678 vero
3661 4610 3935 4678 facultas
3978 4630 4018 4676 a
4062 4613 4208 4680 Deo

2254 4703 2389 4768 iam
2431 4636 2655 4767 oglata
2708 4698 2816 4778 sit,
2880 4705 2956 4763 ut
3008 4718 3162 4765 cum
3204 4696 3424 4781 aliqua
3487 4716 3646 4782 pace
3688 4697 4090 4764 conveniatis
4132 4698 4208 4764 in

2256 4788 2526 4853 nomine
2587 4786 2610 4850 i
2659 4784 2815 4860 sius,
2881 4782 2966 4849 ad
3027 4782 3237 4866 ipsius
3306 4783 3583 4850 verbum
3637 4781 4054 4863 audiendum,
4122 4783 4209 4849 ad

2253 4893 2612 4958 promoven
2703 4892 2772 4935 m
2837 4878 3128 4936 vestram
3192 4868 3425 4948 fidem,
3514 4867 3597 4934 ad
3663 4888 3782 4936 vos
3847 4869 3919 4934 in
3997 4869 4206 4954 ipsius

2255 4960 2489 5023 timore
2529 4955 3013 5024 confirmandos
3055 4976 3175 5041 per
3215 4955 3332 5021 illa
3375 4953 3588 5020 media
3624 4975 3793 5036 quae
3827 4955 3899 5019 in
3932 4954 4213 5021 ecclesia

2256 5046 2398 5129 ipse
2450 5042 2771 5109 instituit:
2826 5041 2923 5109 616
2978 5039 3061 5108 ad
3105 5043 3272 5108 tanti
3316 5039 3614 5106 beneficii
3675 5061 3866 5105 usum
3909 5038 4206 5125 legitime

2256 5127 2726 5216 praestandum
2781 5127 3160 5208 incumbite,
3219 5136 3293 5193 ut
3345 5126 3755 5209 aliquatenus
3797 5126 3995 5191 etiam
4039 5146 4212 5209 quae

2256 5238 2446 5285 secus
2501 5223 2656 5282 ante
2710 5210 3108 5295 acciderunt,
3165 5232 3590 5298 compensare
3645 5209 3983 5277 studeatis.
4065 5210 4216 5299 Op—

2258 5302 2537 5371 tandum
2578 5308 2724 5367 erat
2763 5320 2943 5380 sane,
2987 5308 3066 5366 ut
3105 5319 3335 5366 omnes
3378 5318 3523 5365 sese
3565 5297 3798 5364 iisdem
3842 5297 4082 5364 animis
4123 5299 4244 5368 ad.
