4900 6125
295 434 394 498 541

297 620 391 687 (Β
433 616 764 744 Ἥ
791 617 1186 758 fflffiffffi'
1199 618 1504 745 -Ῑ-ἰἓῗωιξξ
1532 619 1668 745 {a}
1697 617 1842 756 110ὶῆ
1884 620 2018 676 ‘'h‘'
2059 620 2203 693 ΒΨ

287 874 656 946 clarissimis
718 881 788 942 et
837 876 1286 962 integerrimis
1326 878 1489 945 viris
1530 878 1617 944 D.
1672 877 1877 943 Petro
1917 876 2208 962 Martyri

287 969 345 1030 et
378 961 750 1047 Heynricho
791 962 1181 1048 Bullingero
1223 962 1380 1030 Iesu
1427 962 1680 1031 Christi
1741 961 2046 1030 fidelibus
2099 981 2206 1029 or-

285 1048 450 1134 ganis
485 1046 712 1133 'Piguri
772 1047 1090 1115 fratribus
1145 1048 1220 1114 in
1263 1048 1552 1116 Domino
1594 1047 2206 1117 observandissimis

684 1139 753 1200 et
792 1133 1331 1219 praeceptoribus
1371 1133 1790 1202 venerandis.

284 1354 553 1424 Gratiam
619 1362 687 1423 et
747 1378 974 1441 pacem
1031 1379 1073 1423 a
1123 1356 1519 1510 ffitgmo
1575 1364 1642 1423 et
1697 1354 1984 1423 Domino
2047 1355 2203 1424 Iesu

423 1645 820 1733 Scripsimus
875 1648 1077 1728 vobis,
1143 1647 1275 1714 viri
1326 1647 1672 1716 clarissimi
1728 1654 1795 1715 et
1847 1647 2088 1713 fratres
2129 1647 2201 1714 in

273 1731 533 1798 Domino
575 1733 952 1812 venerandi,
998 1734 1080 1801 de
1122 1734 1405 1800 turbatis
1445 1734 1695 1801 nostris
1736 1733 2027 1802 eeclesiis
2082 1754 2202 1817 per

274 1816 648 1897 Staseam,
713 1840 848 1885 non
890 1817 1103 1886 solum
1159 1821 1230 1885 in
1286 1838 1486 1886 causa
1538 1819 1917 1886 mediatoris
1959 1819 2202 1904 integri

271 1902 499 1970 Christi
538 1904 835 1983 Domini,
898 1905 1014 1971 sed
1058 1906 1258 1972 etiam
1300 1905 1375 1970 in
1418 1904 1715 1973 doctrina
1758 1905 1839 1971 de
1880 1904 2197 1972 trinitate.

267 1987 359 2054 Ita
407 1989 582 2055 enim
637 1997 990 2075 utrumque
1054 1990 1179 2059 hoc
1235 1992 1576 2076 coniungit
1640 1998 1705 2057 et
1771 1989 2061 2058 defendit
2122 1998 2200 2056 ut

269 2083 600 2160 utrumque
642 2075 840 2141 simul
884 2085 1159 2143 evertat.
1229 2076 1595 2144 Confundit
1634 2096 1793 2144 vero
1833 2077 2196 2142 trinitatem

267 2166 325 2225 et
361 2180 442 2225 ex
480 2181 560 2227 ea
601 2182 812 2226 unum
855 2161 1076 2228 Deum
1117 2162 1504 2228 trinomium
1548 2163 1805 2240 conflat,
1872 2160 1955 2227 ad
1999 2180 2197 2244 quem

263 2265 501 2394 ffioque
540 2245 975 2313 mediatorem
1017 2247 1227 2314 filium
1270 2247 1562 2315 eiusdem
1605 2247 1921 2313 trinitatis
1942 2247 2193 2313 statuit.

324 2329 500 2396 ‘vidit
539 2339 767 2398 autem
811 2341 1038 2398 contra
1077 2354 1287 2399 unum
1331 2332 1677 2400 Christum
1718 2341 1788 2398 et
1819 2333 1918 2398 illi
1952 2353 2196 2398 nomen

260 2415 374 2481 Dei
430 2416 505 2481 in
577 2418 880 2483 trinitate
938 2418 1274 2503 relinquit.
1361 2418 1719 2485 Hominem
1782 2438 1943 2486 vero
2008 2426 2198 2483 extra

260 2501 602 2568 trinitatem
645 2502 1008 2582 submovet,
1054 2504 1161 2571 cui
1198 2510 1423 2587 partes
1459 2504 1858 2583 mediatoris,
1903 2502 2079 2570 servi
2114 2505 2198 2584 {et

259 2585 689 2655 intercessoris
751 2589 983 2654 tribuit
1035 2589 1120 2655 ad
1163 2590 1564 2656 trinitatem:
1630 2609 1828 2673 quam
1893 2588 2195 2655 haeresin

258 2669 547 2739 describit
611 2673 1023 2742 Athanasius
1090 2676 1195 2742 fol.
1260 2680 1338 2741 91
1408 2686 1648 2755 (novae
1712 2674 1865 2742 edit.
1931 2674 2192 2754 Basil.).

256 2755 372 2823 Ubi
427 2757 762 2826 distinctio
814 2780 980 2827 vera
1031 2770 1100 2827 et
1140 2760 1335 2828 realis
1396 2762 1470 2826 in
1511 2761 1808 2827 trinitate
1850 2758 2194 2826 retinenda

254 2851 358 2922 est,
391 2844 649 2911 nullam
684 2844 832 2912 vult
864 2846 994 2912 nisi
1028 2847 1399 2914 nominum:
1442 2846 1559 2912 ubi
1591 2846 1814 2912 unitas
1849 2844 2193 2912 retinenda

251 2926 316 2992 in
355 2949 481 2995 uno
516 2929 808 3009 Christo,
851 2931 945 2999 ibi
987 2939 1267 3016 separat.
1329 2931 1591 2999 Deinde
1631 2939 1733 2997 tot
1772 2931 1950 2998 locos
1993 2932 2193 3015 scrip-

249 3021 420 3083 turae
455 3015 600 3100 ihoc
665 3037 788 3084 suo
848 3015 1172 3086 iudaismo
1228 3025 1384 3103 (quo
1437 3024 1708 3103 propter
1759 3016 2190 3084 mediatorem

250 3118 426 3167 suum
465 3102 808 3169 hominem
851 3104 1217 3171 trinitatem
1250 3104 1595 3174 confundit
1634 3112 1702 3169 et
1740 3103 1876 3170 filio
1918 3103 2048 3169 Dei
2088 3101 2190 3168 di-

247 3186 580 3255 vinitatem
621 3187 867 3266 aufert)
907 3190 1006 3255 ita
1045 3192 1355 3275 corrupit,
1414 3200 1492 3257 ut
1532 3190 1681 3275 quis
1721 3191 1809 3257 sit
1847 3189 2035 3255 Deus
2074 3208 2191 3271 pa-

250 3278 358 3353 ter,
430 3275 582 3358 quis
640 3275 783 3341 eius
838 3274 1014 3343 filius
1065 3277 1319 3353 unicus,
1384 3276 1455 3342 in
1497 3297 1624 3360 quo
1667 3282 1806 3342 tota
1843 3273 2026 3341 salus
2066 3273 2195 3341 sita

245 3357 324 3423 sit
381 3359 751 3427 secundum
814 3360 1135 3428 Ioannem
1202 3363 1350 3447 (17)
1413 3382 1550 3428 non
1606 3361 1815 3445 possit
1874 3359 2188 3445 dignosci.

247 3442 350 3511 Sic
388 3444 578 3512 illum
649 3451 707 3510 1.
752 3446 920 3512 Tim.
979 3449 1050 3512 2:
1139 3447 1333 3515 Unus
1388 3446 1567 3526 deus,
1643 3468 1815 3513 unus
1871 3444 2192 3511 mediator

243 3525 362 3596 Dei
402 3540 470 3597 et
522 3530 894 3612 hominum,
967 3532 1163 3598 homo
1206 3533 1515 3601 Christus
1551 3531 1759 3610 Iesus,
1824 3531 1940 3597 ubi
1982 3551 2192 3596 unum

243 3611 448 3682 Deum
513 3617 887 3683 trinitatem
943 3618 1436 3701 interpretatur.
1521 3617 1619 3686 Ut
1675 3622 2071 3702 cognoscant
2125 3625 2192 3681 te

243 3719 462 3768 verum
506 3702 727 3769 solum
749 3703 971 3768 Deum
1014 3704 1055 3769 i.
1103 3723 1163 3772 e.
1194 3703 1579 3781 trinitatem,
1626 3712 1693 3768 et
1727 3720 1922 3786 quem
1954 3700 2193 3767 misisti

243 3783 444 3854 Iesum
489 3787 862 3868 Christum,
904 3789 950 3855 i.
995 3810 1050 3855 e.
1096 3788 1449 3855 hominem.
1529 3787 1818 3855 Creditis
1856 3788 1926 3852 in
1969 3786 2190 3852 Deum

241 3870 278 3935 i.
320 3894 373 3938 e.
414 3874 792 3940 trinitatem
835 3882 903 3939 et
941 3872 1013 3939 in
1047 3894 1156 3940 me
1190 3873 1455 3974 credite,
1499 3874 1541 3940 i.
1578 3893 1633 3972 e.
1668 3872 2035 3971 hominem..
2095 3871 2192 3938 Ut

239 3976 704 4111 sam?
735 3958 1312 4130 :aumfflsffiffi
1354 3966 1982 4128 §.gaarma
1883 3966 1950 4022 ⁰⁶

241 4128 622 4210 trinitatem,
682 4130 756 4195 in
797 4129 1066 4196 nomine
1107 4151 1274 4210 meo,
1327 4130 1372 4195 i.
1417 4151 1471 4196 e.
1518 4130 1802 4196 hominis
1845 4136 1964 4194 etc.
2052 4127 2190 4193 Nos

241 4233 388 4280 vero
422 4236 774 4301 nunquam
815 4215 939 4281 hos
980 4216 1157 4282 locos
1198 4215 1281 4282 de
1323 4215 1641 4295 trinitate,
1718 4212 1835 4280 sed
1878 4212 1960 4279 de
1997 4221 2190 4297 patre

242 4306 302 4364 et
339 4300 478 4367 filio
523 4300 842 4368 distincte
882 4301 1308 4384 interpretari
1340 4321 1687 4385 possumus
1707 4300 1876 4366 sicut
1913 4305 1981 4364 et
2002 4297 2188 4363 illos:

241 4382 346 4453 Sic
385 4386 580 4455 Deus
648 4386 882 4453 dilexit
941 4385 1286 4467 mundum,
1351 4388 1394 4451 i.
1440 4407 1495 4453 e.
1562 4394 1770 4471 pater,
1836 4392 1917 4450 ut
1978 4382 2189 4450 filium

239 4490 421 4539 suum
461 4473 678 4541 daret.
765 4473 951 4539 Deus
1002 4473 1271 4557 proprio
1326 4471 1463 4539 filio
1500 4494 1633 4538 non
1676 4470 1983 4555 pepercit,
2040 4469 2084 4534 i.
2131 4490 2187 4535 e.

385 4580 434 4624 r.
522 4558 721 4624 Deus
784 4557 1230 4625 reconciliavit
1288 4557 1418 4626 sibi
1479 4566 1719 4624 cuncta
1780 4574 1900 4642 per
1957 4554 2190 4635 filium,

239 4663 277 4707 1.
352 4664 407 4710 e.
474 4652 695 4730 pater,
760 4663 889 4708 non
956 4644 1240 4721 trinitas,
1306 4651 1388 4709 ut
1431 4642 1783 4710 Stancarus
1842 4640 2007 4719 vult,
2066 4647 2188 4707 etc.

239 4727 816 4809 Quemadmodum
881 4729 1081 4795 etiam
1125 4728 1237 4794 alii
1278 4728 1403 4796 loci
1447 4728 1528 4795 de
1570 4728 1707 4795 solo
1748 4726 1885 4794 filio
1929 4727 2188 4793 dicunt:

239 4810 530 4882 Verbum
575 4823 728 4881 erat
768 4815 973 4881 Deus.
1041 4813 1381 4899 Sanguine
1423 4814 1551 4881 Dei
1593 4813 1898 4879 mundati
1941 4832 2188 4878 sumus.

237 4896 344 4967 Sic
382 4902 586 4968 Rom.
636 4905 676 4964 9
721 4899 803 4966 de
844 4899 981 4965 solo
1024 4899 1325 4967 Christo:
1370 4901 1481 4985 qui
1523 4908 1624 4965 est
1666 4898 1852 4966 Deus
1885 4897 2190 4964 benedic-

237 4992 336 5050 tus
374 4987 448 5051 in
491 4984 783 5053 saecula.
869 4983 1196 5052 Dominus
1236 5004 1427 5051 meus
1469 4993 1540 5051 et
1581 4985 1768 5051 Deus
1805 5004 2010 5051 meus.
2077 4980 2192 5048 Sic

240 5074 292 5137 1.
333 5070 476 5139 Ich.
543 5076 606 5137 5.
700 5070 796 5138 Ut
858 5073 1033 5137 enim
1099 5070 1274 5155 patri
1335 5070 1719 5155 simpliciter
1778 5090 2018 5136 nomen
2059 5066 2189 5133 Dei

235 5157 428 5224 tribui
467 5156 784 5225 videmus
825 5155 898 5222 in
941 5156 1300 5241 scripturis,
1355 5158 1450 5222 ita
1491 5155 1626 5222 filio
1669 5175 2005 5240 nunquam
2049 5153 2188 5219 dari

236 5242 358 5311 uisi
413 5254 654 5329 aperta
709 5242 1041 5308 mentione
1098 5241 1381 5308 nominis
1434 5243 1596 5321 eius,
1659 5241 1767 5307 vel
1820 5239 2025 5320 verbi,
2080 5239 2189 5305 vel

236 5330 444 5397 carnis
509 5329 626 5398 vel
673 5328 1027 5413 sanguinis.
1115 5327 1318 5394 Pater
1360 5328 1536 5394 enim
1580 5326 1963 5411 simpliciter
2006 5325 2190 5392 Deus

1941 435 2105 500 1562
2149 431 2603 500 SEPTEM.

4134 438 4261 503 542

2308 627 2412 688 est
2474 639 2516 686 a
2565 619 2753 687 nullo
2808 621 3090 722 genitus.
3174 619 3393 688 Filius
3448 625 3668 688 autem
3722 618 3854 687 Dei
3894 619 4082 691 Deus
4139 633 4259 705 est,

2308 705 2425 774 sed
2468 727 2552 773 ex
2593 707 2759 788 Deo,
2802 707 3077 792 ideoque
3097 707 3284 774 Deus
3327 727 3525 775 verus
3564 707 3720 790 quia
3772 727 3857 775 ex
3894 708 4040 775 Deo
4084 729 4262 792 vero,

2307 791 2858 877 quemadmodum
2901 800 2969 860 et
3008 791 3207 860 homo
3240 812 3441 860 verus
3482 793 3639 878 quia
3678 812 3762 859 ex
3783 792 4048 861 homine
4083 816 4260 863 vero.

2307 877 2504 945 Unde
2547 887 2617 945 et
2657 878 3231 946 consubstantialis
3273 878 3420 944 Deo
3479 878 3654 962 patri
3709 879 3865 961 quia
3907 901 3991 946 ex
4049 887 4259 964 patre,

2305 964 2478 1031 sicut
2518 971 2587 1030 et
2627 965 2816 1031 nobis
2858 963 3432 1031 consubstantialis
3475 963 3628 1048 quia
3668 985 3754 1030 ex
3796 963 4065 1031 homine
4097 986 4261 1033 vero

2305 1057 2526 1130 natus,
2603 1057 2931 1129 aeternus,
2998 1050 3427 1132 omnipotens,
3493 1050 3649 1135 quia
3711 1069 3794 1115 ex
3860 1059 4131 1118 aeterno
4194 1059 4263 1118 et

2305 1136 2772 1220 omnipotente.
2842 1135 3089 1202 Contra
3112 1134 3489 1203 scamarum
3528 1155 3708 1214 vero,
3752 1135 3911 1221 quia
3951 1156 4074 1202 sua
4107 1157 4263 1204 con·

2303 1220 2558 1287 fusione
2620 1242 2754 1287 nou
2809 1220 3005 1287 modo
3058 1241 3288 1286 veram
3331 1220 3699 1286 trinitatem
3742 1243 3998 1288 cerrum
4048 1223 4102 1288 it
4143 1222 4260 1290 sed

2303 1313 2371 1371 et
2412 1305 2624 1372 filium
2666 1307 2820 1387 Dei,
2860 1307 3084 1373 Deum
3128 1305 3210 1372 de
3251 1306 3417 1386 Dec,
3479 1306 3739 1373 abolere
3780 1307 3943 1386 vult,
4037 1307 4261 1374 ‘stinc-

2302 1392 2546 1459 tionem
2606 1391 2848 1476 ubique
2903 1392 2978 1457 in
3032 1392 3372 1476 scripturis
3423 1391 3838 1460 observatam
3879 1393 4255 1461 obiicimus:

2304 1474 2608 1561 baptismi
2646 1478 2940 1557 formam,
2973 1476 3344 1563 symbolum
3378 1477 3823 1562 apostolicum,
3843 1477 4014 1545 locos
4048 1479 4259 1564 scrip-

2302 1571 2494 1629 turae
2528 1562 2709 1629 mille
2743 1572 2812 1628 et
2843 1565 3188 1647 praecipue
3220 1562 3412 1628 illum
3445 1562 3661 1630 locum
3696 1563 3894 1630 Pauli
3943 1569 3995 1629 1.
4020 1564 4171 1631 Cor.
4195 1570 4256 1646 8,

2301 1648 2418 1714 ubi
2442 1647 2754 1715 distincta
2787 1647 2868 1715 de
2889 1650 3033 1715 Deo
3054 1657 3241 1732 patre
3275 1668 3360 1713 ex
3394 1669 3522 1732 quo
3556 1650 3796 1728 omnia,
3832 1649 4142 1717 distincta
4176 1648 4257 1717 de

2300 1732 2439 1799 filio
2476 1733 2609 1800 Dei
2653 1735 2973 1801 confessio
3017 1732 3251 1812 editur,
3297 1742 3367 1799 et
3408 1733 3571 1799 alias
3606 1733 3686 1799 de
3720 1735 3960 1819 spiritu
3994 1743 4254 1802 sancto:

2301 1839 2431 1902 qua
2475 1820 2556 1886 de
2598 1841 2670 1886 re
2712 1820 2926 1887 fusius
2968 1820 3041 1884 in
3083 1818 3293 1885 literis
3329 1819 3574 1886 nostris
3607 1818 3691 1885 ad
3727 1840 3846 1887 vos
3880 1820 4073 1887 datis.
4138 1820 4255 1890 Sic

2299 1903 2476 1971 locos
2541 1905 2703 1971 alios
2757 1926 2918 1988 quos
2973 1925 3096 1987 pro
3152 1925 3274 1970 sua
3314 1905 3695 1971 confusione
3737 1903 4005 1972 adducit
4046 1906 4256 1992 expli-

2299 2009 2559 2057 camus:
2644 1991 2977 2057 Dominus
3018 1989 3198 2055 Deus
3240 1997 3394 2056 tuus
3438 2012 3631 2070 unus,
3674 1997 3743 2057 et
3785 1991 4050 2070 similes,
4095 2013 4257 2076 quos

2298 2075 2380 2141 de
2442 2083 2632 2160 patre
2705 2096 2840 2141 non
2898 2075 2980 2141 de
3035 2076 3335 2142 trinitate
3388 2076 3662 2142 confusa
3721 2076 3901 2144 illius
3942 2077 4256 2163 intelligi·

2296 2182 2466 2240 mus,
2530 2161 2720 2227 iuxta
2774 2161 2967 2228 Pauli
3024 2161 3642 2245 interpretationem
3694 2161 3938 2228 claram
4004 2168 4055 2229 1.
4102 2162 4255 2229 Cor.

2298 2247 2360 2324 8,
2425 2256 2495 2313 et
2551 2248 2757 2330 ipsius
2813 2246 3069 2314 Christi
3123 2246 3349 2313 Ioann.
3416 2251 3490 2313 8:
3581 2245 3801 2328 Quem
3850 2269 3973 2315 vos
4038 2248 4255 2316 dicitis

2298 2333 2521 2399 Deum
2568 2340 2868 2400 vestrum
2913 2353 3059 2399 esse
3097 2340 3282 2416 pater
3300 2352 3490 2399 meus
3526 2340 3646 2399 est.
3711 2332 3941 2400 Ioann.
3980 2336 4038 2399 3.
4063 2333 4255 2400 Rom.

2298 2421 2358 2482 8.
2446 2418 2621 2484 Item
2684 2416 2798 2484 ubi
2852 2416 2986 2484 Dei
3050 2439 3290 2483 nomen
3352 2417 3532 2502 patri
3594 2427 3861 2484 tantum
3922 2419 4253 2498 tribuitur,

2296 2503 2841 2588 quemadmodum
2884 2504 2958 2568 in
3001 2503 3148 2569 aliis
3190 2503 3350 2570 locis
3392 2503 3757 2587 scripturae
3799 2502 3924 2571 soli
3965 2504 4101 2571 filio
4133 2526 4255 2572 no·

2297 2606 2451 2654 men
2484 2589 2613 2655 Dei
2656 2588 2976 2654 tribuitur
3009 2587 3331 2655 distincte.
3397 2589 3627 2673 Neque
3662 2589 3771 2656 hic
3803 2590 4018 2656 solum
4052 2592 4254 2674 scrip·

2300 2684 2492 2740 turae
2534 2674 2913 2741 testimonia
2955 2673 3293 2754 habemus,
3338 2672 3455 2740 sed
3499 2676 3696 2741 etiam
3738 2683 4003 2759 patrum
4025 2696 4254 2742 eorum

2296 2760 2667 2913 33:⁰34.
2688 2759 3024 2912 ἳῖἓῖῗοῗ.
3063 2760 3407 2911 ffffit.
3439 2758 3931 2912 {ffiss'ffiwffss
3983 2762 4255 2912 3θῖωὲ

2294 2930 2406 2997 nb.
2441 2930 2571 2996 m
2615 2953 2669 2998 ο.
2718 2935 2776 2996 c.
2862 2930 2997 2998 Ubi
3052 2929 3199 2997 1002.
3248 2897 3638 3015 scripturae':
3724 2929 3872 3015 Ego
3929 2952 4081 2997 sum
4136 2932 4253 3017 qui

2296 3038 2465 3096 sum,
2532 3016 2706 3102 patri
2771 3016 3025 3084 tribuit.
3111 3014 3229 3083 Sic
3290 3014 3513 3082 Deum
3574 3015 3958 3097 Abrahami,
4024 3015 4253 3084 Deum

2293 3103 2502 3184 Isaac,
2560 3108 2756 3171 vocat
2809 3110 3071 3187 patrem
3114 3102 3387 3168 Domini
3443 3101 3655 3169 nostri
3691 3102 3847 3169 Iesu
3891 3103 4144 3171 Christi
4184 3112 4256 3171 et

2296 3208 2454 3254 eum
2495 3188 2781 3255 invocat.
2864 3187 2981 3257 Sic
3022 3187 3133 3254 lib.
3174 3187 3304 3255 111.
3349 3208 3404 3255 c.
3444 3192 3503 3267 9,
3550 3188 3743 3255 toties
3792 3196 3988 3256 vocat
4038 3210 4251 3255 unum

2293 3272 2518 3340 Deum
2561 3282 2818 3358 patrem
2863 3282 2932 3340 et
2972 3273 3154 3340 mille
3197 3272 3345 3338 aliis
3381 3273 3561 3341 locis.
3648 3273 3951 3357 Ignatius
3993 3294 4250 3358 quoque

2294 3360 2702 3443 apertissime
2769 3358 3076 3426 distincte
3119 3358 3201 3425 de
3242 3359 3539 3424 trinitate
3578 3359 3869 3443 loquitur
3907 3360 4032 3444 Ep.
4080 3365 4139 3440 9,
4186 3364 4247 3427 5.

2294 3454 2416 3512 etc.
2463 3466 2675 3528 neque
2713 3466 2887 3511 unus
2941 3444 3122 3512 locus
3178 3452 3403 3510 exstat
3452 3444 3570 3511 ubi
3613 3442 3879 3510 confuse
3920 3443 4247 3529 loquatur.

2293 3528 2409 3597 Sic
2443 3529 2894 3597 Tertullianus
2930 3528 3012 3596 de
3044 3550 3324 3614 praescr.
3356 3529 3855 3609 haereticorum,
3900 3529 4015 3596 ubi
4056 3551 4251 3615 regu-

2291 3613 2427 3681 lam
2472 3614 2625 3682 fidei
2691 3615 2830 3681 edit
2892 3614 3281 3681 inviolatam
3344 3614 3479 3681 nisi
3540 3615 3623 3681 ab
3692 3615 4056 3682 haereticis.
4143 3617 4249 3682 De

2289 3701 2592 3767 trinitate
2635 3720 2894 3785 quoque
2937 3700 3230 3768 scribens
3270 3700 3515 3766 librum
3556 3701 3844 3784 primum
3900 3701 4250 3769 confessio·

2291 3806 2446 3852 nem
2487 3786 2626 3852 edit
2666 3785 2748 3851 de
2790 3786 2936 3853 Deo
2972 3792 3162 3870 patre
3205 3793 3275 3851 et
3315 3786 3690 3852 testimonia
3752 3786 4118 3871 scripturae
4158 3788 4249 3854 si-

2289 3871 2535 3937 militer
2575 3878 2651 3938 ut
2691 3871 2802 3936 alii
2847 3872 2929 3937 de
2971 3891 3050 3938 eo
3092 3872 3268 3951 citat,
3315 3869 3552 3937 deinde
3595 3870 3676 3937 de
3727 3871 3865 3937 filio
3907 3873 4047 3939 eius
4092 3871 4247 3940 Iesu

2292 3955 2561 4024 Christo
2606 3957 2897 4023 Domino
2941 3965 3010 4023 et
3049 3955 3195 4023 Deo
3239 3966 3482 4038 nostro,
3523 3965 3851 4040 postremo
3895 3957 3976 4024 de
4010 3958 4248 4042 spiritu

2289 4051 2540 4123 sancto,
2600 4043 2714 4108 ubi
2754 4043 2953 4108 etiam
2997 4040 3334 4109 contendit
3376 4062 3527 4107 cum
3573 4042 3917 4109 haereticis
3961 4041 4041 4109 de
4082 4064 4245 4110 voce

2291 4126 2504 4207 Unus,
2527 4148 2714 4230 ,quae
2737 4127 2839 4229 'de
2872 4125 3130 4228 duabus
3164 4128 3458 4211 personis
3494 4127 3599 4194 vel
3633 4126 3843 4194 tribus
3875 4149 4010 4194 non
4048 4150 4242 4195 usur-

2289 4221 2989 4365 ffiffiffiffiffl
3024 4212 3152 4365 ἓξὲξ
3186 4219 3461 4365 Ἓῗέῗ.
3469 4213 4244 4398 “ἰὲῗέξθὲἓὲῗς.ἳῖ“ῗε

2290 4384 2522 4451 eadem
2566 4383 2985 4451 distinctione
3016 4383 3154 4468 agit
3195 4383 3531 4469 praeclare
3572 4391 3641 4450 et
3682 4385 4110 4467 apertissime,
4174 4392 4244 4450 et

2291 4467 2373 4535 de
2415 4490 2493 4536 eo
2526 4469 2699 4555 quod
2742 4469 2908 4537 duos
2951 4469 3107 4535 deos
3147 4489 3283 4536 non
3322 4468 3750 4537 introducant
3791 4471 3903 4552 qui
3937 4469 4241 4538 distincte

2292 4555 2570 4621 mdunt
2628 4562 2883 4640 patrem
2937 4575 3081 4622 esse
3132 4575 3364 4621 verum
3415 4562 3485 4620 et
3538 4576 3752 4621 unum
3790 4555 4031 4634 Deum,
4096 4564 4242 4621 tum

2291 4660 2552 4724 quoque
2607 4641 2821 4707 filium
2862 4639 3011 4719 Dei,
3054 4640 3276 4706 Deum
3328 4639 3409 4706 de
3448 4640 3626 4707 Deo:
3693 4639 4244 4725 quemadmodum

2291 4734 2359 4790 et
2399 4726 2773 4812 symbolum
2793 4726 2859 4792 N
2858 4727 3160 4793 icaenum
3202 4733 3428 4792 contra
3457 4726 3697 4792 Arium
3737 4725 3987 4792 editum
4031 4727 4236 4793 docet.

2292 4810 2429 4879 Sed
2473 4813 2587 4895 qui
2629 4811 2760 4878 duo
2800 4811 3123 4896 principia
3162 4810 3432 4891 inducit,
3479 4820 3597 4878 aut
3639 4812 3799 4877 duos
3842 4819 4080 4895 patres,
4120 4819 4239 4878 aut

2290 4897 2453 4963 duos
2474 4897 2661 4978 filios,
2676 4906 2791 4963 aut
2810 4917 2942 4962 non
2963 4897 3257 4963 eiusdem
3276 4904 3553 4963 naturae
3701 4896 3867 4962 'tum
3886 4918 4035 4963 cum
4057 4898 4239 4982 geni-

2290 4990 2451 5061 tore,
2487 4983 2598 5050 hic
2639 4982 2801 5049 duos
2834 4981 2988 5049 deos
3008 4982 3382 5062 introducit,
3426 4917 3894 5066 quoffioque
3914 4982 4234 5064 Hilarius,

2289 5068 2598 5149 Basilius,
2644 5068 3039 5135 Athanasius
3081 5076 3204 5136 etc.
3250 5069 3501 5146 docent,
3561 5087 3772 5152 neque
3827 5067 3959 5134 alio
4012 5066 4234 5136 diver-

2290 5155 2555 5220 sitatem
2616 5162 2731 5220 aut
2788 5153 3233 5238 pluralitatem
3303 5153 3572 5219 deorum
3628 5152 3869 5233 induci,
3932 5154 4067 5220 nisi
4105 5154 4234 5222 hoc

2289 5260 2421 5305 uno
2463 5240 2677 5320 mode,
2721 5240 2779 5306 si
2819 5247 3057 5305 natura
3099 5238 3361 5306 diversa
3400 5237 3869 5318 introducatur,
3940 5239 4055 5306 ubi
4095 5240 4232 5307 iam

2291 5332 2480 5409 pater
2520 5347 2652 5391 non
2696 5333 2867 5391 esset
2910 5325 3303 5409 principium
3338 5323 3459 5391 filii
3500 5325 3621 5406 sui,
3680 5323 3797 5392 sed
3838 5332 4059 5392 essent
4101 5326 4230 5392 duo
