<?xml version="1.0" encoding="UTF-8"?>
<!DOCTYPE html PUBLIC "-//W3C//DTD XHTML 1.0 Transitional//EN"
    "http://www.w3.org/TR/xhtml1/DTD/xhtml1-transitional.dtd">
<html xmlns="http://www.w3.org/1999/xhtml" xml:lang="en" lang="en">
 <head>
  <title>
</title>
<meta http-equiv="Content-Type" content="text/html;charset=utf-8" />
  <meta name='ocr-system' content='tesseract 3.04.00' />
  <meta name='ocr-capabilities' content='ocr_page ocr_carea ocr_par ocr_line ocrx_word'/>
</head>
<body>
  <div class='ocr_page' id='page_1' title='image "./ioanniscalvinio12unkngoog/ioanniscalvinio12unkngoog_0512.png"; bbox 0 0 4900 6125; ppageno 0'>
   <div class='ocr_carea' id='block_1_1' title="bbox 615 442 743 507">
    <p class='ocr_par' dir='ltr' id='par_1_1' title="bbox 615 442 743 507">
     <span class='ocr_line' id='line_1_1' title="bbox 615 442 743 507; baseline 0.016 -2"><span class='ocrx_word' id='word_1_1' title='bbox 615 442 743 507; x_wconf 79' lang='lat'><strong>211</strong></span> 
     </span>
    </p>
   </div>
   <div class='ocr_carea' id='block_1_2' title="bbox 609 624 2588 2665">
    <p class='ocr_par' dir='ltr' id='par_1_2' title="bbox 616 624 2587 798">
     <span class='ocr_line' id='line_1_2' title="bbox 616 624 2587 710; baseline -0.001 -16"><span class='ocrx_word' id='word_1_2' title='bbox 616 627 701 694; x_wconf 90' lang='lat' dir='ltr'><strong>de</strong></span> <span class='ocrx_word' id='word_1_3' title='bbox 737 627 922 703; x_wconf 89' lang='lat' dir='ltr'><strong>Dieu,</strong></span> <span class='ocrx_word' id='word_1_4' title='bbox 969 624 1310 693; x_wconf 78' lang='lat' dir='ltr'><strong>tellement</strong></span> <span class='ocrx_word' id='word_1_5' title='bbox 1352 626 1490 710; x_wconf 91' lang='lat' dir='ltr'><strong>quil</strong></span> <span class='ocrx_word' id='word_1_6' title='bbox 1529 628 1623 692; x_wconf 89' lang='lat' dir='ltr'><strong>ait</strong></span> <span class='ocrx_word' id='word_1_7' title='bbox 1657 627 1956 694; x_wconf 77' lang='lat' dir='ltr'>occasion</span> <span class='ocrx_word' id='word_1_8' title='bbox 1991 626 2074 693; x_wconf 92' lang='lat' dir='ltr'><strong>de</strong></span> <span class='ocrx_word' id='word_1_9' title='bbox 2110 628 2419 694; x_wconf 86' lang='lat' dir='ltr'><strong>sefforcer</strong></span> <span class='ocrx_word' id='word_1_10' title='bbox 2443 635 2587 693; x_wconf 89' lang='lat' dir='ltr'><strong>tant</strong></span> 
     </span>
     <span class='ocr_line' id='line_1_3' title="bbox 616 711 2028 798; baseline 0 -19"><span class='ocrx_word' id='word_1_11' title='bbox 616 714 765 798; x_wconf 89' lang='lat' dir='ltr'><strong>plus</strong></span> <span class='ocrx_word' id='word_1_12' title='bbox 809 721 851 779; x_wconf 76' lang='lat' dir='ltr'><strong>a</strong></span> <span class='ocrx_word' id='word_1_13' title='bbox 892 711 1397 778; x_wconf 78' lang='lat' dir='ltr'><strong>ladvancement</strong></span> <span class='ocrx_word' id='word_1_14' title='bbox 1439 712 1519 777; x_wconf 91' lang='lat' dir='ltr'><strong>de</strong></span> <span class='ocrx_word' id='word_1_15' title='bbox 1563 720 1789 778; x_wconf 79' lang='lat' dir='ltr'><strong>vostre</strong></span> <span class='ocrx_word' id='word_1_16' title='bbox 1833 713 2028 779; x_wconf 87' lang='lat' dir='ltr'><strong>salut.</strong></span> 
     </span>
    </p>

    <p class='ocr_par' dir='ltr' id='par_1_3' title="bbox 609 797 2588 1979">
     <span class='ocr_line' id='line_1_4' title="bbox 787 797 2587 883; baseline 0 -19"><span class='ocrx_word' id='word_1_17' title='bbox 787 798 972 864; x_wconf 88' lang='lat' dir='ltr'><strong>Nous</strong></span> <span class='ocrx_word' id='word_1_18' title='bbox 1015 818 1222 863; x_wconf 82' lang='lat' dir='ltr'><strong>avons</strong></span> <span class='ocrx_word' id='word_1_19' title='bbox 1266 798 1557 864; x_wconf 89' lang='lat' dir='ltr'><strong>entendu</strong></span> <span class='ocrx_word' id='word_1_20' title='bbox 1601 799 1741 882; x_wconf 89' lang='lat' dir='ltr'><strong>quil</strong></span> <span class='ocrx_word' id='word_1_21' title='bbox 1783 821 1832 883; x_wconf 82' lang='lat' dir='ltr'><strong>y</strong></span> <span class='ocrx_word' id='word_1_22' title='bbox 1876 820 1916 864; x_wconf 90' lang='lat' dir='ltr'><strong>a</strong></span> <span class='ocrx_word' id='word_1_23' title='bbox 1958 818 2082 882; x_wconf 87' lang='lat' dir='ltr'><strong>par</strong></span> <span class='ocrx_word' id='word_1_24' title='bbox 2124 797 2271 865; x_wconf 88' lang='lat' dir='ltr'><strong>dela</strong></span> <span class='ocrx_word' id='word_1_25' title='bbox 2306 799 2587 882; x_wconf 88' lang='lat' dir='ltr'><strong>quelque</strong></span> 
     </span>
     <span class='ocr_line' id='line_1_5' title="bbox 613 882 2588 971; baseline 0.001 -22"><span class='ocrx_word' id='word_1_26' title='bbox 613 882 960 950; x_wconf 90' lang='lat' dir='ltr'><strong>cordellier</strong></span> <span class='ocrx_word' id='word_1_27' title='bbox 1002 884 1113 966; x_wconf 89' lang='lat' dir='ltr'><strong>qui</strong></span> <span class='ocrx_word' id='word_1_28' title='bbox 1159 891 1310 950; x_wconf 88' lang='lat' dir='ltr'><strong>nest</strong></span> <span class='ocrx_word' id='word_1_29' title='bbox 1353 905 1472 967; x_wconf 86' lang='lat' dir='ltr'><strong>pas</strong></span> <span class='ocrx_word' id='word_1_30' title='bbox 1514 884 1843 950; x_wconf 89' lang='lat' dir='ltr'><strong>contraire</strong></span> <span class='ocrx_word' id='word_1_31' title='bbox 1879 906 1964 950; x_wconf 91' lang='lat' dir='ltr'><strong>au</strong></span> <span class='ocrx_word' id='word_1_32' title='bbox 1985 885 2116 950; x_wconf 90' lang='lat' dir='ltr'><strong>bon</strong></span> <span class='ocrx_word' id='word_1_33' title='bbox 2135 892 2351 971; x_wconf 82' lang='lat' dir='ltr'><strong>party.</strong></span> <span class='ocrx_word' id='word_1_34' title='bbox 2411 885 2588 951; x_wconf 79' lang='lat' dir='ltr'><strong>Mais</strong></span> 
     </span>
     <span class='ocr_line' id='line_1_6' title="bbox 612 970 2588 1055; baseline 0.001 -20"><span class='ocrx_word' id='word_1_35' title='bbox 612 970 753 1054; x_wconf 90' lang='lat' dir='ltr'><strong>quil</strong></span> <span class='ocrx_word' id='word_1_36' title='bbox 797 990 966 1036; x_wconf 82' lang='lat' dir='ltr'><strong>vous</strong></span> <span class='ocrx_word' id='word_1_37' title='bbox 1010 973 1391 1050; x_wconf 85' lang='lat' dir='ltr'><strong>souvienne,</strong></span> <span class='ocrx_word' id='word_1_38' title='bbox 1459 991 1637 1055; x_wconf 81' lang='lat' dir='ltr'><strong>quoy</strong></span> <span class='ocrx_word' id='word_1_39' title='bbox 1696 970 1833 1054; x_wconf 93' lang='lat' dir='ltr'><strong>quil</strong></span> <span class='ocrx_word' id='word_1_40' title='bbox 1892 992 1978 1036; x_wconf 92' lang='lat' dir='ltr'><strong>en</strong></span> <span class='ocrx_word' id='word_1_41' title='bbox 2031 972 2178 1049; x_wconf 90' lang='lat' dir='ltr'><strong>soit,</strong></span> <span class='ocrx_word' id='word_1_42' title='bbox 2234 991 2364 1054; x_wconf 90' lang='lat' dir='ltr'><strong>que</strong></span> <span class='ocrx_word' id='word_1_43' title='bbox 2420 992 2588 1053; x_wconf 90' lang='lat' dir='ltr'><strong>pour</strong></span> 
     </span>
     <span class='ocr_line' id='line_1_7' title="bbox 613 1053 2588 1141; baseline 0 -19"><span class='ocrx_word' id='word_1_44' title='bbox 613 1065 787 1122; x_wconf 89' lang='lat' dir='ltr'><strong>estre</strong></span> <span class='ocrx_word' id='word_1_45' title='bbox 832 1077 871 1122; x_wconf 89' lang='lat' dir='ltr'><strong>a</strong></span> <span class='ocrx_word' id='word_1_46' title='bbox 919 1076 1208 1138; x_wconf 82' lang='lat' dir='ltr'><strong>prouvez</strong></span> <span class='ocrx_word' id='word_1_47' title='bbox 1252 1053 1334 1120; x_wconf 91' lang='lat' dir='ltr'><strong>de</strong></span> <span class='ocrx_word' id='word_1_48' title='bbox 1379 1054 1571 1134; x_wconf 90' lang='lat' dir='ltr'><strong>Dieu,</strong></span> <span class='ocrx_word' id='word_1_49' title='bbox 1617 1055 1668 1121; x_wconf 93' lang='lat' dir='ltr'><strong>il</strong></span> <span class='ocrx_word' id='word_1_50' title='bbox 1706 1077 1790 1121; x_wconf 90' lang='lat' dir='ltr'><strong>ne</strong></span> <span class='ocrx_word' id='word_1_51' title='bbox 1834 1077 2005 1122; x_wconf 91' lang='lat' dir='ltr'><strong>nous</strong></span> <span class='ocrx_word' id='word_1_52' title='bbox 2043 1064 2146 1122; x_wconf 91' lang='lat' dir='ltr'><strong>est</strong></span> <span class='ocrx_word' id='word_1_53' title='bbox 2189 1058 2375 1141; x_wconf 93' lang='lat' dir='ltr'><strong>point</strong></span> <span class='ocrx_word' id='word_1_54' title='bbox 2407 1056 2588 1124; x_wconf 89' lang='lat' dir='ltr'><strong>licite</strong></span> 
     </span>
     <span class='ocr_line' id='line_1_8' title="bbox 613 1139 2588 1227; baseline -0.001 -19"><span class='ocrx_word' id='word_1_55' title='bbox 613 1141 698 1208; x_wconf 90' lang='lat' dir='ltr'><strong>de</strong></span> <span class='ocrx_word' id='word_1_56' title='bbox 740 1141 875 1208; x_wconf 92' lang='lat' dir='ltr'><strong>cloc</strong></span> <span class='ocrx_word' id='word_1_57' title='bbox 926 1163 1000 1206; x_wconf 91' lang='lat' dir='ltr'><strong>er</strong></span> <span class='ocrx_word' id='word_1_58' title='bbox 1040 1141 1155 1206; x_wconf 88' lang='lat' dir='ltr'><strong>des</strong></span> <span class='ocrx_word' id='word_1_59' title='bbox 1202 1139 1372 1206; x_wconf 86' lang='lat' dir='ltr'><strong>deux</strong></span> <span class='ocrx_word' id='word_1_60' title='bbox 1416 1149 1650 1208; x_wconf 84' lang='lat' dir='ltr'><strong>costez.</strong></span> <span class='ocrx_word' id='word_1_61' title='bbox 1721 1142 1907 1227; x_wconf 84' lang='lat' dir='ltr'><strong>Vray</strong></span> <span class='ocrx_word' id='word_1_62' title='bbox 1952 1151 2055 1207; x_wconf 93' lang='lat' dir='ltr'><strong>est</strong></span> <span class='ocrx_word' id='word_1_63' title='bbox 2138 1143 2232 1207; x_wconf 89' lang='lat' dir='ltr'><strong>uil</strong></span> <span class='ocrx_word' id='word_1_64' title='bbox 2275 1144 2588 1210; x_wconf 75' lang='lat' dir='ltr'><strong>convient</strong></span> 
     </span>
     <span class='ocr_line' id='line_1_9' title="bbox 612 1226 2588 1312; baseline 0 -19"><span class='ocrx_word' id='word_1_65' title='bbox 612 1228 948 1312; x_wconf 87' lang='lat' dir='ltr'><strong>pratiquer</strong></span> <span class='ocrx_word' id='word_1_66' title='bbox 988 1226 1056 1291; x_wconf 87' lang='lat' dir='ltr'><strong>la</strong></span> <span class='ocrx_word' id='word_1_67' title='bbox 1099 1234 1408 1294; x_wconf 78' lang='lat' dir='ltr'><strong>sentence</strong></span> <span class='ocrx_word' id='word_1_68' title='bbox 1450 1227 1530 1293; x_wconf 91' lang='lat' dir='ltr'><strong>de</strong></span> <span class='ocrx_word' id='word_1_69' title='bbox 1564 1227 1765 1295; x_wconf 87' lang='lat' dir='ltr'><strong>Jesus</strong></span> <span class='ocrx_word' id='word_1_70' title='bbox 1788 1227 2039 1307; x_wconf 81' lang='lat' dir='ltr'><strong>Christ,</strong></span> <span class='ocrx_word' id='word_1_71' title='bbox 2126 1250 2162 1294; x_wconf 92' lang='lat' dir='ltr'><strong>e</strong></span> <span class='ocrx_word' id='word_1_72' title='bbox 2208 1230 2383 1294; x_wconf 89' lang='lat' dir='ltr'><strong>tenir</strong></span> <span class='ocrx_word' id='word_1_73' title='bbox 2415 1249 2588 1312; x_wconf 88' lang='lat' dir='ltr'><strong>pour</strong></span> 
     </span>
     <span class='ocr_line' id='line_1_10' title="bbox 611 1313 2585 1397; baseline 0.001 -19"><span class='ocrx_word' id='word_1_74' title='bbox 611 1323 871 1379; x_wconf 87' lang='lat' dir='ltr'><strong>nostres</strong></span> <span class='ocrx_word' id='word_1_75' title='bbox 913 1333 1080 1380; x_wconf 77' lang='lat' dir='ltr'><strong>ceux</strong></span> <span class='ocrx_word' id='word_1_76' title='bbox 1127 1313 1242 1396; x_wconf 91' lang='lat' dir='ltr'><strong>qui</strong></span> <span class='ocrx_word' id='word_1_77' title='bbox 1288 1335 1371 1378; x_wconf 90' lang='lat' dir='ltr'><strong>ne</strong></span> <span class='ocrx_word' id='word_1_78' title='bbox 1416 1322 1570 1379; x_wconf 92' lang='lat' dir='ltr'><strong>sont</strong></span> <span class='ocrx_word' id='word_1_79' title='bbox 1625 1314 1815 1397; x_wconf 92' lang='lat' dir='ltr'><strong>point</strong></span> <span class='ocrx_word' id='word_1_80' title='bbox 1870 1321 2100 1379; x_wconf 91' lang='lat' dir='ltr'><strong>contre</strong></span> <span class='ocrx_word' id='word_1_81' title='bbox 2157 1335 2342 1392; x_wconf 91' lang='lat' dir='ltr'><strong>nous,</strong></span> <span class='ocrx_word' id='word_1_82' title='bbox 2400 1316 2585 1380; x_wconf 81' lang='lat' dir='ltr'><strong>voire</strong></span> 
     </span>
     <span class='ocr_line' id='line_1_11' title="bbox 612 1399 2586 1483; baseline 0 -19"><span class='ocrx_word' id='word_1_83' title='bbox 612 1420 777 1482; x_wconf 91' lang='lat' dir='ltr'><strong>pour</strong></span> <span class='ocrx_word' id='word_1_84' title='bbox 810 1399 907 1464; x_wconf 88' lang='lat' dir='ltr'><strong>les</strong></span> <span class='ocrx_word' id='word_1_85' title='bbox 953 1399 1111 1463; x_wconf 86' lang='lat' dir='ltr'><strong>faire</strong></span> <span class='ocrx_word' id='word_1_86' title='bbox 1157 1399 1371 1465; x_wconf 86' lang='lat' dir='ltr'><strong>servir</strong></span> <span class='ocrx_word' id='word_1_87' title='bbox 1425 1421 1467 1465; x_wconf 86' lang='lat' dir='ltr'><strong>a</strong></span> <span class='ocrx_word' id='word_1_88' title='bbox 1511 1399 1704 1478; x_wconf 90' lang='lat' dir='ltr'><strong>Dieu,</strong></span> <span class='ocrx_word' id='word_1_89' title='bbox 1771 1400 1901 1466; x_wconf 91' lang='lat' dir='ltr'><strong>soit</strong></span> <span class='ocrx_word' id='word_1_90' title='bbox 1943 1421 2111 1483; x_wconf 92' lang='lat' dir='ltr'><strong>pour</strong></span> <span class='ocrx_word' id='word_1_91' title='bbox 2154 1401 2451 1466; x_wconf 85' lang='lat' dir='ltr'><strong>occasion</strong></span> <span class='ocrx_word' id='word_1_92' title='bbox 2498 1420 2586 1465; x_wconf 89' lang='lat' dir='ltr'><strong>ou</strong></span> 
     </span>
     <span class='ocr_line' id='line_1_12' title="bbox 610 1487 2583 1570; baseline 0.001 -20"><span class='ocrx_word' id='word_1_93' title='bbox 610 1492 1007 1562; x_wconf 85' lang='lat' dir='ltr'><strong>autrement,</strong></span> <span class='ocrx_word' id='word_1_94' title='bbox 1076 1491 1145 1549; x_wconf 91' lang='lat' dir='ltr'><strong>et</strong></span> <span class='ocrx_word' id='word_1_95' title='bbox 1195 1506 1332 1549; x_wconf 91' lang='lat' dir='ltr'><strong>non</strong></span> <span class='ocrx_word' id='word_1_96' title='bbox 1393 1506 1509 1569; x_wconf 90' lang='lat' dir='ltr'><strong>pas</strong></span> <span class='ocrx_word' id='word_1_97' title='bbox 1562 1506 1731 1569; x_wconf 91' lang='lat' dir='ltr'><strong>pour</strong></span> <span class='ocrx_word' id='word_1_98' title='bbox 1789 1506 2164 1570; x_wconf 85' lang='lat' dir='ltr'><strong>approuver</strong></span> <span class='ocrx_word' id='word_1_99' title='bbox 2216 1487 2397 1551; x_wconf 89' lang='lat' dir='ltr'><strong>nulle</strong></span> <span class='ocrx_word' id='word_1_100' title='bbox 2440 1506 2583 1551; x_wconf 88' lang='lat' dir='ltr'><strong>cor-</strong></span> 
     </span>
     <span class='ocr_line' id='line_1_13' title="bbox 609 1569 2588 1656; baseline 0.001 -20"><span class='ocrx_word' id='word_1_101' title='bbox 609 1571 899 1654; x_wconf 89' lang='lat' dir='ltr'><strong>ruption,</strong></span> <span class='ocrx_word' id='word_1_102' title='bbox 943 1569 1127 1636; x_wconf 91' lang='lat' dir='ltr'><strong>selon</strong></span> <span class='ocrx_word' id='word_1_103' title='bbox 1169 1570 1310 1654; x_wconf 90' lang='lat' dir='ltr'><strong>quil</strong></span> <span class='ocrx_word' id='word_1_104' title='bbox 1352 1579 1454 1636; x_wconf 91' lang='lat' dir='ltr'><strong>est</strong></span> <span class='ocrx_word' id='word_1_105' title='bbox 1496 1570 1593 1635; x_wconf 89' lang='lat' dir='ltr'><strong>dit</strong></span> <span class='ocrx_word' id='word_1_106' title='bbox 1636 1593 1676 1637; x_wconf 87' lang='lat' dir='ltr'><strong>a</strong></span> <span class='ocrx_word' id='word_1_107' title='bbox 1717 1572 2037 1639; x_wconf 87' lang='lat' dir='ltr'><strong>Jeremie:</strong></span> <span class='ocrx_word' id='word_1_108' title='bbox 2083 1571 2188 1637; x_wconf 90' lang='lat' dir='ltr'><strong>Ne</strong></span> <span class='ocrx_word' id='word_1_109' title='bbox 2231 1572 2364 1637; x_wconf 91' lang='lat' dir='ltr'><strong>sois</strong></span> <span class='ocrx_word' id='word_1_110' title='bbox 2401 1573 2588 1656; x_wconf 92' lang='lat' dir='ltr'><strong>point</strong></span> 
     </span>
     <span class='ocr_line' id='line_1_14' title="bbox 612 1656 2584 1743; baseline 0.001 -21"><span class='ocrx_word' id='word_1_111' title='bbox 612 1677 869 1722; x_wconf 89' lang='lat' dir='ltr'><strong>comme</strong></span> <span class='ocrx_word' id='word_1_112' title='bbox 914 1676 1064 1734; x_wconf 80' lang='lat' dir='ltr'><strong>eux,</strong></span> <span class='ocrx_word' id='word_1_113' title='bbox 1110 1657 1278 1722; x_wconf 87' lang='lat' dir='ltr'><strong>mais</strong></span> <span class='ocrx_word' id='word_1_114' title='bbox 1314 1656 1486 1740; x_wconf 85' lang='lat' dir='ltr'><strong>quilz</strong></span> <span class='ocrx_word' id='word_1_115' title='bbox 1521 1665 1759 1742; x_wconf 79' lang='lat' dir='ltr'><strong>soyent</strong></span> <span class='ocrx_word' id='word_1_116' title='bbox 1802 1678 2054 1724; x_wconf 91' lang='lat' dir='ltr'><strong>comme</strong></span> <span class='ocrx_word' id='word_1_117' title='bbox 2090 1666 2222 1743; x_wconf 82' lang='lat' dir='ltr'><strong>toy.</strong></span> <span class='ocrx_word' id='word_1_118' title='bbox 2294 1658 2373 1724; x_wconf 84' lang='lat' dir='ltr'><strong>Si</strong></span> <span class='ocrx_word' id='word_1_119' title='bbox 2416 1657 2584 1724; x_wconf 90' lang='lat' dir='ltr'><strong>donc</strong></span> 
     </span>
     <span class='ocr_line' id='line_1_15' title="bbox 613 1740 2585 1828; baseline 0.002 -22"><span class='ocrx_word' id='word_1_120' title='bbox 613 1741 663 1806; x_wconf 90' lang='lat' dir='ltr'><strong>il</strong></span> <span class='ocrx_word' id='word_1_121' title='bbox 706 1764 753 1826; x_wconf 82' lang='lat' dir='ltr'><strong>y</strong></span> <span class='ocrx_word' id='word_1_122' title='bbox 796 1761 838 1806; x_wconf 87' lang='lat' dir='ltr'><strong>a</strong></span> <span class='ocrx_word' id='word_1_123' title='bbox 878 1740 1156 1825; x_wconf 88' lang='lat' dir='ltr'><strong>quelque</strong></span> <span class='ocrx_word' id='word_1_124' title='bbox 1200 1741 1414 1807; x_wconf 90' lang='lat' dir='ltr'><strong>bonne</strong></span> <span class='ocrx_word' id='word_1_125' title='bbox 1455 1744 1676 1808; x_wconf 87' lang='lat' dir='ltr'><strong>racine</strong></span> <span class='ocrx_word' id='word_1_126' title='bbox 1736 1764 1820 1809; x_wconf 89' lang='lat' dir='ltr'><strong>en</strong></span> <span class='ocrx_word' id='word_1_127' title='bbox 1862 1743 2001 1828; x_wconf 79' lang='lat' dir='ltr'><strong>luy,</strong></span> <span class='ocrx_word' id='word_1_128' title='bbox 2057 1741 2319 1811; x_wconf 83' lang='lat' dir='ltr'><strong>advisez</strong></span> <span class='ocrx_word' id='word_1_129' title='bbox 2381 1744 2463 1809; x_wconf 90' lang='lat' dir='ltr'><strong>de</strong></span> <span class='ocrx_word' id='word_1_130' title='bbox 2521 1744 2585 1809; x_wconf 91' lang='lat' dir='ltr'><strong>le</strong></span> 
     </span>
     <span class='ocr_line' id='line_1_16' title="bbox 612 1828 2587 1979; baseline 0.002 -87"><span class='ocrx_word' id='word_1_131' title='bbox 612 1829 940 1979; x_wconf 56' lang='lat' dir='ltr'><strong>gaingner</strong></span> <span class='ocrx_word' id='word_1_132' title='bbox 995 1828 1278 1912; x_wconf 88' lang='lat' dir='ltr'><strong>plustost</strong></span> <span class='ocrx_word' id='word_1_133' title='bbox 1321 1849 1449 1911; x_wconf 90' lang='lat' dir='ltr'><strong>que</strong></span> <span class='ocrx_word' id='word_1_134' title='bbox 1494 1829 1711 1894; x_wconf 89' lang='lat' dir='ltr'><strong>destre</strong></span> <span class='ocrx_word' id='word_1_135' title='bbox 1766 1830 1998 1894; x_wconf 86' lang='lat' dir='ltr'><strong>attirez</strong></span> <span class='ocrx_word' id='word_1_136' title='bbox 2058 1850 2098 1893; x_wconf 87' lang='lat' dir='ltr'><strong>a.</strong></span> <span class='ocrx_word' id='word_1_137' title='bbox 2146 1851 2355 1914; x_wconf 87' lang='lat' dir='ltr'><strong>nager</strong></span> <span class='ocrx_word' id='word_1_138' title='bbox 2397 1839 2587 1896; x_wconf 86' lang='lat' dir='ltr'><strong>entre</strong></span> 
     </span>
    </p>

    <p class='ocr_par' dir='ltr' id='par_1_4' title="bbox 609 1914 2585 2152">
     <span class='ocr_line' id='line_1_17' title="bbox 657 1914 2585 2000; baseline 0.001 -21"><span class='ocrx_word' id='word_1_139' title='bbox 657 1934 791 1979; x_wconf 84' lang='lat' dir='ltr'><strong>eux</strong></span> <span class='ocrx_word' id='word_1_140' title='bbox 833 1934 1022 1992; x_wconf 80' lang='lat' dir='ltr'><strong>caux,</strong></span> <span class='ocrx_word' id='word_1_141' title='bbox 1083 1921 1151 1978; x_wconf 88' lang='lat' dir='ltr'><strong>et</strong></span> <span class='ocrx_word' id='word_1_142' title='bbox 1206 1934 1289 1978; x_wconf 92' lang='lat' dir='ltr'><strong>ne</strong></span> <span class='ocrx_word' id='word_1_143' title='bbox 1341 1935 1504 1979; x_wconf 83' lang='lat' dir='ltr'><strong>vous</strong></span> <span class='ocrx_word' id='word_1_144' title='bbox 1551 1916 1921 1981; x_wconf 70' lang='lat' dir='ltr'><strong>conformes</strong></span> <span class='ocrx_word' id='word_1_145' title='bbox 1979 1934 2020 1978; x_wconf 87' lang='lat' dir='ltr'><strong>a</strong></span> <span class='ocrx_word' id='word_1_146' title='bbox 2076 1914 2194 1980; x_wconf 90' lang='lat' dir='ltr'><strong>nul</strong></span> <span class='ocrx_word' id='word_1_147' title='bbox 2251 1914 2585 2000; x_wconf 87' lang='lat' dir='ltr'><strong>desguise-</strong></span> 
     </span>
     <span class='ocr_line' id='line_1_18' title="bbox 611 1999 2585 2084; baseline 0.002 -21"><span class='ocrx_word' id='word_1_148' title='bbox 611 2006 799 2065; x_wconf 91' lang='lat' dir='ltr'><strong>ment</strong></span> <span class='ocrx_word' id='word_1_149' title='bbox 831 2000 942 2082; x_wconf 88' lang='lat' dir='ltr'><strong>qui</strong></span> <span class='ocrx_word' id='word_1_150' title='bbox 986 1999 1116 2064; x_wconf 90' lang='lat' dir='ltr'><strong>soit</strong></span> <span class='ocrx_word' id='word_1_151' title='bbox 1161 2008 1536 2084; x_wconf 83' lang='lat' dir='ltr'><strong>repugnant</strong></span> <span class='ocrx_word' id='word_1_152' title='bbox 1579 2021 1620 2065; x_wconf 87' lang='lat' dir='ltr'><strong>a</strong></span> <span class='ocrx_word' id='word_1_153' title='bbox 1664 2023 1796 2067; x_wconf 90' lang='lat' dir='ltr'><strong>une</strong></span> <span class='ocrx_word' id='word_1_154' title='bbox 1841 2000 2050 2066; x_wconf 88' lang='lat' dir='ltr'><strong>droite</strong></span> <span class='ocrx_word' id='word_1_155' title='bbox 2092 2001 2459 2083; x_wconf 86' lang='lat' dir='ltr'><strong>profession</strong></span> <span class='ocrx_word' id='word_1_156' title='bbox 2504 2000 2585 2067; x_wconf 92' lang='lat' dir='ltr'><strong>de</strong></span> 
     </span>
     <span class='ocr_line' id='line_1_19' title="bbox 609 2084 1047 2152; baseline -0.005 -1"><span class='ocrx_word' id='word_1_157' title='bbox 609 2084 1047 2152; x_wconf 83' lang='lat' dir='ltr'><strong>Chrestiente.</strong></span> 
     </span>
    </p>

    <p class='ocr_par' dir='ltr' id='par_1_5' title="bbox 609 2169 2588 2665">
     <span class='ocr_line' id='line_1_20' title="bbox 783 2169 2586 2257; baseline 0.001 -22"><span class='ocrx_word' id='word_1_158' title='bbox 783 2169 1112 2257; x_wconf 79' lang='lat' dir='ltr'><strong>Surquoy,</strong></span> <span class='ocrx_word' id='word_1_159' title='bbox 1182 2170 1509 2236; x_wconf 85' lang='lat' dir='ltr'><strong>treschers</strong></span> <span class='ocrx_word' id='word_1_160' title='bbox 1569 2172 1915 2256; x_wconf 90' lang='lat' dir='ltr'><strong>seigneurs</strong></span> <span class='ocrx_word' id='word_1_161' title='bbox 1970 2178 2038 2238; x_wconf 89' lang='lat' dir='ltr'><strong>et</strong></span> <span class='ocrx_word' id='word_1_162' title='bbox 2098 2170 2325 2252; x_wconf 84' lang='lat' dir='ltr'><strong>freres,</strong></span> <span class='ocrx_word' id='word_1_163' title='bbox 2392 2193 2586 2256; x_wconf 86' lang='lat' dir='ltr'><strong>apres</strong></span> 
     </span>
     <span class='ocr_line' id='line_1_21' title="bbox 609 2255 2586 2341; baseline 0.001 -20"><span class='ocrx_word' id='word_1_164' title='bbox 609 2275 776 2322; x_wconf 91' lang='lat' dir='ltr'><strong>nous</strong></span> <span class='ocrx_word' id='word_1_165' title='bbox 818 2264 993 2322; x_wconf 89' lang='lat' dir='ltr'><strong>estre</strong></span> <span class='ocrx_word' id='word_1_166' title='bbox 1028 2257 1527 2323; x_wconf 86' lang='lat' dir='ltr'><strong>recommandez</strong></span> <span class='ocrx_word' id='word_1_167' title='bbox 1565 2255 1646 2323; x_wconf 91' lang='lat' dir='ltr'><strong>de</strong></span> <span class='ocrx_word' id='word_1_168' title='bbox 1681 2259 1815 2323; x_wconf 92' lang='lat' dir='ltr'><strong>bon</strong></span> <span class='ocrx_word' id='word_1_169' title='bbox 1850 2277 2050 2324; x_wconf 88' lang='lat' dir='ltr'><strong>coeur</strong></span> <span class='ocrx_word' id='word_1_170' title='bbox 2083 2278 2124 2322; x_wconf 87' lang='lat' dir='ltr'><strong>a</strong></span> <span class='ocrx_word' id='word_1_171' title='bbox 2155 2279 2276 2325; x_wconf 85' lang='lat' dir='ltr'><strong>vos</strong></span> <span class='ocrx_word' id='word_1_172' title='bbox 2309 2259 2586 2341; x_wconf 89' lang='lat' dir='ltr'><strong>prieres,</strong></span> 
     </span>
     <span class='ocr_line' id='line_1_22' title="bbox 610 2341 2588 2425; baseline 0.001 -18"><span class='ocrx_word' id='word_1_173' title='bbox 610 2361 781 2408; x_wconf 88' lang='lat' dir='ltr'><strong>nous</strong></span> <span class='ocrx_word' id='word_1_174' title='bbox 844 2342 1185 2425; x_wconf 92' lang='lat' dir='ltr'><strong>supplions</strong></span> <span class='ocrx_word' id='word_1_175' title='bbox 1244 2341 1308 2407; x_wconf 91' lang='lat' dir='ltr'><strong>le</strong></span> <span class='ocrx_word' id='word_1_176' title='bbox 1363 2344 1536 2409; x_wconf 89' lang='lat' dir='ltr'><strong>Pere</strong></span> <span class='ocrx_word' id='word_1_177' title='bbox 1591 2341 1672 2408; x_wconf 89' lang='lat' dir='ltr'><strong>de</strong></span> <span class='ocrx_word' id='word_1_178' title='bbox 1728 2342 2148 2410; x_wconf 83' lang='lat' dir='ltr'><strong>misericorde</strong></span> <span class='ocrx_word' id='word_1_179' title='bbox 2201 2364 2370 2410; x_wconf 81' lang='lat' dir='ltr'><strong>vous</strong></span> <span class='ocrx_word' id='word_1_180' title='bbox 2415 2344 2588 2410; x_wconf 90' lang='lat' dir='ltr'><strong>tenir</strong></span> 
     </span>
     <span class='ocr_line' id='line_1_23' title="bbox 611 2427 2586 2511; baseline 0.001 -18"><span class='ocrx_word' id='word_1_181' title='bbox 611 2448 696 2493; x_wconf 90' lang='lat' dir='ltr'><strong>en</strong></span> <span class='ocrx_word' id='word_1_182' title='bbox 732 2448 807 2492; x_wconf 89' lang='lat' dir='ltr'><strong>sa</strong></span> <span class='ocrx_word' id='word_1_183' title='bbox 848 2429 1235 2511; x_wconf 88' lang='lat' dir='ltr'><strong>protection,</strong></span> <span class='ocrx_word' id='word_1_184' title='bbox 1277 2448 1442 2494; x_wconf 83' lang='lat' dir='ltr'><strong>vous</strong></span> <span class='ocrx_word' id='word_1_185' title='bbox 1484 2428 1790 2494; x_wconf 85' lang='lat' dir='ltr'><strong>fortiffier</strong></span> <span class='ocrx_word' id='word_1_186' title='bbox 1833 2427 1915 2494; x_wconf 91' lang='lat' dir='ltr'><strong>de</strong></span> <span class='ocrx_word' id='word_1_187' title='bbox 1958 2451 2034 2495; x_wconf 85' lang='lat' dir='ltr'><strong>sa</strong></span> <span class='ocrx_word' id='word_1_188' title='bbox 2074 2437 2274 2496; x_wconf 81' lang='lat' dir='ltr'><strong>vertu</strong></span> <span class='ocrx_word' id='word_1_189' title='bbox 2318 2438 2386 2495; x_wconf 94' lang='lat' dir='ltr'><strong>et</strong></span> <span class='ocrx_word' id='word_1_190' title='bbox 2421 2450 2586 2497; x_wconf 85' lang='lat' dir='ltr'><strong>vous</strong></span> 
     </span>
     <span class='ocr_line' id='line_1_24' title="bbox 611 2513 2584 2599; baseline 0.001 -20"><span class='ocrx_word' id='word_1_191' title='bbox 611 2513 962 2579; x_wconf 82' lang='lat' dir='ltr'><strong>accroistre</strong></span> <span class='ocrx_word' id='word_1_192' title='bbox 1026 2536 1111 2580; x_wconf 91' lang='lat' dir='ltr'><strong>en</strong></span> <span class='ocrx_word' id='word_1_193' title='bbox 1173 2524 1319 2579; x_wconf 92' lang='lat' dir='ltr'><strong>tous</strong></span> <span class='ocrx_word' id='word_1_194' title='bbox 1364 2515 1460 2581; x_wconf 90' lang='lat' dir='ltr'><strong>les</strong></span> <span class='ocrx_word' id='word_1_195' title='bbox 1505 2514 1673 2581; x_wconf 89' lang='lat' dir='ltr'><strong>dons</strong></span> <span class='ocrx_word' id='word_1_196' title='bbox 1717 2513 1798 2580; x_wconf 92' lang='lat' dir='ltr'><strong>de</strong></span> <span class='ocrx_word' id='word_1_197' title='bbox 1842 2535 1965 2581; x_wconf 89' lang='lat' dir='ltr'><strong>son</strong></span> <span class='ocrx_word' id='word_1_198' title='bbox 1998 2516 2248 2599; x_wconf 83' lang='lat' dir='ltr'><strong>Esprit.</strong></span> <span class='ocrx_word' id='word_1_199' title='bbox 2330 2515 2426 2582; x_wconf 83' lang='lat' dir='ltr'><strong>Oe</strong></span> <span class='ocrx_word' id='word_1_200' title='bbox 2471 2520 2584 2580; x_wconf 69' lang='lat'><strong>8¹³⁰</strong></span> 
     </span>
     <span class='ocr_line' id='line_1_25' title="bbox 609 2597 1303 2665; baseline -0.003 0"><span class='ocrx_word' id='word_1_201' title='bbox 609 2598 692 2665; x_wconf 90' lang='lat' dir='ltr'><strong>de</strong></span> <span class='ocrx_word' id='word_1_202' title='bbox 735 2597 1079 2665; x_wconf 88' lang='lat' dir='ltr'><strong>decembre</strong></span> <span class='ocrx_word' id='word_1_203' title='bbox 1123 2602 1303 2665; x_wconf 84' lang='lat'><strong>1563.</strong></span> 
     </span>
    </p>
   </div>
   <div class='ocr_carea' id='block_1_3' title="bbox 1395 2895 1806 2903">
    <p class='ocr_par' dir='ltr' id='par_1_6' title="bbox 1395 2895 1806 2903">
     <span class='ocr_line' id='line_1_26' title="bbox 1395 2895 1806 2903; baseline 0 -1"><span class='ocrx_word' id='word_1_204' title='bbox 1395 2895 1806 2903; x_wconf 81' lang='lat'><strong>—————-—</strong></span> 
     </span>
    </p>
   </div>
   <div class='ocr_carea' id='block_1_4' title="bbox 1133 3147 2065 3369">
    <p class='ocr_par' dir='ltr' id='par_1_7' title="bbox 1133 3147 2065 3369">
     <span class='ocr_line' id='line_1_27' title="bbox 1495 3147 1698 3216; baseline 0 0"><span class='ocrx_word' id='word_1_205' title='bbox 1495 3147 1698 3216; x_wconf 80' lang='lat'><strong>4057.</strong></span> 
     </span>
     <span class='ocr_line' id='line_1_28' title="bbox 1133 3299 2065 3369; baseline 0 -3"><span class='ocrx_word' id='word_1_206' title='bbox 1133 3301 1381 3366; x_wconf 84' lang='lat' dir='ltr'><strong>BEZA</strong></span> <span class='ocrx_word' id='word_1_207' title='bbox 1423 3299 2065 3369; x_wconf 83' lang='lat' dir='ltr'><strong>BULLINGERO.</strong></span> 
     </span>
    </p>
   </div>
   <div class='ocr_carea' id='block_1_5' title="bbox 793 3472 2588 3558">
    <p class='ocr_par' dir='ltr' id='par_1_8' title="bbox 793 3472 2588 3558">
     <span class='ocr_line' id='line_1_29' title="bbox 793 3472 2588 3558; baseline -0.001 -18"><span class='ocrx_word' id='word_1_208' title='bbox 793 3474 877 3540; x_wconf 80' lang='lat' dir='ltr'><strong>In</strong></span> <span class='ocrx_word' id='word_1_209' title='bbox 925 3472 1151 3540; x_wconf 75' lang='lat' dir='ltr'><strong>Gallia</strong></span> <span class='ocrx_word' id='word_1_210' title='bbox 1195 3473 1408 3539; x_wconf 81' lang='lat' dir='ltr'><strong>omnia</strong></span> <span class='ocrx_word' id='word_1_211' title='bbox 1456 3472 1843 3554; x_wconf 70' lang='lat' dir='ltr'><strong>felicioribus</strong></span> <span class='ocrx_word' id='word_1_212' title='bbox 1885 3474 2194 3556; x_wconf 72' lang='lat' dir='ltr'><strong>auspiciis</strong></span> <span class='ocrx_word' id='word_1_213' title='bbox 2237 3476 2588 3558; x_wconf 74' lang='lat' dir='ltr'><strong>procedunt</strong></span> 
     </span>
    </p>
   </div>
   <div class='ocr_carea' id='block_1_6' title="bbox 616 3558 2589 3800">
    <p class='ocr_par' dir='ltr' id='par_1_9' title="bbox 616 3558 2589 3800">
     <span class='ocr_line' id='line_1_30' title="bbox 616 3558 2589 3645; baseline 0 -18"><span class='ocrx_word' id='word_1_214' title='bbox 616 3566 674 3627; x_wconf 77' lang='lat' dir='ltr'><strong>et</strong></span> <span class='ocrx_word' id='word_1_215' title='bbox 715 3562 950 3645; x_wconf 78' lang='lat' dir='ltr'><strong>optima</strong></span> <span class='ocrx_word' id='word_1_216' title='bbox 990 3579 1150 3641; x_wconf 75' lang='lat' dir='ltr'><strong>quae</strong></span> <span class='ocrx_word' id='word_1_217' title='bbox 1308 3559 1628 3640; x_wconf 77' lang='lat' dir='ltr'><strong>speranda</strong></span> <span class='ocrx_word' id='word_1_218' title='bbox 1661 3558 1973 3625; x_wconf 79' lang='lat' dir='ltr'><strong>videntur.</strong></span> <span class='ocrx_word' id='word_1_219' title='bbox 2048 3560 2222 3641; x_wconf 79' lang='lat' dir='ltr'><strong>Quae</strong></span> <span class='ocrx_word' id='word_1_220' title='bbox 2263 3562 2396 3643; x_wconf 77' lang='lat' dir='ltr'><strong>ipsi</strong></span> <span class='ocrx_word' id='word_1_221' title='bbox 2435 3561 2589 3627; x_wconf 81' lang='lat' dir='ltr'><strong>adeo</strong></span> 
     </span>
     <span class='ocr_line' id='line_1_31' title="bbox 617 3642 2589 3800; baseline 0 -89"><span class='ocrx_word' id='word_1_222' title='bbox 617 3648 906 3800; x_wconf 50' lang='lat' dir='ltr'><strong>2222·th</strong></span> <span class='ocrx_word' id='word_1_223' title='bbox 957 3652 1030 3711; x_wconf 77' lang='lat' dir='ltr'><strong>ut</strong></span> <span class='ocrx_word' id='word_1_224' title='bbox 1085 3666 1157 3711; x_wconf 86' lang='lat' dir='ltr'><strong>ve</strong></span> <span class='ocrx_word' id='word_1_225' title='bbox 1240 3642 1577 3710; x_wconf 77' lang='lat' dir='ltr'><strong>Calvinum</strong></span> <span class='ocrx_word' id='word_1_226' title='bbox 1631 3644 1980 3711; x_wconf 74' lang='lat' dir='ltr'><strong>valetudini</strong></span> <span class='ocrx_word' id='word_1_227' title='bbox 2037 3646 2174 3711; x_wconf 81' lang='lat' dir='ltr'><strong>iam</strong></span> <span class='ocrx_word' id='word_1_228' title='bbox 2229 3648 2589 3712; x_wconf 74' lang='lat' dir='ltr'><strong>restitutum</strong></span> 
     </span>
    </p>
   </div>
   <div class='ocr_carea' id='block_1_7' title="bbox 922 3897 2294 3972">
    <p class='ocr_par' dir='ltr' id='par_1_10' title="bbox 922 3897 2294 3972">
     <span class='ocr_line' id='line_1_32' title="bbox 922 3897 2294 3972; baseline 0.001 -17"><span class='ocrx_word' id='word_1_229' title='bbox 922 3902 1033 3968; x_wconf 79' lang='lat' dir='ltr'><strong>(Ex</strong></span> <span class='ocrx_word' id='word_1_230' title='bbox 1068 3900 1409 3972; x_wconf 80' lang='lat' dir='ltr'><strong>autographo</strong></span> <span class='ocrx_word' id='word_1_231' title='bbox 1445 3900 1579 3955; x_wconf 87' lang='lat' dir='ltr'><strong>Ood.</strong></span> <span class='ocrx_word' id='word_1_232' title='bbox 1616 3901 1822 3955; x_wconf 81' lang='lat' dir='ltr'><strong>Genev.</strong></span> <span class='ocrx_word' id='word_1_233' title='bbox 1861 3897 1982 3964; x_wconf 89' lang='grc'>118,</span> <span class='ocrx_word' id='word_1_234' title='bbox 2018 3901 2108 3955; x_wconf 80' lang='lat' dir='ltr'><strong>fol.</strong></span> <span class='ocrx_word' id='word_1_235' title='bbox 2147 3900 2294 3967; x_wconf 83' lang='lat'><strong>164.)</strong></span> 
     </span>
    </p>
   </div>
   <div class='ocr_carea' id='block_1_8' title="bbox 621 4072 2598 4330">
    <p class='ocr_par' dir='ltr' id='par_1_11' title="bbox 621 4072 2598 4330">
     <span class='ocr_line' id='line_1_33' title="bbox 795 4072 2594 4157; baseline -0.001 -17"><span class='ocrx_word' id='word_1_236' title='bbox 795 4074 1063 4140; x_wconf 80' lang='lat' dir='ltr'><strong>Eximio</strong></span> <span class='ocrx_word' id='word_1_237' title='bbox 1128 4072 1382 4138; x_wconf 84' lang='lat' dir='ltr'><strong>Christi</strong></span> <span class='ocrx_word' id='word_1_238' title='bbox 1444 4094 1635 4139; x_wconf 82' lang='lat' dir='ltr'><strong>servo</strong></span> <span class='ocrx_word' id='word_1_239' title='bbox 1703 4074 1788 4138; x_wconf 88' lang='lat' dir='ltr'><strong>D.</strong></span> <span class='ocrx_word' id='word_1_240' title='bbox 1855 4073 2150 4138; x_wconf 90' lang='lat' dir='ltr'><strong>Henrico</strong></span> <span class='ocrx_word' id='word_1_241' title='bbox 2204 4072 2594 4157; x_wconf 87' lang='lat' dir='ltr'><strong>Bullingero</strong></span> 
     </span>
     <span class='ocr_line' id='line_1_34' title="bbox 621 4158 2598 4244; baseline -0.001 -17"><span class='ocrx_word' id='word_1_242' title='bbox 621 4160 797 4244; x_wconf 86' lang='lat' dir='ltr'><strong>patri</strong></span> <span class='ocrx_word' id='word_1_243' title='bbox 841 4158 1010 4225; x_wconf 89' lang='lat' dir='ltr'><strong>mihi</strong></span> <span class='ocrx_word' id='word_1_244' title='bbox 1051 4158 1409 4242; x_wconf 89' lang='lat' dir='ltr'><strong>plurimum</strong></span> <span class='ocrx_word' id='word_1_245' title='bbox 1445 4158 1856 4225; x_wconf 86' lang='lat' dir='ltr'><strong>observando</strong></span> <span class='ocrx_word' id='word_1_246' title='bbox 1892 4159 2253 4244; x_wconf 80' lang='lat' dir='ltr'><strong>Tigurinae</strong></span> <span class='ocrx_word' id='word_1_247' title='bbox 2288 4159 2598 4225; x_wconf 81' lang='lat' dir='ltr'><strong>ecclesiae</strong></span> 
     </span>
     <span class='ocr_line' id='line_1_35' title="bbox 622 4243 1265 4330; baseline -0.006 -17"><span class='ocrx_word' id='word_1_248' title='bbox 622 4266 782 4313; x_wconf 83' lang='lat' dir='ltr'><strong>vere</strong></span> <span class='ocrx_word' id='word_1_249' title='bbox 823 4243 959 4311; x_wconf 87' lang='lat' dir='ltr'><strong>fido</strong></span> <span class='ocrx_word' id='word_1_250' title='bbox 1003 4245 1265 4330; x_wconf 88' lang='lat' dir='ltr'><strong>pastori.</strong></span> 
     </span>
    </p>
   </div>
   <div class='ocr_carea' id='block_1_9' title="bbox 627 4550 2600 4724">
    <p class='ocr_par' dir='ltr' id='par_1_12' title="bbox 627 4550 2600 4724">
     <span class='ocr_line' id='line_1_36' title="bbox 803 4550 2600 4637; baseline 0.001 -20"><span class='ocrx_word' id='word_1_251' title='bbox 803 4555 1040 4637; x_wconf 84' lang='lat' dir='ltr'><strong>Accipe</strong></span> <span class='ocrx_word' id='word_1_252' title='bbox 1081 4552 1258 4637; x_wconf 87' lang='lat' dir='ltr'><strong>quod</strong></span> <span class='ocrx_word' id='word_1_253' title='bbox 1301 4553 1450 4618; x_wconf 87' lang='lat' dir='ltr'><strong>heri</strong></span> <span class='ocrx_word' id='word_1_254' title='bbox 1490 4551 1574 4618; x_wconf 86' lang='lat' dir='ltr'><strong>ad</strong></span> <span class='ocrx_word' id='word_1_255' title='bbox 1609 4573 1727 4619; x_wconf 88' lang='lat' dir='ltr'><strong>nos</strong></span> <span class='ocrx_word' id='word_1_256' title='bbox 1763 4558 1831 4618; x_wconf 90' lang='lat' dir='ltr'><strong>et</strong></span> <span class='ocrx_word' id='word_1_257' title='bbox 1866 4550 2202 4637; x_wconf 88' lang='lat' dir='ltr'><strong>Lugduno</strong></span> <span class='ocrx_word' id='word_1_258' title='bbox 2236 4561 2304 4619; x_wconf 89' lang='lat' dir='ltr'><strong>et</strong></span> <span class='ocrx_word' id='word_1_259' title='bbox 2324 4553 2600 4618; x_wconf 83' lang='lat' dir='ltr'><strong>Lutetia</strong></span> 
     </span>
     <span class='ocr_line' id='line_1_37' title="bbox 627 4636 2598 4724; baseline -0.003 -16"><span class='ocrx_word' id='word_1_260' title='bbox 627 4640 953 4724; x_wconf 84' lang='lat' dir='ltr'><strong>scriptum</strong></span> <span class='ocrx_word' id='word_1_261' title='bbox 992 4648 1110 4706; x_wconf 89' lang='lat' dir='ltr'><strong>est.</strong></span> <span class='ocrx_word' id='word_1_262' title='bbox 1177 4639 1471 4724; x_wconf 84' lang='lat' dir='ltr'><strong>Mitigati</strong></span> <span class='ocrx_word' id='word_1_263' title='bbox 1497 4638 1766 4705; x_wconf 89' lang='lat' dir='ltr'><strong>tandem</strong></span> <span class='ocrx_word' id='word_1_264' title='bbox 1793 4636 2106 4705; x_wconf 56' lang='lat' dir='ltr'><strong>Gai-§iani</strong></span> <span class='ocrx_word' id='word_1_265' title='bbox 2130 4643 2181 4716; x_wconf 87' lang='lat'><strong>¹)</strong></span> <span class='ocrx_word' id='word_1_266' title='bbox 2203 4648 2598 4722; x_wconf 87' lang='lat' dir='ltr'><strong>acceperunt</strong></span> 
     </span>
    </p>
   </div>
   <div class='ocr_carea' id='block_1_10' title="bbox 632 4797 1046 4807">
    <p class='ocr_par' dir='ltr' id='par_1_13' title="bbox 632 4797 1046 4807">
     <span class='ocr_line' id='line_1_38' title="bbox 632 4797 1046 4807; baseline 0 0"><span class='ocrx_word' id='word_1_267' title='bbox 632 4797 1046 4807; x_wconf 95' lang='lat' dir='ltr'><strong> </strong></span> 
     </span>
    </p>
   </div>
   <div class='ocr_carea' id='block_1_11' title="bbox 630 4876 2599 5429">
    <p class='ocr_par' dir='ltr' id='par_1_14' title="bbox 630 4876 2599 5429">
     <span class='ocr_line' id='line_1_39' title="bbox 630 4876 2599 4948; baseline -0.001 -13"><span class='ocrx_word' id='word_1_268' title='bbox 630 4878 903 4947; x_wconf 56' lang='grc'>40511)</span> <span class='ocrx_word' id='word_1_269' title='bbox 937 4878 1147 4932; x_wconf 69' lang='lat' dir='ltr'><strong>Falsus</strong></span> <span class='ocrx_word' id='word_1_270' title='bbox 1198 4878 1288 4933; x_wconf 70' lang='lat' dir='ltr'><strong>hic</strong></span> <span class='ocrx_word' id='word_1_271' title='bbox 1330 4893 1521 4932; x_wconf 67' lang='lat' dir='ltr'><strong>minor</strong></span> <span class='ocrx_word' id='word_1_272' title='bbox 1561 4883 1627 4931; x_wconf 72' lang='lat' dir='ltr'><strong>ut</strong></span> <span class='ocrx_word' id='word_1_273' title='bbox 1664 4883 1717 4932; x_wconf 79' lang='lat' dir='ltr'><strong>et</strong></span> <span class='ocrx_word' id='word_1_274' title='bbox 1761 4893 1903 4947; x_wconf 74' lang='lat' dir='ltr'><strong>quae</strong></span> <span class='ocrx_word' id='word_1_275' title='bbox 1947 4883 2266 4946; x_wconf 69' lang='lat' dir='ltr'><strong>sequuntur.</strong></span> <span class='ocrx_word' id='word_1_276' title='bbox 2343 4876 2599 4948; x_wconf 66' lang='lat' dir='ltr'><strong>Lanuim</strong></span> 
     </span>
     <span class='ocr_line' id='line_1_40' title="bbox 634 4944 2597 5016; baseline -0.002 -11"><span class='ocrx_word' id='word_1_277' title='bbox 634 4949 691 5005; x_wconf 79' lang='lat' dir='ltr'><strong>d.</strong></span> <span class='ocrx_word' id='word_1_278' title='bbox 727 4948 782 5004; x_wconf 75' lang='grc' dir='ltr'><strong>δ.</strong></span> <span class='ocrx_word' id='word_1_279' title='bbox 817 4947 903 5001; x_wconf 81' lang='grc'><strong>20.</strong></span> <span class='ocrx_word' id='word_1_280' title='bbox 942 4946 1072 5001; x_wconf 73' lang='lat' dir='ltr'><strong>Ian.</strong></span> <span class='ocrx_word' id='word_1_281' title='bbox 1113 4944 1248 5000; x_wconf 73' lang='lat'><strong>1564</strong></span> <span class='ocrx_word' id='word_1_282' title='bbox 1275 4963 1335 5016; x_wconf 79' lang='lat' dir='ltr'><strong>p.</strong></span> <span class='ocrx_word' id='word_1_283' title='bbox 1371 4944 1507 5000; x_wconf 79' lang='lat'><strong>280.-</strong></span> <span class='ocrx_word' id='word_1_284' title='bbox 1552 4946 1954 5001; x_wconf 76' lang='lat' dir='ltr'><strong>Connestnbilis</strong></span> <span class='ocrx_word' id='word_1_285' title='bbox 1989 4954 2048 4999; x_wconf 89' lang='lat' dir='ltr'><strong>et</strong></span> <span class='ocrx_word' id='word_1_286' title='bbox 2079 4946 2330 5015; x_wconf 86' lang='lat' dir='ltr'><strong>plerique</strong></span> <span class='ocrx_word' id='word_1_287' title='bbox 2365 4963 2434 5000; x_wconf 86' lang='lat' dir='ltr'><strong>ex</strong></span> <span class='ocrx_word' id='word_1_288' title='bbox 2469 4963 2597 5016; x_wconf 91' lang='lat' dir='ltr'><strong>pro·</strong></span> 
     </span>
     <span class='ocr_line' id='line_1_41' title="bbox 635 5013 2597 5096; baseline -0.002 -25"><span class='ocrx_word' id='word_1_289' title='bbox 635 5017 852 5071; x_wconf 78' lang='lat' dir='ltr'><strong>ceribus</strong></span> <span class='ocrx_word' id='word_1_290' title='bbox 887 5032 987 5087; x_wconf 89' lang='lat' dir='ltr'><strong>per</strong></span> <span class='ocrx_word' id='word_1_291' title='bbox 1021 5016 1233 5096; x_wconf 69' lang='lat' dir='ltr'><strong>aliquot</strong></span> <span class='ocrx_word' id='word_1_292' title='bbox 1265 5031 1479 5069; x_wconf 85' lang='lat' dir='ltr'><strong>menses</strong></span> <span class='ocrx_word' id='word_1_293' title='bbox 1526 5013 1664 5095; x_wconf 67' lang='lat' dir='ltr'><strong>nibil</strong></span> <span class='ocrx_word' id='word_1_294' title='bbox 1707 5030 1817 5068; x_wconf 92' lang='lat' dir='ltr'><strong>non</strong></span> <span class='ocrx_word' id='word_1_295' title='bbox 1865 5020 2149 5069; x_wconf 79' lang='lat' dir='ltr'><strong>tentarunt</strong></span> <span class='ocrx_word' id='word_1_296' title='bbox 2182 5022 2247 5067; x_wconf 83' lang='lat' dir='ltr'><strong>nt</strong></span> <span class='ocrx_word' id='word_1_297' title='bbox 2280 5021 2597 5069; x_wconf 79' lang='lat' dir='ltr'><strong>controver-</strong></span> 
     </span>
     <span class='ocr_line' id='line_1_42' title="bbox 633 5082 2599 5152; baseline -0.001 -14"><span class='ocrx_word' id='word_1_298' title='bbox 633 5086 776 5138; x_wconf 71' lang='lat' dir='ltr'><strong>siam</strong></span> <span class='ocrx_word' id='word_1_299' title='bbox 827 5085 977 5139; x_wconf 81' lang='lat' dir='ltr'><strong>inter</strong></span> <span class='ocrx_word' id='word_1_300' title='bbox 1028 5083 1245 5137; x_wconf 76' lang='lat' dir='ltr'><strong>Gmsios</strong></span> <span class='ocrx_word' id='word_1_301' title='bbox 1298 5089 1356 5137; x_wconf 85' lang='lat' dir='ltr'><strong>et</strong></span> <span class='ocrx_word' id='word_1_302' title='bbox 1406 5082 1819 5138; x_wconf 71' lang='lat' dir='ltr'><strong>Castulhonseos</strong></span> <span class='ocrx_word' id='word_1_303' title='bbox 1870 5088 2289 5152; x_wconf 82' lang='lat' dir='ltr'><strong>componerent,</strong></span> <span class='ocrx_word' id='word_1_304' title='bbox 2342 5099 2443 5137; x_wconf 86' lang='lat' dir='ltr'><strong>neo</strong></span> <span class='ocrx_word' id='word_1_305' title='bbox 2494 5084 2599 5137; x_wconf 74' lang='lat' dir='ltr'><strong>fnit</strong></span> 
     </span>
     <span class='ocr_line' id='line_1_43' title="bbox 639 5152 2599 5223; baseline 0.001 -17"><span class='ocrx_word' id='word_1_306' title='bbox 639 5154 929 5223; x_wconf 75' lang='lat' dir='ltr'><strong>qnisquam</strong></span> <span class='ocrx_word' id='word_1_307' title='bbox 963 5153 1077 5207; x_wconf 77' lang='lat' dir='ltr'><strong>sere</strong></span> <span class='ocrx_word' id='word_1_308' title='bbox 1113 5153 1207 5222; x_wconf 87' lang='lat' dir='ltr'><strong>qni</strong></span> <span class='ocrx_word' id='word_1_309' title='bbox 1242 5168 1350 5206; x_wconf 92' lang='lat' dir='ltr'><strong>non</strong></span> <span class='ocrx_word' id='word_1_310' title='bbox 1385 5158 1639 5221; x_wconf 74' lang='lat' dir='ltr'><strong>speraret</strong></span> <span class='ocrx_word' id='word_1_311' title='bbox 1671 5167 1766 5205; x_wconf 75' lang='lat' dir='ltr'><strong>eoa</strong></span> <span class='ocrx_word' id='word_1_312' title='bbox 1799 5168 1909 5206; x_wconf 89' lang='lat' dir='ltr'><strong>non</strong></span> <span class='ocrx_word' id='word_1_313' title='bbox 1945 5152 2151 5205; x_wconf 78' lang='lat' dir='ltr'><strong>frustra</strong></span> <span class='ocrx_word' id='word_1_314' title='bbox 2185 5152 2241 5205; x_wconf 85' lang='lat' dir='ltr'><strong>in</strong></span> <span class='ocrx_word' id='word_1_315' title='bbox 2275 5167 2343 5205; x_wconf 85' lang='lat' dir='ltr'><strong>ea</strong></span> <span class='ocrx_word' id='word_1_316' title='bbox 2365 5168 2426 5205; x_wconf 90' lang='lat' dir='ltr'><strong>re</strong></span> <span class='ocrx_word' id='word_1_317' title='bbox 2449 5153 2599 5208; x_wconf 80' lang='lat' dir='ltr'><strong>labo·</strong></span> 
     </span>
     <span class='ocr_line' id='line_1_44' title="bbox 641 5219 2596 5343; baseline 0 -68"><span class='ocrx_word' id='word_1_318' title='bbox 641 5228 859 5342; x_wconf 45' lang='lat' dir='ltr'><strong>rztnros</strong></span> <span class='ocrx_word' id='word_1_319' title='bbox 877 5237 1016 5342; x_wconf 56' lang='lat' dir='ltr'><strong>qundo</strong></span> <span class='ocrx_word' id='word_1_320' title='bbox 1048 5224 1395 5342; x_wconf 49' lang='lat' dir='ltr'><strong>ffiwnflgoe</strong></span> <span class='ocrx_word' id='word_1_321' title='bbox 1430 5236 1529 5274; x_wconf 82' lang='lat' dir='ltr'><strong>nos</strong></span> <span class='ocrx_word' id='word_1_322' title='bbox 1564 5236 1753 5274; x_wconf 81' lang='lat' dir='ltr'><strong>omnes</strong></span> <span class='ocrx_word' id='word_1_323' title='bbox 1786 5219 2009 5274; x_wconf 76' lang='lat' dir='ltr'><strong>tandem</strong></span> <span class='ocrx_word' id='word_1_324' title='bbox 2045 5219 2252 5301; x_wconf 74' lang='lat' dir='ltr'><strong>fefellit.</strong></span> <span class='ocrx_word' id='word_1_325' title='bbox 2282 5221 2596 5343; x_wconf 46' lang='lat' dir='ltr'><strong>Atffiiralius,</strong></span> 
     </span>
     <span class='ocr_line' id='line_1_45' title="bbox 643 5288 2598 5429; baseline 0.001 -19"><span class='ocrx_word' id='word_1_326' title='bbox 643 5288 2243 5428; x_wconf 42' lang='grc' dir='ltr'>1111188111..Ἑ.;;.’”..’“’.....“.εε.ῖ.ῗ.ῖ“;;ἳ.““““...,</span> <span class='ocrx_word' id='word_1_327' title='bbox 2257 5304 2598 5429; x_wconf 53' lang='lat' dir='ltr'><strong>:mmm</strong></span> 
     </span>
    </p>
   </div>
   <div class='ocr_carea' id='block_1_12' title="bbox 2130 438 3135 507">
    <p class='ocr_par' dir='ltr' id='par_1_15' title="bbox 2130 438 3135 507">
     <span class='ocr_line' id='line_1_46' title="bbox 2130 438 3135 507; baseline -0.001 -2"><span class='ocrx_word' id='word_1_328' title='bbox 2130 438 2662 507; x_wconf 72' lang='lat' dir='ltr'><strong>EPISTOLAE</strong></span> <span class='ocrx_word' id='word_1_329' title='bbox 2705 442 3135 505; x_wconf 76' lang='lat'>4066—4058</span> 
     </span>
    </p>
   </div>
   <div class='ocr_carea' id='block_1_13' title="bbox 2621 633 2666 5398">
    <p class='ocr_par' dir='ltr' id='par_1_16' title="bbox 2621 633 2666 5398">
     <span class='ocr_line' id='line_1_47' title="bbox 2621 633 2666 5398; baseline 0 0"><span class='ocrx_word' id='word_1_330' title='bbox 2621 633 2666 5398; x_wconf 95' lang='lat' dir='ltr'><strong> </strong></span> 
     </span>
    </p>
   </div>
   <div class='ocr_carea' id='block_1_14' title="bbox 4494 439 4592 502">
    <p class='ocr_par' dir='ltr' id='par_1_17' title="bbox 4494 439 4592 502">
     <span class='ocr_line' id='line_1_48' title="bbox 4494 439 4592 502; baseline 0.02 -2"><span class='ocrx_word' id='word_1_331' title='bbox 4494 439 4592 502; x_wconf 74' lang='lat'><strong>212</strong></span> 
     </span>
    </p>
   </div>
   <div class='ocr_carea' id='block_1_15' title="bbox 2684 627 4641 3457">
    <p class='ocr_par' dir='ltr' id='par_1_18' title="bbox 2686 627 4613 1312">
     <span class='ocr_line' id='line_1_49' title="bbox 2689 627 4599 710; baseline -0.001 -17"><span class='ocrx_word' id='word_1_332' title='bbox 2689 627 3009 695; x_wconf 73' lang='lat' dir='ltr'><strong>Amiralii</strong></span> <span class='ocrx_word' id='word_1_333' title='bbox 3050 627 3261 692; x_wconf 83' lang='lat' dir='ltr'><strong>nostri</strong></span> <span class='ocrx_word' id='word_1_334' title='bbox 3306 627 3784 710; x_wconf 78' lang='lat' dir='ltr'><strong>purgationem,</strong></span> <span class='ocrx_word' id='word_1_335' title='bbox 3854 636 3921 692; x_wconf 93' lang='lat' dir='ltr'><strong>et</strong></span> <span class='ocrx_word' id='word_1_336' title='bbox 3985 627 4160 692; x_wconf 83' lang='lat' dir='ltr'><strong>inter</strong></span> <span class='ocrx_word' id='word_1_337' title='bbox 4215 647 4432 691; x_wconf 87' lang='lat' dir='ltr'><strong>omnes</strong></span> <span class='ocrx_word' id='word_1_338' title='bbox 4480 647 4599 710; x_wconf 84' lang='lat' dir='ltr'><strong>pro-</strong></span> 
     </span>
     <span class='ocr_line' id='line_1_50' title="bbox 2689 711 4605 796; baseline -0.001 -18"><span class='ocrx_word' id='word_1_339' title='bbox 2689 734 2869 778; x_wconf 85' lang='lat' dir='ltr'><strong>ceres</strong></span> <span class='ocrx_word' id='word_1_340' title='bbox 2908 713 3078 778; x_wconf 77' lang='grc'>111118</span> <span class='ocrx_word' id='word_1_341' title='bbox 3120 711 3486 790; x_wconf 87' lang='lat' dir='ltr'><strong>concordia,</strong></span> <span class='ocrx_word' id='word_1_342' title='bbox 3554 733 3723 796; x_wconf 89' lang='lat' dir='ltr'><strong>quae</strong></span> <span class='ocrx_word' id='word_1_343' title='bbox 3780 722 3856 777; x_wconf 91' lang='lat' dir='ltr'><strong>ut</strong></span> <span class='ocrx_word' id='word_1_344' title='bbox 3914 714 4163 778; x_wconf 85' lang='lat' dir='ltr'><strong>firmior</strong></span> <span class='ocrx_word' id='word_1_345' title='bbox 4220 714 4304 778; x_wconf 87' lang='lat' dir='ltr'><strong>sit</strong></span> <span class='ocrx_word' id='word_1_346' title='bbox 4344 714 4605 779; x_wconf 83' lang='lat' dir='ltr'><strong>convenit</strong></span> 
     </span>
     <span class='ocr_line' id='line_1_51' title="bbox 2688 795 4603 866; baseline -0.002 -1"><span class='ocrx_word' id='word_1_347' title='bbox 2688 808 2767 865; x_wconf 92' lang='lat' dir='ltr'><strong>ut</strong></span> <span class='ocrx_word' id='word_1_348' title='bbox 2809 797 2951 864; x_wconf 81' lang='lat' dir='ltr'><strong>dux</strong></span> <span class='ocrx_word' id='word_1_349' title='bbox 2978 798 3342 865; x_wconf 77' lang='lat' dir='ltr'><strong>Guisianus</strong></span> <span class='ocrx_word' id='word_1_350' title='bbox 3375 797 3668 864; x_wconf 78' lang='lat' dir='ltr'><strong>defuncti</strong></span> <span class='ocrx_word' id='word_1_351' title='bbox 3702 798 3879 864; x_wconf 87' lang='lat' dir='ltr'><strong>filius</strong></span> <span class='ocrx_word' id='word_1_352' title='bbox 3914 799 4039 865; x_wconf 89' lang='lat' dir='ltr'><strong>sibi</strong></span> <span class='ocrx_word' id='word_1_353' title='bbox 4073 797 4279 864; x_wconf 86' lang='lat' dir='ltr'><strong>filiam</strong></span> <span class='ocrx_word' id='word_1_354' title='bbox 4307 795 4603 866; x_wconf 66' lang='lat' dir='ltr'><strong>Contionis</strong></span> 
     </span>
     <span class='ocr_line' id='line_1_52' title="bbox 2687 882 4607 968; baseline 0 -18"><span class='ocrx_word' id='word_1_355' title='bbox 2687 884 2933 968; x_wconf 88' lang='lat' dir='ltr'><strong>optime</strong></span> <span class='ocrx_word' id='word_1_356' title='bbox 2976 904 3095 967; x_wconf 92' lang='lat' dir='ltr'><strong>pro</strong></span> <span class='ocrx_word' id='word_1_357' title='bbox 3139 891 3357 949; x_wconf 85' lang='lat' dir='ltr'><strong>aetate</strong></span> <span class='ocrx_word' id='word_1_358' title='bbox 3398 884 3778 951; x_wconf 88' lang='lat' dir='ltr'><strong>institutam</strong></span> <span class='ocrx_word' id='word_1_359' title='bbox 3819 883 4236 968; x_wconf 88' lang='lat' dir='ltr'><strong>despondeat.</strong></span> <span class='ocrx_word' id='word_1_360' title='bbox 4292 882 4415 948; x_wconf 87' lang='lat' dir='ltr'><strong>Ille</strong></span> <span class='ocrx_word' id='word_1_361' title='bbox 4452 885 4607 950; x_wconf 80' lang='lat' dir='ltr'><strong>circi·</strong></span> 
     </span>
     <span class='ocr_line' id='line_1_53' title="bbox 2688 969 4605 1054; baseline 0 -19"><span class='ocrx_word' id='word_1_362' title='bbox 2688 978 2791 1035; x_wconf 89' lang='lat' dir='ltr'><strong>ter</strong></span> <span class='ocrx_word' id='word_1_363' title='bbox 2826 969 3155 1036; x_wconf 91' lang='lat' dir='ltr'><strong>decimum</strong></span> <span class='ocrx_word' id='word_1_364' title='bbox 3192 981 3460 1035; x_wconf 84' lang='lat' dir='ltr'><strong>sextum</strong></span> <span class='ocrx_word' id='word_1_365' title='bbox 3495 990 3743 1034; x_wconf 88' lang='lat' dir='ltr'><strong>annum</strong></span> <span class='ocrx_word' id='word_1_366' title='bbox 3780 971 3938 1054; x_wconf 83' lang='lat' dir='ltr'><strong>agit,</strong></span> <span class='ocrx_word' id='word_1_367' title='bbox 3955 971 4014 1054; x_wconf 74' lang='lat'><strong>²)</strong></span> <span class='ocrx_word' id='word_1_368' title='bbox 4050 971 4179 1036; x_wconf 83' lang='lat' dir='ltr'><strong>ista</strong></span> <span class='ocrx_word' id='word_1_369' title='bbox 4213 979 4315 1036; x_wconf 88' lang='lat' dir='ltr'><strong>est</strong></span> <span class='ocrx_word' id='word_1_370' title='bbox 4333 972 4605 1035; x_wconf 78' lang='lat' dir='ltr'><strong>octennis.</strong></span> 
     </span>
     <span class='ocr_line' id='line_1_54' title="bbox 2689 1054 4611 1139; baseline 0.001 -20"><span class='ocrx_word' id='word_1_371' title='bbox 2689 1055 3019 1122; x_wconf 86' lang='lat' dir='ltr'><strong>Duchissa</strong></span> <span class='ocrx_word' id='word_1_372' title='bbox 3040 1055 3154 1120; x_wconf 91' lang='lat' dir='ltr'><strong>illa</strong></span> <span class='ocrx_word' id='word_1_373' title='bbox 3177 1054 3637 1134; x_wconf 69' lang='lat' dir='ltr'><strong>FerrariensiS,</strong></span> <span class='ocrx_word' id='word_1_374' title='bbox 3660 1058 3714 1135; x_wconf 79' lang='lat'><strong>⁸)</strong></span> <span class='ocrx_word' id='word_1_375' title='bbox 3757 1077 3925 1139; x_wconf 84' lang='lat' dir='ltr'><strong>quae</strong></span> <span class='ocrx_word' id='word_1_376' title='bbox 3968 1078 4053 1122; x_wconf 83' lang='lat' dir='ltr'><strong>ex</strong></span> <span class='ocrx_word' id='word_1_377' title='bbox 4094 1077 4225 1138; x_wconf 91' lang='lat' dir='ltr'><strong>quo</strong></span> <span class='ocrx_word' id='word_1_378' title='bbox 4266 1056 4337 1120; x_wconf 90' lang='lat' dir='ltr'><strong>in</strong></span> <span class='ocrx_word' id='word_1_379' title='bbox 4360 1055 4611 1123; x_wconf 76' lang='lat' dir='ltr'><strong>Gallim</strong></span> 
     </span>
     <span class='ocr_line' id='line_1_55' title="bbox 2687 1140 4613 1226; baseline -0.001 -20"><span class='ocrx_word' id='word_1_380' title='bbox 2687 1162 2958 1207; x_wconf 82' lang='lat' dir='ltr'><strong>reversa</strong></span> <span class='ocrx_word' id='word_1_381' title='bbox 3000 1150 3101 1206; x_wconf 90' lang='lat' dir='ltr'><strong>est</strong></span> <span class='ocrx_word' id='word_1_382' title='bbox 3144 1151 3369 1224; x_wconf 87' lang='lat' dir='ltr'><strong>aperte</strong></span> <span class='ocrx_word' id='word_1_383' title='bbox 3413 1161 3674 1224; x_wconf 87' lang='lat' dir='ltr'><strong>semper</strong></span> <span class='ocrx_word' id='word_1_384' title='bbox 3716 1140 4057 1208; x_wconf 77' lang='lat' dir='ltr'><strong>Christum</strong></span> <span class='ocrx_word' id='word_1_385' title='bbox 4102 1142 4391 1226; x_wconf 81' lang='lat' dir='ltr'><strong>professa</strong></span> <span class='ocrx_word' id='word_1_386' title='bbox 4438 1151 4529 1207; x_wconf 83' lang='lat' dir='ltr'><strong>est</strong></span> <span class='ocrx_word' id='word_1_387' title='bbox 4562 1155 4613 1206; x_wconf 74' lang='grc'><strong>81</strong></span> 
     </span>
     <span class='ocr_line' id='line_1_56' title="bbox 2686 1227 4351 1312; baseline 0.001 -21"><span class='ocrx_word' id='word_1_388' title='bbox 2686 1228 2757 1291; x_wconf 86' lang='grc'><strong>111</strong></span> <span class='ocrx_word' id='word_1_389' title='bbox 2796 1227 2943 1292; x_wconf 84' lang='grc'>18118</span> <span class='ocrx_word' id='word_1_390' title='bbox 2986 1228 3486 1309; x_wconf 83' lang='lat' dir='ltr'><strong>tempestatibus</strong></span> <span class='ocrx_word' id='word_1_391' title='bbox 3534 1228 3853 1293; x_wconf 78' lang='lat' dir='ltr'><strong>Guisiano</strong></span> <span class='ocrx_word' id='word_1_392' title='bbox 3910 1248 4154 1312; x_wconf 90' lang='lat' dir='ltr'><strong>genero</strong></span> <span class='ocrx_word' id='word_1_393' title='bbox 4206 1248 4351 1294; x_wconf 87' lang='lat' dir='ltr'><strong>sese</strong></span> 
     </span>
    </p>

    <p class='ocr_par' dir='ltr' id='par_1_19' title="bbox 2684 1312 4641 3457">
     <span class='ocr_line' id='line_1_57' title="bbox 2685 1312 4615 1396; baseline 0.001 -19"><span class='ocrx_word' id='word_1_394' title='bbox 2685 1320 3054 1396; x_wconf 88' lang='lat' dir='ltr'><strong>opponente</strong></span> <span class='ocrx_word' id='word_1_395' title='bbox 3097 1313 3636 1379; x_wconf 86' lang='lat' dir='ltr'><strong>constantissima</strong></span> <span class='ocrx_word' id='word_1_396' title='bbox 3658 1313 3797 1392; x_wconf 83' lang='lat' dir='ltr'><strong>fuit,</strong></span> <span class='ocrx_word' id='word_1_397' title='bbox 3843 1335 3981 1378; x_wconf 92' lang='lat' dir='ltr'><strong>non</strong></span> <span class='ocrx_word' id='word_1_398' title='bbox 4024 1321 4286 1378; x_wconf 83' lang='lat' dir='ltr'><strong>tantum</strong></span> <span class='ocrx_word' id='word_1_399' title='bbox 4326 1315 4445 1378; x_wconf 86' lang='lat' dir='ltr'><strong>hoc</strong></span> <span class='ocrx_word' id='word_1_400' title='bbox 4476 1335 4511 1377; x_wconf 81' lang='lat' dir='ltr'><strong>a</strong></span> <span class='ocrx_word' id='word_1_401' title='bbox 4548 1312 4615 1378; x_wconf 81' lang='lat' dir='ltr'><strong>ud</strong></span> 
     </span>
     <span class='ocr_line' id='line_1_58' title="bbox 2684 1399 4618 1482; baseline 0 -20"><span class='ocrx_word' id='word_1_402' title='bbox 2684 1399 2889 1463; x_wconf 91' lang='lat' dir='ltr'><strong>filiam</strong></span> <span class='ocrx_word' id='word_1_403' title='bbox 2938 1399 3230 1464; x_wconf 86' lang='lat' dir='ltr'><strong>defuncti</strong></span> <span class='ocrx_word' id='word_1_404' title='bbox 3272 1399 3455 1464; x_wconf 91' lang='lat' dir='ltr'><strong>illius</strong></span> <span class='ocrx_word' id='word_1_405' title='bbox 3499 1399 3768 1464; x_wconf 79' lang='lat' dir='ltr'><strong>viduam</strong></span> <span class='ocrx_word' id='word_1_406' title='bbox 3813 1399 4049 1473; x_wconf 82' lang='lat' dir='ltr'><strong>effecit.</strong></span> <span class='ocrx_word' id='word_1_407' title='bbox 4107 1399 4224 1465; x_wconf 89' lang='lat' dir='ltr'><strong>sed</strong></span> <span class='ocrx_word' id='word_1_408' title='bbox 4264 1409 4333 1463; x_wconf 91' lang='lat' dir='ltr'><strong>et</strong></span> <span class='ocrx_word' id='word_1_409' title='bbox 4376 1420 4517 1482; x_wconf 87' lang='lat' dir='ltr'><strong>amp</strong></span> <span class='ocrx_word' id='word_1_410' title='bbox 4540 1400 4618 1462; x_wconf 80' lang='lat' dir='ltr'><strong>‘us</strong></span> 
     </span>
     <span class='ocr_line' id='line_1_59' title="bbox 2687 1484 4618 1568; baseline 0 -19"><span class='ocrx_word' id='word_1_411' title='bbox 2687 1484 2936 1568; x_wconf 87' lang='lat' dir='ltr'><strong>aliquid</strong></span> <span class='ocrx_word' id='word_1_412' title='bbox 3001 1484 3307 1563; x_wconf 87' lang='lat' dir='ltr'><strong>obtinuit,</strong></span> <span class='ocrx_word' id='word_1_413' title='bbox 3374 1505 3616 1568; x_wconf 89' lang='lat' dir='ltr'><strong>nempe</strong></span> <span class='ocrx_word' id='word_1_414' title='bbox 3681 1494 3758 1550; x_wconf 92' lang='lat' dir='ltr'><strong>ut</strong></span> <span class='ocrx_word' id='word_1_415' title='bbox 3823 1486 4081 1551; x_wconf 86' lang='lat' dir='ltr'><strong>iuvenis</strong></span> <span class='ocrx_word' id='word_1_416' title='bbox 4140 1485 4255 1550; x_wconf 87' lang='lat' dir='ltr'><strong>ille</strong></span> <span class='ocrx_word' id='word_1_417' title='bbox 4314 1507 4448 1550; x_wconf 87' lang='lat' dir='ltr'><strong>nna</strong></span> <span class='ocrx_word' id='word_1_418' title='bbox 4496 1505 4618 1549; x_wconf 84' lang='grc'>811111</span> 
     </span>
     <span class='ocr_line' id='line_1_60' title="bbox 2686 1570 4623 1654; baseline 0 -19"><span class='ocrx_word' id='word_1_419' title='bbox 2686 1582 2899 1636; x_wconf 88' lang='lat' dir='ltr'><strong>matre</strong></span> <span class='ocrx_word' id='word_1_420' title='bbox 2944 1579 3010 1636; x_wconf 92' lang='lat' dir='ltr'><strong>et</strong></span> <span class='ocrx_word' id='word_1_421' title='bbox 3053 1571 3205 1635; x_wconf 87' lang='lat' dir='ltr'><strong>avia</strong></span> <span class='ocrx_word' id='word_1_422' title='bbox 3265 1570 3664 1654; x_wconf 84' lang='lat' dir='ltr'><strong>quotidianis</strong></span> <span class='ocrx_word' id='word_1_423' title='bbox 3722 1572 3854 1635; x_wconf 86' lang='lat' dir='ltr'><strong>iam</strong></span> <span class='ocrx_word' id='word_1_424' title='bbox 3909 1571 4213 1653; x_wconf 89' lang='lat' dir='ltr'><strong>precibus</strong></span> <span class='ocrx_word' id='word_1_425' title='bbox 4267 1570 4526 1636; x_wconf 85' lang='lat' dir='ltr'><strong>intersit</strong></span> <span class='ocrx_word' id='word_1_426' title='bbox 4571 1583 4623 1634; x_wconf 72' lang='lat' dir='ltr'><strong>et</strong></span> 
     </span>
     <span class='ocr_line' id='line_1_61' title="bbox 2687 1655 4623 1740; baseline -0.002 -18"><span class='ocrx_word' id='word_1_427' title='bbox 2687 1655 2968 1722; x_wconf 88' lang='lat' dir='ltr'><strong>subinde</strong></span> <span class='ocrx_word' id='word_1_428' title='bbox 3011 1655 3258 1739; x_wconf 90' lang='lat' dir='ltr'><strong>aliquid</strong></span> <span class='ocrx_word' id='word_1_429' title='bbox 3302 1677 3387 1721; x_wconf 85' lang='lat' dir='ltr'><strong>ex</strong></span> <span class='ocrx_word' id='word_1_430' title='bbox 3428 1655 3558 1720; x_wconf 90' lang='lat' dir='ltr'><strong>Dei</strong></span> <span class='ocrx_word' id='word_1_431' title='bbox 3601 1656 3805 1721; x_wconf 85' lang='lat' dir='ltr'><strong>verbo</strong></span> <span class='ocrx_word' id='word_1_432' title='bbox 3847 1657 3974 1722; x_wconf 92' lang='lat' dir='ltr'><strong>sibi</strong></span> <span class='ocrx_word' id='word_1_433' title='bbox 4022 1657 4289 1723; x_wconf 82' lang='lat' dir='ltr'><strong>recitari</strong></span> <span class='ocrx_word' id='word_1_434' title='bbox 4350 1656 4623 1740; x_wconf 77' lang='lat' dir='ltr'><strong>patiatur.</strong></span> 
     </span>
     <span class='ocr_line' id='line_1_62' title="bbox 2687 1741 4625 1827; baseline 0 -20"><span class='ocrx_word' id='word_1_435' title='bbox 2687 1742 2979 1827; x_wconf 87' lang='lat' dir='ltr'><strong>Egregia</strong></span> <span class='ocrx_word' id='word_1_436' title='bbox 3022 1750 3182 1807; x_wconf 88' lang='lat' dir='ltr'><strong>sunt</strong></span> <span class='ocrx_word' id='word_1_437' title='bbox 3223 1743 3352 1807; x_wconf 86' lang='lat' dir='ltr'><strong>ista</strong></span> <span class='ocrx_word' id='word_1_438' title='bbox 3394 1741 3732 1825; x_wconf 88' lang='lat' dir='ltr'><strong>principia,</strong></span> <span class='ocrx_word' id='word_1_439' title='bbox 3780 1742 3837 1806; x_wconf 90' lang='lat' dir='ltr'><strong>si</strong></span> <span class='ocrx_word' id='word_1_440' title='bbox 3881 1741 4071 1808; x_wconf 91' lang='lat' dir='ltr'><strong>modo</strong></span> <span class='ocrx_word' id='word_1_441' title='bbox 4114 1743 4357 1807; x_wconf 84' lang='lat' dir='ltr'><strong>ultima</strong></span> <span class='ocrx_word' id='word_1_442' title='bbox 4393 1762 4625 1825; x_wconf 85' lang='lat' dir='ltr'><strong>respon·</strong></span> 
     </span>
     <span class='ocr_line' id='line_1_63' title="bbox 2689 1827 4627 1911; baseline -0.002 -17"><span class='ocrx_word' id='word_1_443' title='bbox 2689 1828 2908 1906; x_wconf 82' lang='lat' dir='ltr'><strong>deant,</strong></span> <span class='ocrx_word' id='word_1_444' title='bbox 2954 1827 3126 1911; x_wconf 90' lang='lat' dir='ltr'><strong>quod</strong></span> <span class='ocrx_word' id='word_1_445' title='bbox 3170 1828 3366 1894; x_wconf 84' lang='lat' dir='ltr'><strong>amici</strong></span> <span class='ocrx_word' id='word_1_446' title='bbox 3409 1848 3529 1894; x_wconf 90' lang='lat' dir='ltr'><strong>nos</strong></span> <span class='ocrx_word' id='word_1_447' title='bbox 3572 1847 3839 1911; x_wconf 86' lang='lat' dir='ltr'><strong>sperare</strong></span> <span class='ocrx_word' id='word_1_448' title='bbox 3874 1828 4116 1894; x_wconf 87' lang='lat' dir='ltr'><strong>iubent.</strong></span> <span class='ocrx_word' id='word_1_449' title='bbox 4186 1828 4486 1893; x_wconf 76' lang='lat' dir='ltr'><strong>Ministri</strong></span> <span class='ocrx_word' id='word_1_450' title='bbox 4522 1829 4627 1891; x_wconf 72' lang='lat' dir='ltr'><strong>iam</strong></span> 
     </span>
     <span class='ocr_line' id='line_1_64' title="bbox 2688 1913 4627 1998; baseline -0.001 -19"><span class='ocrx_word' id='word_1_451' title='bbox 2688 1914 2830 1979; x_wconf 90' lang='lat' dir='ltr'><strong>sine</strong></span> <span class='ocrx_word' id='word_1_452' title='bbox 2895 1913 3032 1979; x_wconf 92' lang='lat' dir='ltr'><strong>ullo</strong></span> <span class='ocrx_word' id='word_1_453' title='bbox 3098 1913 3389 1997; x_wconf 87' lang='lat' dir='ltr'><strong>periculo</strong></span> <span class='ocrx_word' id='word_1_454' title='bbox 3444 1915 3516 1977; x_wconf 93' lang='lat' dir='ltr'><strong>in</strong></span> <span class='ocrx_word' id='word_1_455' title='bbox 3572 1915 3718 1996; x_wconf 86' lang='lat' dir='ltr'><strong>ipsa</strong></span> <span class='ocrx_word' id='word_1_456' title='bbox 3773 1915 3947 1998; x_wconf 85' lang='lat' dir='ltr'><strong>regis</strong></span> <span class='ocrx_word' id='word_1_457' title='bbox 4001 1933 4152 1980; x_wconf 88' lang='lat' dir='ltr'><strong>arce</strong></span> <span class='ocrx_word' id='word_1_458' title='bbox 4196 1925 4266 1978; x_wconf 87' lang='lat' dir='ltr'><strong>et</strong></span> <span class='ocrx_word' id='word_1_459' title='bbox 4310 1914 4477 1978; x_wconf 89' lang='lat' dir='ltr'><strong>urbe</strong></span> <span class='ocrx_word' id='word_1_460' title='bbox 4516 1925 4627 1978; x_wconf 73' lang='lat' dir='ltr'><strong>tou</strong></span> 
     </span>
     <span class='ocr_line' id='line_1_65' title="bbox 2689 1999 4631 2082; baseline -0.001 -17"><span class='ocrx_word' id='word_1_461' title='bbox 2689 2007 3028 2082; x_wconf 84' lang='lat' dir='ltr'><strong>apparent.</strong></span> <span class='ocrx_word' id='word_1_462' title='bbox 3118 1999 3413 2064; x_wconf 82' lang='lat' dir='ltr'><strong>Retenta</strong></span> <span class='ocrx_word' id='word_1_463' title='bbox 3456 2008 3615 2065; x_wconf 91' lang='lat' dir='ltr'><strong>sunt</strong></span> <span class='ocrx_word' id='word_1_464' title='bbox 3668 1999 3918 2082; x_wconf 91' lang='lat' dir='ltr'><strong>aliquot</strong></span> <span class='ocrx_word' id='word_1_465' title='bbox 3960 1999 4431 2066; x_wconf 85' lang='lat' dir='ltr'><strong>Helvetiorum</strong></span> <span class='ocrx_word' id='word_1_466' title='bbox 4473 2000 4631 2082; x_wconf 72' lang='lat' dir='ltr'><strong>sign·</strong></span> 
     </span>
     <span class='ocr_line' id='line_1_66' title="bbox 2690 2084 4635 2167; baseline -0.001 -17"><span class='ocrx_word' id='word_1_467' title='bbox 2690 2085 2930 2150; x_wconf 85' lang='lat' dir='ltr'><strong>additis</strong></span> <span class='ocrx_word' id='word_1_468' title='bbox 2977 2085 3177 2150; x_wconf 87' lang='lat' dir='ltr'><strong>etiam</strong></span> <span class='ocrx_word' id='word_1_469' title='bbox 3222 2085 3475 2167; x_wconf 90' lang='lat' dir='ltr'><strong>aliquot</strong></span> <span class='ocrx_word' id='word_1_470' title='bbox 3518 2084 3797 2151; x_wconf 83' lang='lat' dir='ltr'><strong>Gallicis</strong></span> <span class='ocrx_word' id='word_1_471' title='bbox 3858 2086 4115 2161; x_wconf 88' lang='lat' dir='ltr'><strong>turmis,</strong></span> <span class='ocrx_word' id='word_1_472' title='bbox 4178 2096 4247 2150; x_wconf 88' lang='lat' dir='ltr'><strong>et</strong></span> <span class='ocrx_word' id='word_1_473' title='bbox 4306 2086 4386 2150; x_wconf 88' lang='lat' dir='ltr'><strong>in</strong></span> <span class='ocrx_word' id='word_1_474' title='bbox 4434 2085 4635 2149; x_wconf 78' lang='lat' dir='ltr'><strong>subur·</strong></span> 
     </span>
     <span class='ocr_line' id='line_1_67' title="bbox 2689 2170 4635 2253; baseline -0.001 -18"><span class='ocrx_word' id='word_1_475' title='bbox 2689 2171 2814 2236; x_wconf 92' lang='lat' dir='ltr'><strong>biis</strong></span> <span class='ocrx_word' id='word_1_476' title='bbox 2854 2170 2937 2235; x_wconf 87' lang='lat' dir='ltr'><strong>ad</strong></span> <span class='ocrx_word' id='word_1_477' title='bbox 2982 2171 3507 2253; x_wconf 87' lang='lat' dir='ltr'><strong>comprimendos</strong></span> <span class='ocrx_word' id='word_1_478' title='bbox 3550 2171 4031 2253; x_wconf 88' lang='lat' dir='ltr'><strong>oppidanorum</strong></span> <span class='ocrx_word' id='word_1_479' title='bbox 4089 2183 4312 2236; x_wconf 85' lang='lat' dir='ltr'><strong>motus</strong></span> <span class='ocrx_word' id='word_1_480' title='bbox 4360 2171 4635 2236; x_wconf 68' lang='lat' dir='ltr'><strong>Lutefine</strong></span> 
     </span>
     <span class='ocr_line' id='line_1_68' title="bbox 2687 2255 4635 2339; baseline -0.002 -16"><span class='ocrx_word' id='word_1_481' title='bbox 2687 2255 3020 2323; x_wconf 87' lang='lat' dir='ltr'><strong>collocata.</strong></span> <span class='ocrx_word' id='word_1_482' title='bbox 3115 2255 3598 2320; x_wconf 76' lang='lat' dir='ltr'><strong>Mommorantio</strong></span> <span class='ocrx_word' id='word_1_483' title='bbox 3639 2277 3896 2339; x_wconf 91' lang='lat' dir='ltr'><strong>quoque</strong></span> <span class='ocrx_word' id='word_1_484' title='bbox 3943 2255 4358 2322; x_wconf 73' lang='lat' dir='ltr'><strong>Conestabilis</strong></span> <span class='ocrx_word' id='word_1_485' title='bbox 4402 2255 4548 2332; x_wconf 90' lang='lat' dir='ltr'><strong>filio,</strong></span> <span class='ocrx_word' id='word_1_486' title='bbox 4584 2265 4635 2319; x_wconf 74' lang='lat' dir='ltr'><strong>et</strong></span> 
     </span>
     <span class='ocr_line' id='line_1_69' title="bbox 2687 2338 4635 2425; baseline -0.001 -19"><span class='ocrx_word' id='word_1_487' title='bbox 2687 2341 2952 2424; x_wconf 90' lang='lat' dir='ltr'><strong>quidem</strong></span> <span class='ocrx_word' id='word_1_488' title='bbox 3000 2353 3246 2420; x_wconf 90' lang='lat' dir='ltr'><strong>nostro,</strong></span> <span class='ocrx_word' id='word_1_489' title='bbox 3301 2341 3653 2407; x_wconf 88' lang='lat' dir='ltr'><strong>commissa</strong></span> <span class='ocrx_word' id='word_1_490' title='bbox 3693 2351 3796 2407; x_wconf 91' lang='lat' dir='ltr'><strong>est</strong></span> <span class='ocrx_word' id='word_1_491' title='bbox 3830 2341 4012 2406; x_wconf 89' lang='lat' dir='ltr'><strong>urbis</strong></span> <span class='ocrx_word' id='word_1_492' title='bbox 4055 2341 4494 2425; x_wconf 78' lang='lat' dir='ltr'><strong>praefectura,</strong></span> <span class='ocrx_word' id='word_1_493' title='bbox 4544 2338 4635 2405; x_wconf 79' lang='lat' dir='ltr'><strong>ad·</strong></span> 
     </span>
     <span class='ocr_line' id='line_1_70' title="bbox 2689 2426 4633 2510; baseline -0.001 -19"><span class='ocrx_word' id='word_1_494' title='bbox 2689 2428 2844 2493; x_wconf 91' lang='lat' dir='ltr'><strong>ditis</strong></span> <span class='ocrx_word' id='word_1_495' title='bbox 2886 2447 3007 2510; x_wconf 90' lang='lat' dir='ltr'><strong>pro</strong></span> <span class='ocrx_word' id='word_1_496' title='bbox 3052 2426 3380 2509; x_wconf 87' lang='lat' dir='ltr'><strong>praesidio</strong></span> <span class='ocrx_word' id='word_1_497' title='bbox 3426 2426 3897 2493; x_wconf 87' lang='lat' dir='ltr'><strong>bombardariis</strong></span> <span class='ocrx_word' id='word_1_498' title='bbox 3952 2428 4150 2492; x_wconf 90' lang='lat' dir='ltr'><strong>mille.</strong></span> <span class='ocrx_word' id='word_1_499' title='bbox 4242 2427 4403 2492; x_wconf 85' lang='lat' dir='ltr'><strong>Rex</strong></span> <span class='ocrx_word' id='word_1_500' title='bbox 4446 2447 4633 2494; x_wconf 73' lang='lat' dir='ltr'><strong>coram</strong></span> 
     </span>
     <span class='ocr_line' id='line_1_71' title="bbox 2688 2512 4635 2594; baseline -0.001 -15"><span class='ocrx_word' id='word_1_501' title='bbox 2688 2514 2995 2579; x_wconf 90' lang='lat' dir='ltr'><strong>omnibus</strong></span> <span class='ocrx_word' id='word_1_502' title='bbox 3037 2512 3365 2579; x_wconf 86' lang='lat' dir='ltr'><strong>nobilibus</strong></span> <span class='ocrx_word' id='word_1_503' title='bbox 3421 2512 3682 2594; x_wconf 90' lang='lat' dir='ltr'><strong>publice</strong></span> <span class='ocrx_word' id='word_1_504' title='bbox 3736 2514 4116 2579; x_wconf 91' lang='lat' dir='ltr'><strong>concionem</strong></span> <span class='ocrx_word' id='word_1_505' title='bbox 4161 2512 4426 2592; x_wconf 84' lang='lat' dir='ltr'><strong>habuit,</strong></span> <span class='ocrx_word' id='word_1_506' title='bbox 4446 2517 4504 2589; x_wconf 84' lang='lat'><strong>⁴)</strong></span> <span class='ocrx_word' id='word_1_507' title='bbox 4544 2533 4635 2578; x_wconf 83' lang='lat' dir='ltr'><strong>ex·</strong></span> 
     </span>
     <span class='ocr_line' id='line_1_72' title="bbox 2688 2596 4638 2683; baseline 0.001 -19"><span class='ocrx_word' id='word_1_508' title='bbox 2688 2599 3027 2683; x_wconf 87' lang='lat' dir='ltr'><strong>postulans</strong></span> <span class='ocrx_word' id='word_1_509' title='bbox 3083 2596 3257 2681; x_wconf 91' lang='lat' dir='ltr'><strong>quod</strong></span> <span class='ocrx_word' id='word_1_510' title='bbox 3301 2597 3590 2664; x_wconf 91' lang='lat' dir='ltr'><strong>edictum</strong></span> <span class='ocrx_word' id='word_1_511' title='bbox 3647 2597 3729 2663; x_wconf 91' lang='lat' dir='ltr'><strong>de</strong></span> <span class='ocrx_word' id='word_1_512' title='bbox 3775 2619 3933 2682; x_wconf 89' lang='lat' dir='ltr'><strong>pace</strong></span> <span class='ocrx_word' id='word_1_513' title='bbox 3967 2621 4008 2664; x_wconf 89' lang='lat' dir='ltr'><strong>a</strong></span> <span class='ocrx_word' id='word_1_514' title='bbox 4064 2598 4404 2683; x_wconf 88' lang='lat' dir='ltr'><strong>plerisque</strong></span> <span class='ocrx_word' id='word_1_515' title='bbox 4458 2598 4638 2683; x_wconf 78' lang='lat' dir='ltr'><strong>negli-</strong></span> 
     </span>
     <span class='ocr_line' id='line_1_73' title="bbox 2688 2684 4637 2769; baseline 0.001 -21"><span class='ocrx_word' id='word_1_516' title='bbox 2688 2691 2973 2769; x_wconf 85' lang='lat' dir='ltr'><strong>geretur.</strong></span> <span class='ocrx_word' id='word_1_517' title='bbox 3077 2684 3287 2749; x_wconf 86' lang='lat' dir='ltr'><strong>Guius</strong></span> <span class='ocrx_word' id='word_1_518' title='bbox 3344 2684 3675 2750; x_wconf 89' lang='lat' dir='ltr'><strong>concionis</strong></span> <span class='ocrx_word' id='word_1_519' title='bbox 3738 2687 4134 2769; x_wconf 89' lang='lat' dir='ltr'><strong>exemplum,</strong></span> <span class='ocrx_word' id='word_1_520' title='bbox 4199 2685 4411 2751; x_wconf 89' lang='lat' dir='ltr'><strong>simul</strong></span> <span class='ocrx_word' id='word_1_521' title='bbox 4474 2697 4637 2767; x_wconf 71' lang='lat' dir='ltr'><strong>atque</strong></span> 
     </span>
     <span class='ocr_line' id='line_1_74' title="bbox 2688 2768 4639 2854; baseline 0.001 -20"><span class='ocrx_word' id='word_1_522' title='bbox 2688 2779 2924 2836; x_wconf 87' lang='lat' dir='ltr'><strong>nactus</strong></span> <span class='ocrx_word' id='word_1_523' title='bbox 2990 2771 3193 2850; x_wconf 84' lang='lat' dir='ltr'><strong>fuero,</strong></span> <span class='ocrx_word' id='word_1_524' title='bbox 3253 2768 3494 2835; x_wconf 84' lang='lat' dir='ltr'><strong>curabo</strong></span> <span class='ocrx_word' id='word_1_525' title='bbox 3561 2779 3637 2835; x_wconf 90' lang='grc'><strong>111</strong></span> <span class='ocrx_word' id='word_1_526' title='bbox 3693 2769 3776 2834; x_wconf 86' lang='lat' dir='ltr'><strong>ad</strong></span> <span class='ocrx_word' id='word_1_527' title='bbox 3835 2781 3901 2836; x_wconf 89' lang='lat' dir='ltr'><strong>te</strong></span> <span class='ocrx_word' id='word_1_528' title='bbox 3952 2772 4344 2853; x_wconf 81' lang='lat' dir='ltr'><strong>perferatur.</strong></span> <span class='ocrx_word' id='word_1_529' title='bbox 4436 2771 4639 2854; x_wconf 72' lang='lat' dir='ltr'><strong>Itaque</strong></span> 
     </span>
     <span class='ocr_line' id='line_1_75' title="bbox 2686 2854 4639 2939; baseline 0.001 -20"><span class='ocrx_word' id='word_1_530' title='bbox 2686 2856 2914 2922; x_wconf 89' lang='lat' dir='ltr'><strong>iubent</strong></span> <span class='ocrx_word' id='word_1_531' title='bbox 2958 2854 3151 2919; x_wconf 87' lang='lat' dir='ltr'><strong>amici</strong></span> <span class='ocrx_word' id='word_1_532' title='bbox 3196 2876 3317 2920; x_wconf 90' lang='lat' dir='ltr'><strong>nos</strong></span> <span class='ocrx_word' id='word_1_533' title='bbox 3360 2855 3609 2938; x_wconf 86' lang='lat' dir='ltr'><strong>optima</strong></span> <span class='ocrx_word' id='word_1_534' title='bbox 3663 2875 3959 2938; x_wconf 86' lang='lat' dir='ltr'><strong>quaeque</strong></span> <span class='ocrx_word' id='word_1_535' title='bbox 4011 2875 4279 2939; x_wconf 87' lang='lat' dir='ltr'><strong>sperare</strong></span> <span class='ocrx_word' id='word_1_536' title='bbox 4340 2867 4417 2922; x_wconf 83' lang='lat' dir='ltr'><strong>et</strong></span> <span class='ocrx_word' id='word_1_537' title='bbox 4468 2857 4639 2923; x_wconf 88' lang='lat' dir='ltr'><strong>confi·</strong></span> 
     </span>
     <span class='ocr_line' id='line_1_76' title="bbox 2691 2939 4641 3025; baseline 0 -19"><span class='ocrx_word' id='word_1_538' title='bbox 2691 2939 2861 3006; x_wconf 91' lang='lat' dir='ltr'><strong>dunt</strong></span> <span class='ocrx_word' id='word_1_539' title='bbox 2903 2961 3048 3006; x_wconf 88' lang='lat' dir='ltr'><strong>sese</strong></span> <span class='ocrx_word' id='word_1_540' title='bbox 3092 2939 3353 3024; x_wconf 91' lang='lat' dir='ltr'><strong>plenam</strong></span> <span class='ocrx_word' id='word_1_541' title='bbox 3397 2951 3534 3005; x_wconf 88' lang='lat' dir='ltr'><strong>toto</strong></span> <span class='ocrx_word' id='word_1_542' title='bbox 3578 2961 3782 3025; x_wconf 89' lang='lat' dir='ltr'><strong>regno</strong></span> <span class='ocrx_word' id='word_1_543' title='bbox 3839 2941 4287 3008; x_wconf 89' lang='lat' dir='ltr'><strong>annunciandi</strong></span> <span class='ocrx_word' id='word_1_544' title='bbox 4352 2943 4535 3009; x_wconf 85' lang='lat' dir='ltr'><strong>verbi</strong></span> <span class='ocrx_word' id='word_1_545' title='bbox 4578 2942 4641 3006; x_wconf 77' lang='lat' dir='ltr'><strong>li·</strong></span> 
     </span>
     <span class='ocr_line' id='line_1_77' title="bbox 2690 3026 4639 3113; baseline 0 -20"><span class='ocrx_word' id='word_1_546' title='bbox 2690 3026 3014 3093; x_wconf 87' lang='lat' dir='ltr'><strong>bertatem</strong></span> <span class='ocrx_word' id='word_1_547' title='bbox 3080 3046 3239 3092; x_wconf 85' lang='lat' dir='ltr'><strong>mox</strong></span> <span class='ocrx_word' id='word_1_548' title='bbox 3303 3026 3679 3112; x_wconf 87' lang='lat' dir='ltr'><strong>adepturos.</strong></span> <span class='ocrx_word' id='word_1_549' title='bbox 3770 3027 4222 3094; x_wconf 87' lang='lat' dir='ltr'><strong>Provinciales</strong></span> <span class='ocrx_word' id='word_1_550' title='bbox 4276 3048 4485 3113; x_wconf 85' lang='lat' dir='ltr'><strong>saepe</strong></span> <span class='ocrx_word' id='word_1_551' title='bbox 4534 3029 4639 3093; x_wconf 77' lang='lat' dir='ltr'><strong>im</strong></span> 
     </span>
     <span class='ocr_line' id='line_1_78' title="bbox 2691 3113 4639 3197; baseline 0.001 -20"><span class='ocrx_word' id='word_1_552' title='bbox 2691 3114 2809 3179; x_wconf 87' lang='lat' dir='ltr'><strong>tibi</strong></span> <span class='ocrx_word' id='word_1_553' title='bbox 2854 3113 3225 3197; x_wconf 86' lang='lat' dir='ltr'><strong>significavi</strong></span> <span class='ocrx_word' id='word_1_554' title='bbox 3261 3134 3533 3197; x_wconf 85' lang='lat' dir='ltr'><strong>pergere</strong></span> <span class='ocrx_word' id='word_1_555' title='bbox 3554 3113 3628 3177; x_wconf 91' lang='lat' dir='ltr'><strong>in</strong></span> <span class='ocrx_word' id='word_1_556' title='bbox 3663 3134 3786 3178; x_wconf 85' lang='lat' dir='ltr'><strong>sua</strong></span> <span class='ocrx_word' id='word_1_557' title='bbox 3819 3115 4237 3181; x_wconf 83' lang='lat' dir='ltr'><strong>contumacia</strong></span> <span class='ocrx_word' id='word_1_558' title='bbox 4270 3126 4349 3181; x_wconf 79' lang='lat' dir='ltr'><strong>et</strong></span> <span class='ocrx_word' id='word_1_559' title='bbox 4370 3114 4639 3182; x_wconf 66' lang='lat' dir='ltr'><strong>saevitia</strong></span> 
     </span>
     <span class='ocr_line' id='line_1_79' title="bbox 2688 3196 4641 3283; baseline 0.001 -19"><span class='ocrx_word' id='word_1_560' title='bbox 2688 3198 2883 3264; x_wconf 89' lang='lat' dir='ltr'><strong>Nunc</strong></span> <span class='ocrx_word' id='word_1_561' title='bbox 2949 3196 3217 3262; x_wconf 84' lang='lat' dir='ltr'><strong>tandem</strong></span> <span class='ocrx_word' id='word_1_562' title='bbox 3281 3199 3445 3264; x_wconf 90' lang='lat' dir='ltr'><strong>iussi</strong></span> <span class='ocrx_word' id='word_1_563' title='bbox 3503 3207 3664 3263; x_wconf 89' lang='lat' dir='ltr'><strong>sunt</strong></span> <span class='ocrx_word' id='word_1_564' title='bbox 3728 3200 4168 3283; x_wconf 86' lang='lat' dir='ltr'><strong>personaliter</strong></span> <span class='ocrx_word' id='word_1_565' title='bbox 4222 3222 4458 3267; x_wconf 84' lang='lat' dir='ltr'><strong>coram</strong></span> <span class='ocrx_word' id='word_1_566' title='bbox 4516 3220 4641 3283; x_wconf 70' lang='lat' dir='ltr'><strong>rege</strong></span> 
     </span>
     <span class='ocr_line' id='line_1_80' title="bbox 2689 3282 4641 3369; baseline -0.001 -20"><span class='ocrx_word' id='word_1_567' title='bbox 2689 3304 3068 3366; x_wconf 87' lang='lat' dir='ltr'><strong>comparere</strong></span> <span class='ocrx_word' id='word_1_568' title='bbox 3109 3282 3475 3350; x_wconf 88' lang='lat' dir='ltr'><strong>facinorum</strong></span> <span class='ocrx_word' id='word_1_569' title='bbox 3518 3305 3787 3349; x_wconf 90' lang='lat' dir='ltr'><strong>suorum</strong></span> <span class='ocrx_word' id='word_1_570' title='bbox 3830 3286 4156 3351; x_wconf 74' lang='lat' dir='ltr'><strong>rationem</strong></span> <span class='ocrx_word' id='word_1_571' title='bbox 4192 3286 4525 3352; x_wconf 83' lang='lat' dir='ltr'><strong>reddituri</strong></span> <span class='ocrx_word' id='word_1_572' title='bbox 4554 3286 4641 3369; x_wconf 78' lang='lat' dir='ltr'><strong>qui</strong></span> 
     </span>
     <span class='ocr_line' id='line_1_81' title="bbox 2690 3368 4641 3457; baseline 0.002 -23"><span class='ocrx_word' id='word_1_573' title='bbox 2690 3369 2960 3435; x_wconf 89' lang='lat' dir='ltr'><strong>fuerunt</strong></span> <span class='ocrx_word' id='word_1_574' title='bbox 3024 3368 3349 3434; x_wconf 88' lang='lat' dir='ltr'><strong>malorum</strong></span> <span class='ocrx_word' id='word_1_575' title='bbox 3415 3380 3697 3434; x_wconf 89' lang='lat' dir='ltr'><strong>autores.</strong></span> <span class='ocrx_word' id='word_1_576' title='bbox 3796 3370 4100 3453; x_wconf 90' lang='lat' dir='ltr'><strong>Ipsorum</strong></span> <span class='ocrx_word' id='word_1_577' title='bbox 4160 3382 4397 3437; x_wconf 86' lang='lat' dir='ltr'><strong>autem</strong></span> <span class='ocrx_word' id='word_1_578' title='bbox 4456 3373 4641 3457; x_wconf 76' lang='lat' dir='ltr'><strong>parh-</strong></span> 
     </span>
    </p>
   </div>
   <div class='ocr_carea' id='block_1_16' title="bbox 2695 3540 3089 3556">
    <p class='ocr_par' dir='ltr' id='par_1_20' title="bbox 2695 3540 3089 3556">
     <span class='ocr_line' id='line_1_82' title="bbox 2695 3540 3089 3556; baseline 0 2569"><span class='ocrx_word' id='word_1_579' title='bbox 2695 3540 3089 3556; x_wconf 95' lang='lat' dir='ltr'><strong> </strong></span> 
     </span>
    </p>
   </div>
   <div class='ocr_carea' id='block_1_17' title="bbox 2691 3640 4655 4685">
    <p class='ocr_par' dir='ltr' id='par_1_21' title="bbox 2691 3640 4655 4685">
     <span class='ocr_line' id='line_1_83' title="bbox 2691 3640 4641 3710; baseline 0.001 -16"><span class='ocrx_word' id='word_1_580' title='bbox 2691 3640 2996 3710; x_wconf 87' lang='lat' dir='ltr'><strong>supplicem</strong></span> <span class='ocrx_word' id='word_1_581' title='bbox 3030 3641 3278 3693; x_wconf 87' lang='lat' dir='ltr'><strong>libellum</strong></span> <span class='ocrx_word' id='word_1_582' title='bbox 3312 3656 3421 3709; x_wconf 88' lang='lat' dir='ltr'><strong>qno</strong></span> <span class='ocrx_word' id='word_1_583' title='bbox 3455 3641 3734 3707; x_wconf 78' lang='lat' dir='ltr'><strong>professus</strong></span> <span class='ocrx_word' id='word_1_584' title='bbox 3769 3650 3856 3695; x_wconf 85' lang='lat' dir='ltr'><strong>est</strong></span> <span class='ocrx_word' id='word_1_585' title='bbox 3901 3659 3961 3695; x_wconf 85' lang='lat' dir='ltr'><strong>sc</strong></span> <span class='ocrx_word' id='word_1_586' title='bbox 3996 3649 4387 3698; x_wconf 67' lang='lat' dir='ltr'><strong>semmurum</strong></span> <span class='ocrx_word' id='word_1_587' title='bbox 4428 3645 4641 3700; x_wconf 56' lang='lat' dir='ltr'><strong>Gnffl</strong></span> 
     </span>
     <span class='ocr_line' id='line_1_84' title="bbox 2694 3709 4645 3790; baseline 0.004 -28"><span class='ocrx_word' id='word_1_588' title='bbox 2694 3710 3079 3790; x_wconf 71' lang='lat' dir='ltr'><strong>perduellionis</strong></span> <span class='ocrx_word' id='word_1_589' title='bbox 3114 3725 3211 3762; x_wconf 87' lang='lat' dir='ltr'><strong>sen</strong></span> <span class='ocrx_word' id='word_1_590' title='bbox 3246 3709 3667 3789; x_wconf 75' lang='lat' dir='ltr'><strong>conspirationis</strong></span> <span class='ocrx_word' id='word_1_591' title='bbox 3702 3727 3825 3790; x_wconf 78' lang='lat' dir='ltr'><strong>cum</strong></span> <span class='ocrx_word' id='word_1_592' title='bbox 3849 3712 4055 3764; x_wconf 82' lang='lat' dir='ltr'><strong>exteris</strong></span> <span class='ocrx_word' id='word_1_593' title='bbox 4081 3712 4436 3783; x_wconf 73' lang='lat' dir='ltr'><strong>principibus</strong></span> <span class='ocrx_word' id='word_1_594' title='bbox 4470 3716 4645 3783; x_wconf 74' lang='lat' dir='ltr'><strong>inper-</strong></span> 
     </span>
     <span class='ocr_line' id='line_1_85' title="bbox 2693 3777 4647 3853; baseline 0.004 -22"><span class='ocrx_word' id='word_1_595' title='bbox 2693 3793 2892 3832; x_wconf 74' lang='lat' dir='ltr'><strong>mcnem</strong></span> <span class='ocrx_word' id='word_1_596' title='bbox 2927 3795 3081 3847; x_wconf 73' lang='lat' dir='ltr'><strong>regni</strong></span> <span class='ocrx_word' id='word_1_597' title='bbox 3118 3778 3344 3831; x_wconf 77' lang='lat' dir='ltr'><strong>Galliae.</strong></span> <span class='ocrx_word' id='word_1_598' title='bbox 3416 3777 3570 3831; x_wconf 85' lang='lat' dir='ltr'><strong>Haec</strong></span> <span class='ocrx_word' id='word_1_599' title='bbox 3613 3795 3700 3832; x_wconf 88' lang='lat' dir='ltr'><strong>res</strong></span> <span class='ocrx_word' id='word_1_600' title='bbox 3748 3789 3827 3832; x_wconf 79' lang='grc'><strong>118</strong></span> <span class='ocrx_word' id='word_1_601' title='bbox 3871 3781 4163 3834; x_wconf 79' lang='lat' dir='ltr'><strong>commovit</strong></span> <span class='ocrx_word' id='word_1_602' title='bbox 4208 3794 4517 3853; x_wconf 65' lang='lat' dir='ltr'><strong>utrumqne</strong></span> <span class='ocrx_word' id='word_1_603' title='bbox 4548 3799 4647 3851; x_wconf 73' lang='lat' dir='ltr'><strong>ptr·</strong></span> 
     </span>
     <span class='ocr_line' id='line_1_86' title="bbox 2693 3845 4647 3929; baseline 0.002 -30"><span class='ocrx_word' id='word_1_604' title='bbox 2693 3852 2807 3900; x_wconf 88' lang='lat' dir='ltr'><strong>tem</strong></span> <span class='ocrx_word' id='word_1_605' title='bbox 2842 3854 2906 3899; x_wconf 90' lang='grc'><strong>111</strong></span> <span class='ocrx_word' id='word_1_606' title='bbox 2951 3863 3051 3915; x_wconf 88' lang='lat' dir='ltr'><strong>per</strong></span> <span class='ocrx_word' id='word_1_607' title='bbox 3093 3848 3167 3899; x_wconf 85' lang='lat' dir='ltr'><strong>ali</strong></span> <span class='ocrx_word' id='word_1_608' title='bbox 3211 3845 3473 3926; x_wconf 36' lang='lat' dir='ltr'><strong>not-dies</strong></span> <span class='ocrx_word' id='word_1_609' title='bbox 3520 3846 3610 3900; x_wconf 85' lang='lat' dir='ltr'><strong>hic</strong></span> <span class='ocrx_word' id='word_1_610' title='bbox 3644 3849 3997 3929; x_wconf 65' lang='lat' dir='ltr'><strong>metuerimus</strong></span> <span class='ocrx_word' id='word_1_611' title='bbox 4032 3865 4101 3903; x_wconf 90' lang='lat' dir='ltr'><strong>ne</strong></span> <span class='ocrx_word' id='word_1_612' title='bbox 4147 3850 4218 3902; x_wconf 72' lang='lat' dir='ltr'><strong>nd</strong></span> <span class='ocrx_word' id='word_1_613' title='bbox 4256 3868 4421 3905; x_wconf 69' lang='lat' dir='ltr'><strong>arma</strong></span> <span class='ocrx_word' id='word_1_614' title='bbox 4454 3852 4647 3905; x_wconf 74' lang='lat' dir='ltr'><strong>demi·</strong></span> 
     </span>
     <span class='ocr_line' id='line_1_87' title="bbox 2696 3913 4653 4068; baseline 0.004 -31"><span class='ocrx_word' id='word_1_615' title='bbox 2696 3913 3133 4064; x_wconf 60' lang='lat'><strong>:22“¹..1...²}5‡</strong></span> <span class='ocrx_word' id='word_1_616' title='bbox 3165 3930 3377 4037; x_wconf 46' lang='grc' dir='ltr'><strong>..ω’-ἕ</strong></span> <span class='ocrx_word' id='word_1_617' title='bbox 3414 3914 4207 4068; x_wconf 45' lang='grc' dir='ltr'>8ὲὲ18811113</span> <span class='ocrx_word' id='word_1_618' title='bbox 4232 3935 4437 4068; x_wconf 52' lang='grc' dir='ltr'><strong>π’.</strong></span> <span class='ocrx_word' id='word_1_619' title='bbox 4470 3932 4653 4043; x_wconf 54' lang='grc' dir='ltr'><strong>...Μ</strong></span> 
     </span>
     <span class='ocr_line' id='line_1_88' title="bbox 2696 4052 4651 4243; baseline 0.002 -67"><span class='ocrx_word' id='word_1_620' title='bbox 2696 4052 4417 4243; x_wconf 48' lang='grc' dir='ltr'><strong>ἒὲῗῗωᾼῗῖᾌῖὧᾶοωῗωῶἱῖῗ’ῗέἕρῖῖἒηῖέψὲοῗῗ”ὶ“3’ἔθῳ.</strong></span> <span class='ocrx_word' id='word_1_621' title='bbox 4412 4074 4517 4182; x_wconf 71' lang='lat'><strong>..¹⁹⁸⁸</strong></span> <span class='ocrx_word' id='word_1_622' title='bbox 4528 4064 4651 4180; x_wconf 57' lang='grc' dir='ltr'><strong>ω’*</strong></span> 
     </span>
     <span class='ocr_line' id='line_1_89' title="bbox 2698 4187 4655 4316; baseline 0.001 -73"><span class='ocrx_word' id='word_1_623' title='bbox 2698 4189 2790 4244; x_wconf 87' lang='lat'><strong>111.</strong></span> <span class='ocrx_word' id='word_1_624' title='bbox 2826 4187 2976 4271; x_wconf 54' lang='lat'><strong>664.)</strong></span> <span class='ocrx_word' id='word_1_625' title='bbox 3103 4188 3194 4243; x_wconf 68' lang='lat' dir='ltr'><strong>uie</strong></span> <span class='ocrx_word' id='word_1_626' title='bbox 3226 4195 3408 4244; x_wconf 74' lang='lat' dir='ltr'><strong>tamen</strong></span> <span class='ocrx_word' id='word_1_627' title='bbox 3446 4189 3794 4258; x_wconf 71' lang='lat' dir='ltr'><strong>Lanquetum</strong></span> <span class='ocrx_word' id='word_1_628' title='bbox 3832 4192 3960 4273; x_wconf 39' lang='lat' dir='ltr'><strong>Cal·</strong></span> <span class='ocrx_word' id='word_1_629' title='bbox 3980 4192 4116 4248; x_wconf 83' lang='lat' dir='ltr'><strong>Dec.</strong></span> <span class='ocrx_word' id='word_1_630' title='bbox 4148 4210 4203 4316; x_wconf 57' lang='grc' dir='ltr'><strong>ζ.</strong></span> <span class='ocrx_word' id='word_1_631' title='bbox 4240 4192 4355 4247; x_wconf 73' lang='grc'><strong>272</strong></span> <span class='ocrx_word' id='word_1_632' title='bbox 4390 4196 4655 4261; x_wconf 68' lang='lat' dir='ltr'><strong>amr-n·-</strong></span> 
     </span>
     <span class='ocr_line' id='line_1_90' title="bbox 2696 4258 4651 4407; baseline 0.002 -26"><span class='ocrx_word' id='word_1_633' title='bbox 2696 4265 2816 4407; x_wconf 56' lang='lat' dir='ltr'><strong>ffi’i’</strong></span> <span class='ocrx_word' id='word_1_634' title='bbox 2847 4274 2956 4379; x_wconf 54' lang='grc' dir='ltr'><strong>ἐξ.</strong></span> <span class='ocrx_word' id='word_1_635' title='bbox 2985 4258 3589 4396; x_wconf 55' lang='grc' dir='ltr'><strong>ξᾶξέΐέοέῗῗέηῗέἓ</strong></span> <span class='ocrx_word' id='word_1_636' title='bbox 3622 4264 4171 4400; x_wconf 52' lang='grc' dir='ltr'><strong>ἶῖζῖίῗὲῗῖᾈωω</strong></span> <span class='ocrx_word' id='word_1_637' title='bbox 4206 4268 4481 4387; x_wconf 59' lang='lat' dir='ltr'><strong>..m</strong></span> <span class='ocrx_word' id='word_1_638' title='bbox 4502 4266 4651 4385; x_wconf 48' lang='grc' dir='ltr'>Ὦ</span> 
     </span>
     <span class='ocr_line' id='line_1_91' title="bbox 2695 4395 4653 4547; baseline 0.003 -31"><span class='ocrx_word' id='word_1_639' title='bbox 2695 4395 2966 4531; x_wconf 43' lang='lat' dir='ltr'><strong>melda-2)</strong></span> <span class='ocrx_word' id='word_1_640' title='bbox 3001 4464 3157 4519; x_wconf 70' lang='lat' dir='ltr'><strong>Alibi</strong></span> <span class='ocrx_word' id='word_1_641' title='bbox 3199 4470 3368 4518; x_wconf 70' lang='lat' dir='ltr'><strong>natus</strong></span> <span class='ocrx_word' id='word_1_642' title='bbox 3418 4464 3645 4547; x_wconf 38' lang='lat' dir='ltr'><strong>dicitur.</strong></span> <span class='ocrx_word' id='word_1_643' title='bbox 3674 4467 3870 4520; x_wconf 71' lang='lat' dir='ltr'><strong>ultima</strong></span> <span class='ocrx_word' id='word_1_644' title='bbox 3916 4465 4237 4521; x_wconf 66' lang='lat' dir='ltr'><strong>Decembris</strong></span> <span class='ocrx_word' id='word_1_645' title='bbox 4282 4466 4445 4523; x_wconf 75' lang='lat'><strong>1560.</strong></span> <span class='ocrx_word' id='word_1_646' title='bbox 4522 4466 4653 4523; x_wconf 57' lang='lat' dir='ltr'><strong>m</strong></span> 
     </span>
     <span class='ocr_line' id='line_1_92' title="bbox 2704 4532 4639 4593; baseline 0.002 -6"><span class='ocrx_word' id='word_1_647' title='bbox 2704 4532 2948 4587; x_wconf 66' lang='lat' dir='ltr'><strong>Candaei</strong></span> <span class='ocrx_word' id='word_1_648' title='bbox 3005 4532 3144 4589; x_wconf 76' lang='lat' dir='ltr'><strong>Mar</strong></span> <span class='ocrx_word' id='word_1_649' title='bbox 3178 4537 3339 4588; x_wconf 76' lang='lat' dir='ltr'><strong>areta</strong></span> <span class='ocrx_word' id='word_1_650' title='bbox 3391 4533 3679 4590; x_wconf 69' lang='lat' dir='ltr'><strong>Boo-bonna</strong></span> <span class='ocrx_word' id='word_1_651' title='bbox 3739 4542 3878 4591; x_wconf 66' lang='lat' dir='ltr'><strong>nata</strong></span> <span class='ocrx_word' id='word_1_652' title='bbox 3939 4541 4062 4590; x_wconf 71' lang='lat' dir='ltr'><strong>erat</strong></span> <span class='ocrx_word' id='word_1_653' title='bbox 4110 4536 4167 4590; x_wconf 77' lang='lat' dir='ltr'><strong>d.</strong></span> <span class='ocrx_word' id='word_1_654' title='bbox 4220 4536 4275 4590; x_wconf 88' lang='grc'>8.</span> <span class='ocrx_word' id='word_1_655' title='bbox 4320 4537 4463 4593; x_wconf 67' lang='lat' dir='ltr'><strong>Non.</strong></span> <span class='ocrx_word' id='word_1_656' title='bbox 4518 4534 4639 4591; x_wconf 64' lang='lat' dir='ltr'><strong>lm</strong></span> 
     </span>
     <span class='ocr_line' id='line_1_93' title="bbox 2697 4601 4649 4685; baseline 0.002 -30"><span class='ocrx_word' id='word_1_657' title='bbox 2697 4601 3055 4685; x_wconf 65' lang='lat' dir='ltr'><strong>(Delaborde,</strong></span> <span class='ocrx_word' id='word_1_658' title='bbox 3202 4617 3290 4657; x_wconf 69' lang='lat' dir='ltr'><strong>ou.</strong></span> <span class='ocrx_word' id='word_1_659' title='bbox 3315 4602 3385 4656; x_wconf 78' lang='lat' dir='ltr'><strong>de</strong></span> <span class='ocrx_word' id='word_1_660' title='bbox 3407 4602 3562 4673; x_wconf 77' lang='lat' dir='ltr'><strong>Roye</strong></span> <span class='ocrx_word' id='word_1_661' title='bbox 3588 4602 3777 4672; x_wconf 61' lang='grc'>3122.)</span> <span class='ocrx_word' id='word_1_662' title='bbox 3832 4602 3923 4657; x_wconf 79' lang='lat' dir='ltr'><strong>De</strong></span> <span class='ocrx_word' id='word_1_663' title='bbox 3958 4605 4313 4673; x_wconf 61' lang='lat' dir='ltr'><strong>moneam</strong></span> <span class='ocrx_word' id='word_1_664' title='bbox 4348 4609 4482 4661; x_wconf 65' lang='lat' dir='ltr'><strong>infin</strong></span> <span class='ocrx_word' id='word_1_665' title='bbox 4514 4620 4649 4660; x_wconf 72' lang='grc' dir='ltr'><strong>..ο</strong></span> 
     </span>
    </p>
   </div>
   <div class='ocr_carea' id='block_1_18' title="bbox 2692 4686 4653 5428">
    <p class='ocr_par' dir='ltr' id='par_1_22' title="bbox 2692 4686 4651 5150">
     <span class='ocr_line' id='line_1_94' title="bbox 2698 4686 4651 4812; baseline -0.001 -20"><span class='ocrx_word' id='word_1_666' title='bbox 2698 4686 2844 4726; x_wconf 69' lang='lat' dir='ltr'><strong>amo</strong></span> <span class='ocrx_word' id='word_1_667' title='bbox 2905 4737 2966 4805; x_wconf 84' lang='lat'><strong>3)</strong></span> <span class='ocrx_word' id='word_1_668' title='bbox 3001 4709 3168 4793; x_wconf 59' lang='lat' dir='ltr'><strong>um·</strong></span> <span class='ocrx_word' id='word_1_669' title='bbox 3190 4739 3439 4806; x_wconf 70' lang='lat' dir='ltr'><strong>affimat</strong></span> <span class='ocrx_word' id='word_1_670' title='bbox 3460 4739 3719 4810; x_wconf 68' lang='lat' dir='ltr'><strong>Lao-quet</strong></span> <span class='ocrx_word' id='word_1_671' title='bbox 3750 4739 3807 4795; x_wconf 76' lang='lat' dir='ltr'><strong>a.</strong></span> <span class='ocrx_word' id='word_1_672' title='bbox 3845 4739 3929 4795; x_wconf 79' lang='lat'><strong>17.</strong></span> <span class='ocrx_word' id='word_1_673' title='bbox 3954 4741 4069 4797; x_wconf 74' lang='lat' dir='ltr'><strong>oet.</strong></span> <span class='ocrx_word' id='word_1_674' title='bbox 4096 4757 4157 4810; x_wconf 72' lang='lat' dir='ltr'><strong>p.</strong></span> <span class='ocrx_word' id='word_1_675' title='bbox 4176 4739 4303 4812; x_wconf 76' lang='lat' dir='ltr'><strong>ees,</strong></span> <span class='ocrx_word' id='word_1_676' title='bbox 4334 4742 4395 4796; x_wconf 65' lang='grc'><strong>8</strong></span> <span class='ocrx_word' id='word_1_677' title='bbox 4424 4742 4511 4797; x_wconf 76' lang='lat'><strong>12</strong></span> <span class='ocrx_word' id='word_1_678' title='bbox 4532 4740 4651 4796; x_wconf 67' lang='lat' dir='ltr'><strong>n«.</strong></span> 
     </span>
     <span class='ocr_line' id='line_1_95' title="bbox 2692 4805 4649 4878; baseline 0.002 -18"><span class='ocrx_word' id='word_1_679' title='bbox 2692 4806 2894 4877; x_wconf 51' lang='lat'><strong>2277,</strong></span> <span class='ocrx_word' id='word_1_680' title='bbox 2929 4807 2985 4863; x_wconf 79' lang='lat' dir='ltr'><strong>d.</strong></span> <span class='ocrx_word' id='word_1_681' title='bbox 3020 4805 3107 4860; x_wconf 79' lang='lat'><strong>17.</strong></span> <span class='ocrx_word' id='word_1_682' title='bbox 3129 4806 3262 4862; x_wconf 81' lang='lat' dir='ltr'><strong>Dec.</strong></span> <span class='ocrx_word' id='word_1_683' title='bbox 3290 4805 3505 4876; x_wconf 53' lang='lat'><strong>2278.-</strong></span> <span class='ocrx_word' id='word_1_684' title='bbox 3540 4808 3700 4878; x_wconf 84' lang='lat' dir='ltr'><strong>Apnd</strong></span> <span class='ocrx_word' id='word_1_685' title='bbox 3736 4808 3954 4864; x_wconf 76' lang='lat' dir='ltr'><strong>viduam</strong></span> <span class='ocrx_word' id='word_1_686' title='bbox 3986 4810 4403 4866; x_wconf 72' lang='lat' dir='ltr'><strong>Feri-ariensem</strong></span> <span class='ocrx_word' id='word_1_687' title='bbox 4438 4818 4649 4865; x_wconf 74' lang='lat' dir='ltr'><strong>—tn-</strong></span> 
     </span>
     <span class='ocr_line' id='line_1_96' title="bbox 2702 4875 4651 4959; baseline -0.001 -27"><span class='ocrx_word' id='word_1_688' title='bbox 2702 4878 2920 4932; x_wconf 77' lang='lat' dir='ltr'><strong>Gnisiae</strong></span> <span class='ocrx_word' id='word_1_689' title='bbox 2963 4875 3154 4929; x_wconf 75' lang='lat' dir='ltr'><strong>habita</strong></span> <span class='ocrx_word' id='word_1_690' title='bbox 3197 4883 3284 4931; x_wconf 83' lang='lat' dir='ltr'><strong>est</strong></span> <span class='ocrx_word' id='word_1_691' title='bbox 3326 4878 3517 4932; x_wconf 84' lang='lat' dir='ltr'><strong>concio</strong></span> <span class='ocrx_word' id='word_1_692' title='bbox 3567 4878 3625 4931; x_wconf 90' lang='lat' dir='ltr'><strong>in</strong></span> <span class='ocrx_word' id='word_1_693' title='bbox 3662 4893 3793 4959; x_wconf 37' lang='lat' dir='ltr'><strong>‘arce</strong></span> <span class='ocrx_word' id='word_1_694' title='bbox 3845 4879 3998 4959; x_wconf 70' lang='lat' dir='ltr'><strong>regia</strong></span> <span class='ocrx_word' id='word_1_695' title='bbox 4042 4878 4113 4932; x_wconf 77' lang='lat' dir='ltr'><strong>ad</strong></span> <span class='ocrx_word' id='word_1_696' title='bbox 4158 4896 4324 4949; x_wconf 69' lang='lat' dir='ltr'><strong>qnam</strong></span> <span class='ocrx_word' id='word_1_697' title='bbox 4374 4880 4553 4935; x_wconf 68' lang='lat' dir='ltr'><strong>ht-</strong></span> <span class='ocrx_word' id='word_1_698' title='bbox 4580 4888 4651 4931; x_wconf 69' lang='grc' dir='ltr'><strong>ιι</strong></span> 
     </span>
     <span class='ocr_line' id='line_1_97' title="bbox 2699 4946 4651 5098; baseline 0.001 -30"><span class='ocrx_word' id='word_1_699' title='bbox 2699 4962 3275 5097; x_wconf 51' lang='lat' dir='ltr'><strong>affirm·</strong></span> <span class='ocrx_word' id='word_1_700' title='bbox 3308 4946 4142 5098; x_wconf 46' lang='lat' dir='ltr'><strong>&amp;saxam-W.</strong></span> <span class='ocrx_word' id='word_1_701' title='bbox 4080 4954 4271 5071; x_wconf 68' lang='grc'>...1.</span> <span class='ocrx_word' id='word_1_702' title='bbox 4286 4949 4477 5073; x_wconf 63' lang='lat'><strong>⁴⁸⁸..-</strong></span> <span class='ocrx_word' id='word_1_703' title='bbox 4490 4948 4651 5073; x_wconf 66' lang='lat'><strong>⁶:-</strong></span> 
     </span>
     <span class='ocr_line' id='line_1_98' title="bbox 2699 5082 4469 5150; baseline 0.002 -11"><span class='ocrx_word' id='word_1_704' title='bbox 2699 5100 2735 5139; x_wconf 88' lang='grc'><strong>8</strong></span> <span class='ocrx_word' id='word_1_705' title='bbox 2759 5084 2962 5150; x_wconf 72' lang='lat' dir='ltr'><strong>firmat.</strong></span> <span class='ocrx_word' id='word_1_706' title='bbox 3037 5082 3124 5150; x_wconf 68' lang='lat' dir='ltr'><strong>Of.</strong></span> <span class='ocrx_word' id='word_1_707' title='bbox 3158 5089 3322 5138; x_wconf 68' lang='lat' dir='ltr'><strong>etnam</strong></span> <span class='ocrx_word' id='word_1_708' title='bbox 3358 5099 3386 5138; x_wconf 80' lang='lat' dir='ltr'><strong>e</strong></span> <span class='ocrx_word' id='word_1_709' title='bbox 3425 5124 3438 5137; x_wconf 89' lang='lat'><strong>.</strong></span> <span class='ocrx_word' id='word_1_710' title='bbox 3479 5082 3699 5139; x_wconf 70' lang='lat' dir='ltr'><strong>Oatms</strong></span> <span class='ocrx_word' id='word_1_711' title='bbox 3730 5084 3789 5138; x_wconf 75' lang='lat' dir='ltr'><strong>d.</strong></span> <span class='ocrx_word' id='word_1_712' title='bbox 3822 5083 3874 5139; x_wconf 85' lang='grc'><strong>8.</strong></span> <span class='ocrx_word' id='word_1_713' title='bbox 3913 5084 4040 5140; x_wconf 72' lang='lat' dir='ltr'><strong>Ion.</strong></span> <span class='ocrx_word' id='word_1_714' title='bbox 4081 5085 4217 5140; x_wconf 70' lang='lat'><strong>1561</strong></span> <span class='ocrx_word' id='word_1_715' title='bbox 4249 5085 4469 5143; x_wconf 55' lang='lat' dir='ltr'><strong>ffl-</strong></span> 
     </span>
    </p>

    <p class='ocr_par' dir='ltr' id='par_1_23' title="bbox 2698 5150 4653 5428">
     <span class='ocr_line' id='line_1_99' title="bbox 2698 5150 4653 5305; baseline 0.001 -30"><span class='ocrx_word' id='word_1_716' title='bbox 2698 5150 3677 5303; x_wconf 41' lang='lat' dir='ltr'><strong>bilimte4inLgd&#39;a&#39;gdarcem13hegbdit</strong></span> <span class='ocrx_word' id='word_1_717' title='bbox 3702 5151 4223 5305; x_wconf 47' lang='lat' dir='ltr'><strong>{Paticffixmngffm</strong></span> <span class='ocrx_word' id='word_1_718' title='bbox 4258 5224 4447 5279; x_wconf 63' lang='grc'>1111108.</span> <span class='ocrx_word' id='word_1_719' title='bbox 4508 5166 4653 5291; x_wconf 59' lang='lat' dir='ltr'><strong>m:</strong></span> 
     </span>
     <span class='ocr_line' id='line_1_100' title="bbox 2698 5288 4653 5428; baseline 0.004 -86"><span class='ocrx_word' id='word_1_720' title='bbox 2698 5289 3016 5428; x_wconf 53' lang='grc' dir='ltr'><strong>ἓὲἱωῐξξέιὶς</strong></span> <span class='ocrx_word' id='word_1_721' title='bbox 3051 5308 3116 5343; x_wconf 77' lang='lat' dir='ltr'><strong>an</strong></span> <span class='ocrx_word' id='word_1_722' title='bbox 3152 5290 3487 5347; x_wconf 73' lang='lat' dir='ltr'><strong>Frankreich</strong></span> <span class='ocrx_word' id='word_1_723' title='bbox 3522 5288 3610 5343; x_wconf 77' lang='lat'><strong>28.</strong></span> <span class='ocrx_word' id='word_1_724' title='bbox 3647 5292 3783 5345; x_wconf 72' lang='lat' dir='ltr'><strong>Nov.</strong></span> <span class='ocrx_word' id='word_1_725' title='bbox 3822 5290 3894 5345; x_wconf 78' lang='lat'><strong>63</strong></span> <span class='ocrx_word' id='word_1_726' title='bbox 3939 5309 4121 5346; x_wconf 72' lang='lat' dir='ltr'><strong>semer</strong></span> <span class='ocrx_word' id='word_1_727' title='bbox 4156 5293 4527 5349; x_wconf 57' lang='lat' dir='ltr'><strong>kim</strong></span> <span class='ocrx_word' id='word_1_728' title='bbox 4552 5292 4653 5348; x_wconf 61' lang='lat' dir='ltr'><strong>fi*</strong></span> 
     </span>
    </p>
   </div>
   <div class='ocr_carea' id='block_1_19' title="bbox 4751 5 4821 6072">
    <p class='ocr_par' dir='ltr' id='par_1_24' title="bbox 4751 5 4821 6072">
     <span class='ocr_line' id='line_1_101' title="bbox 4751 5 4821 6072; baseline 0 0"><span class='ocrx_word' id='word_1_729' title='bbox 4751 5 4821 6072; x_wconf 95' lang='lat' dir='ltr'><strong> </strong></span> 
     </span>
    </p>
   </div>
  </div>
 </body>
</html>
