4900 6125
594 390 722 458 427

595 576 856 645 assidue
922 584 992 639 ut
1055 571 1365 641 ecclesiae
1431 591 1590 637 suae
1656 568 1825 635 adsit
1890 579 1959 634 et
2023 569 2428 635 truculentos
2488 577 2558 633 et

595 663 1052 748 sanguinarios
1085 658 1238 724 illos
1274 651 1562 723 latrones
1610 667 1884 722 evertat.
1965 653 2145 722 Sane
2181 655 2554 739 inauspica-

595 759 738 816 tum
775 761 874 814 est
912 744 1101 830 quod,
1146 763 1352 828 quum
1397 743 1602 808 nostri
1646 744 1742 807 ita
1784 743 1919 808 sint
1962 743 2285 818 instructi,
2331 741 2559 807 sinant

595 835 717 903 sibi
766 835 835 899 in
879 841 1229 915 conspectu
1275 830 1371 893 eri
1420 830 1439 892 i
1500 839 1615 893 aut
1673 827 1979 912 occupari
2025 827 2374 911 Estampes
2391 830 2448 900 ²)
2492 833 2561 891 et

596 923 812 1004 copias
874 915 1174 1002 progredi
1237 851 1729 999 Rotbomagum
1792 934 2037 1012 versus.
2125 912 2265 980 Cur
2324 912 2562 1011 nostri,

596 1028 800 1091 quum
845 1004 1063 1069 hostes
1108 1001 1475 1067 exercitum
1520 1021 1716 1066 suum
1761 998 2085 1076 dividant,
2135 1020 2260 1063 non
2311 996 2560 1063 medios

597 1113 667 1159 se
713 1093 1024 1175 ingerunt
1071 1105 1136 1153 ct
1181 1097 1436 1171 partem
1481 1085 1758 1152 alteram
1818 1084 2192 1151 invadunt?
2282 1083 2557 1151 Utinam

595 1178 779 1244 brevi
849 1174 1196 1240 audiamus
1253 1172 1528 1239 feliciter
1584 1192 1918 1256 pugnasse
1976 1183 2248 1236 nostros.
2341 1168 2560 1235 Hodie

598 1262 792 1330 audio
817 1261 1242 1345 Boavyzerum
1286 1259 1504 1343 copias
1540 1257 1949 1324 conscribere
1973 1256 2252 1340 Hispani
2292 1256 2557 1321 nomine

599 1351 668 1416 in
714 1348 1094 1415 Germania.
1163 1346 1387 1412 Nostri
1431 1365 1556 1426 quo
1602 1363 1685 1408 ue
1731 1344 1926 1409 vicini
1970 1342 2284 1408 foederati
2331 1343 2395 1406 in
2435 1340 2559 1407 hoc

598 1447 759 1503 sunt
793 1435 916 1498 toti
959 1441 1033 1498 ut
1068 1441 1425 1497 excurrant
1461 1431 1525 1495 in
1624 1429 1862 1494 alliam.
1944 1428 2323 1494 Potuissent
2350 1427 2561 1493 nostri

645 1520 1008 1586 rohibuisse
1052 1518 1166 1583 illa
1209 1517 1450 1592 omnia,
1497 1517 1551 1581 si
1600 1526 1858 1581 mature
1905 1515 2230 1600 progressi
2275 1513 2564 1578 fuissent

597 1629 670 1674 1n
731 1607 1003 1672 hostem.
1093 1603 1346 1668 Verum
1420 1611 1522 1666 sat
1589 1603 1717 1667 cito
1796 1603 1848 1666 si
1918 1611 2022 1667 sat
2089 1600 2273 1666 bene.
2363 1597 2560 1679 Quod

602 1691 854 1768 scribis,
902 1711 1020 1755 nos
1064 1701 1132 1755 et
1177 1689 1371 1754 urbes
1414 1687 1828 1771 evangelicas
1872 1687 2130 1771 frigere,
2177 1705 2332 1751 vere
2379 1684 2560 1750 dicis.

599 1779 693 1844 Et
735 1799 858 1863 ego
905 1776 1026 1841 hoc
1072 1776 1267 1840 anxie
1303 1794 1542 1857 queror
1576 1785 1644 1838 et
1693 1773 1867 1838 insto
1918 1783 2236 1856 quantum
2273 1790 2560 1854 possum.

600 1863 740 1931 Sed
775 1864 1089 1929 maiorem
1147 1873 1300 1944 opto
1345 1880 1733 1926 successum.
1819 1859 2030 1923 Fama
2067 1857 2259 1922 hodie
2315 1856 2561 1934 attulit,

601 1949 916 2036 quosdam
963 1961 1026 2014 et
1075 1951 1110 2010 5
1159 1946 1357 2031 Pagis
1421 1946 1711 2029 cogitare
1769 1944 1849 2010 de
1913 1942 2364 2028 opprimendis
2409 1940 2562 2008 Ola-

601 2034 1016 2112 ronensibus,
1035 2034 1094 2115 ⁸)
1139 2030 1312 2115 quod
1357 2031 1482 2097 sibi
1529 2031 1813 2096 habeant
1856 2051 2258 2113 persuasum,
2316 2049 2386 2094 se
2426 2048 2566 2093 non

600 2141 792 2207 posse
833 2119 1039 2185 libere
1083 2119 1155 2182 in
1199 2117 1492 2184 Galliam
1539 2117 1857 2200 proficisci
1906 2117 2036 2181 nisi
2080 2115 2186 2180 his
2237 2115 2566 2198 oppressis

604 2217 674 2274 et
714 2205 902 2272 nobis
948 2224 1205 2289 quoque
1247 2204 1598 2269 subversis.
1692 2203 1880 2268 Missi
1927 2217 2082 2268 sunt
2118 2200 2567 2300 exploratores

606 2293 720 2377 qui
775 2299 1048 2358 conatus
1109 2293 1384 2355 istorum
1444 2296 1857 2373 cognoscant.
1949 2287 2222 2354 Certum
2263 2297 2364 2351 est
2407 2293 2567 2351 istos

605 2389 864 2444 tantum
931 2398 1066 2441 non
1123 2376 1432 2441 insanire.
1525 2379 1623 2440 Ac
1687 2385 2032 2458 postquam
2094 2371 2280 2438 divisi
2340 2393 2568 2437 sumus

605 2467 676 2530 in
744 2462 1069 2538 Helvetia,
1156 2460 1402 2538 dubito,
1471 2462 1525 2525 si
1597 2460 1680 2526 ab
1747 2459 2073 2544 aliquibus
2139 2467 2568 2524 monerentur

607 2548 1135 2634 Burgundiones,
1211 2548 1405 2612 sicuti
1451 2561 1525 2611 tu
1569 2567 1815 2622 mones,
1883 2568 1968 2612 an
2014 2553 2564 2641 optemperarent.

603 2638 812 2703 Plura
855 2635 1263 2717 colloquutus
1307 2654 1454 2697 sum
1498 2652 1648 2698 cum
1692 2633 1895 2697 fratre
1931 2647 2156 2695 nostro
2202 2630 2325 2696 hoc
2372 2629 2564 2704 Iulw,

605 2723 717 2806 qui
763 2720 984 2787 omnia
1029 2717 1146 2783 tibi
1196 2719 1451 2784 referet.
1540 2716 1830 2784 Oremus
1864 2718 2249 2794 Dominum,
2315 2716 2386 2779 in
2435 2735 2566 2799 quo

605 2829 738 2873 uno
782 2808 916 2872 fixa
956 2819 1057 2871 est
1101 2826 1252 2889 spes
1298 2813 1538 2880 nostra,
1586 2825 1669 2868 ne
1712 2825 1832 2869 nos
1877 2802 2135 2870 deserat
2180 2813 2378 2885 atque
2414 2799 2565 2865 hos·

607 2894 786 2960 tibus
828 2911 944 2958 ora
983 2891 1233 2974 aperiat
1289 2889 1613 2975 gloriandi
1671 2888 1866 2955 fidem
1925 2899 2220 2954 nostram
2265 2906 2407 2952 esse
2452 2907 2567 2950 va·

608 2999 785 3045 nam.
876 2976 1114 3043 Nescio
1157 2996 1240 3041 an
1298 2976 1547 3042 ultimis
1605 2974 1813 3041 literis
1869 2974 2298 3074 significarim
2340 2994 2379 3037 a
2421 2971 2569 3055 qui-

608 3064 888 3132 busdam
931 3061 1408 3129 Basiliensibus
1451 3063 1773 3128 usurariis
1836 3071 1968 3145 peti
2012 3061 2357 3145 pecuniam
2403 3078 2573 3142 quae

607 3149 928 3217 militibus
971 3148 1229 3233 erogari
1272 3150 1498 3231 possit,
1543 3148 1776 3214 saltem
1825 3157 1899 3212 ut
1937 3167 2023 3212 ex
2058 3145 2369 3212 Helvetia
2408 3142 2571 3209 edu·

609 3248 866 3304 cantur.
957 3234 1047 3299 Et
1093 3234 1264 3317 quod
1309 3235 1520 3300 Mosei
1563 3235 1944 3317 irruperunt
1998 3234 2070 3297 in
2114 3230 2425 3297 Russiam
2471 3240 2569 3294 at·

607 3344 735 3407 que
779 3341 980 3404 supra
1023 3324 1152 3384 200
1215 3319 1713 3386 combusserunt
1756 3340 1977 3404 pagos.
2067 3317 2259 3396 Vale,
2305 3317 2410 3381 vir
2451 3314 2571 3415 ¹¹⁰?

609 3406 903 3475 norande
948 3416 1014 3470 et
1055 3405 1262 3471 frater
1305 3407 1659 3482 carissime,
1727 3417 1795 3470 et
1847 3425 2043 3488 quam
2089 3405 2379 3486 primum
2426 3404 2573 3467 fieri

608 3504 826 3579 potest
869 3491 1080 3558 scribe
1123 3492 1205 3557 de
1249 3491 1444 3557 rebus
1488 3501 1866 3557 nostrorum
1910 3492 1981 3554 in
2026 3489 2267 3555 Gallia.
2351 3488 2571 3554 Vehe-

609 3590 872 3645 menter
937 3576 1116 3642 enim
1182 3578 1362 3642 anxii
1429 3598 1657 3643 sumus
1721 3588 1788 3642 et
1852 3578 1921 3641 in
2001 3595 2298 3641 moerore
2488 3574 2571 3640 vi.

611 3664 848 3750 'Piguri
887 3666 968 3727 30
1005 3662 1165 3729 Maii
1221 3668 1400 3728 1562.
1486 3662 1724 3729 Saluta
1757 3662 2114 3739 Budaeum,
2155 3660 2276 3727 Ion
2327 3661 2338 3673 ⁶
2468 3680 2575 3726 um

613 3760 682 3817 et
723 3749 906 3815 alios.
999 3747 1318 3815 Salutant
1363 3762 1428 3814 te
1474 3749 1680 3814 nostri
1734 3769 1984 3826 omnes,
2040 3747 2344 3831 inprimis
2390 3745 2574 3813 Mar-

611 3842 715 3920 ὑφ’
757 3844 879 3901 etc.

1336 3971 1520 4037 Tuus
1564 3991 1647 4036 ex
1695 3971 1913 4035 animo
1953 3969 2397 4054 Bullingerus.

818 4124 880 4189 2)
917 4124 1172 4205 Languet
1205 4122 1254 4177 3.
1297 4123 1426 4178 Mas·
1443 4139 1513 4204 p.
1550 4124 1678 4177 222:
1725 4124 1826 4177 Die
1863 4124 2073 4205 partis,
2112 4140 2252 4205 qnae
2298 4123 2416 4202 erit·
2446 4121 2484 4175 ὃ
2518 4122 2571 4175 b.

613 4213 683 4250 m.
723 4192 1122 4247 Connesubihs
1158 4200 1216 4244 et
1243 4193 1522 4246 Aumalms
1558 4193 1792 4247 educent
1825 4192 1950 4246 lunc
1984 4193 2261 4259 (Luam)
2295 4206 2483 4261 copias
2516 4198 2576 4245 et

688 4274 810 4316 tent
844 4260 1103 4330 oppidum
1141 4261 1434 4331 Est-rupes
1470 4262 1615 4330 quod
1653 4270 1739 4315 est
1781 4262 1836 4315 in
1883 4262 1971 4315 via
2018 4261 2416 4325 Aurelianensi,
2468 4260 2575 4313 nisi

636 4340 758 4386 orte
807 4348 902 4385 eos
954 4330 1312 4399 praeveniant
1357 4331 1779 4384 ⁴aurelianenses
1832 4331 1927 4400 qni
1981 4331 2089 4383 iam
2140 4348 2173 4382 v
2315 4336 2407 4382 tur
2451 4344 2574 4381 cnm

617 4402 863 4470 equitatu
900 4408 958 4451 et
997 4397 1249 4451 videntur
1266 4401 1466 4452 moturi
1493 4406 1682 4453 casm.
1731 4399 2159 4469 Rotomagenses
2195 4415 2226 4452 e
2295 4399 2402 4453 essi
2438 4398 2574 4450 urbe

617 4486 794 4538 nuper
829 4468 1168 4536 dissiparunt
1213 4468 1421 4536 aliquot
1467 4468 1720 4523 cohortes
1746 4468 2000 4551 ‚militnm
2047 4484 2186 4537 quse
2270 4484 2336 4521 uc
2383 4465 2573 4521 tende·

615 4540 776 4662 ¹²:130&
813 4536 1064 4659 affin.
1093 4544 1443 4663 *115⁰*ss
1480 4606 1553 4661 IL
1590 4542 1798 4728 6ἷὲἴὴ
2059 4538 2112 4590 ‘³‘
2165 4536 2246 4589 ω’
2295 4536 2433 4604 '⁴⁹⁹⁸
2478 4534 2575 4599 (ὰ

707 4746 712 4753 ἡ
813 4674 884 4754 ,3)
923 4673 1004 4728 Ν.
1040 4672 1177 4727 3767
1214 4684 1326 4756 ποι..
1359 4673 1395 4728 8
1429 4680 1482 4731 st
1514 4674 1579 4726 N.
1614 4673 1683 4728 37
1721 4675 1750 4727 1
1799 4683 1908 4729 not.
1943 4674 1992 4728 3.
2071 4673 2292 4755 Reuehat
2339 4673 2432 4727 V1.
2468 4670 2573 4726 444

616 4761 712 4865 ε’*
735 4743 1452 4895 z‘s‘m’mawm
1475 4744 1878 4881 2:333?ss
1902 4743 2302 4882 ⁹3:22&
2251 4760 2298 4797 ⁰·
2334 4740 2577 4866 {affl-⁴2

623 4880 983 4936 Claronmes
1013 4897 1222 4950 pssum

2107 377 2635 448 EPISTOLAE
2682 383 3109 446 3796—3800

4470 396 4569 461 428

3545 570 3743 642 87⁹7.

3056 723 3730 794 BULLINGERUS
3782 726 4221 797 OALVINO.

2846 894 3052 978 Usque
3086 896 3218 979 ayit
3259 894 3335 960 de
3371 896 3697 976 Helvetiis,
3736 901 4015 966 modone
4050 899 4316 968 Rhodis
4348 904 4413 968 in
4448 903 4579 971 Gal-

2661 980 2821 1047 liam
2863 981 3192 1046 accendis
3236 987 3305 1046 ut
3351 980 3661 1049 condensi
3705 985 4028 1052 amaeam
4068 987 4298 1069 ferant.

2657 1152 2769 1219 (Ex
2820 1152 3158 1223 autographo
3197 1154 3360 1208 Areh.
3398 1155 3577 1210 Turio.
3611 1155 3757 1211 Plut.
3804 1156 3903 1214 VI.
3940 1156 4057 1214 Vol.
4106 1156 4224 1226 129,
4270 1161 4397 1213 olim
4439 1160 4583 1215 Setis„

2890 1222 2952 1274 B.
2988 1223 3128 1293 Epp.
3166 1222 3320 1277 Tom.
3356 1223 3440 1278 30.
3479 1225 3569 1279 fol.
3606 1223 3726 1279 434.
3766 1253 3829 1263 —
3866 1227 4064 1282 Simler
4098 1227 4222 1282 Vol.
4260 1227 4399 1296 104.)

2836 1393 3218 1459 Clarissimo
3278 1395 3361 1460 D.
3407 1396 3643 1461 Ioanni
3701 1396 3982 1464 Calvino
4041 1399 4447 1467 Genevensis
4501 1422 4589 1467 ee·

2661 1479 2899 1545 clesiae
2944 1480 3323 1546 fidelissimo
3368 1482 3615 1564 pastori
3674 1495 3743 1548 et
3806 1506 3884 1549 eo
3940 1485 4211 1552 absente
4254 1485 4341 1551 D.
4385 1486 4590 1552 Ioanni

2663 1565 2938 1631 Budaeo
2995 1567 3102 1631 vel
3148 1566 3511 1633 Ionvillaeo
3566 1568 3848 1635 dominis
3903 1571 4305 1637 honorandis
4362 1585 4424 1638 et
4482 1574 4591 1637 fra-

2665 1649 2878 1717 tribus
2921 1652 3279 1718 carissimis
3325 1656 3505 1718 meis.

4230 1744 4447 1811 Genff.

2838 1909 2909 1976 S.
2956 1909 3039 1975 D.
3088 1911 3308 1994 Cogor
3345 1910 3466 1976 has
3509 1911 3795 1978 scribere
3840 1934 4035 1997 quam
4080 1915 4436 1992 celerrime,
4478 1936 4599 2000 pro-

2665 1995 2821 2061 inde
2863 1994 3262 2062 condonabis
3321 1997 3510 2075 mihi,
3566 1997 3948 2065 honorande
3994 1999 4254 2067 domine
4299 2013 4367 2067 et
4422 2002 4602 2066 frater

2666 2081 2861 2165 longe
2904 2082 3261 2147 carissime.
3351 2081 3541 2148 Missi
3586 2094 3745 2149 sunt
3810 2106 3850 2149 a
3894 2087 4138 2153 nostris
4180 2087 4603 2170 exploratores

2666 2167 2749 2231 ad
2788 2173 2845 2231 5.
2870 2167 3106 2252 Pagos.
3176 2166 3502 2248 Redeunt,
3538 2171 3835 2235 referunt-
3869 2170 4015 2236 illos
4051 2183 4405 2256 erupturos
4429 2175 4605 2239 etiam

2668 2253 2812 2318 siue
2870 2253 3164 2335 pecunia.
3226 2253 3441 2318 Aiunt
3498 2254 3646 2321 illos
3689 2266 3920 2322 octavo
3965 2257 4163 2324 huius
4203 2260 4602 2342 profecturos.

2668 2337 2929 2404 Ardent
2971 2339 3246 2406 mirifico
3300 2349 3527 2406 contra
3573 2341 3939 2408 haereticos
3983 2344 4219 2420 studio,
4286 2344 4421 2410 imo
4458 2342 4605 2410 odio.

2669 2423 2923 2490 Omnes
2983 2424 3350 2502 conficient,
3422 2427 3477 2492 si
3535 2426 3866 2495 Dominus
3925 2430 4313 2512 permiserit.
4418 2428 4607 2514 Spero

2670 2519 2892 2575 tamen
2938 2510 3327 2575 inventuros
3371 2511 3518 2577 illos
3561 2511 3786 2578 divina
3829 2513 4316 2597 dispensatione
4361 2529 4426 2582 et
4457 2514 4606 2580 iudi·

2670 2597 2768 2660 cio
2836 2596 3191 2661 iustissimo
3248 2596 3419 2680 quod
3475 2620 3603 2662 non
3649 2609 3992 2682 quaerunt.
4084 2601 4296 2667 Fama
4339 2613 4442 2668 est
4480 2601 4610 2666 illos

2671 2682 2878 2746 ituros
2920 2702 3037 2766 per
3081 2681 3538 2766 Burgundiam
3575 2685 3943 2750 Divionem.
4033 2685 4292 2752 lactant
4336 2709 4408 2753 se
4444 2688 4609 2753 habi·

2672 2776 2856 2832 turos
2900 2766 3268 2833 Germanos
3311 2777 3381 2833 et
3422 2768 3758 2852 Hispanos
3802 2773 4008 2838 socios
4053 2772 4225 2838 belli.
4294 2772 4612 2839 Obstitere

2673 2852 2993 2920 hactenus
3038 2855 3247 2919 nostri
3290 2865 3613 2936 quantum
3658 2867 4039 2940 potnerunt,
4086 2858 4203 2924 sed
4237 2857 4613 2925 Fweliekiss

2671 2938 2785 3004 ille
2830 2940 3109 3024 impiger
3151 2949 3266 3005 est.
3346 2941 3453 3005 Ita
3499 2963 3652 3008 vero
3685 2944 4155 3027 gratitudinem
4190 2965 4382 3011 suam
4418 2943 4613 3011 decla-

2674 3035 2779 3090 rat
2841 3026 2912 3091 in
2957 3024 3250 3092 Galliam
3314 3047 3481 3110 quae
3545 3049 3629 3094 ex
3692 3029 3993 3097 mendico
4055 3028 4402 3098 dominum
4456 3029 4611 3097 fecit.

2675 3110 2815 3177 Oro
2882 3110 3243 3178 Dominum
3308 3122 3376 3179 et
3450 3114 3679 3180 sedulo
3733 3117 3915 3184 dico:
4004 3115 4282 3202 Dissipa
4348 3117 4617 3184 Domine

2675 3208 2935 3283 gentem
3006 3218 3176 3282 quae
3237 3199 3410 3265 bella
3474 3201 3636 3266 vult.
3726 3202 3985 3269 Deinde
4049 3202 4311 3270 videtur
4373 3214 4617 3270 mature

2675 3283 3128 3350 admonendus
3194 3283 3299 3349 111.
3374 3284 3718 3354 Conclericis
3794 3310 3879 3355 ne
3958 3289 4253 3374 negligat
4316 3290 4615 3356 Rhaetos.

2675 3370 2871 3435 Natio
2915 3369 3077 3437 haec
3119 3368 3478 3437 fortissima
3498 3384 3599 3439 est
3621 3384 3690 3439 et
3724 3374 4074 3458 aliquando
4110 3376 4255 3460 regi
4292 3375 4621 3443 stanam

2675 3460 2844 3522 2000
2909 3454 3093 3522 dedit
3148 3456 3433 3523 militum
3488 3460 4008 3526 fortissimorum.
4096 3461 4250 3528 Scio
4315 3462 4621 3545 anysiu-

2673 3543 2844 3609 serio
2884 3542 3135 3608 instare
3179 3549 3259 3608 nt
3300 3544 3580 3610 militem
3626 3545 3737 3612 det
3758 3546 4062 3612 Rhaetia.
4132 3548 4279 3632 Ego
4302 3567 4622 3632 quaeeun-

2671 3650 2799 3711 que
2846 3627 3085 3693 habere
3120 3630 3305 3711 potui
3350 3631 3743 3715 scriptorum
3782 3630 4125 3699 Gondeusis
4156 3654 4274 3717 per
4310 3633 4621 3700 Ioannem

2674 3713 3036 3779 Fabi-{tium
3071 3724 3394 3798 pastorem
3423 3716 3811 3784 Ouriensem
3847 3718 4431 3803 vigilantissimum
4459 3738 4623 3786 com·

2670 3801 3008 3867 manicavi
3067 3800 3560 3884 potentioribus,
3622 3814 3691 3868 et
3747 3824 3865 3887 per
3930 3804 4209 3888 gratiam
4258 3804 4392 3871 Dei
4448 3803 4621 3870 effeti

2673 3896 2749 3951 nt
2814 3885 3031 3970 palam
3097 3886 3169 3951 in
3234 3888 3516 3953 comitiis
3580 3887 4014 3956 Ouriensibus
4078 3913 4259 3957 nunc
4328 3890 4625 3977 negarint

2673 3971 2949 4037 militem
3000 3972 3258 4054 Guysio.
3350 3971 3545 4053 Quod
3588 3976 4030 4041 certissimum
4074 3988 4192 4042 est.
4274 3977 4429 4045 Hac
4476 3978 4627 4042 hors

2673 4058 2919 4141 accipio
2964 4057 3188 4123 literas
3232 4057 3436 4123 Curia
3478 4061 3925 4144 significantes
3966 4064 4385 4146 profuturum
4434 4060 4625 4147 pluri·

2674 4165 2854 4209 mum
2900 4144 2955 4209 si
2992 4144 3234 4210 scribat
3277 4144 3368 4209 ill.
3416 4147 3720 4231 princeps
3763 4148 4009 4215 amicas
4051 4148 4134 4212 ad
4178 4149 4357 4232 ipsos
4394 4150 4627 4214 literas.

2674 4230 2783 4295 Ita
2826 4228 3284 4294 retinebuntur
3326 4231 3396 4293 in
3441 4231 3675 4298 officio.
3764 4230 3939 4299 Sunt
3997 4233 4245 4318 alioqui
4288 4236 4484 4300 multi
4527 4230 4631 4316 qni

2673 4315 2962 4381 clamant
2996 4337 3068 4380 se
3102 4315 3447 4398 praeteriri
3481 4320 3959 4403 contemnique.
4032 4322 4196 4404 Age,
4242 4322 4336 4385 mi
4375 4321 4633 4386 domine

2675 4417 2743 4465 et
2797 4402 3017 4477 frater,
3084 4402 3269 4466 effice
3327 4410 3404 4466 ut
3459 4404 3786 4470 scribatur
3844 4403 3929 4469 ad
3982 4425 4111 4471 eos.
4202 4404 4279 4471 Si
4343 4427 4481 4472 non
4522 4425 4631 4489 per

2675 4487 3040 4570 principem
3084 4487 3299 4552 curari
3346 4499 3614 4570 pooeent
3656 4489 3913 4567 melius,
3959 4511 4085 4574 ego
4126 4493 4375 4575 optime
4416 4504 4633 4577 potero

2675 4573 2898 4637 literas
2942 4592 3194 4651 curare,
3240 4586 3305 4638 et
3349 4577 3477 4639 cito
3520 4584 3589 4640 et
3632 4587 3792 4653 tuto,
3838 4577 3895 4641 si
3941 4576 4047 4641 vel
4092 4576 4175 4642 ad
4218 4598 4327 4643 me
4374 4580 4633 4643 mittan·

2675 4669 2801 4723 tur.
2902 4658 2993 4723 Et
3058 4657 3340 4724 libenter
3402 4660 3656 4726 faciam.
3760 4661 3914 4726 Non
3980 4660 4209 4729 desino
4268 4664 4440 4731 alias
4494 4663 4635 4729 illos

2675 4743 2924 4810 hortari
2966 4754 3036 4811 et
3078 4745 3363 4811 retinere
3406 4756 3527 4812 etc.
3616 4746 3880 4813 Scribat
3935 4760 4153 4814 autem
4210 4748 4633 4833 amplissimis

2676 4829 2857 4896 Coss.
2884 4828 3314 4896 Ouriensibus
3350 4842 3417 4896 et
3438 4830 4038 4900 communitatibus
4074 4835 4276 4900 trium
4299 4834 4633 4901 foederum

2673 4914 2999 4982 Rhaetiae
3042 4926 3163 4981 ete.
3256 4916 3422 4983 Vale
3482 4928 3551 4984 et
3592 4928 3819 4985 curato
3862 4918 4025 4985 haec
4068 4941 4187 5004 pro
4230 4932 4349 4987 tua
4394 4921 4529 4988 fide
4569 4930 4633 4985 st

2674 5000 3018 5087 diligentia
3059 5003 3212 5069 cito.
3297 5000 3381 5067 D.
3421 5002 3679 5088 Martyr
3716 5014 3785 5071 et
3826 5016 4237 5090 symmystae
4278 5006 4631 5073 honorifico

2676 5096 2743 5238 {e
2804 5095 3080 5171 tuosque
3136 5088 3443 5154 salutant.
3548 5089 3875 5157 Dominus
3930 5090 4269 5159 benedicat
4324 5094 4467 5159 tibi.
4572 5098 4627 5156 4.

2717 5174 2855 5238 unii
2909 5178 3089 5238 1562.

3342 5295 3767 5380 Heinrychus
3809 5297 4235 5384 Bullingsrus
4278 5308 4457 5365 tuus.
