4900 6125
1986 1763 2564 1863 MDLXIII.

1878 1914 2108 2000 (MAI.
2135 1952 2221 1962 -
2246 1916 2688 2002 neonus.)

1135 2118 1333 2189 8942.

682 2273 1157 2342 OALVINUS
1203 2271 1807 2340 IENKWITZIO.

432 2449 786 2520 Memoriae
858 2467 1055 2514 causa
1118 2445 1593 2528 peregrinantis
1667 2445 1804 2511 albo
1868 2443 2215 2510 amicorum

265 2539 639 2620 inscriptum
681 2539 887 2599 votum
927 2531 1417 2600 valedictorium.

261 2708 371 2773 (Ex
407 2708 727 2762 authentico
762 2706 820 2759 in
867 2709 1117 2760 nostrum
1162 2718 1317 2755 nsum
1365 2701 1699 2770 descriptum
1744 2706 1830 2755 est
1864 2719 1897 2753 a
1932 2701 2051 2754 viro
2086 2700 2217 2753 clar.

263 2775 431 2832 Gillet
470 2774 916 2838 Vratislaviensi,
969 2771 1546 2905 cuingubegigxtmeosunt
1605 2769 1985 2825 annotationes
2038 2768 2219 2823 textui

883 3012 1193 3080 Christus
1239 3010 1477 3076 Matth.
1532 3013 1629 3075 10.

432 3189 746 3255 Christus
791 3206 921 3251 non
970 3184 1111 3249 vult
1162 3191 1240 3248 ut
1293 3182 1691 3248 arbitremur
1745 3179 1919 3264 quod
1962 3181 2223 3245 venerit

259 3275 339 3341 ad
384 3273 783 3340 mittendam
819 3291 1048 3356 pacem
1094 3270 1166 3333 in
1203 3277 1467 3345 terram,
1514 3265 1627 3332 sed
1709 3265 1980 3331 ladium.
2048 3264 2221 3330 Nam

258 3361 451 3427 venit
496 3366 570 3425 ut
614 3357 930 3425 dissidere
974 3355 1169 3420 faciat
1213 3353 1550 3417 hominem
1693 3372 1926 3417 versus
1965 3360 2222 3435 patrem

258 3467 465 3512 snum
511 3455 579 3509 et
618 3444 825 3510 filiam
864 3441 1181 3508 adversus
1218 3447 1495 3504 matrem
1531 3446 1597 3501 et
1633 3458 1946 3520 sponsum
1984 3435 2221 3503 adver·
2272 3478 2277 3495 .

256 3554 369 3598 sus
406 3552 693 3597 socrum.
762 3530 856 3594 Et
898 3527 1198 3591 inimicos
1242 3522 1531 3588 hominis
1577 3542 1689 3588 eos
1738 3524 1994 3587 futuros
2030 3541 2220 3604 prae-

3205 2119 3404 2192 3943.

2720 2291 3394 2361 BULLINGERUS
3442 2291 3880 2359 GALVINO.

2497 2480 2706 2548 Plura
2738 2482 2934 2548 tradit
2975 2501 3155 2560 nova,
3194 2485 3262 2545 ut
3295 2481 3653 2562 plurimum
3687 2482 3948 2548 incertos
3970 2502 4278 2562 rumores,

2320 2566 2730 2719 ffifflia,
2781 2567 3150 2646 Germania,
3198 2567 3398 2634 Italia
3448 2588 3569 2650 per
3624 2567 3786 2633 alios
3849 2587 4057 2635 secum
4121 2587 4280 2634 com·

2320 2843 2433 2910 (Ex
2481 2841 2818 2910 autographo
2854 2841 3019 2895 Arch.
3057 2841 3236 2896 Turio.
3270 2841 3416 2896 Plut.
3462 2841 3560 2897 VI.
3595 2841 3715 2897 Vol.
3762 2840 3878 2910 129,
3924 2842 4059 2895 olim
4108 2841 4284 2896 Sci-in.

2551 2912 2616 2963 B.
2654 2911 2792 2981 Epp.
2831 2909 2984 2965 Tom.
3021 2908 3105 2964 30.
3140 2910 3233 2965 fol.
3267 2908 3388 2964 457.
3426 2937 3492 2949 —
3527 2910 3724 2965 Simler
3757 2911 3880 2966 Vol.
3917 2907 4060 2978 10⁷.)

2498 3099 2881 3167 Clarissimo
2947 3100 3086 3166 viro
3129 3099 3216 3165 D.
3261 3100 3498 3166 Ioanni
3533 3098 3815 3166 Calvino
3863 3097 4280 3165 Genevensis

2326 3187 2636 3254 ecclesiae
2679 3185 3061 3253 fidelissimo
3104 3186 3356 3269 pastori
3399 3185 3663 3252 domino
3707 3206 3855 3252 meo
3897 3183 4283 3251 honorando

2326 3282 2394 3338 et
2434 3273 2628 3338 fratri
2672 3272 3030 3339 carissime.
3897 3356 4120 3422 Genffi

2497 3528 2569 3595 S.
2616 3527 2699 3593 D.
2748 3526 2902 3594 Scio
2946 3549 3108 3594 sane
3152 3527 3387 3610 quibus
3430 3527 3825 3611 opprimaris
3869 3528 4284 3612 negotiorum

258 3617 437 3683 dixit
487 3617 543 3683 si
587 3618 699 3700 qui
744 3621 903 3679 sunt
947 3610 1285 3678 domestici
1328 3608 1552 3693 ipsius.
1643 3607 1831 3689 Quae
1876 3606 2222 3674 verissima
2270 3634 2277 3707 ιι
2325 3615 2539 3691 undis,
2585 3612 2966 3679 honorande
3010 3610 3273 3679 domine
3317 3622 3385 3678 et
3426 3614 3632 3678 frater
3675 3614 4039 3678 carissime:
4108 3610 4288 3677 unde

257 3724 403 3770 esse
452 3723 682 3786 reapse
747 3699 1128 3783 experimur
1192 3693 1402 3761 hodie.
1493 3693 1811 3759 Nostrum
1857 3700 2075 3758 autem
2120 3702 2222 3758 est

256 3788 520 3855 Christi
564 3786 911 3853 consilium
976 3785 1044 3848 in
1102 3778 1477 3847 huiusmodi
1523 3780 1994 3844 tentationibus
2037 3780 2221 3861 sequi

257 3874 434 3958 qnod
483 3874 708 3939 Lucae
753 3875 834 3934 22
882 3869 1011 3935 dat.
1100 3865 1234 3934 Sed
1291 3887 1466 3932 nunc
1534 3864 1805 3949 (inquit)
1865 3865 1978 3948 qui
2023 3863 2223 3929 habet

254 3958 601 4026 sacculum
667 3956 878 4035 tollat,
960 3953 1264 4022 similiter
1328 3960 1395 4017 et
1460 3962 1708 4035 peram,
1777 3960 1844 4014 et
1904 3951 2017 4033 qui
2084 3969 2222 4014 non

257 4046 471 4112 habet
512 4043 762 4109 vendat
804 4043 1098 4107 tunicam
1156 4059 1341 4103 suam
1401 4046 1467 4102 et
1510 4045 1689 4102 emat
1732 4035 2042 4121 gladium.
2130 4035 2224 4099 Il-

254 4130 514 4215 ludque
555 4138 895 4214 praeterea
939 4127 1125 4192 nobis
1158 4122 1572 4210 persuadere,
1619 4122 1960 4188 Christum
2005 4119 2223 4185 nobis-

254 4238 416 4283 cum
488 4236 747 4299 semper
812 4216 1105 4279 futurum
1173 4230 1384 4293 usque
1444 4207 1527 4272 ad
1590 4206 2224 4275 consummationem

255 4302 533 4375 saeculi,
600 4310 777 4368 certo
841 4297 1005 4364 illud
1051 4294 1493 4363 statuentibus
1536 4295 1790 4359 animas
1850 4300 2110 4359 nostras
2154 4293 2224 4357 in

254 4390 590 4483 patientia
633 4407 749 4453 nos
795 4383 1149 4467 aliquando
1192 4380 1459 4447 tandem
1505 4399 1934 4463 possessuros.

1064 4520 1336 4605 Insigne
1381 4519 1693 4603 Regnum
1738 4515 2016 4583 Galliae.

954 4658 1261 4725 Christus
1305 4656 1511 4722 vincit
1552 4654 1863 4721 Christus
1907 4660 2139 4737 regnat

1189 4742 1503 4809 Christus
1540 4742 1839 4824 imperat.
1872 4744 1919 4816 1)

255 4936 465 4991 8942.
484 4936 541 5002 1)
580 4934 918 5002 Subscriptio
969 4932 1125 4985 nulla
1177 4929 1333 4983 adest
1396 4928 1493 4984 eod
1544 4935 1623 4982 est
1674 4928 1977 4983 certissima
2028 4939 2229 4980 manus

260 5006 508 5061 Ualenti.
581 5003 934 5058 archanus
967 5000 1034 5054 de
1070 4998 1335 5053 Ienkwiu
1382 4998 1830 5053 vratislavioeuis
1874 4995 2030 5064 apud
2064 4995 2227 5049 Bm-

254 5076 419 5145 n’qee
453 5073 655 5127 studiis
688 5085 910 5140 operam
957 5070 1276 5133 monuerat,
1322 5070 1375 5121 ct
1418 5082 1474 5121 a.
1525 5065 1661 5119 1562
1706 5067 1850 5121 inter
1891 5065 2108 5121 bellicos
2145 5069 2227 5117 tu·

252 5144 474 5198 nuum
505 5156 628 5199 cun
661 5140 792 5195 auis
824 5138 1212 5197 contortam,
1248 5137 1392 5191 inter
1426 5150 1562 5205 quos
1596 5134 1689 5190 Jo.
1718 5133 2011 5203 Rhodion,
2053 5132 2224 5187 Gene-

256 5228 391 5265 van
453 5205 2227 5274 neumatubiperpluresmmmmoemoet.

250 5280 464 5347 (omen
504 5279 673 5334 Grato
708 5278 783 5332 11.
817 5276 886 5330 46
922 5276 994 5343 s.)
1065 5274 1275 5329 Sebeda
1309 5271 1532 5327 Calvina·
1575 5274 1637 5327 in
1685 5271 1857 5327 libello
1902 5277 1983 5325 est
2027 5270 2226 5325 duode-

252 5352 429 5407 cima.
504 5348 618 5404 Sub
656 5346 719 5397 Ν.
771 5345 836 5400 15
880 5344 999 5400 alia
1051 5348 1229 5399 emutat
1274 5342 1453 5397 Bezae
1498 5346 1595 5412 qui
1626 5356 1681 5396 ω
1724 5340 1859 5397 ἀδεεῖ
1900 5340 2063 5410 paulo
2099 5348 2224 5393 ante

486 5433 705 5489 vulvissi
731 5446 920 5503 opera.
998 5430 1114 5487 Vol.
1144 5428 1279 5482 XX.

2326 3720 2461 3766 non
2505 3700 2786 3767 libenter
2828 3698 2949 3763 tibi
3006 3698 3320 3764 molestus
3377 3720 3526 3764 sum
3585 3698 4036 3781 frequentibus
4081 3700 4289 3781 scrip·

2326 3785 2633 3864 tionibus,
2694 3791 2760 3850 et
2818 3785 2877 3850 si
2934 3781 3195 3867 quando
3239 3785 3451 3850 scribo
3497 3805 3629 3849 non
3673 3803 3930 3850 morose
3975 3792 4040 3849 te
4083 3804 4288 3868 urgeo

2328 3870 2413 3938 ad
2478 3867 3028 3954 respondendum.
3117 3870 3442 3935 Permitto
3508 3870 3632 3935 hoc
3689 3878 3843 3935 tuae
3899 3869 4290 3936 benevolen-

2329 3959 2478 4024 tiae.
2540 3956 2717 4038 Quia
2759 3965 2982 4021 tamen
3027 3955 3135 4021 hic
3184 3954 3538 4021 Guilelmus
3565 3959 3615 4029 ¹)
3661 3953 3920 4033 Gallus,
3963 3956 4068 4020 vir
4109 3964 4290 4020 certe

2328 4043 2639 4127 optimus,
2685 4062 2727 4106 a
2761 4062 2865 4106 me
2909 4041 3134 4106 literas
3199 4040 3283 4105 ad
3341 4052 3407 4107 te
3448 4041 3658 4124 petiit,
3702 4040 3936 4107 saltem
3980 4050 4056 4105 nt
4097 4041 4291 4106 fami-

2328 4129 2562 4196 liarius
2605 4126 2883 4210 colloqui
2928 4136 2995 4193 et
3038 4127 3328 4192 salutare
3372 4126 3598 4210 possit,
3646 4146 3888 4211 negare
3930 4126 4056 4191 hoo
4092 4126 4290 4193 officii

2331 4237 2465 4281 non
2508 4214 2710 4297 potui.
2801 4213 2903 4278 'Pu
2968 4213 3192 4296 itaque
3252 4213 3533 4297 benigne
3587 4211 3778 4277 illum
3823 4213 4050 4295 excipe
4093 4218 4161 4276 et
4205 4210 4290 4277 ad

2332 4299 2770 4367 constantiam
2813 4298 3096 4364 hortare.
3187 4297 3604 4380 Aliquamdiu
3650 4296 3823 4381 apud

2335 4394 2633 4451 nostrum
2676 4383 3020 4463 habitavit,
3064 4405 3241 4451 nunc
3285 4383 3458 4449 redit
3499 4384 3573 4448 in
3614 4384 3916 4467 patriam.

2506 4470 2582 4537 Si
2629 4469 2891 4554 quando
2935 4470 3143 4536 otium
3188 4469 3408 4547 fuerit,
3454 4468 3852 4552 respondeas
3897 4488 4009 4533 oro
4052 4466 4136 4531 ad
4180 4486 4291 4533 eas

2333 4578 2494 4642 quas
2538 4555 2978 4640 superioribus
3021 4554 3105 4621 ad
3149 4567 3217 4620 te
3259 4556 3412 4621 misi
3458 4555 3699 4622 literas.
3719 4557 3777 4631 ²)
3863 4553 3973 4619 Ex
4015 4552 4294 4619 Polonia

2392 4734 2624 4741 ——.—-‘
2665 4734 2748 4739 —--

2334 4866 2434 4921 per
2471 4848 2677 4904 medias
2713 4855 2918 4901 mortes
2954 4863 3022 4900 ex
3055 4846 3249 4912 gallica
3294 4862 3360 4899 ex
3403 4846 3643 4899 editione
3691 4844 3908 4899 favente
3944 4844 4061 4899 Deo
4111 4860 4298 4898 rever-

2333 4936 2471 4979 sum,
2506 4925 2557 4973 et
2588 4918 2705 4972 cm·
2743 4920 2813 4970 sit
2855 4917 2986 4970 haec
3030 4931 3082 4970 a.
3128 4916 3181 4969 d-
3243 4915 3302 4969 V.
3385 4914 3493 4969 dus
3541 4913 3734 4968 Maias
3791 4912 3939 4967 1563.
4034 4912 4298 4982 &quitur

2333 4988 2509 5042 Hm.
2574 4986 2701 5054 Scep
2950 4985 3051 5039 sub
3108 4984 3184 5039 N.
3237 4982 3305 5037 21
3358 4986 3456 5054 qm·
3509 4980 3766 5038 Calendis
3821 4982 4003 5037 Maiis
4055 4982 4294 5049 scripsit.

2334 5056 2566 5111 Praetor
2601 5056 2745 5110 aliae
2777 5056 2875 5124 qui
2918 5068 2980 5109 eo
3026 5059 3262 5122 tempore
3303 5050 3551 5107 (ἔσπευσε
3594 5052 3962 5107 versabantur
4010 5049 4296 5105 notamus

2329 5126 2431 5181 tub
2467 5124 2545 5181 N.
2580 5124 2652 5178 24
2686 5123 3115 5190 Christophorue
3158 5120 3409 5175 nntius
3550 5122 3559 5132 '
3591 5120 3724 5174 haec
3770 5121 3876 5173 scri
3947 5120 3990 5172 it
4029 5118 4296 5187 Tigurum

2330 5193 2556 5249 Geneva
2591 5192 2934 5263 proficiscens
2969 5191 3022 5244 d.
3062 5190 3140 5244 15.
3180 5190 3400 5244 Oalend.
3439 5137 3722 5245 haggi-uarii
3761 5188 3868 5243 MD
3921 5186 4074 5243 XIII.

2331 5264 2522 5318 8948.
2540 5262 2601 5397 ἐξ
2631 5261 2888 5386 W?
2905 5259 3187 5315 studiosus
3222 5258 3467 5329 quidam.

3855 5394 3884 5446 1
