4900 6125
286 423 392 486 221

285 611 520 677 6661116
561 631 729 695 6661
772 631 858 677 66
899 612 1158 678 666νοί1
1195 619 1415 677 vostre
1451 613 1636 678 avis:
1679 622 1746 678 et
1779 611 2083 679 combien
2118 632 2244 696 666

284 697 338 761 si
377 696 504 762 elle
537 698 736 764 escrit
766 698 831 762 ie
864 717 1030 765 vous
1064 718 1149 764 en
1184 716 1468 783 pourray
1504 699 1683 765 aussi
1718 700 1979 777 escrire,
2017 705 2246 764 neant-

283 782 492 847 moins
553 783 618 848 ie
681 782 998 849 n'oserois
1062 782 1305 850 eserire
1365 783 1567 850 chose
1631 784 1868 868 qu'elle
1925 804 2010 850 ne
2055 805 2244 870 voye.

281 867 591 954 Parquoy
640 870 703 935 16
761 890 927 936 vous
979 870 1125 952 pris
1174 889 1342 935 vous
1399 891 1484 936 en
1544 871 1724 936 tenir
1778 878 1822 935 a
1875 891 1950 937 66
2013 891 2139 954 666
2182 871 2245 935 16

283 971 448 1019 vous
506 974 590 1021 en
644 955 846 1022 666116
901 955 1319 1020 16616666666
1383 955 1703 1021 touchant
1745 978 1902 1022 mon
1941 956 2103 1036 avis,
2179 963 2247 1022 et

285 1060 440 1105 vous
500 1041 760 1124 supplie
815 1041 939 1125 luy
982 1061 1068 1105 en
1112 1041 1354 1106 escrire
1399 1042 1461 1107 le
1505 1042 1655 1126 plus
1698 1051 1834 1107 tost
1877 1063 2007 1126 666
2051 1063 2246 1125 6661-

283 1144 420 1201 166,
479 1135 547 1191 66
604 1135 646 1193 a
702 1126 837 1192 moi
879 1127 1079 1192 aussi.
1168 1126 1302 1192 Oar
1344 1128 1408 1192 ie
1452 1125 1669 1194 desire
1725 1149 1972 1212 suyvre
2016 1149 2091 1194 66
2134 1129 2245 1211 661

281 1229 441 1277 vous
499 1233 581 1278 66
635 1212 977 1290 6661111616,
1043 1219 1112 1277 66
1164 1211 1530 1295 cepeudant.
1572 1215 1636 1279 ie
1679 1234 1766 1279 66
1801 1214 2120 1298 laisseray
2165 1212 2247 1279 de

280 1297 541 1363 66661161
583 1296 664 1364 (16
706 1318 867 1364 1666
911 1297 1187 1381 pouvoir
1231 1306 1275 1363 6
1315 1298 1483 1365 faire
1541 1300 1840 1366 abbattre
1905 1307 2092 1364 toute
2131 1319 2246 1383 pa-

280 1392 480 1466 pante
534 1404 703 1467 pour
759 1383 1031 1450 establit
1087 1384 1349 1449 l’entier
1391 1386 1645 1452 service
1697 1385 1778 1452 de
1833 1385 1902 1451 16
1945 1385 2243 1469 religion.

450 1469 600 1535 Ello
620 1468 758 1535 doit
779 1468 944 1536 faire
965 1469 1143 1536 tenir
1162 1489 1269 1535 666
1292 1479 1496 1538 estate
1519 1471 1692 1556 d‘icy
1713 1479 1757 1538 6
1774 1493 1902 1554 666
1926 1470 2007 1536 (16
2028 1470 2246 1536 iours:

278 1555 339 1620 16
402 1556 619 1622 616166
683 1576 811 1638 666
890 1576 1057 1622 6666
1131 1578 1174 1640 y
1252 1575 1464 1641 ayons
1528 1556 1644 1623 des
1708 1557 2249 1641 empesobemens

279 1661 445 1725 pour
502 1641 568 1706 la
610 1641 910 1725 religion,
978 1663 1067 1707 vu
1111 1640 1175 1707 16
1217 1663 1346 1725 666
1391 1641 1474 1708 (16
1517 1645 1664 1709 6616
1705 1643 1903 1727 qu'on
1946 1665 2028 1709 en
2075 1663 2132 1722 a,
2179 1649 2250 1707 et

274 1729 405 1813 i’ay
461 1727 913 1811 experimento
969 1727 1328 1794 l'autrefois
1386 1729 1685 1796 combien
1751 1750 1879 1811 peu
1945 1749 2089 1794 mes
2132 1727 2249 1792 ad-

279 1814 748 1880 vertissemens
812 1822 929 1878 ont
971 1812 1255 1898 proffite.
1345 1813 1739 1898 Oependant
1779 1817 2033 1900 i’auray
2077 1813 2246 1879 l’oeil

279 1919 365 1965 au
431 1898 572 1965 bois
628 1919 798 1982 pour
859 1899 1025 1964 faire
1090 1920 1165 1965 66
1225 1899 1338 1982 661
1390 1920 1540 1966 sera
1580 1921 1666 1965 en
1711 1921 1865 1985 moy
1908 1909 1977 1966 et
2018 1919 2249 1982 espere

277 2004 404 2068 que
445 1985 623 2050 Dieu
668 2005 753 2049 ne
787 2006 895 2049 me
935 1983 1291 2051 delaissera
1330 1987 1533 2070 point.
1604 1985 1997 2053 L’occasion
2034 1984 2115 2050 (16
2152 1985 2248 2050 166

275 2071 442 2138 faire
490 2070 669 2136 tenir
723 2074 882 2135 o’est
936 2069 1303 2136 seulement
1341 2090 1510 2154 pour
1551 2073 1740 2138 avoir
1782 2077 2036 2156 argent,
2082 2091 2250 2154 pour

276 2156 441 2223 aller
483 2163 526 2221 a
569 2156 635 2221 la
666 2176 844 2234 cour,
889 2177 972 2221 en
1017 2156 1298 2239 laquelle
1341 2156 1468 2222 6116
1511 2164 1616 2223 666
1657 2178 1743 2222 66
1787 2178 1862 2223 66
1904 2178 2146 2241 666666
2181 2163 2250 2222 66

275 2239 467 2309 (16611.
539 2242 715 2307 Dieu
758 2241 999 2307 veuillc
1042 2261 1172 2324 que
1216 2263 1290 2308 ce
1335 2242 1461 2307 soit
1506 2263 1546 2307 a
1589 2264 1709 2308 son
1753 2242 1950 2309 salut.
1998 2241 2075 2309 Si
2121 2242 2248 2307 6116

274 2328 415 2394 s‘en
474 2348 558 2394 va
609 2337 676 2392 66
733 2349 858 2410 que
902 2327 963 2392 ie
1006 2349 1093 2392 66
1137 2328 1268 2393 6616
1312 2348 1434 2412 666
1479 2328 1917 2413 grandement
1957 2328 2119 2394 66116
2160 2348 2248 2393 66

273 2435 350 2481 66
392 2434 577 2499 pays,
620 2414 683 2478 16
727 2411 1048 2479 deliberes
1093 2411 1174 2478 (16
1216 2412 1743 2499 l’accompagner
1784 2415 2051 2498 iusques
2096 2421 2138 2480 6
2180 2413 2248 2479 16

272 2520 432 2566 cour
472 2518 642 2582 pour
683 2519 841 2563 mon
886 2498 1112 2564 affaire
1157 2497 1400 2582 duquel
1442 2501 1910 2585 monseigneur
1942 2500 2005 2565 le
2040 2500 2246 2566 61166-

275 2585 548 2670 6611617)
605 2605 647 2649 6
690 2583 908 2650 (16666
952 2584 1234 2668 quelque
1274 2606 1628 2668 esperance
1674 2606 1716 2651 6
1757 2606 1929 2652 ceux
1969 2586 2083 2668 qui
2128 2584 2248 2670 luy

272 2685 360 2738 66
402 2680 516 2736 ont
557 2669 742 2754 parle
785 2690 951 2754 pour
993 2690 1170 2754 moy.
1252 2672 1429 2737 Mais
1469 2672 1531 2736 16
1573 2690 1710 2757 voy
1752 2671 1907 2738 bien
1953 2670 2115 2755 qu'il
2156 2691 2244 2736 66

271 2777 346 2822 66
406 2757 551 2823 fera
613 2756 759 2820 rien
826 2777 909 2821 en
975 2775 1135 2821 mon
1200 2757 1495 2823 absence.
1584 2756 1720 2822 Oar
1781 2758 1852 2825 16
1906 2778 2118 2842 royne
2163 2756 2245 2822 (16

273 2841 574 2908 Navarra
651 2862 738 2907 66
818 2862 860 2908 6
922 2840 1138 2907 (16666
1203 2851 1486 2908 souvent
1549 2843 1969 2910 commission
2034 2864 2075 2909 6
2138 2863 2244 2909 666

271 2927 642 2994 soliciteurs
699 2928 815 3011 qui
860 2931 1010 2993 n’en
1069 2929 1214 2993 font
1270 2931 1447 2994 rien:
1516 2938 1587 2994 et
1628 2949 1787 3013 croy
1832 2928 2026 3012 qu’ils
2070 2927 2243 2995 desi·

269 3022 425 3081 rent
480 3033 609 3098 que
663 3014 724 3079 16
792 3013 934 3079 1661·
987 3033 1243 3099 envoye
1303 3013 1584 3098 quelque
1624 3023 1912 3099 present,
1977 3013 2139 3080 dont
2180 3015 2243 3080 ie

267 3104 427 3188 n'ay
470 3120 592 3183 pas
634 3100 697 3165 le
741 3120 998 3185 moyen.
1089 3098 1224 3166 Gar
1286 3100 1516 3184 depuis
1573 3122 1699 3183 que
1743 3102 1805 3166 ie
1848 3100 1987 3167 suis
2030 3101 2138 3186 icy
2179 3100 2242 3166 ie

269 3190 426 3271 n’ay
469 3207 587 3270 pas
630 3204 786 3251 1666
827 3207 959 3251 666
1003 3186 1187 3251 66616
1229 3186 1469 3251 6161116.
1560 3186 1929 3253 Toutesfois
1972 3186 2029 3251 61
2074 3207 2241 3252 vous

265 3272 647 3339 m'osorives
689 3292 819 3354 666
862 3273 925 3335 16
966 3270 1109 3337 face
1152 3280 1526 3337 autrement
1566 3273 1629 3337 16
1671 3272 1737 3337 16
1779 3274 1985 3358 feray,
2057 3272 2241 3356 quel-

266 3378 397 3442 que
452 3357 770 3423 necessite
823 3357 933 3439 qui
990 3357 1212 3439 puisse
1270 3356 1547 3423 advenit
1606 3365 1649 3423 a
1701 3378 1861 3442 moy
1919 3367 1988 3423 et
2045 3365 2088 3423 a
2130 3378 2243 3422 ma

265 3443 546 3510 famille.
634 3443 779 3527 I’ay
847 3442 1063 3509 6611116
1130 3442 1210 3508 (16
1274 3465 1442 3510 vous
1508 3441 1648 3508 dire
1715 3464 1841 3527 666
1905 3445 1968 3509 16
2036 3463 2241 3527 66666

265 3529 510 3614 66’6116
576 3528 789 3595 desire
855 3530 1113 3595 scavoir
1179 3537 1398 3595 vostre
1462 3529 1625 3608 avis,
1693 3549 1825 3594 non
1893 3549 2015 3612 pas
2095 3538 2243 3594 6666

265 3635 517 3701 666166
579 3614 816 3698 66’6116
878 3614 1175 3698 l'ignore,
1241 3635 1496 3681 comme
1562 3635 1731 3698 pour
1793 3615 1983 3679 avoir
2047 3614 2242 3698 delay

263 3704 541 3785 1666666
603 3708 649 3767 a
710 3720 785 3766 66
841 3700 1076 3782 66’6116
1134 3699 1264 3765 6616
1319 3707 1361 3778 a
1401 3699 1468 3766 16
1509 3719 1669 3765 6661
1712 3721 1797 3767 66
1840 3719 2114 3766 excuses
2157 3720 2242 3765 ne

263 3788 366 3855 lui
407 3793 846 3871 manqueront
886 3807 1024 3869 pas.

447 3874 626 3951 Au⁸)
670 3880 846 3938 reste
904 3871 955 3936 il
1010 3895 1055 3959 y
1100 3892 1141 3937 6
1203 3893 1299 3936 66
1356 3870 1675 3937 6661161161
1728 3892 1993 3937 nomme
2036 3870 2244 3937 d’Au-

263 3960 468 4026 dmin
491 3962 550 4037 ⁹)
602 3957 839 4042 auquel
893 3978 1060 4024 vous
1116 3958 1266 4022 fites
1332 3956 1620 4023 delivrer
1663 3966 1901 4041 argent
1944 3977 1984 4021 6
2025 3956 2093 4021 16
2135 3978 2240 4022 re·

263 4053 500 4130 queste
545 4044 626 4110 (16
667 4044 1005 4110 monsieur
1029 4043 1376 4126 Hesperien
1410 4064 1531 4109 son
1567 4041 1731 4109 beau
1767 4045 1957 4121 frere,
2002 4043 2240 4126 auquel

263 4153 362 4198 on
427 4151 682 4215 envoye
742 4130 1031 4195 certaine
1097 4150 1347 4194 somme
1411 4128 1733 4213 d'argent,
1801 4128 2082 4213 laquelle
2153 4151 2237 4194 on

262 4215 585 4284 addresse
608 4237 648 4282 a
681 4216 1014 4281 monsieur
1049 4214 1239 4280 Viret.
1309 4215 1495 4280 Nous
1530 4215 1870 4299 supplions
1906 4215 2241 4280 monsieur

263 4304 352 4369 de
396 4301 562 4367 Bese
613 4301 764 4367 d'en
810 4299 1107 4367 advertir
1167 4299 1367 4366 ledict
1432 4299 1752 4366 6661161161·
1818 4308 1859 4366 6
1922 4302 2013 4365 fin
2081 4299 2242 4383 qu’il

263 4411 316 4474 y
366 4388 582 4454 donne
623 4386 818 4453 ordre
862 4408 902 4452 a
943 4387 1166 4453 savoir
1208 4386 1362 4469 qu’il
1406 4393 1523 4471 ayt
1565 4407 1806 4471 moyen
1848 4386 1928 4452 de
1974 4386 2037 4451 le
2078 4387 2242 4451 faire

261 4474 568 4540 recevoir
619 4471 778 4540 61166
832 4472 1125 4538 16666161
1182 4471 1386 4537 Vara:
1432 4471 1491 4536 si
1532 4474 1866 4538 monsieur
1925 4472 2099 4538 Viret
2137 4472 2242 4536 n'a

262 4558 336 4627 16
390 4580 632 4646 moyen
675 4558 758 4623 de
814 4558 879 4622 le
931 4558 1065 4709 lu}
1107 4557 1272 4623 faire
1315 4557 1509 4635 tenir,
1570 4558 1732 4623 dont
1775 4580 1943 4623 nous
1983 4557 2242 4624 l'avons

260 4644 450 4730 prie,
508 4646 569 4711 si
607 4645 944 4710 monsieur
1057 4644 1176 4709 iret
1248 4642 1604 4709 l’addresse
1662 4650 1705 4708 a
1765 4643 2105 4709 monsieur
2167 4642 2244 4709 de

265 4731 444 4798 Bese
483 4731 535 4796 il
577 4731 692 4816 luy
734 4729 986 4815 plairra
1027 4728 1109 4795 de
1153 4729 1214 4795 16
1258 4729 1420 4796 faire
1462 4729 1636 4795 tenir
1678 4729 1865 4795 audit
1898 4727 2238 4796 escholier.

451 4816 527 4883 Ie
585 4836 752 4883 vous
806 4816 1064 4900 supplic
1119 4835 1224 4880 616
1282 4814 1661 4899 pardonner
1722 4816 1778 4882 si
1829 4823 2005 4882 ceste
2049 4814 2243 4881 lettre

265 4912 380 4971 666
420 4902 554 4969 1661
599 4903 850 4969 6661166.
941 4901 1075 4968 Oar
1117 4902 1249 4985 i'ay
1294 4909 1432 4967 este
1467 4902 1798 4967 contraint
1841 4901 1922 4966 de
1955 4902 2242 4969 l’escrire

269 5061 690 5071 *cn-.—

485 5140 656 5344 ’111ξέ
681 5140 1041 5334 Ἐῗιῳὲῧκ
1073 5210 1324 5293 meni·
1356 5208 1583 5293 aona-10
1619 5208 1876 5293 mace...

261 5366 328 5420 Ρ.
366 5349 449 5417 4.)
487 5280 522 5334 9
583 5281 633 5334 A
945 5277 1226 5339 dudum,
1267 5277 1566 5336 Bimau.
1635 5280 1837 5345 (Locro
1886 5278 1964 5335 du
2012 5278 2246 5336 Rectam

1993 428 2156 490 1563
2202 421 2613 492 DEOEMB.

4189 428 4316 491 222

2350 613 2431 679 (16
2474 612 2656 678 66166
2697 632 2781 677 66
2825 610 3076 697 grande
3111 610 3319 691 haste,
3365 611 3663 678 combien
3701 633 3829 695 que
3863 613 3924 678 ie
3959 633 4043 679 66
4080 614 4321 682 venille

2347 719 2472 783 par
2511 698 2652 765 6616
2694 718 2972 764 excuser
3009 717 3168 763 mon
3210 696 3583 783 ignorance.

2524 787 2586 849 A
2612 790 2780 863 tant,
2826 784 3160 850 monsieur
3203 793 3272 848 66
3304 783 3736 850 616611666616
3779 805 3951 867 6616,
3995 786 4183 872 feray
4224 788 4321 854 fin

2348 890 2541 954 apres
2582 870 2844 936 m’estre
2887 869 3478 935 treshumblement
3517 869 3979 936 recommande
4021 892 4063 936 a
4097 880 4320 940 vostre

2349 956 2566 1022 bonne
2610 976 2806 1040 grace
2849 963 2918 1020 66
2961 962 3004 1020 a
3046 955 3208 1021 66116
3244 955 3326 1021 de
3359 976 3502 1020 mes
3538 956 4003 1022 treshonnores
4039 963 4108 1023 66
4139 978 4320 1044 mag-

2350 1042 2632 1125 nifiques
2674 1041 3016 1124 seigneurs
3060 1049 3128 1106 66
3171 1049 3213 1107 a
3255 1041 3416 1107 celle
3454 1040 3536 1106 de
3569 1061 3711 1107 mes
3745 1041 4074 1110 treschers
4112 1043 4320 1111 freres

2351 1135 2419 1192 66
2463 1147 2928 1211 compagnons,
2971 1135 3040 1193 66
3079 1127 3224 1210 6116
3261 1125 3439 1193 Dieu
3475 1126 3557 1192 (16
3592 1148 3757 1193 vous
3784 1129 4136 1195 confirmer
4169 1137 4321 1197 6666

2352 1220 2423 1278 66
2466 1213 2798 1299 conduyre
2861 1234 2985 1296 par
3026 1232 3146 1278 son
3191 1214 3406 1280 sainct
3446 1214 3670 1297 esprit.
3760 1214 3865 1280 De
3909 1214 4055 1280 Pau
4099 1234 4174 1282 oe
4215 1218 4343 1282 25.

2353 1298 2436 1364 de
2481 1298 2822 1365 decembre
2873 1302 3053 1364 1563.

2928 1453 3172 1518 Vostre
3216 1451 3622 1519 treshumble
3662 1451 3837 1519 frere
3882 1460 3951 1519 et
3993 1454 4327 1522 serviteur

3161 1536 3370 1604 Iehan
3426 1538 3773 1623 Reymond
3818 1539 4081 1606 Merlin.

3236 2099 3442 2170 4062.

2762 2253 3438 2323 BULLINGERUS
3475 2253 3907 2321 OALVINO.

2526 2425 2784 2493 Liberae
2840 2447 2921 2492 ex
2966 2426 3235 2494 Ρ616616
3275 2428 3514 2493 missas
3569 2446 3712 2493 cum
3767 2448 3835 2493 eo
3890 2431 4317 2498 communicat.

2354 2511 2635 2580 Certiora
2676 2533 2755 2579 ex
2802 2513 3022 2579 Gallio
3063 2513 3285 2579 habere
3324 2516 3515 2597 cupit.

2346 2684 2460 2754 (Ex
2497 2683 2841 2755 autographo
2877 2684 3041 2738 Arcb.
3080 2684 3264 2739 Turio.
3313 2684 3462 2740 Plut.
3512 2683 3607 2738 v1.
3644 2686 3769 2743 Vol.
3806 2686 3923 2749 129,
3977 2688 4107 2742 olim
4142 2687 4319 2743 Scrin.

2561 2755 2623 2807 B.
2662 2754 2803 2824 Epp.
2841 2752 2996 2811 Tom.
3031 2751 3120 2820 30,
3157 2753 3248 2809 fol.
3286 2751 3405 2808 459.
3446 2779 3511 2790 —
3550 2753 3766 2810 81111161.
3805 2757 3932 2812 Vol.
3970 2755 4118 2825 108.)

2519 2925 2907 2992 Clarissimo
2966 2925 3109 2990 viro
3148 2926 3230 2990 D.
3275 2925 3513 2991 Ioanni
3556 2926 3837 2995 Calvino
3903 2928 4322 2996 Genevensis

2349 3010 2663 3080 eeclesiae
2730 3011 2862 3078 fido
2925 3012 3175 3096 pastori
3243 3010 3507 3078 domino
3572 3034 3721 3080 meo
3786 3014 4165 3082 venerando
4253 3023 4323 3081 66

2344 3099 2535 3165 fratri
2578 3099 2931 3165 carissimo.
3923 3186 4136 3254 (ἓως

2520 3354 2849 3422 Dominus
2893 3354 3084 3421 Iesus
3127 3364 3352 3422 servet
3409 3364 3494 3436 te,
3562 3356 3825 3424 domine
3870 3358 4320 3426 colendissime

2344 3450 2413 3507 66
2468 3441 2673 3507 frater
2731 3440 3066 3509 carissime
3090 3492 3107 3521 ,
3173 3439 3621 3526 largiaturque
3695 3465 3944 3510 annum
4020 3445 4319 3513 felicissi-

2344 3548 2550 3606 mum,
2610 3536 2689 3592 ut
2752 3548 2955 3593 66666
3011 3537 3078 3592 66
3128 3527 3363 3593 valens
3415 3530 3665 3595 servias
3711 3531 3997 3597 Domino
4039 3532 4197 3598 Iesu
4251 3539 4320 3598 et

2345 3613 2657 3680 ecclesiae
2714 3614 2873 3679 eius.
2967 3612 3029 3678 N
3034 3633 3122 3677 on
3164 3613 3416 3679 frustra
3474 3616 3845 3699 suspicatus
3888 3636 3960 3682 66
4003 3617 4319 3700 quosdam

2345 3699 2418 3764 in
2462 3699 2740 3765 Ρ616616
2796 3697 3049 3782 aliquid
3105 3698 3282 3764 alere
3340 3702 3637 3766 monstri.
3726 3702 3927 3768 Mitto
3984 3704 4165 3768 enim
4209 3703 4319 3769 1116

2344 3791 2499 3851 6666
2556 3785 2784 3868 pietati
2846 3785 3073 3850 literas
3098 3790 3144 3863 ¹)
3210 3806 3373 3869 quas
3438 3786 3642 3866 vides,
3711 3795 3780 3853 et
3822 3808 3955 3866 oro,
4000 3798 4077 3854 ut
4119 3810 4318 3874 66661

2342 3871 2632 3955 primum
2677 3871 2821 3936 fieri
2863 3878 3098 3953 potest,
3151 3869 3415 3938 easdem
3458 3873 3778 3951 remittas,
3822 3895 3960 3939 una
4001 3895 4155 3940 cum
4198 3885 4318 3942 tuo

2343 3956 2607 4022 iudicio.
2707 3957 3017 4023 Arbitror
3080 3976 3275 4039 pares
3340 3959 3618 4041 scriptas
3681 3978 3825 4025 6666
3890 3960 4181 4025 Β616616
4250 3969 4319 4027 66

2342 4042 2693 4108 Basileam.
2806 4039 3003 4108 Unde
3069 4044 3363 4126 suspicor
3427 4065 3559 4108 non
3637 4043 3985 4111 dissimiles
4045 4045 4129 4111 ad
4196 4067 4319 4114 vos

2343 4148 2598 4212 quoque
2656 4128 2895 4194 missas
2953 4148 3115 4195 esse.
3204 4129 3495 4194 Bernam
3542 4138 3609 4195 et
3650 4131 3983 4197 Basileam
4026 4129 4317 4198 destina-

2342 4224 2446 4279 tas
2489 4212 2644 4280 vidi.
2730 4211 2908 4295 Quia
2948 4222 3171 4280 tamen
3212 4226 3468 4281 vestras
3508 4236 3643 4281 non
3686 4217 3845 4295 vidi,
3891 4238 3975 4282 ne
4017 4217 4173 4300 661(1
4221 4218 4319 4303 ig—

2343 4320 2615 4367 norares
2671 4309 2930 4366 nostras
2983 4301 3153 4366 misi.
3244 4300 3334 4366 Et
3400 4313 3464 4365 te
3508 4312 3823 4384 quantum
3868 4322 4135 4386 possum
4180 4322 4314 4384 oro,

2342 4406 2428 4451 ne
2472 4387 2615 4451 sine
2657 4392 2773 4451 tuo
2810 4384 3053 4452 iudicio
3095 4406 3207 4452 eas
3250 4387 3567 4452 remittas.

2516 4470 2656 4536 Diu
2700 4471 2828 4536 fuit
2870 4471 3047 4555 apud
3090 4493 3212 4537 nos
3254 4492 3498 4551 rumor,
3527 4475 3586 4551 2)
3629 4482 3997 4558 pugnatum
4042 4493 4185 4541 6666
4228 4475 4314 4541 6(1

2344 4557 2710 4635 Lutetiam,
2754 4565 2825 4623 66
2866 4557 3105 4624 vicisse
3138 4564 3416 4623 nostros.
3489 4556 3668 4640 Quia
3708 4570 3925 4624 tamen
3960 4569 4144 4626 certa
4177 4581 4314 4627 non

2343 4642 2744 4720 scribuntur,
2803 4643 3041 4726 quibus
3082 4665 3310 4709 rumor
3350 4644 3462 4709 ille
3505 4646 3946 4722 confirmetur,
3993 4665 4128 4711 non
4170 4647 4314 4713 sine

2343 4749 2640 4796 moerore
2685 4728 3069 4796 addubitare
3110 4729 3479 4811 incipimus.
3573 4730 3668 4795 'Pe
3711 4750 3845 4810 oro,
3912 4732 4007 4796 mi
4051 4730 4314 4798 domine

2345 4822 2414 4881 66
2491 4815 2714 4895 frater,
2795 4824 2873 4881 ut
2944 4836 3065 4899 per
3108 4814 3524 4880 lenvillaeum
3599 4828 3899 4881 nostrum
3980 4817 4315 4917 significes

2346 4911 2528 4966 certa
2584 4900 2667 4968 de
2723 4899 2923 4967 rebus
2967 4900 3248 4967 Galliae.
3338 4899 3494 4967 Soio
3552 4901 3789 4986 alioqui
3847 4903 4133 4989 negotiis
4197 4925 4312 4987 op·

2345 5005 2648 5070 pressum
2693 5007 2853 5053 6666.
2944 4984 3080 5052 Sed
3123 4987 3443 5052 inserviet
3485 4986 3674 5055 nobis
3731 5009 3810 5054 66
3851 4990 3921 5054 16
3966 5009 4039 5054 16
4082 4998 4150 5053 66
4195 4989 4313 5067 tibi

2347 5274 2585 5331 moal
2649 5291 2719 5330 ex
2756 5274 2993 5331 Ρ616616
3027 5275 3297 5334 advectas.

2554 5276 2618 5414 23
2645 5344 2841 5411 lm·
