4900 6125
592 440 721 498 4φῖ

603 623 796 689 ,³5oeae
834 622 1043 704 agitur
1085 619 1501 688 constituetis
1549 624 1737 684 3630.

604 713 657 774 Ξ*
686 730 801 774 um
845 704 1134 774 modi
1181 715 1443 791 tempus
1486 715 1591 774 est
1637 710 1782 773 666.

603 800 801 860 ,ἣκει
844 794 1091 860 iterum
1133 792 1384 859 discere
1424 798 1567 858 554.

604 881 801 948 Enna
843 879 1077 947 multi·
1117 887 1475 965 occupatus
1525 883 1705 942 1541.

606 971 803 1033 huns
849 986 979 1032 non
1028 974 1222 1034 vacat
1265 973 1484 1032 tecum
1538 971 1719 1027 1531.

606 1053 804 1120 Nunc
848 1072 982 1118 non
1030 1058 1223 1119 vacat
1267 1050 1497 1136 longas
1549 1055 1732 1114 1654.

606 1139 805 1206 Num:
847 1157 1015 1222 opus
1057 1145 1159 1204 cst
1203 1146 1269 1203 te
1314 1139 1533 1205 virum
1583 1141 1728 1202 617.

606 1225 803 1291 Nune
846 1244 1046 1307 quum
1091 1222 1339 1289 multas
1383 1224 1692 1307 Europae
1740 1224 1927 1289 2781.

608 1310 805 1377 Nune
846 1307 1178 1375 scribendi
1223 1330 1357 1374 non
1404 1317 1509 1374 est
1551 1309 1760 1373 otium
1811 1311 1995 1375 1962.

609 1397 806 1462 Nunc
849 1395 1021 1461 serio
1070 1395 1257 1461 uobis
1301 1394 1692 1461 certandum
1741 1399 1884 1460 921.

606 1482 806 1550 Nunc
852 1481 1123 1548 tandem
1167 1480 1601 1547 accersendas
1647 1484 1832 1544 3341.

608 1568 1012 1633 Nunciatum
1059 1574 1162 1633 est
1205 1566 1371 1630 mihi
1418 1569 1603 1630 2512.

606 1654 910 1719 Nuncius
956 1652 1063 1717 die
1109 1672 1240 1717 uno
1285 1653 1495 1717 serius
1541 1656 1685 1715 309.

607 1739 908 1804 Nuncius
952 1737 1066 1803 ille
1109 1737 1373 1804 Sonerii
1426 1743 1567 1801 159.

607 1826 909 1890 Nuncius
953 1824 1394 1889 Pictaviensis
1440 1826 1627 1886 3289.

609 1910 909 1977 Nuncius
953 1930 1102 1976 sero
1148 1909 1313 1974 mihi
1358 1920 1505 1974 tuas
1558 1911 1737 1970 1502.

607 1997 969 2079 Nunquam
1015 1995 1097 2060 de
1143 2004 1207 2060 te
1248 1995 1538 2079 cogitare
1586 1996 1771 2056 2592.

606 2083 967 2164 Nunquam
1012 2101 1135 2162 ego
1179 2088 1513 2164 putassem
1560 2084 1746 2143 2682.

605 2169 968 2250 Nunquam
1011 2166 1227 2251 magis
1271 2187 1539 2249 pressus
1585 2167 1771 2227 3694.

608 2255 967 2336 Nunquam
1012 2271 1121 2318 me
1166 2253 1381 2336 magis
1426 2258 1739 2318 vexatum
1779 2254 1963 2315 3688.

607 2341 967 2422 Nunquam
1061 2339 1245 2405 utavi
1289 2337 1655 2421 cogitavive
1705 2341 1844 2399 330.

609 2426 842 2508 Nuper
886 2423 969 2489 ad
1074 2432 1297 2489 entem
1346 2427 1530 2486 3254.

606 2512 839 2593 Nuper
882 2509 965 2575 ad
1010 2508 1455 2593 Megandrum
1502 2513 1646 2571 594.

607 2597 840 2679 Nuper
884 2594 967 2660 ad
1009 2605 1074 2661 te
1118 2593 1484 2661 scribebam
1537 2597 1717 2657 1183.

607 2683 838 2765 Nuper
884 2680 968 2747 ad
1014 2689 1080 2745 te
1120 2680 1355 2764 scripsi
1408 2684 1589 2744 1670.

610 2769 840 2850 Nuper
883 2765 966 2830 ad
1009 2786 1134 2832 vos
1176 2765 1506 2831 scribendi
1553 2767 1739 2830 3763.

609 2855 844 2936 Nuper
886 2859 1156 2918 coortus
1200 2859 1301 2918 est
1346 2855 1531 2914 3895.

607 2941 844 3022 Nuper
889 2935 1230 3003 discedens
1273 2938 1498 3004 curavi
1546 2942 1645 2999 54.

607 3026 839 3109 Nuper
885 3023 1238 3091 habuimus
1283 3045 1323 3090 a
1365 3024 1623 3090 Bucero
1671 3025 1811 3086 338.

607 3112 840 3194 Nuper
885 3110 1008 3176 hac
1052 3111 1463 3177 transierunt
1507 3112 1651 3171 510.

607 3198 841 3281 Nuper
885 3198 1060 3261 intra
1142 3215 1338 3263 ancos
1382 3194 1522 3261 dies
1561 3200 1747 3258 2701.

608 3284 842 3366 Nuper
885 3284 981 3347 ita
1024 3302 1100 3347 su
1147 3284 1280 3349 itus
1323 3282 1447 3346 fuit
1492 3283 1679 3344 2982.

608 3370 841 3452 Nuper
881 3389 1084 3452 quum
1129 3367 1210 3434 de
1254 3367 1491 3455 gallica
1536 3368 1723 3431 2562.

608 3455 840 3538 Nuper
883 3476 1084 3538 quum
1127 3454 1293 3520 irem
1336 3453 1741 3520 Neocomum
1790 3457 1973 3519 1463.

608 3541 842 3622 Nuper
884 3561 1091 3624 quum
1133 3540 1450 3606 nuncium
1496 3539 1578 3605 ad
1621 3551 1685 3603 te
1731 3542 1874 3605 439.

606 3626 839 3710 Nuper
880 3623 1324 3692 reddebantur
1367 3634 1520 3690 tuae
1567 3631 1666 3690 59.

609 3714 843 3794 Nuper
885 3712 1120 3795 scripsi
1164 3712 1248 3778 ad
1293 3719 1360 3778 te
1407 3714 1552 3777 812.

612 3799 844 3881 Nuper
886 3798 1151 3881 spurius
1196 3803 1343 3863 817.

612 3884 847 3967 Nuper
886 3882 1153 3950 tandem
1201 3894 1351 3968 post
1394 3882 1593 3968 longa
1639 3885 1825 3947 2120.

1546 4089 1633 4159 0.

615 4227 679 4294 O
724 4227 1155 4292 laetissimum
1199 4226 1377 4292 hunc
1425 4232 1610 4292 2644.

617 4313 681 4380 O
724 4314 817 4378 mi
862 4312 1143 4378 Calvino
1190 4316 1334 4377 927.

618 4398 682 4465 O
726 4419 927 4482 quam
970 4399 1185 4463 sentio
1232 4405 1375 4464 403.

618 4483 862 4550 Oblata
905 4485 1242 4549 occasione
1292 4490 1472 4549 1003.

620 4569 849 4636 Oblati
893 4581 1049 4635 sunt
1091 4571 1256 4635 mihi
1300 4575 1483 4633 1536.

621 4654 916 4721 Obsecro
957 4655 1132 4738 quod
1179 4666 1395 4722 tecum
1439 4657 1783 4741 expostulo
1830 4661 1972 4721 206.

621 4739 1139 4807 Observationes
1180 4753 1437 4808 vestras
1484 4749 1669 4808 2050.

622 4825 936 4893 Officium
982 4828 1052 4891 in
1095 4828 1437 4893 scribendo
1484 4832 1626 4893 271.

622 4911 876 4979 Omnes
919 4923 986 4977 et
1026 4912 1325 4997 singulas
1366 4925 1515 4980 tuas
1564 4920 1750 4980 3758.

621 4997 876 5064 Omnes
919 4997 1150 5063 literae
1192 5010 1343 5065 tuae
1391 5007 1576 5066 2921.

623 5082 877 5149 Omnes
920 5084 1063 5150 vias
1107 5094 1320 5150 tentat
1363 5085 1650 5152 Satanas
1695 5091 1880 5153 2523.

624 5166 869 5233 Omnia
912 5190 953 5234 a
993 5190 1100 5235 me
1142 5183 1508 5253 reportaret
1557 5176 1657 5237 26.

626 5252 957 5322 Omnibus
997 5255 1209 5322 modis
1250 5257 1518 5323 student
1564 5262 1751 5321 2877.

629 5337 921 5405 Omnino
963 5363 1195 5408 censeo
1237 5344 1545 5427 expedire
1591 5351 1735 5407 543.

2061 429 2445 500 INDICES
2483 431 3174 500 EPIS'POLARUM.

2695 619 2986 687 Omnino
3028 619 3194 685 illud
3237 620 3642 704 sequendum
3680 623 3864 684 2203.

2694 704 3011 773 Omnium
3056 714 3207 790 post
3247 705 3592 771 hominum
3641 711 3828 772 4147.

2694 791 2953 875 Operae
2996 793 3281 876 pretium
3326 802 3429 859 est
3468 797 3655 855 3359.

2693 877 2948 961 Opinor
2993 888 3058 943 te
3101 878 3182 944 de
3227 878 3490 945 Calvini
3540 883 3723 943 1174.

2693 963 3153 1047 Opportunam
3199 964 3393 1047 plane
3441 968 3624 1027 3026.

2692 1050 3079 1133 Opportune
3121 1050 3289 1115 mihi
3329 1071 3510 1116 nunc
3557 1053 3743 1113 2895.

2692 1135 3020 1219 Optamus
3063 1135 3329 1219 quidem
3370 1157 3491 1201 nos
3543 1141 3723 1198 1315.

2691 1222 3010 1305 Optarem
3054 1221 3328 1287 meliora
3374 1226 3562 1284 3678.

2692 1308 3049 1392 Optassem
3091 1309 3382 1373 maxime
3423 1307 3499 1371 id
3539 1308 3780 1373 rescire
3829 1310 4011 1371 1869.

2692 1394 3042 1477 Optassem
3087 1392 3351 1477 quidem
3400 1396 3585 1457 3867.

2692 1480 2946 1563 Optimi
2989 1482 3062 1545 hi
3106 1480 3234 1545 viri
3284 1482 3466 1540 2511.

2693 1565 2834 1632 Ora
2875 1566 3242 1632 Dominum
3285 1586 3404 1648 pro
3449 1563 3635 1629 nobis
3687 1569 3869 1629 1045.

2693 1652 2984 1719 Oramus
3029 1674 3147 1719 vos
3191 1651 3260 1715 in
3307 1652 3594 1715 Domino
3647 1655 3827 1714 1177.

2691 1735 2861 1804 Orat
2903 1747 2969 1804 te
3007 1738 3331 1802 Erasmus
3376 1741 3519 1801 565.

2691 1823 2898 1889 Orate
2941 1825 3304 1889 Dominum
3348 1822 3658 1887 ardenter
3701 1825 3847 1886 891.

2692 1909 2900 1976 Orate
2943 1910 3306 1975 Dominum
3351 1928 3469 1991 pro
3513 1928 3672 1991 pace
3719 1912 3860 1971 493.

2691 1995 3076 2061 Orationem
3122 1994 3206 2061 ad
3251 2002 3318 2059 te
3361 1994 3687 2060 misissem
3740 1996 3922 2058 1932.

2690 2081 3050 2147 Oravimus
3094 2102 3305 2164 nuper
3347 2080 3650 2146 Basileae
3693 2084 3796 2144 37.

2691 2166 2830 2233 Oro
2876 2188 2996 2233 vos
3038 2188 3155 2251 per
3200 2167 3561 2232 Dominum
3614 2171 3747 2228 116.

2691 2252 3096 2319 Ottomanus
3141 2253 3249 2319 hic
3294 2252 3400 2318 vir
3448 2257 3632 2315 2311.

3623 2458 3705 2525 P.

2692 2598 2886 2664 Pacis
2931 2617 3152 2663 amore
3196 2594 3581 2679 plerumque
3630 2596 3814 2656 3304.

2690 2685 2972 2750 Parcere
3016 2683 3136 2747 tibi
3178 2679 3442 2746 mallem
3490 2683 3673 2743 2943.

2691 2770 2941 2834 Parum
2986 2768 3194 2834 abfuit
3239 2768 3396 2851 quin
3442 2765 3582 2829 ludi
3630 2769 3772 2828 807.

2691 2856 2937 2920 Parum
2986 2854 3195 2920 abfuit
3237 2853 3397 2936 quin
3440 2850 3803 2917 Merlinum
3857 2852 4035 2912 1078.

2690 2941 2943 3006 Parum
2984 2938 3193 3006 abfuit
3235 2939 3398 3021 quin
3442 2937 3787 3020 privignus
3839 2938 4017 2999 1000.

2692 3027 2895 3093 Pater
2938 3026 3234 3093 coelestis
3278 3023 3389 3107 qui
3435 3022 3701 3089 tandem
3754 3022 3934 3085 1442.

2690 3114 2891 3178 Pater
2932 3113 3133 3178 huius
3178 3112 3365 3194 pueri
3412 3113 3601 3173 2515.

2688 3200 2927 3264 Patres
2968 3198 3318 3281 neptunios
3363 3199 3506 3258 934.

2689 3286 2915 3350 Pauca
2956 3283 3168 3350 scribo
3213 3281 3388 3366 quod
3435 3286 3620 3344 3574.

2687 3372 2928 3437 Paucis
2970 3370 3210 3436 abhinc
3253 3367 3484 3433 diebus
3532 3369 3722 3429 2864.

2689 3457 2931 3523 Paucis
2974 3456 3193 3539 accipe
3236 3461 3616 3520 nostrarum
3661 3455 3848 3516 3731.

2689 3543 2929 3608 Paucis
2973 3542 3195 3625 accipe
3240 3538 3398 3624 quid
3443 3539 3532 3604 sit
3577 3542 3765 3600 2210.

2688 3629 2934 3693 Paucis
2977 3637 3132 3693 ante
3177 3625 3407 3690 diebus
3452 3623 3601 3688 dedi
3653 3626 3833 3687 1504.

2688 3714 2933 3780 Paucis
2975 3733 3236 3779 mecum
3280 3713 3417 3795 egit
3459 3711 3648 3774 2348.

2692 3800 2932 3866 Paucis
2976 3797 3521 3881 occupatissimus
3569 3797 3755 3858 3008.

2691 3886 2931 3951 Paucis
2974 3884 3259 3949 rescribo
3303 3883 3658 3947 festinante
3706 3882 3892 3944 2802.

2691 3971 2933 4036 Paucis
2976 3969 3315 4035 vobiscum
3359 3988 3551 4049 agam
3604 3970 3788 4027 1924.

2690 4056 2904 4122 Paulo
2949 4064 3104 4120 ante
3147 4065 3289 4119 tum
3336 4057 3522 4115 3877.

2691 4142 2904 4208 Paulo
2950 4149 3303 4223 antequam
3346 4138 3510 4203 mihi
3555 4146 3708 4203 tuae
3748 4141 3928 4197 2579,

2693 4226 2906 4293 Paulo
2951 4236 3301 4309 antequam
3346 4224 3605 4290 veniret
3642 4226 3828 4289 3803.

2692 4312 2902 4378 Paulo
2947 4324 3097 4396 post
3137 4311 3368 4376 uxoris
3411 4312 3602 4374 3412.

2690 4398 2901 4465 Paulo
2944 4399 3153 4463 serius
3196 4397 3317 4462 tibi
3362 4398 3548 4459 4202.

2691 4484 2943 4549 Paulus
2986 4503 3204 4549 comes
3246 4483 3462 4548 scriba
3511 4485 3691 4542 1433.

2692 4570 2946 4635 Paulus
2988 4569 3100 4633 ille
3143 4568 3353 4633 Italus
3405 4570 3587 4629 1778.

2691 4654 2943 4721 Paulus
2988 4654 3249 4719 natione
3292 4652 3507 4718 Italus
3560 4656 3740 4717 1768.

2692 4743 2956 4824 Pauper
2998 4739 3285 4806 Michael
3327 4739 3583 4824 cogitur
3632 4743 3788 4799 154²?
3800 4789 3812 4801 .

2691 4829 2827 4894 Per
2872 4826 3281 4908 bibliopolam
3323 4828 3507 4889 2712.

2693 4914 2826 4979 Per
2869 4912 3421 4994 Christophorum
3464 4910 3683 4995 accepi
3728 4917 3868 4973 5:33.

2692 5001 2826 5064 Per
2867 4998 3230 5063 Dominum
3273 4996 3618 5063 Christum
3659 4995 3884 5062 horter
3928 5001 4028 5062 97.

2691 5086 2826 5150 Per
2871 5082 3207 5166 exemplar
3248 5082 3588 5147 literarum
3633 5087 3812 5150 10111,

2693 5172 2826 5235 Per
2868 5168 3188 5234 famulum
3232 5168 3316 5234 ab
3359 5169 3584 5233 Allein
3632 5173 3772 5230 652.

2694 5258 2828 5322 Per
2871 5255 3299 5321 Franciscum
3344 5255 3456 5339 qui
3501 5276 3636 5319 una
3688 5261 3828 5318 579.

2696 5344 2828 5409 Per
2869 5341 3133 5407 Heliam
3179 5362 3388 5424 nuper
3429 5341 3662 5425 scripsi
3700 5344 3884 5406 2953.

4524 431 4626 493 696
