4900 6125
642 379 771 448 ⁶27

644 566 1050 634 adversetur.
1137 564 1252 635 Sic
1310 567 1511 634 etiam
1569 568 1962 635 confitemur
2018 574 2275 647 (contra
2317 565 2607 649 anabap-

643 653 867 728 tistae)
911 651 1081 719 bona
1126 673 1262 719 non
1298 652 1534 720 debere
1577 673 1720 721 esse
1763 652 2152 730 communia,
2198 671 2354 718 nam
2400 651 2606 735 scrip·

643 747 789 805 tum
831 745 962 806 est:
1010 759 1142 805 non
1185 738 1529 807 furaberis.

970 946 1031 1011 6.
1082 944 1408 1012 Feminae
1451 964 1586 1011 non
1630 953 1826 1012 erunt
1868 963 2268 1010 communes.

806 1105 1222 1174 Oonfitemur
1254 1107 1456 1174 etiam
1492 1107 1769 1174 feminas
1803 1129 1935 1174 non
1972 1107 2208 1175 debere
2242 1127 2386 1174 esse
2420 1125 2599 1173 com-

634 1212 887 1272 munes,
933 1211 1088 1258 nam
1131 1194 1451 1278 scriptum
1495 1205 1627 1260 est:
1673 1192 1757 1259 ad
1803 1191 2178 1260 evitandam
2222 1192 2599 1260 fornicatio-

630 1300 787 1345 nem
824 1279 1276 1363 unusquisque
1310 1299 1588 1345 uxorem
1622 1300 1815 1346 suam
1849 1279 2107 1346 habeat.
2176 1277 2599 1364 Quapropter

634 1365 1040 1431 detestamur
1093 1385 1323 1430 omnes
1375 1373 1585 1432 sectas
1639 1366 2005 1431 contrarias
2047 1375 2115 1430 et
2159 1364 2434 1432 verbum
2491 1362 2596 1429 dei

632 1470 770 1602 3531
812 1457 1179 1551 sequentes,
1227 1459 1304 1551 ut
1345 1459 1500 1517 sunt
1554 1452 2024 1603 aptabapitingt‘ane,
2082 1450 2595 1531 sacramentarii,

708 1559 736 1602 ι
790 1555 1097 1601 mmmm
1151 1556 1266 1618 qm
1322 1540 1587 1604 menna
1708 1558 1777 1603 m
2064 1541 2596 1603 sacramentorum

627 1626 743 1687 aad
782 1641 975 1688 usum
1016 1626 1441 1704 corrumpunt,
1498 1622 1795 1688 libertini
1838 1632 1905 1689 et
1963 1622 2232 1701 similes,
2294 1622 2407 1707 qui
2449 1642 2594 1688 sese

629 1715 1020 1792 separarunt
1074 1707 1156 1773 ab
1211 1705 1483 1775 ecclesia
1528 1706 1782 1775 Obristi
1838 1709 1907 1774 in
1965 1729 2096 1792 qua
2149 1708 2421 1774 verbum
2464 1707 2594 1774 Dei

626 1813 792 1876 pure
837 1792 1104 1859 docetur
1145 1803 1215 1858 et·
1271 1792 1460 1859 iuxta
1502 1792 1705 1860 huius
1746 1793 2133 1860 mandatum
2179 1800 2594 1860 sacramenta

628 1878 1196 1946 administrantur.

799 1964 882 2030 In
943 1984 1201 2030 summa
1255 1963 1584 2032 credimus
1642 1965 1922 2031 firmiter
1975 1986 2097 2032 nos
2161 1964 2381 2032 salvos
2446 1966 2592 2032 fieri

625 2070 745 2134 per
802 2050 1011 2117 solam
1198 2050 1359 2116 tiam
1412 2049 1543 2115 Dei
1599 2051 1682 2117 ob
1741 2072 2030 2118 amorem
2090 2051 2213 2117 filii
2273 2053 2377 2118 sui
2435 2050 2591 2118 Iesu

625 2135 882 2204 Christi
927 2136 1176 2203 dommi
1220 2137 1429 2202 nostri
1472 2137 1618 2203 sine
1661 2135 1816 2203 ullis
1860 2139 2103 2205 nostris
2147 2138 2416 2204 meritis.

1169 2344 1228 2407 7.
1290 2341 1655 2409 Promissio
1700 2343 2045 2428 generalis.

794 2505 1257 2572 Promittimus
1300 2504 1502 2570 etiam
1536 2525 1658 2570 nos
1700 2506 1773 2571 in
1817 2505 2121 2572 omnibus
2155 2506 2303 2574 aliis
2342 2506 2587 2574 articu-

624 2592 706 2658 lis
748 2600 1139 2676 sequuturos
1183 2589 1353 2656 conf.
1388 2591 1848 2675 Augustanam
1886 2592 2247 2660 secundum
2294 2592 2586 2659 declara-

624 2678 871 2744 tionem
930 2698 1134 2831 {tapam
1190 2675 1451 2754 factam,
1510 2696 1726 2759 neque
1784 2676 2125 2746 habituros
2182 2677 2592 2746 clandestina

622 2764 939 2832 conventi
1146 2769 1264 2829 aut
1323 2763 1886 2847 congregationes,
1945 2764 2060 2831 sed
2123 2764 2589 2832 observaturos

619 2870 850 2918 omnes
892 2856 961 2916 et
1002 2846 1301 2934 singulas
1334 2849 1779 2915 caeremonias
1814 2849 2150 2917 doctrinae
2185 2850 2589 2918 christianae

620 2943 691 3002 et
730 2936 1220 3003 institutionem
1256 2941 1397 2999 tam
1420 2935 1620 3001 unius
1639 2955 1841 3017 quam
1876 2936 2152 3004 alterius
2194 2937 2269 3003 in
2312 2936 2590 3004 ecclesia

619 3022 911 3091 civitatis
949 3019 1403 3089 Wesaliensis.
1484 3019 1888 3089 Pollicemur
1933 3022 2241 3091 similiter
2282 3043 2405 3090 nos
2448 3022 2589 3090 vic-

620 3116 809 3176 turos
850 3109 1041 3175 iuxta
1073 3106 1441 3192 privileffa,
1524 3106 1823 3175 lebiscita
1855 3118 1977 3175 aut
2018 3110 2181 3195 loyes
2217 3113 2275 3176 et
2316 3128 2589 3176 cousue-

621 3192 890 3262 tudines
955 3192 1332 3280 praedictae
1399 3212 1481 3259 ur
1524 3194 1583 3260 is
1642 3193 2081 3262 Wesaliensis
2160 3216 2283 3263 nec
2361 3202 2593 3262 contra

618 3281 981 3367 quidquam
1022 3287 1393 3348 tentaturos
1426 3299 1643 3363 neque
1686 3279 1895 3348 alium
1929 3281 2310 3367 quempiam
2353 3281 2591 3347 incita-

620 3376 812 3435 turos
854 3367 967 3452 qui
1008 3367 1212 3434 verbo
1254 3364 1364 3433 vel
1406 3364 1577 3433 facto
1613 3366 1723 3433 vel
1758 3367 1889 3435 alio
1933 3367 2126 3435 modo
2169 3366 2348 3434 aliud
2396 3387 2590 3434 cone-

622 3460 736 3520 tur
768 3452 895 3521 sub
926 3473 1142 3538 poena
1175 3450 1519 3520 eiectionis
1553 3472 1638 3518 ex
1672 3452 1840 3520 urbe
1861 3453 2260 3522 Wesaliensi
2296 3462 2366 3519 et
2405 3452 2593 3520 abitu

624 3558 713 3605 ex
767 3560 846 3607 ea
898 3538 1179 3624 parandi
1236 3536 1449 3624 spatio
1514 3537 1719 3606 tridui
1776 3547 2117 3625 postquam
2183 3540 2593 3607 contrarium

623 3625 977 3710 probatum
1020 3626 1239 3692 fuerit.

1522 4358 1728 4430 88⁹4.

1104 4514 1636 4583 zssmmvms
1673 4513 2115 4582 GALVINO.

806 4683 1095 4754 Pessima
1470 4706 1549 4753 ex
1598 4686 1821 4753 Gonia
1863 4687 2247 4753 nunciantur
2287 4687 2366 4754 de
2404 4689 2590 4754 inter-

626 4770 875 4839 nacione
915 4774 1222 4841 exero—itm
1566 4775 1578 4787 '
1612 4825 1630 4853 ‚
1677 4793 1764 4839 an
1804 4794 1957 4839 vera
1990 4773 2281 4855 quoque?

912 4944 1025 5011 (nx
1062 4945 1402 5016 autom-apso
1437 4945 1573 5001 cod.
1612 4944 1816 5001 cmv.
1852 4943 1971 5012 ιιι,
2005 4944 2097 4999 τοι.
2135 4941 2285 5011 115.)

632 5115 694 5178 A
739 5135 893 5179 mon
950 5124 1084 5181 tres
1139 5116 1437 5183 honnore
1494 5116 1805 5202 seigneur
1861 5122 1930 5181 et
1994 5115 2169 5181 frere
2224 5136 2310 5181 en
2365 5122 2592 5182 nostre

634 5196 959 5285 Seigneur
1042 5202 1253 5269 Iehan
1322 5203 1942 5356 Galvcissnenvignism
2020 5199 2101 5268 de
2179 5200 2427 5287 l'eglise
2510 5203 2592 5269 de

2102 375 2632 445 EPIS'POLAE
2673 377 2842 441 3893
2864 373 3222 441 bis—3895

2882 562 3207 630 Redditae
3249 573 3410 631 sunt
3451 563 3616 630 mihi
3659 563 4022 649 Bullinyeri
4074 562 4304 630 literae
4339 583 4479 648 quas
4509 565 4595 632 ills

2707 648 2789 715 ad
2835 655 2902 715 te
2945 649 3175 717 scribit
3201 654 3253 731 ¹)
3297 659 3364 716 et
3406 671 3528 735 ego
3563 651 3892 717 misissem
3925 650 4123 715 citius
4155 650 4216 715 si
4249 649 4595 718 tabellarium

2707 747 2944 802 nactus
3001 757 3214 804 essem
3271 737 3597 803 idoneum.
3681 737 3864 802 Dum
3920 736 4100 802 hunc
4153 735 4364 819 ipsum
4401 734 4597 820 ablege,

2706 821 3085 906 exemplum
3138 822 3480 888 literarum
3535 820 3678 888 vidi
3720 843 3761 888 a
3813 820 4208 906 proconsule
4258 843 4368 888 seu
4415 820 4600 906 guber·

2705 915 2933 974 natore
2975 907 3410 993 Burgundiae
3459 908 3824 975 Tasvannio
3852 909 3909 992 ²)
3953 906 4487 993 Friburgensibus
4521 917 4601 982 (ut

2701 991 2941 1073 fertur)
2985 996 3396 1078 scriptarum,
3442 993 3676 1078 quibus
3721 993 3827 1060 his
3879 994 4208 1077 significat
4249 994 4332 1060 ad
4369 996 4604 1060 interne-

2702 1076 2958 1146 cionem
3026 1078 3312 1146 deletum
3378 1100 3523 1147 esse
3588 1081 3951 1147 exercitum
4004 1078 4414 1145 Oondensem
4467 1078 4604 1162 apud

2703 1163 3093 1244 Carnutum,
3113 1170 3170 1243 ⁸)
3229 1165 3594 1251 principem
3653 1174 3941 1250 captum,
3997 1165 4446 1232 Admiraldm
4490 1185 4606 1230 cas·

2701 1270 2848 1316 sum
2905 1259 2974 1317 et
3028 1259 3254 1334 partes
3303 1253 3446 1319 eius
3505 1273 3647 1319 esse
3705 1251 3968 1336 penitus
4021 1252 4286 1318 fractae.
4353 1251 4476 1316 Nos
4512 1250 4608 1316 boe

2699 1336 2966 1403 credere
3002 1338 3112 1404 vix
3147 1359 3497 1423 possumus
3540 1346 3844 1421 suspecto
3878 1337 4206 1419 scriptori,
4251 1347 4322 1402 et
4353 1356 4608 1402 veremur

2700 1429 2923 1489 tamen
2982 1444 3067 1489 ne
3124 1423 3279 1507 quid
3339 1423 3473 1489 tale
3527 1423 3867 1490 acciderit:
3935 1422 4099 1488 adeo
4155 1443 4336 1489 nunc
4387 1431 4610 1506 turgent

2698 1507 2829 1575 isti.
2925 1508 3135 1592 Oupio
3190 1531 3273 1576 ex
3331 1518 3399 1575 te
3455 1509 3642 1588 scire,
3710 1530 3842 1575 non
3906 1517 4168 1575 nostras
4233 1509 4609 1582 mlamitatsa

2697 1614 2859 1677 quas
2899 1595 3078 1661 fama
3121 1595 3316 1661 citius
3358 1616 3559 1679 quam
3602 1595 3803 1661 velim
3848 1594 4227 1679 publicabit,
4283 1594 4396 1661 sed
4444 1594 4494 1659 si
4529 1613 4613 1658 res

2696 1681 2948 1763 patitur
2990 1689 3057 1747 et
3113 1681 3243 1747 ista
3300 1681 3464 1748 falso
3518 1681 3842 1760 feruntur,
3900 1681 4334 1765 prosperiora.
4399 1676 4470 1745 Si
4517 1678 4614 1742 bec

2695 1785 2834 1831 non
2896 1767 3028 1832 fert
3090 1767 3188 1834 rei
3246 1773 3546 1847 eventus,
3613 1767 3784 1832 feret
3846 1775 4076 1833 nostra
4141 1766 4458 1850 patientia
4509 1764 4618 1828 aa

2695 1871 2862 1935 quae
2882 1853 3027 1918 Deo
3062 1854 3208 1919 visa
3251 1861 3410 1918 sunt
3453 1852 3649 1918 rebus
3683 1853 3925 1918 nostris
3960 1853 4337 1920 convenire.
4405 1848 4616 1931 Culpne

2695 1938 2856 2004 satis
2911 1958 3234 2022 superque
3287 1946 3392 2004 est
3431 1958 3600 2022 quae
3640 1937 3772 2003 Dei
3831 1938 4002 2002 iram
4057 1937 4129 2002 in
4174 1958 4300 2004 nos
4345 1933 4619 2010 accendit,

2696 2024 3148 2107 resipiscentia
3208 2024 3412 2090 nulla.
3507 2023 3587 2089 Id
3651 2022 3825 2108 quod
3901 2022 4115 2089 indies
4193 2043 4436 2108 magno
4498 2040 4618 2085 cum

2694 2109 2900 2175 animi
2966 2111 3258 2176 cruciatu
3331 2111 3654 2196 experior.
3743 2109 4134 2176 Memineris
4195 2129 4422 2175 eorum
4483 2126 4618 2190 quae

2693 2193 2775 2260 ad
2821 2204 2888 2260 te
2932 2195 3166 2278 scripsi
3200 2195 3447 2262 bellum
3496 2195 3724 2262 Garolo
3767 2216 3913 2262 cum
3964 2194 4325 2260 Germanis
4371 2201 4621 2278 gerente,

2690 2280 2904 2364 pridie
2947 2280 3273 2348 Calendas
3332 2281 3634 2347 Ianuarii
3690 2282 3832 2347 eius
3889 2282 4046 2345 anni
4104 2291 4405 2345 extremo
4458 2297 4620 2361 quem

2691 2364 2857 2431 mihi
2914 2366 3222 2433 ultimum
3279 2368 3606 2452 optabam,
3631 2372 3686 2445 ⁴)
3743 2378 3821 2433 ut
3872 2364 4052 2432 hunc
4110 2387 4377 2450 quoque
4420 2362 4623 2430 Calen-

2694 2450 2929 2518 darum
2984 2451 3278 2518 Ianuarii
3339 2455 3629 2537 primum
3685 2461 4094 2536 postremum
4155 2453 4336 2518 vitae
4400 2459 4624 2515 nostrae

2695 2558 2838 2604 esse
2890 2537 3253 2622 optandum
3307 2540 3504 2618 soret,
3565 2539 3619 2606 si
3673 2540 3746 2603 in
3803 2546 4059 2604 tantam
4372 2538 4386 2551 ‘
4544 2553 4626 2598 res

2695 2632 2962 2796 ηοω-ξεῖ
2994 2625 3132 2691 sint
3165 2623 3486 2692 redactae.
3533 2624 3722 2690 Vale.
3778 2625 4040 2690 Bernae
4063 2622 4342 2689 Calend.
4367 2619 4625 2688 Ianuarii

3853 2847 4038 2913 Tuus
4081 2845 4492 2913 Zerchintes.

2868 3035 2975 3105 De
3009 3035 3516 3104 Olaronensium
3560 3055 3758 3103 causa
3802 3034 4207 3120 disceptatur
4248 3055 4434 3102 nunc
4455 3032 4632 3129 Ther-⁸

2693 3123 2956 3208 mopoli.
2984 3122 3039 3200 θ)
3107 3121 3359 3188 Vereor
3413 3142 3499 3188 ne
3551 3122 3824 3189 sinistro
3882 3143 4186 3189 successu
4203 3172 4220 3200 ,
4289 3123 4352 3188 si
4410 3127 4467 3186 5.
4509 3138 4636 3203 paga

2696 3209 2860 3277 certi
2917 3216 3076 3276 sunt
3133 3208 3216 3275 de
3260 3208 3734 3276 Guisianorum
3798 3207 4097 3287 victoria,
4142 3205 4444 3273 Sabaudi
4505 3223 4635 3289 quo-

2697 3316 2824 3381 que
2867 3295 3129 3381 erigant
3172 3294 3422 3363 cristas.
3490 3292 3822 3360 Dominus
3867 3302 4092 3360 servet
4134 3314 4292 3359 suas
4337 3291 4638 3376 reliqui-

3581 3803 3790 3873 8895.

3112 3957 3762 4027 MORELLANUS
3821 3955 4263 4025 GALVINO.

2873 4129 4648 4223 Muuasettaediopzenaeinauzasuaeaueioeqe

2697 4213 4648 4297 habettribulationes,tamwiuiusmaepioionibmdm

2696 4300 4239 4387 vatasqmmoxaulioorumpraoismoribus

2696 4411 2861 4473 quas
2899 4410 3055 4455 sane
3094 4387 3338 4455 silentio
3367 4387 3726 4471 praeterire
3763 4386 4056 4471 reliyioni
4094 4388 4288 4454 ducit.

2693 4673 4654 4804 mnffldfflwrfflgggeoewfffldssffi

2693 4768 2827 4808 ”⁰-
2860 4750 3164 4957 ³53ss
3193 4766 3269 4871 :30
3306 4752 3764 4870 suomi.
3913 4751 4149 4896 Ψ
4179 4753 4462 4898 ’tw-¹1,
4533 4886 4545 4897 ,

2900 4888 2936 4943 3
2992 4882 4654 4969 oppodnqmc'hartresaDrmabeetccmterevqut-h·

2826 4955 3368 5109 paguo-w
3241 5030 3302 5078 a
3334 4951 3816 5106 ,boma-‚Wal-
3851 5026 3945 5089 ας
3977 5019 4058 5075 „a
4085 5021 4250 5087 m-
4285 5036 4342 5075 ..
4365 5020 4654 5091 1⁵42„-

2693 5096 2962 5235 m‘mss
3041 5092 3635 5243 sofflzffssfflffi.
3699 5157 4442 5241 &mutassemus-2·

2704 5302 2803 5361 ω,
2856 5228 4102 5369 &ammentum
4149 5158 4654 5299 mmm}
