4900 6125
276 434 402 494 693

274 618 427 685 Non
474 616 700 684 dubito
742 619 904 702 quin
947 616 1335 701 praesertim
1384 621 1572 684 4068.

273 704 426 771 Non
473 703 702 771 dubito
745 705 904 788 quin
949 704 1499 787 prudentissimus
1545 707 1734 769 2543.

275 789 430 856 Non
473 789 700 857 dubito
739 791 901 874 quin
945 810 1052 856 res
1104 793 1286 852 1786.

274 875 429 941 Non
475 873 701 943 dubito
744 877 902 960 quin
949 876 1069 941 tibi
1114 881 1404 958 potestas
1451 878 1638 941 3321.

274 961 430 1027 Non
473 960 703 1028 dubito
747 971 812 1028 te
856 963 990 1027 iam
1036 959 1287 1026 dudum
1336 965 1518 1026 1081.

273 1046 426 1112 Non
472 1046 746 1113 dubium
793 1055 895 1114 est
936 1048 1095 1132 quin
1138 1047 1400 1114 fraenos
1447 1051 1609 1110 3107
1620 1099 1634 1113 .

272 1130 427 1198 Non
472 1154 655 1200 eram
699 1133 784 1200 ad
827 1144 895 1199 te
935 1134 1301 1217 scripturus
1349 1136 1493 1197 659.

273 1217 429 1284 Non
471 1229 574 1286 est
614 1240 881 1287 neceoee
923 1229 999 1285 ut
1041 1219 1394 1302 quidquam
1450 1222 1634 1284 1863.

274 1304 428 1369 Non
471 1314 575 1372 est
616 1306 788 1390 quod
832 1305 913 1371 de
954 1327 1103 1371 mea
1148 1310 1293 1370 373.

272 1390 427 1456 Non
472 1402 575 1458 est
615 1393 787 1476 quod
834 1393 1158 1458 deiiciaris
1206 1396 1303 1454 39.

271 1477 423 1543 Non
467 1486 569 1545 est
610 1486 688 1543 ut
730 1478 1122 1546 Sebastiano
1174 1482 1310 1543 161.

273 1567 426 1632 Non
469 1587 554 1631 ex
596 1565 905 1631 humanis
947 1565 1309 1631 rationibus
1356 1563 1542 1627 2628.

271 1653 428 1719 Non
471 1651 718 1717 excidit
759 1650 882 1716 tibi
927 1655 1114 1714 4137.

272 1739 430 1805 Non
472 1737 812 1803 existimes
855 1736 1053 1802 velim
1104 1740 1290 1800 3053.

271 1825 427 1890 Non
471 1823 779 1889 existimo
822 1822 1131 1888 Buxeum
1182 1824 1367 1885 2866.

272 1910 427 1976 Non
469 1909 719 1975 falleris
764 1907 937 1991 quod
983 1909 1114 1973 tuis
1163 1910 1349 1971 2025.

271 1996 426 2061 Non
470 1996 548 2061 fit
590 1993 996 2079 negligentia
1043 1997 1229 2057 3836.

270 2082 428 2147 Non
470 2082 597 2147 fuit
638 2078 966 2146 scribendi
1010 2080 1214 2144 otium
1265 2081 1452 2142 3767.

268 2168 425 2233 Non
469 2167 680 2233 habeo
720 2164 960 2249 quibus
1007 2164 1224 2230 verbis
1275 2167 1458 2228 1827.

270 2252 426 2318 Non
471 2252 683 2319 habeo
721 2251 894 2334 quod
938 2252 1218 2317 scribam
1268 2253 1450 2317 2150.

268 2339 428 2404 Non
469 2340 852 2423 ignoramus
895 2337 1067 2418 quod
1112 2344 1211 2402 tot
1257 2340 1400 2401 438.

268 2425 428 2489 Non
470 2425 737 2509 ignoras
782 2424 930 2507 quis
974 2420 1114 2488 dies
1160 2425 1345 2486 2162.

268 2511 425 2576 Non
470 2509 789 2595 ignoratis
834 2511 903 2573 in
950 2529 1114 2592 quos
1159 2507 1486 2577 tumultus
1536 2515 1679 2576 315.

266 2596 425 2661 Non
470 2596 800 2661 immerito
844 2595 1087 2659 mirum
1133 2598 1320 2659 3370.

268 2681 425 2746 Non
470 2683 713 2747 iniuria
753 2680 1015 2746 miraris
1062 2682 1207 2744 428.

266 2768 426 2833 Non
472 2770 559 2834 ita
609 2766 821 2832 multo
865 2774 1022 2831 ante
1068 2770 1254 2829 3978.

267 2853 427 2918 Non
470 2856 562 2919 ita
605 2851 861 2938 pridem
908 2852 1055 2917 misi
1104 2855 1290 2913 2822.

268 2939 430 3004 Non
471 2940 754 3006 libenter
797 2937 1138 3004 scribendo
1187 2941 1373 3002 3538.

268 3024 428 3090 Non
471 3026 662 3093 licuit
703 3044 827 3109 per
869 3044 947 3090 ea
993 3028 1134 3086 545.

266 3111 425 3177 Non
470 3112 661 3179 licuit
702 3110 1060 3176 rescribere
1106 3113 1292 3174 3583.

266 3197 428 3263 Non
470 3219 579 3263 me
620 3196 854 3263 fefellit
897 3197 1274 3263 coniectura
1319 3197 1507 3259 2922.

266 3288 427 3355 Non
468 3305 577 3350 me
618 3282 849 3350 fefellit
892 3282 1292 3365 exspectatio
1337 3286 1521 3348 3698.

266 3375 428 3441 Non
470 3391 578 3436 me
621 3370 791 3455 fugit
834 3389 1030 3452 quam
1075 3390 1116 3433 a
1159 3366 1343 3433 vobis
1391 3370 1581 3436 4243.

266 3459 427 3526 Non
469 3477 579 3522 me
620 3456 795 3541 fugit
836 3452 955 3519 tibi
1002 3456 1189 3518 2603.

266 3545 425 3611 Non
471 3541 746 3607 memini
788 3541 911 3606 hoc
953 3547 1093 3604 toto
1143 3542 1284 3603 168.

266 3631 423 3697 Non
466 3627 815 3693 miraberis
857 3624 1031 3709 quod
1078 3624 1199 3690 tibi
1251 3629 1433 3690 1419.

266 3720 423 3786 Non
465 3716 671 3779 miror
714 3731 882 3779 onus
918 3714 1105 3775 3030.

265 3807 422 3873 Non
466 3800 744 3866 moleste
787 3799 959 3865 feres
1010 3801 1149 3861 182.

264 3893 424 3959 Non
468 3887 783 3953 molestus
825 3884 1037 3950 literis
1086 3887 1272 3945 3171.

264 3979 426 4044 Non
467 3973 694 4038 multis
738 3971 822 4036 ad
865 3980 931 4035 te
983 3974 1162 4032 1004.

266 4064 428 4130 Non
472 4081 606 4126 non
649 4065 840 4126 vacat
882 4057 1114 4141 longas
1164 4057 1348 4117 1654.

260 4150 423 4216 Non
466 4152 695 4210 nostra
736 4141 1005 4227 quidem
1048 4141 1242 4225 culpa
1284 4141 1531 4207 factum
1582 4144 1764 4205 1220.

260 4235 421 4301 Non
465 4240 690 4297 nostra
734 4227 999 4312 quidem
1042 4226 1236 4310 culpa
1278 4228 1356 4291 fit
1405 4230 1591 4294 1276.

260 4321 419 4387 Non
464 4315 874 4382 obliviscitur
919 4315 1018 4379 tui
1063 4314 1248 4379 Deus
1298 4315 1481 4379 1811.

261 4407 417 4473 Non
460 4421 697 4486 parum
740 4400 926 4486 angit
968 4419 1093 4465 nos
1137 4402 1278 4461 546.

262 4492 419 4558 Non
463 4495 617 4571 peto
663 4494 740 4552 ut
785 4487 1086 4570 ignoscas
1134 4486 1279 4548 436.

264 4578 417 4644 Non
463 4573 733 4659 pigritia
770 4592 877 4638 me
920 4575 1107 4635 3179.

267 4664 421 4729 Non
464 4658 714 4745 placuit
756 4656 1164 4741 amplissimo
1209 4659 1396 4721 2730.

266 4750 422 4815 Non
466 4764 728 4830 possem
771 4743 1100 4826 explicare
1148 4743 1332 4803 3092.

266 4835 420 4902 Non
463 4851 733 4917 possum
776 4828 892 4895 abs
936 4836 1002 4894 te
1046 4829 1398 4911 impetrare
1446 4830 1628 4892 1423.

266 4921 420 4987 Non
466 4936 735 5004 possum
781 4935 902 4980 nec
945 4914 1147 4980 debeo
1200 4918 1380 4978 1587.

266 5006 420 5071 Non
463 5022 736 5088 possum
778 5022 910 5067 non
956 5021 1099 5065 esse
1140 4999 1461 5065 sollicitus
1508 5002 1691 5064 3300.

265 5092 421 5158 Non
464 5108 812 5174 possumus
853 5108 985 5152 non
1030 5086 1355 5152 maximas
1398 5088 1542 5150 327.

264 5177 416 5242 Non
462 5175 643 5259 potui
687 5194 819 5238 non
866 5171 948 5238 ad
993 5179 1057 5238 te
1102 5172 1389 5238 scribere
1435 5174 1621 5238 2320.

268 5263 421 5329 Non
464 5261 649 5346 potui
692 5258 811 5324 tibi
854 5278 1060 5344 ocyus
1107 5262 1250 5321 677.

268 5348 425 5414 Non
462 5347 800 5433 potuimus
841 5346 972 5429 piis
1010 5342 1326 5411 fratribus
1363 5348 1505 5410 571.

1866 428 2172 498 INDEX
2214 429 2305 497 H.
2350 428 3048 498 EPISTOLARUM.
4194 433 4322 494 694

2348 618 2502 685 Non
2545 620 2729 703 prius
2771 639 2972 686 ausus
3015 637 3165 684 sum
3210 621 3356 687 782.

2348 704 2501 771 Non
2545 703 2860 789 putabam
2903 723 3010 770 me
3053 725 3228 770 nunc
3274 709 3460 770 3736.

2348 791 2499 857 Non
2542 799 2851 875 putamus
2891 789 3263 856 huiusmodi
3312 792 3497 856 2682.

2348 875 2501 941 Non
2545 883 2856 961 putamus
2898 897 3015 943 vos
3059 876 3347 942 alienum
3399 880 3580 940 1284.

2349 960 2502 1027 Non
2548 964 2774 1047 putavi
2817 961 2998 1027 hunc
3041 962 3156 1047 qui
3199 968 3349 1028 tuas
3398 967 3581 1027 1984.

2350 1048 2504 1115 Non
2548 1056 2710 1133 puto
2754 1051 3196 1115 necessarium
3239 1069 3382 1114 esse
3426 1050 3612 1115 2026.

2350 1133 2502 1200 Non
2545 1141 2841 1218 repetam
2885 1154 3052 1217 quae
3099 1137 3284 1198 3887.

2352 1219 2507 1285 Non
2552 1219 2783 1304 scripsi
2829 1218 2949 1285 tibi
2993 1240 3113 1302 per
3150 1218 3508 1286 Merlinum
3559 1223 3700 1286 592.

2352 1306 2504 1372 Non
2550 1307 2694 1372 sine
2737 1304 2868 1370 Dei
2915 1307 3122 1372 nostri
3171 1310 3269 1370 33.

2351 1391 2502 1459 Non
2549 1393 2695 1459 sine
2737 1411 2980 1476 magna
3023 1393 3226 1456 animi
3274 1396 3459 1457 3149.

2351 1478 2505 1543 Non
2551 1485 2615 1543 te
2659 1477 2831 1563 fugit
2873 1499 2957 1543 ex
3001 1477 3319 1562 colloquio
3366 1484 3550 1543 2155.

2351 1564 2504 1630 Non
2549 1571 2615 1629 te
2660 1561 2866 1647 pudet
2907 1567 3094 1628 3918.

2350 1651 2506 1717 Non
2551 1659 2705 1715 tuae
2746 1648 2961 1715 solum
3006 1657 3073 1714 et
3117 1649 3395 1716 aliorum
3438 1651 3624 1716 2727.

2351 1738 2503 1803 Non
2549 1736 2731 1801 venit
2773 1734 2856 1800 ad
2900 1756 3008 1800 me
3051 1736 3159 1801 hic
3206 1740 3386 1800 1908.

2351 1823 2503 1888 Non
2547 1821 2736 1888 venit
2776 1820 2924 1887 heri
2965 1821 3134 1886 mihi
3178 1826 3356 1884 1331.

2351 1910 2508 1976 Non
2550 1908 2827 1975 verebor
2870 1907 3286 1973 humanitate
3332 1910 3518 1973 2796.

2352 1994 2667 2062 Nondum
2712 1992 2868 2059 hinc
2911 1992 3145 2075 pedem
3196 1997 3379 2059 1794.

2350 2080 2664 2147 Nondum
2706 2079 3026 2144 liberatus
3067 2099 3218 2143 sum
3265 2084 3407 2143 984.

2352 2166 2666 2234 Nondum
2710 2164 2976 2229 remitto
3021 2164 3105 2229 ad
3150 2173 3215 2229 te
3267 2167 3412 2230 697.

2352 2250 2666 2320 Nondum
2709 2251 2845 2317 tuis
2888 2250 3100 2315 literis
3143 2249 3451 2334 respondi
3492 2255 3633 2316 532.

2353 2335 2837 2405 Normandium
2879 2335 3150 2403 rediisse
3200 2339 3383 2401 1792.

2353 2425 2493 2491 Nos
2538 2422 2868 2489 Basileam
2916 2419 3183 2487 tandem
3237 2426 3377 2485 120.

2353 2511 2495 2577 Nos
2539 2508 2647 2573 hic
2691 2508 3008 2575 hactenus
3051 2507 3496 2574 laboravimus
3543 2511 3731 2573 2407.

2353 2598 2493 2663 Nos
2538 2594 2985 2660 intelleximus
3029 2614 3113 2658 ex
3156 2594 3366 2660 literis
3414 2597 3599 2658 2180.

2355 2684 2493 2749 Nos
2535 2682 2632 2745 ita
2675 2679 3205 2764 respondendum
3258 2683 3438 2744 1641.

2355 2769 2494 2834 Nos
2536 2786 2656 2849 pro
2698 2774 2924 2832 vestro
2970 2786 3129 2849 erga
3173 2786 3293 2832 nos
3344 2768 3528 2831 1697.

2355 2856 2494 2921 Nos
2536 2853 2905 2936 recepimus
2948 2850 3188 2917 librum
3235 2860 3533 2918 vestrum
3579 2853 3764 2916 2572.

2355 2940 2597 3006 Noster
2640 2939 2762 3004 iste
2805 2937 3128 3022 Martyris
3172 2942 3360 3001 4098.

2356 3027 2600 3093 Noster
2643 3024 2859 3110 pergit
2897 3043 3015 3089 suo
3059 3043 3240 3090 more
3291 3026 3473 3088 1009.

2355 3113 2597 3179 Noster
2637 3132 2842 3194 quum
2885 3109 3410 3196 indignationem
3457 3114 3597 3174 835.

2353 3199 2600 3264 Nostra
2642 3196 3014 3263 coniunctio
3060 3198 3249 3261 2613.

2354 3285 2601 3350 Nostra
2644 3282 2726 3348 de
2769 3290 2836 3347 te
2879 3302 3013 3346 non
3056 3281 3354 3367 vulgaris
3400 3284 3587 3348 2172.

2352 3370 2579 3435 Nostri
2622 3368 2737 3451 qui
2779 3368 3072 3433 Bernam
3117 3369 3331 3434 vocati
3376 3369 3520 3433 542.

2350 3454 2578 3521 Nostri
2624 3452 2891 3519 tandem
2937 3464 3342 3520 vomuerunt
3386 3457 3573 3519 2697.

2348 3540 2524 3607 Novi
2567 3540 2736 3605 nihil
2781 3539 3102 3607 habemus
3147 3544 3337 3604 2048.

2347 3626 2746 3693 Novissimis
2789 3626 3000 3691 literis
3043 3624 3325 3692 scribere
3374 3627 3560 3691 2269.

2346 3712 2611 3779 Novisti
2654 3721 2731 3777 ut
2773 3710 3057 3778 arbitror
3104 3716 3204 3774 30.

2346 3799 2609 3864 Novum
2656 3806 2722 3864 et
2765 3797 3066 3864 odiosum
3113 3802 3300 3861 4230.

2345 3883 2607 3950 Nudius
2650 3883 2923 3967 quintus
2965 3883 3193 3949 literas
3238 3894 3386 3949 tuas
3431 3887 3615 3947 3514.

2345 3968 2606 4036 Nudius
2651 3970 2884 4035 tertius
2928 3970 3100 4037 facta
3142 3976 3245 4035 est
3289 3973 3435 4036 810.

2344 4055 2609 4121 Nudius
2651 4056 2885 4121 tertius
2928 4055 3152 4121 literas
3196 4057 3384 4119 4021.

2345 4141 2607 4209 Nudius
2650 4141 2887 4206 tertius
2928 4160 3048 4226 per
3090 4141 3441 4226 Ungarum
3489 4145 3676 4209 3724.

2343 4227 2606 4296 Nudius
2651 4227 2885 4293 tertius
2928 4225 3220 4293 redditae
3262 4227 3430 4292 mihi
3475 4230 3662 4295 2455.

2343 4313 2608 4380 Nudius
2649 4312 2885 4379 tertius
2931 4314 3045 4379 tibi
3091 4312 3323 4397 scripsi
3371 4316 3559 4379 3964.

2342 4398 2548 4466 Nulla
2590 4407 2691 4465 est
2733 4398 3036 4481 cuiquam
3081 4399 3210 4466 nisi
3264 4403 3421 4463 1907
3448 4421 3501 4465 c.

2342 4484 2545 4552 Nulla
2585 4503 2857 4568 prorsus
2902 4504 3078 4551 nunc
3123 4488 3309 4549 3129.

2342 4570 2576 4637 Nullas
2618 4568 2752 4636 iam
2797 4570 3045 4635 dudum
3095 4575 3282 4636 4080.

2342 4655 2579 4723 Nullas
2622 4655 2893 4721 omnino
2936 4655 3022 4722 ad
3066 4666 3131 4722 te
3177 4658 3363 4720 2129.

2341 4740 2560 4809 Nullis
2604 4741 3151 4808 obtestationibus
3197 4745 3382 4805 2152.

2340 4827 2560 4894 Nullis
2605 4848 2893 4911 unquam
2939 4838 3207 4894 senatus
3253 4830 3437 4889 3824.

2340 4914 2536 4980 Nunc
2581 4914 2801 4996 accepi
2845 4920 2994 4980 tuas
3039 4914 3319 4996 scriptas
3365 4917 3553 4978 2153.

2339 5000 2536 5067 Nunc
2580 4999 3061 5084 aliquantulum
3106 5000 3200 5065 fui
3247 5002 3393 5065 826.

2338 5087 2535 5151 Nunc
2577 5105 2727 5150 amo
2772 5085 3200 5152 Eustathium
3247 5087 3434 5150 2582.

2337 5171 2534 5237 Nunc
2577 5172 2844 5239 demum
2889 5193 2972 5237 ex
3018 5172 3150 5237 tuis
3196 5174 3383 5236 2813.

2337 5257 2533 5325 Nunc
2576 5257 2836 5324 demum
2883 5258 3108 5326 literas
3153 5266 3300 5325 tuas
3347 5262 3532 5324 3743.

2336 5343 2530 5412 Nunc
2573 5344 2838 5411 demum
2880 5352 3074 5429 urget
3124 5349 3306 5411 1700.
