4900 6125
622 413 745 476 175

617 599 904 682 primum
948 593 1209 680 quidem
1253 614 1371 677 per
1415 594 1685 658 fratrem
1732 591 1889 658 olim
1934 591 2352 672 cardinalem,
2399 615 2581 659 nunc

618 685 923 752 comitem
968 680 1485 756 Bellovaaensem‚
1507 679 1563 763 ²)
1623 678 1859 744 obtulit
1912 698 2057 744 sese
2116 678 2290 744 ultro
2356 700 2578 745 coram

628 768 935 840 omnibus
1030 787 1163 831 non
1248 764 1571 848 suspectis
1655 763 1980 830 iudicibus
2066 766 2581 847 compariturum

622 854 873 939 quoties
927 853 1151 935 regiae
1208 848 1533 915 maiestati
1588 849 1907 916 libuisset.
2006 848 2202 931 Quod
2265 851 2321 914 si
2377 851 2582 914 armis

622 961 765 1007 rem
831 937 1093 1006 decerni
1157 934 1452 1014 mallent,
1521 955 1665 1000 sese
1731 956 1863 999 una
1925 956 2076 1002 cum
2143 935 2397 1001 duobus
2442 936 2582 1002 suis

622 1025 937 1091 fratribus
1016 1022 1392 1088 innocentia
1471 1042 1593 1086 sua
1655 1021 1894 1086 fretum
1963 1020 2070 1085 vel
2137 1021 2412 1085 seorsim
2479 1021 2583 1085 vel

622 1111 822 1178 simul
889 1129 1040 1175 cum
1106 1106 1378 1172 totidem
1425 1105 1785 1182 Guisianis‚
1854 1107 1908 1172 si
1978 1107 2195 1189 regiae
2253 1107 2584 1171 maiestati

623 1198 929 1284 placeret,
996 1192 1508 1259 decertaturum.
1577 1192 1844 1257 Interea
1890 1193 2281 1257 convocavit
2335 1201 2402 1256 et
2444 1192 2586 1275 ipse

624 1283 985 1350 amicorum
1045 1291 1112 1344 et
1166 1291 1595 1362 cognatorum
1640 1278 1878 1359 copias,
1937 1297 2099 1360 quos
2143 1276 2403 1361 quidem
2442 1299 2584 1343 cer-

623 1379 769 1434 tum
835 1377 938 1432 est
1001 1374 1135 1429 tam
1203 1373 1505 1448 prompte
1569 1362 1928 1428 accurrisse
1996 1371 2072 1427 ut
2127 1375 2272 1427 octo
2328 1364 2587 1427 dierum

624 1455 834 1538 spatio
870 1452 955 1517 ad
992 1451 1122 1516 duo
1156 1450 1450 1533 equitum
1487 1446 1807 1514 nobilium
1831 1448 2037 1512 millia
2059 1448 2362 1530 coegerit.
2434 1449 2587 1513 Rex

625 1561 781 1607 vero
848 1558 973 1604 sua
1035 1536 1386 1601 autoritate
1450 1543 1760 1617 utrosque
1803 1554 1991 1600 arma
2052 1553 2296 1616 ponere
2349 1543 2415 1598 et
2475 1532 2588 1598 do-

624 1646 816 1692 mum
882 1642 1204 1707 quemque
1269 1621 1509 1686 reverti
1576 1621 1784 1699 iussit,
1850 1618 2075 1684 addita
2132 1621 2329 1684 etiam
2375 1640 2591 1702 poena

626 1713 711 1778 iis
755 1711 868 1794 qui
914 1730 1045 1774 non
1090 1707 1481 1791 paruissent.
1554 1704 1831 1770 Senatui
1874 1704 2236 1770 Parisiensi
2281 1702 2592 1787 adempta

630 1807 735 1862 est
793 1815 1028 1862 causae
1086 1793 1368 1876 cognitio
1431 1802 1498 1855 et
1542 1789 1679 1855 dati
1723 1811 1807 1855 ex
1850 1811 2091 1874 magno
2135 1789 2307 1873 quod
2352 1799 2593 1856 vocant

628 1881 905 1951 concilio
949 1877 1214 1945 iudices.
1295 1876 1531 1959 Itaque
1576 1877 1823 1960 optima
1867 1897 2016 1958 spes
2059 1886 2164 1941 est
2206 1875 2480 1942 detectis
2526 1884 2593 1941 et

626 1969 855 2034 fractis
918 1964 1209 2030 hostium
1274 1958 1563 2030 consiliis
1611 1961 2012 2027 Amiralium
2076 1962 2261 2028 brevi
2330 1961 2593 2045 penitus

630 2053 985 2120 liberatum
1029 2051 1132 2115 iri.

806 2138 957 2204 Rex
1024 2133 1289 2200 tandem
1349 2133 1686 2199 Lutetiam
1754 2134 2091 2217 ingressus
2158 2143 2461 2198 senatum
2528 2139 2595 2197 et

632 2222 1069 2307 municipales
1111 2221 1534 2303 magistratus
1579 2221 1894 2284 acerrime
1935 2218 2377 2302 reprehendit.
2454 2216 2593 2282 Ad-

638 2319 861 2393 empta
929 2316 1088 2374 sunt
1142 2326 1327 2371 arma
1380 2306 1705 2384 omnibus,
1762 2305 2094 2370 detractae
2155 2324 2238 2368 ex
2292 2303 2596 2386 compitis

632 2404 924 2475 catenae,
970 2413 1246 2476 quarum
1307 2390 1610 2456 infinitus
1664 2399 1766 2456 est
1809 2389 1898 2455 ibi
1944 2409 2276 2455 munerus.
2365 2389 2595 2470 Inqui-

633 2483 811 2549 ritur
852 2482 924 2544 in
968 2478 1227 2554 multos,
1285 2488 1353 2541 et
1410 2478 1659 2559 optima
1703 2496 1853 2560 spes
1897 2485 1998 2541 est
2039 2475 2176 2540 fore
2220 2486 2297 2539 ut
2335 2474 2596 2540 seditio‘

634 2589 859 2634 sorum
916 2564 1248 2648 principes
1301 2563 1512 2626 iustas
1554 2583 1800 2645 poenas
1843 2562 2049 2626 luant.
2138 2561 2278 2627 Nec
2335 2559 2593 2625 dubita-

635 2675 788 2719 mus
843 2653 1003 2736 quin
1063 2649 1293 2714 audita
1333 2647 1812 2713 Parisiensium
1874 2646 2205 2712 deditione
2250 2665 2406 2711 mox
2449 2666 2595 2710 cae-

636 2746 819 2804 teras
877 2755 1136 2820 quoque
1201 2733 1504 2799 civitates
1581 2734 1929 2816 quietiores
1994 2731 2378 2796 reddantur.
2492 2729 2598 2794 De

635 2844 794 2909 rege
848 2823 1101 2905 optima
1143 2840 1437 2902 quaeque
1483 2830 1680 2901 atque
1739 2818 1901 2883 adeo
1961 2816 2368 2883 incredibilia
2408 2815 2598 2881 nobis

637 2909 1057 2977 nunciantur.
1146 2907 1236 2971 Et
1299 2913 1493 2982 certe,
1562 2904 1691 2969 nisi
1757 2913 2236 2986 corrumpatur,
2315 2923 2355 2966 a
2412 2909 2600 2968 tanta

636 2993 878 3075 indole,
923 3002 1238 3078 quantam
1297 3011 1420 3074 ego
1478 2991 1618 3074 ipse
1677 2990 1743 3054 in
1806 3010 1883 3054 eo
1943 2987 2398 3065 animadverti,
2458 3007 2595 3052 ma-

642 3084 825 3148 xima
860 3098 1154 3164 quaeque
1187 3086 1465 3162 possunt
1499 3076 1888 3160 exspectari.
1953 3074 2269 3141 Caeterae
2291 3073 2604 3141 ecclesiae

687 3169 951 3235 acificae
1032 3163 1408 3230 felicissime
1484 3169 1971 3246 promoventur.
2075 3159 2210 3226 Sed
2276 3159 2602 3243 plerisque

667 3254 804 3321 ocis
860 3273 938 3318 ea
992 3262 1096 3317 est
1146 3250 1352 3332 pestis
1413 3249 1720 3313 saevities
1773 3256 1850 3314 ut
1914 3247 2271 3311 maximam
2312 3247 2441 3310 iam
2491 3267 2599 3309 ur-

638 3341 822 3407 bium
901 3346 1157 3422 partem
1236 3335 1731 3419 consumpserit.
1843 3332 2028 3398 Haec
2108 3342 2263 3397 sunt
2333 3330 2603 3396 Domini

643 3424 909 3509 flagella
963 3421 1157 3488 simul
1212 3418 1546 3503 perdentis
1600 3421 1834 3503 impios
1890 3427 1958 3483 et
2000 3439 2153 3483 suos
2198 3417 2601 3500 castigantis.

642 3511 923 3579 Utinam
981 3528 1140 3573 vero
1206 3504 1473 3571 tandem
1538 3506 1822 3588 peccatis
1890 3504 2131 3569 nostris
2199 3502 2432 3568 deletis
2485 3522 2605 3566 nos

644 3596 972 3681 benignus
1008 3592 1318 3676 respiciat
1351 3605 1419 3656 et
1452 3613 1572 3657 nos
1609 3591 1896 3657 vicissim
1933 3589 2105 3654 serio
2126 3589 2608 3671 resipiscamus.

818 3679 1012 3764 Quod
1058 3677 1142 3743 ad
1188 3700 1306 3743 nos
1350 3677 1661 3760 privatim
1708 3676 1973 3740 attinet:
2021 3686 2195 3740 recte
2244 3674 2349 3739 hic
2384 3673 2608 3737 omnia

650 3768 782 3833 Dei
849 3765 1180 3841 beneficio,
1249 3764 1303 3827 si
1369 3763 1619 3829 Calvini
1677 3762 1883 3826 nostri
1952 3769 2301 3844 perpetuos
2351 3759 2611 3823 morbos

651 3854 956 3937 excipias,
1012 3871 1205 3934 quem
1258 3849 1512 3914 utinam
1573 3849 1755 3914 brevi
1802 3846 1991 3912 nobis
2035 3847 2337 3911 restituat
2382 3843 2611 3909 Domi-

648 3961 797 4005 nus.
884 3937 1082 4003 Dolet
1129 3935 1293 4000 mihi
1337 3933 1509 4018 quod
1554 3933 1637 3999 de
1682 3943 1795 3999 tuo
1836 3932 2144 3998 catarrho
2188 3928 2436 4005 scribis,
2481 3949 2610 4012 quo

652 4232 872 4301 pensier
913 4235 973 4282 et
1020 4228 1138 4281 eius
1182 4225 1324 4279 filius
1386 4225 1564 4295 primo
1602 4224 1782 4277 cuitus
1817 4223 1993 4277 Guisii
2028 4221 2246 4283 mortui,
2284 4220 2442 4275 Csrd.
2482 4219 2613 4273 Gui-

652 4302 782 4366 sius,
819 4297 1114 4361 Aumalius,
1168 4264 1413 4348 Marcbio
1459 4293 1576 4347 d’El
1620 4293 1715 4346 eus
1777 4292 1941 4345 duces
1994 4291 2062 4344 de
2112 4290 2379 4343 Nemours
2432 4295 2490 4341 et
2533 4289 2609 4342 ‘de

654 4366 1028 4438 Longueville.
1099 4365 1229 4433 Ipsa
1272 4368 1449 4416 mater
1481 4361 1656 4415 Guisii
1710 4333 1901 4414 babuit
1949 4360 2254 4413 oraticnem
2306 4358 2376 4410 ad
2428 4374 2613 4426 regem

656 4455 767 4507 qua
872 4438 1026 4489 tebat
1058 4432 1315 4487 constitui
1348 4431 1604 4485 iudicium
1640 4429 1710 4483 de
1745 4428 1911 4483 caede
1946 4428 2099 4483 ducis
2132 4427 2323 4482 Guisii.
2376 4426 2494 4479 Rex
2530 4442 2614 4481 re·

657 4522 795 4575 spon
840 4506 882 4557 't
915 4520 975 4557 se
1011 4503 1176 4556 etiam
1212 4516 1321 4554 nou
1354 4499 1763 4570 interpellatum
1800 4499 2065 4551 facturum
2101 4497 2267 4550 fnisse
2289 4494 2436 4565 quod
2461 4502 2612 4562 pete-

660 4581 787 4628 rent
822 4613 834 4625 .
874 4612 886 4624 .
925 4610 938 4621 .
977 4611 988 4623 .
1032 4570 1229 4624 Verum
1277 4571 1491 4622 interea
1540 4569 1669 4622 dum
1705 4567 2017 4621 Guisiorum
2061 4566 2355 4619 advocatus
2398 4580 2614 4617 causam

658 4644 819 4697 istam
866 4657 1062 4709 magna
1108 4639 1453 4691 vehementis
1494 4637 1623 4706 agit,
1665 4652 1788 4690 ecce
1836 4637 2112 4689 decretum
2148 4652 2182 4687 a
2217 4649 2344 4703 rege
2390 4631 2618 4685 affertur

662 4726 771 4781 qno
805 4725 992 4764 omnes
1028 4707 1528 4761 Oastillionaeorum
1571 4705 1975 4759 controversiae
2011 4703 2329 4757 reiicinntur
2363 4701 2431 4754 ad
2469 4718 2618 4768 mag·

662 4797 791 4835 num
828 4778 1125 4832 Consilium
1177 4782 1236 4829 et
1288 4775 1633 4830 interdicitur
1684 4774 2029 4828 Parlamcnto
2082 4779 2141 4825 et
2192 4772 2443 4825 omnibus
2495 4770 2618 4823 aliis

663 4847 935 4902 iudicibus
965 4862 1034 4899 ne
1057 4845 1127 4898 de
1160 4844 1229 4897 iis
1264 4845 1370 4898 sibi
1404 4844 1764 4913 coguitionem
1790 4849 2007 4896 sumant
2042 4876 2313 4896 ......
2351 4840 2617 4904 Quoniam

661 4917 853 4982 Guisii,
888 4915 1019 4969 dum
1042 4914 1176 4967 baec
1202 4914 1452 4982 agebant,
1487 4912 1807 4965 dicebantur
1839 4910 2119 4964 induxisse
2141 4925 2396 4977 magnum
2431 4924 2617 4961 nume·

666 5003 785 5038 rum
830 4984 1064 5038 militum
1110 4982 1167 5034 in
1212 4982 1419 5049 urbem,
1470 4980 1645 5033 factus
1693 4986 1780 5034 cst
1811 4979 1883 5033 ad
1916 4978 2275 5032 Admirslium
2325 4992 2616 5029 concursus

665 5053 967 5108 nobilitatis
1000 5058 1221 5104 nostrae
1256 5050 1556 5119 religionis:
1611 5048 1748 5102 nihil
1782 5056 1966 5101 tamen
2001 5046 2128 5100 inde
2164 5052 2345 5099 crtum
2382 5053 2469 5098 est
2502 5053 2617 5097 tur·

667 5124 880 5176 barum.
950 5120 1111 5174 Multi
1155 5134 1350 5187 magno
1400 5117 1584 5171 studio
1635 5118 1739 5171 hoc
1788 5122 1974 5185 agunt,
2021 5123 2079 5168 et
2160 5114 2412 5182 raecipue
2456 5113 2619 5167 vidus

669 5190 1051 5253 Feri-ariensis,
1101 5203 1286 5240 socrus
1338 5186 1532 5251 Guisii,
1583 5194 1646 5239 ut
1695 5191 2050 5254 componatur
2105 5183 2117 5195 ‘
2142 5184 2197 5238 la
2245 5183 2618 5236 controversis

670 5258 814 5312 iuter
846 5257 1063 5312 Guisios
1094 5264 1151 5307 et
1182 5254 1607 5308 Osstillionaeos.

877 5324 939 5391 2)
978 5322 1114 5379 ΟΜ
1145 5323 1212 5379 de
1250 5323 1564 5378 Maon.

2134 406 2659 474 EPISTOLAE
2706 413 3135 475 4038-4040
4501 409 4589 471 ne

2681 603 2905 661 tamen
2948 615 3140 679 spero
3187 605 3251 661 te
3295 596 3429 661 iam
3473 617 3616 663 esse
3660 594 4032 672 liberatum,
4077 608 4148 661 et
4192 597 4439 661 utinam
4470 596 4598 660 bens

2681 682 2807 746 sim
2874 682 3224 747 ominatus.
3313 680 3494 763 Quid
3559 680 3749 748 nobis
3814 683 4197 765 responsuri
4266 681 4398 746 sint
4447 680 4602 746 ffl-

2679 766 2923 832 lienses
2959 766 3151 832 avide
3187 777 3666 852 exspectamus.
3726 768 3913 833 Bene
3949 767 4116 846 vale,
4161 767 4257 832 mi
4291 766 4600 851 plurimun

2679 851 3087 919 observande
3153 863 3358 935 pater.
3471 853 3798 919 Dominus
3869 854 4059 919 Iesus
4123 862 4190 919 te
4254 850 4604 918 incolumem

2682 945 2922 1016 servet,
2965 959 3101 1003 una
3142 959 3295 1004 cum
3337 938 3656 1003 fratribus
3700 952 3768 1003 et
3810 938 4084 1022 collegis
4117 939 4437 1016 omnibus,
4477 957 4606 1020 quos

2684 1045 2818 1088 una
2877 1035 3091 1089 tecum
3150 1022 3407 1088 salvere
3464 1024 3672 1100 iubeo,
3740 1033 3809 1089 et
3851 1025 4109 1090 fortiter
4150 1023 4234 1089 ad
4281 1033 4610 1088 extremum

2684 1129 2892 1191 usque
2949 1110 3019 1174 in
3074 1129 3270 1191 opere
3314 1107 3587 1174 Domini
3635 1130 4061 1193 perseverare
4103 1130 4258 1175 cum
4303 1109 4494 1174 totius
4528 1129 4610 1173 es-

2686 1194 2924 1261 clesiae
2966 1195 3207 1260 fructu.
3295 1194 3617 1261 Genevae
3664 1199 3746 1261 20
3790 1193 4117 1262 Octobris.

4052 1331 4240 1396 Tuus
4284 1331 4474 1397 Besa.

2863 1534 2971 1600 De
2996 1533 3287 1601 Sabaudi
3330 1549 3544 1601 morte
3567 1541 3622 1611 ⁸)
3663 1536 3797 1601 iam
3845 1534 4097 1620 pridem
4142 1535 4340 1601 multi
4373 1536 4620 1601 afferun-

2691 1631 2801 1686 tur
2855 1621 3097 1687 nuncii.
3197 1621 3345 1705 Ego
3402 1632 3626 1687 tamen
3699 1635 4030 1688 mortuum
4088 1643 4233 1688 esse
4291 1643 4425 1687 non
4480 1622 4624 1687 arbi-

2693 1718 2850 1771 tror.
2941 1706 3078 1772 Sed
3134 1727 3411 1789 parvam
3469 1709 3540 1771 in
3597 1729 3675 1773 eo
3733 1728 3919 1792 spem
3977 1708 4156 1775 vitae
4213 1728 4362 1773 eoee
4424 1707 4526 1772 vel
4559 1728 4626 1771 ex

2693 1813 2770 1857 eo
2813 1791 3047 1877 colligo
3093 1791 3264 1875 quod
3328 1796 3409 1857 32
3465 1790 3759 1876 peditum
3815 1796 4008 1878 signa
4057 1794 4194 1858 iam
4254 1813 4387 1858 non
4429 1793 4628 1876 procul

2695 1878 2919 1944 absint
2960 1878 3311 1963 Lugduno‚
3358 1899 3522 1961 quos
3565 1898 3809 1963 magna
3863 1880 4144 1961 suspicio
4187 1887 4293 1944 est
4335 1880 4408 1943 in
4449 1878 4628 1944 Pede-

2694 1975 2992 2029 montem
3075 1964 3497 2041 transituros,
3578 1966 3883 2046 quamvis
3962 1964 4270 2030 dicantur
4347 1962 4634 2030 adversus

2696 2047 3178 2115 tumultuantes
3271 2048 3487 2116 adhuc
3563 2049 4019 2117 Provinciales
4098 2050 4297 2115 mitti.
4411 2050 4632 2132 Magn·

2697 2156 2848 2219 pars
2892 2134 3154 2200 illorum
3198 2146 3302 2198 est
3344 2156 3429 2200 ex
3473 2136 3735 2214 nostris,
3779 2136 3878 2201 ita
3910 2145 3987 2201 ut
4033 2135 4203 2200 nihil
4248 2135 4340 2202 sit
4373 2135 4634 2201 ecclesiis

2697 2221 3139 2287 metuendum.

3579 2767 3778 2838 4039.

3197 2922 3707 2991 MERGERUS
3754 2920 4194 2989 CALVINO.

2879 3097 3178 3163 Rationes
3242 3097 3498 3177 exponit
3557 3116 3672 3161 cur
3726 3095 3995 3160 oblatam
4056 3096 4446 3162 vocationem
4501 3096 4646 3176 sequi

2703 3186 3108 3351 nwossitpossit,
3174 3187 3231 3247 et
3284 3181 3355 3244 in
3419 3202 3609 3246 suum
3672 3181 3872 3247 locum
3915 3180 4312 3247 Beroaldmn
4379 3182 4648 3247 submissu·

2707 3442 2819 3508 (Ex
2857 3439 3198 3512 autographo
3234 3437 3367 3492 Ood.
3406 3436 3570 3492 Goth.
3603 3436 3726 3500 405,
3761 3437 3852 3491 fol.
3888 3434 3976 3490 23.
4011 3465 4076 3475 —
4111 3436 4307 3491 Edidit
4345 3440 4522 3493 nebo
4553 3453 4650 3505 1³⁸ss-

3052 3509 3124 3564 60
3159 3525 3229 3561 ex
3266 3524 3375 3578 quo
3409 3507 3704 3575 descripsit
3736 3505 3997 3560 Simlerus
4033 3506 4155 3560 Vol.
4193 3505 4349 3576 108.)

3040 3683 3103 3746 A
3146 3679 3494 3746 Monsieur
3537 3678 3880 3744 Monsieur
3921 3677 4348 3762 d'Espeville.

2883 3848 3192 3919 Sciebam
3236 3850 3539 3935 equidem
3583 3849 3699 3916 vix
3741 3850 3850 3916 vel
3903 3850 4122 3932 potius
4178 3871 4318 3916 non
4380 3850 4654 3918 satisfie-

2712 3945 2931 4004 turam
2976 3939 3095 4005 tibi
3137 3939 3628 4004 excusationem
3673 3957 3916 4001 meam:
3944 3935 3996 4022 ¹)
4041 3944 4120 4001 ut
4160 3938 4274 4019 qui
4321 3936 4656 4003 immodico

2713 4022 2827 4090 sed
2903 4025 3207 4108 inprimis
3278 4022 3606 4089 laudando
3687 4020 4095 4107 publicorum
4177 4022 4654 4089 commodorum

2714 4109 3037 4176 desiderio
3078 4109 3337 4185 ductus,
3379 4109 3505 4174 hac
3547 4106 3619 4172 in
3663 4118 3850 4192 parte
3893 4106 4098 4191 (quod
4140 4130 4293 4174 cum
4343 4109 4524 4177 bom
4567 4122 4658 4171 tm

2715 4199 2910 4264 venia
2951 4195 3182 4275 dicam,
3228 4197 3329 4262 vir
3368 4195 3636 4273 eximie)
3680 4195 3798 4259 vix
3840 4194 3963 4259 tibi
3996 4204 4348 4278 temperes.
4427 4199 4528 4261 Ac
4559 4212 4660 4276 ego

2714 4303 2873 4348 sane
2915 4303 3049 4348 non
3093 4283 3342 4347 infitior
3383 4280 3700 4345 maiorem
3743 4280 3967 4346 forsan
4008 4302 4092 4345 ex
4129 4281 4298 4346 meis
4345 4278 4660 4347 laboribus

2720 4367 2867 4435 istic
2947 4366 3462 4434 redundaturam
3526 4366 3899 4443 utilitatem,
3967 4375 4042 4432 ut
4097 4388 4178 4431 ea
4221 4366 4289 4431 in
4343 4388 4422 4432 re
4465 4378 4658 4433 mcum

2715 4455 2878 4520 mihi
2923 4453 3287 4520 conveniat.
3374 4452 3631 4518 Verum
3676 4473 3807 4517 non
3850 4452 4074 4518 statim
4120 4472 4197 4517 eo
4241 4454 4519 4519 nomine
4555 4470 4660 4535 pu·

2716 4541 2911 4606 tarim
2957 4536 3382 4606 deserendam
3423 4558 3588 4616 eam,
3633 4557 3799 4621 quae
3843 4537 3954 4604 hic
3996 4536 4160 4603 mihi
4203 4536 4522 4619 delegata
4557 4552 4659 4605 αἱ.

2718 4626 3142 4710 provinciam,
3201 4626 3257 4690 si
3316 4621 3510 4688 modo
3564 4624 3728 4689 citra
3793 4624 3889 4688 rei
3931 4622 4196 4688 divinae
4241 4625 4568 4690 iacturam
4605 4630 4660 4685 st

2718 4711 3182 4777 detrimentum
3250 4708 3694 4776 administrari
3757 4708 3986 4793 possit.
4097 4709 4366 4794 Alioqui
4435 4708 4658 4794 possim

2716 4798 3036 4882 episcopis
3079 4795 3397 4863 concedas
3441 4806 3509 4861 et
3552 4795 3880 4880 evangelii
3919 4796 4376 4879 praeconibus,
4425 4806 4502 4861 ut
4541 4792 4660 4857 suis

2717 4905 2790 4950 se
2831 4882 3120 4950 ecclesiis
3163 4881 3485 4961 abdicent,
3532 4880 3639 4945 ubi
3686 4881 4110 4946 emolumenti
4155 4882 4490 4947 uberioris
4521 4878 4658 4945 alili

2716 4991 2866 5055 spes
2908 4970 3210 5036 occurrit.
3297 4968 3492 5034 Nunc
3543 4966 3774 5050 procul
3830 4965 4027 5033 dubio
4095 4986 4308 5032 meam
4355 4966 4656 5034 conditio-

2925 5245 2986 5305 3)
3033 5243 3168 5300 Vide
3197 5242 3602 5313 prmus-uta»
3633 5247 3745 5301 not
3780 5242 3834 5298 3.

2718 5314 2912 5369 4089.
2928 5313 2987 5382 1)
3017 5313 3306 5383 respondet
3340 5312 3418 5369 ad
3451 5312 3530 5369 N.
3562 5310 3718 5369 4035.

4785 4960 4788 5079 1

4785 5094 4788 5207 l
