4900 6125
306 371 411 435 121

300 554 475 623 randi
515 557 714 622 ratio:
780 557 935 641 quia
986 557 1171 622 sanis
1219 556 1510 624 consiliis
1569 576 1700 622 non
1762 554 2242 641 obtemperant.

297 643 542 709 Passim
607 641 951 722 denuncio,
1032 642 1092 709 si
1156 642 1357 708 iudex
1413 662 1629 709 essem
1688 663 1795 708 me
1849 664 1985 708 non
2024 642 2248 708 minus

298 747 515 795 severe
544 728 617 792 in
650 726 942 795 rabiosos
975 729 1136 794 istos
1170 730 1460 812 impetus
1491 727 2005 806 vindicaturum,
2049 747 2246 811 quam

295 814 435 880 Rex
489 814 627 879 suis
679 811 913 881 edictis
953 813 1247 880 mandat.
1335 814 1606 894 Litoris,
1672 834 1837 897 quas
1878 814 2248 898 impetrasti

295 898 452 965 nihil
517 899 810 982 aequius.
911 898 1049 966 Alii
1116 920 1238 965 sua
1300 900 1694 984 intemperie
1747 898 2251 983 pessundabant

294 993 544 1051 tantum
567 984 974 1053 beneficium.
1049 985 1472 1069 Pergendum
1495 984 1946 1064 nibilominus,
1983 983 2249 1069 quando

294 1089 408 1136 nos
470 1068 658 1137 Deus
723 1070 933 1138 voluit
992 1070 1216 1137 stultis
1280 1091 1425 1137 esse
1493 1069 1838 1137 debitores.
1938 1071 2051 1136 Ex
2116 1091 2247 1154 quo

292 1156 491 1223 literis
552 1157 687 1222 tuis
750 1157 962 1223 factus
1018 1176 1171 1223 sum
1235 1158 1477 1223 certior
1542 1157 1624 1222 de
1676 1157 2035 1223 indictione
2089 1156 2246 1221 novi

292 1251 665 1321 conventus,
688 1247 749 1320 ⁸)
806 1242 887 1309 de
944 1259 1059 1308 tuo
1117 1241 1339 1307 reditu
1384 1243 1732 1310 consilium
1777 1252 2068 1309 mutasse
2111 1242 2253 1318 iam,

293 1334 435 1394 ante
474 1326 886 1395 intellexisti.
971 1326 1381 1395 Manendum
1426 1330 1713 1406 omnino,
1769 1328 1905 1394 nisi
1961 1327 2247 1394 velimus

291 1434 545 1482 eausam
604 1414 881 1498 prodere
937 1424 1005 1481 et
1056 1413 1333 1498 perdere
1390 1435 1560 1498 quae
1622 1435 1803 1481 nunc
1857 1415 1930 1479 in
1982 1433 2244 1480 summo

290 1499 546 1565 urdine
612 1500 921 1565 vertitur:
1002 1500 1351 1584 praecipue
1428 1500 1704 1585 gaudeo,
1772 1499 2085 1585 Reyinam
2147 1500 2247 1565 ita

287 1605 534 1669 cupere,
602 1587 755 1669 quia
812 1586 968 1652 hinc
1024 1595 1201 1652 certe
1240 1585 1547 1672 colligere
1589 1585 1837 1665 videor,
1880 1607 2026 1652 eam
2071 1584 2244 1650 nihil

288 1670 498 1738 dolose
541 1691 759 1756 agere.
840 1670 917 1738 Si
960 1691 1094 1755 qua
1136 1681 1363 1737 tamen
1405 1674 1666 1739 venerit
1705 1692 1929 1737 morae
1970 1690 2243 1738 excusa-

286 1758 387 1834 fio,
431 1767 807 1843 opportune
840 1766 1096 1823 metum
1132 1768 1201 1822 et
1235 1755 1712 1824 dubitationem
1749 1757 2022 1824 levabit.
2088 1757 2241 1823 Non

286 1844 453 1908 enim
496 1841 749 1923 credas,
810 1862 1009 1927 quam
1053 1844 1251 1909 anxie
1307 1851 1692 1928 torqueatur
1733 1852 2023 1923 senatus,
2083 1842 2242 1908 dum

287 1929 391 1994 vix
432 1940 499 1995 te
546 1929 672 1995 sibi
716 1949 905 2012 posse
951 1950 1241 2013 unquam
1286 1930 1546 1996 restitui
1590 1938 1797 2014 putat.
1814 1933 1868 2006 ⁴)
1949 1928 2028 1996 Si
2072 1928 2244 1994 nihil

284 2013 357 2079 ab
392 2014 563 2094 aliis,
602 2024 788 2080 tuum
826 2014 955 2080 erit
988 2013 1209 2098 aliqua
1240 2036 1357 2097 spe
1377 2034 1676 2082 recreare
1698 2036 1929 2081 eorum
1964 2015 2240 2081 animos.

447 2101 808 2167 Praeteriti
870 2101 1193 2184 temporis
1253 2100 1593 2167 silentium
1657 2100 1824 2166 mihi
1890 2100 2241 2178 adscribes,

280 2184 442 2269 quod
505 2207 677 2252 onus
731 2185 901 2252 illud
951 2188 1331 2269 receperim.
1420 2186 1816 2272 Negotiatur
1873 2187 2003 2265 ille,
2024 2190 2084 2264 ὅ)
2130 2188 2243 2270 qui

281 2292 527 2339 merces
596 2274 1005 2357 germanicas
1058 2293 1390 2356 opponere
1447 2272 1637 2339 nobis
1683 2272 1912 2350 voluit,
1956 2273 2241 2358 pretium

280 2357 472 2424 habet
504 2379 670 2424 suae
707 2359 1039 2441 perfidiae.
1111 2356 1248 2424 Sed
1269 2359 1477 2423 miror
1498 2359 1592 2423 ita
1613 2358 1933 2440 pudorem
1957 2358 2241 2435 exuisse,

279 2451 348 2508 ut
387 2443 627 2511 saltem
675 2462 806 2509 nou
852 2441 1098 2526 aliquid
1145 2443 1432 2510 simulet.
1522 2443 1600 2509 Si
1647 2443 2043 2510 Hotomanno
2099 2465 2241 2510 cre·

280 2526 469 2606 ditur,
516 2529 861 2612 Boquinus
902 2551 943 2594 a
985 2527 1318 2595 Balduino
1363 2527 1553 2594 valde
1617 2528 1907 2595 dissidet.
1928 2529 1983 2615 ⁶)
2076 2530 2241 2595 Nor-

278 2616 529 2682 mudio
599 2623 827 2680 nostro
890 2614 1203 2699 gratulor,
1285 2613 1456 2699 quod
1523 2623 1659 2680 tam
1725 2615 2000 2681 comiter
2042 2615 2241 2681 fuerit

276 2709 602 2784 exceptus.
708 2699 983 2768 Utinam
1050 2721 1136 2765 ne
1198 2721 1379 2767 more
1446 2700 1675 2766 aulico.
1792 2699 1927 2767 Sed
1993 2701 2240 2785 optime

276 2806 480 2870 spero,
567 2783 743 2870 quod
787 2787 1003 2852 officia
1066 2807 1189 2851 sua
1254 2786 1430 2852 ultro
1494 2786 1771 2869 polliciti
1816 2797 1992 2866 sunt,
2124 2807 2240 2852 uos

274 2874 435 2938 serio
494 2871 679 2955 loqui
738 2872 1064 2938 existimo.
1154 2871 1342 2951 Vale,
1398 2871 1826 2958 integerrime
1885 2881 1953 2938 et
1998 2873 2084 2938 du
2112 2873 2238 2939 cis-

272 2958 427 3024 sime
462 2957 693 3023 frater.
766 2958 1096 3024 Dominus
1132 2956 1253 3023 tibi
1288 2978 1549 3042 semper
1586 2958 1779 3037 adsit,
1818 2967 1881 3024 te
1918 2960 2239 3041 gubernet

272 3065 342 3113 ac
418 3043 825 3197 ificolumem
906 3051 1193 3111 tueatur.
1306 3044 1527 3110 Nostri
1595 3066 1822 3113 omnes
1889 3044 2238 3131 diligenter

270 3140 330 3198 te
363 3154 437 3199 sa
464 3137 682 3197 utant.

432 3217 590 3283 Bur
680 3217 845 3281 'num
865 3216 920 3303 ⁷)
978 3217 1285 3300 ablegare
1338 3236 1458 3282 nos
1515 3217 1732 3301 coegit
1785 3218 1927 3283 eius
1986 3216 2237 3301 impru-

271 3303 505 3371 dentia.
631 3322 738 3367 am
784 3303 933 3370 istic
977 3303 1133 3369 sciri
1189 3301 1495 3381 arbitror,
1562 3304 1817 3369 Ducem
1866 3303 2163 3370 Nemorsi
2177 3305 2237 3381 8)

271 3389 334 3455 in
413 3388 651 3454 nidum
718 3408 914 3453 suum
981 3388 1370 3472 confugisse.
1482 3388 1733 3454 Parum
1800 3388 2009 3454 abfuit
2075 3390 2235 3473 quin

270 3477 640 3559 praefectus
683 3471 1018 3559 Gayensis
1060 3476 1289 3559 ignoto
1342 3493 1613 3539 manum
1659 3474 1977 3542 iniiceret.
2068 3474 2238 3541 Inde

270 3562 533 3645 elapsus
591 3558 1041 3625 Ghansiacum
1064 3564 1117 3635 ¹³)
1173 3568 1374 3626 noctu
1433 3562 1754 3642 pervenit,
1822 3561 1938 3626 ubi
1984 3561 2237 3646 trepide

272 3647 778 3715 sciscitabantur
812 3647 959 3712 eius
1005 3647 1295 3726 comites,
1338 3654 1647 3713 essentne
1686 3647 1759 3711 in
1808 3646 2060 3714 ditione
2106 3647 2236 3714 Ge·

470 3922 507 3976 3
565 3920 1013 4057 οοκεὸιναηοηυςι
1047 3921 1300 3976 binorum
1347 3935 1414 3973 ιω
1463 3920 1697 3988 singulis
1742 3922 2122 3989 parlamentis,
2160 3922 2238 3977 ad

472 4059 537 4192 ἐξ
574 4055 1376 4195 wanemala&
1407 4121 1713 4179 Germanos
1747 4126 2020 4197 theologos
2052 4142 2233 4184 accer-

270 4200 401 4253 αὐε
434 4204 501 4251 α
534 4210 628 4249 res
664 4196 926 4250 mearet.

474 4265 537 4328 6)
576 4263 742 4345 Vides
764 4264 1121 4319 Hotomanus«)
1138 4262 1622 4331 Heidelberaenses
1647 4265 1825 4329 fuisse
1847 4263 2042 4321 melius
2060 4271 2236 4333 notos,

474 4334 825 4471 gdssgdu
865 4398 1087 4455 Con-§eil
1129 4398 1178 4452 6.
1227 4398 1406 4480 Nom..-
1474 4400 1792 4471 Bourgoing
1838 4402 2016 4471 prend
2061 4418 2231 4472 conge

272 4478 433 4597 3:¹3:
458 4478 639 4594 553..
651 4486 869 4593 ⁶31&
906 4468 1887 4606 :1⁹22‘123i‘212bssffl3213203ebfflif
1904 4487 2237 4609 3¹:3³⁶}ss

272 4628 305 4664 s
336 4616 635 4681 supporter
683 4610 763 4662 les
807 4606 1035 4676 charges
1081 4607 1151 4659 de
1184 4622 1285 4660 son
1336 4608 1543 4675 voiage.
1580 4634 1648 4647 -—
1683 4609 1835 4665 His&
1868 4610 1989 4665 eccl.
2024 4608 2066 4663 1.
2106 4607 2233 4663 767:

270 4680 391 4749 Fre.
430 4682 513 4733 Bo
616 4677 708 4731 oin
761 4673 1072 4729 snrnomme
1108 4673 1354 4744 Dagnon,
1402 4675 1618 4730 homme
1654 4676 1724 4731 de
1759 4678 1943 4733 savoir
1977 4683 2035 4732 et
2089 4677 2233 4732 d’ex·

372 4750 528 4802 ‘enee
638 4754 663 4797 t
721 4761 862 4799 envo
902 4745 933 4798 ὁ
984 4743 1054 4797 de
1091 4742 1314 4797 Geneve
1367 4744 1401 4797 a
1446 4744 1655 4814 Troyes
1707 4762 1847 4816 pour
1898 4747 2129 4802 rensort.
2166 4777 2233 4787 —

478 4816 556 4870 11.
591 4813 719 4868 488:
758 4814 822 4867 F.
909 4852 927 4868 .
973 4814 1123 4866 sieur
1153 4812 1460 4881 d'Aguyon,
1495 4816 1687 4868 ancien
1723 4815 1989 4870 chanoine
2023 4816 2092 4870 de
2125 4816 2233 4871 Ne·

273 4904 409 4966 'm’
458 4902 521 4938 ⁶⁰
566 4886 661 5006 ’ἦ
726 4883 739 4895 ’
822 4881 855 4935 ³
890 4880 2232 5008 ⁶⁰?i3222321.m¹3²1i⁸²{3„³·¹³⁰⁸533’.0¹3¹¹&

272 4954 587 5077 ἷῖἓξὲἕῃὲἷὶ
632 5022 673 5075 11
726 4968 999 5074 demersit
1032 5020 1113 5073 les
1150 5017 1346 5089 eglises
1382 5017 1451 5072 de
1487 4969 1795 5077 ehaffinolz’at
1828 5029 1886 5077 et
1922 5024 1991 5077 de
2028 4972 2235 5094 Troyez

276 5100 329 5146 et
360 5091 532 5147 fonds
563 5090 700 5144 celle
733 5090 804 5143 de
840 5088 1092 5142 Moulins.

479 5157 543 5224 8)
578 5158 656 5215 N.
687 5156 844 5215 3579.
878 5155 1034 5213 3594.
1066 5154 1222 5211 8599.

447 5226 765 5354 sagam
626 5228 821 5310 hcm,
879 5227 959 5283 ad
1006 5225 1358 5292 Rhodanum,
1412 5228 1571 5281 vicus
1619 5225 2015 5285 θαπιυοηείηωι
2063 5244 2236 5299 prope

272 3990 440 4046 dm.

1984 371 2143 435 1561
2188 365 2608 435 Novmffl.

4194 373 4322 443 122

2349 556 2625 622 nevensi
2659 575 2747 620 an
2781 555 3131 636 Bernensi,
3176 566 3440 642 sumpto
3478 556 3738 628 itineris
3774 558 3937 627 duce
3972 561 4045 626 in
4067 582 4317 647 pagum

2348 641 2741 708 Lelusetum
2757 644 2853 720 ¹⁰)
2896 640 3174 727 profecti
3228 650 3402 717 sunt,
3458 644 3574 710 ubi
3616 664 3703 710 ex
3745 648 3929 730 equis
3973 644 4317 715 duodecim

2348 735 2489 793 tres
2543 727 2956 812 reliquerunt
3005 727 3395 794 lasffitudine
3452 731 3929 799 semimortuos.
4024 731 4317 802 Gallae-‘0

2346 811 2705 897 plurimam
2741 813 3023 880 salutem
3060 823 3129 879 et
3162 814 3659 900 quibuscunque
3693 819 4047 885 censueris.
4112 818 4313 887 Vale-

2348 898 2584 976 tudini,
2629 900 2883 979 amabo,
2929 899 3215 979 consule,
3262 922 3345 966 ne
3380 911 3444 967 te
3480 900 3670 968 obrui
3705 903 3886 970 sinas
3922 905 4317 988 importunis

2348 985 2701 1059 laboribus,
2770 1006 2985 1070 neque
3044 987 3219 1053 enim
3280 988 3424 1053 sine
3466 988 3743 1055 tristitia
3787 988 3981 1056 audio
4025 1001 4091 1056 te
4131 999 4315 1059 exte-

2350 1080 2632 1137 nuatum
2676 1092 2837 1138 esse.
2930 1070 3186 1137 Iterum
3230 1072 3381 1140 vale
3434 1078 3528 1138 19.
3574 1073 3973 1142 Novembris
4025 1080 4204 1142 1661.

3279 1211 3560 1277 Carolus
3594 1211 3931 1280 Passelius
3967 1222 4138 1280 tuus.

3115 1505 3524 1516 ζ*

3231 1756 3433 1829 8618.

2345 1909 2702 1977 GALVIN
2749 1911 2948 1979 AUX
2990 1910 3504 1980 MINISTRES
3549 1913 3678 1980 DE
3725 1913 4307 1985 NEUGHATEL.

2521 2082 2572 2146 I
2575 2083 2600 2146 l
2656 2083 2892 2165 appuis
2947 2082 3012 2148 la
3060 2083 3366 2150 demands
3419 2086 3499 2151 de
3561 2084 3795 2170 l’bqlise
3838 2087 3914 2151 de
3972 2085 4148 2166 Sene,
4199 2088 4309 2170 qui

2343 2168 2650 2235 amande
2691 2169 2749 2234 le
2789 2169 3078 2234 ministre
3119 2170 3197 2235 de
3240 2170 3307 2235 la
3352 2169 3604 2236 Brosse.
3636 2174 3688 2254 ¹)

2345 2338 2612 2410 (otginal.
2649 2339 2793 2393 sibi.
2830 2339 2899 2392 «10
2936 2339 2990 2392 ια
3025 2313 3358 2410 compagum
3394 2342 3463 2396 do
3498 2340 3814 2396 Neuohstel.
3853 2342 4306 2398 v01.A.N.101.

2614 2406 2988 2478 Souscription
3026 2410 3380 2479 autographo.
3421 2437 3484 2449 -
3524 2412 3742 2465 Bonnet
3776 2411 3843 2465 11.
3879 2410 4029 2478 435.)

2345 2580 2451 2646 La
2509 2579 2818 2646 dilection
2875 2578 2956 2645 de
3015 2578 3191 2646 Dieu
3234 2588 3461 2647 nostre
3515 2601 3674 2665 pere
3728 2589 3797 2648 et
3851 2581 3916 2648 la
3974 2604 4170 2668 grace
4228 2583 4308 2650 de

2344 2673 2572 2732 nostre
2637 2664 2968 2750 Seigneur
3033 2666 3223 2732 Iesus
3293 2666 3528 2734 Christ
3592 2668 3723 2734 soit
3787 2670 4114 2735 tousiours
4192 2690 4310 2735 sur

2540 2772 2707 2817 vous
2753 2772 2872 2835 par
2914 2751 2982 2816 la
3027 2753 3580 2819 communication
3614 2753 3705 2819 du
3752 2752 3824 2821 S.
3863 2755 4108 2840 Esprit.

2519 2922 2878 2989 'Preschers
2920 2931 2988 2988 et
3031 2921 3318 2989 honorez
3377 2924 3600 3003 freres,
3669 2926 3968 2992 combien
4012 2946 4141 3011 que
4183 2947 4306 2993 noz

2343 3011 2553 3077 freres
2608 3008 2690 3076 de
2746 3006 2919 3075 Sens
2962 3010 3073 3093 qui
3118 3019 3236 3077 ont
3277 3030 3533 3096 envoye
3576 3032 3652 3079 ce
3691 3032 4029 3098 messager
4071 3034 4308 3097 expres

2345 3119 2430 3163 ue
2466 3118 2634 3164 vous
2666 3101 2871 3181 ayent
2914 3097 3099 3179 point
3140 3096 3358 3179 escrit,
3401 3098 3462 3162 ie
3506 3119 3670 3164 vous
3751 3099 3974 3184 rieray
4010 3099 4093 3165 de
4126 3119 4307 3166 rece·

2344 3183 2491 3249 voir
2557 3183 2702 3249 leur
2764 3191 3088 3267 requeste,
3134 3203 3385 3249 comme
3449 3185 3509 3251 si
3564 3206 3639 3252 ce
3740 3185 3923 3250 efaut
3966 3187 4057 3270 n’j
4111 3187 4307 3251 estoit

2342 3269 2550 3353 point,
2608 3268 2821 3354 lequel
2866 3276 2968 3334 est
3010 3268 3274 3335 advenu
3318 3290 3438 3353 par
3481 3270 3967 3352 inadvertence,
4028 3271 4308 3337 dautent

2341 3356 2516 3440 quils
2580 3376 2666 3422 ne
2730 3362 2966 3421 savent
3029 3355 3177 3419 rien
3244 3353 3325 3420 de
3390 3356 3590 3422 lestat
3655 3355 3736 3421 de
3801 3377 3923 3439 par
3981 3355 4167 3423 deca:
4236 3364 4307 3423 et

2340 3449 2656 3525 pourtant
2698 3463 2768 3506 se
2824 3448 2978 3506 sont
3032 3439 3378 3507 addressez
3437 3464 3477 3507 a
3519 3462 3673 3526 moy
3718 3463 3790 3508 88
3834 3445 4124 3509 confiant
4178 3463 4305 3526 que

2338 3529 2403 3593 ie
2457 3528 2594 3593 fero
2644 3549 2681 3593 e
2736 3547 2823 3592 eu
2877 3527 3025 3592 leur
3079 3548 3235 3592 nom
3292 3535 3440 3592 tout
3494 3549 3568 3594 ce
3626 3530 3738 3611 qui
3797 3530 3998 3594 seroit
4054 3528 4303 3595 besoin.

2339 3612 2439 3681 Or
2472 3614 2556 3679 ils
2635 3614 2884 3679 esirent
2915 3634 3001 3678 en
3036 3632 3288 3679 somme
3323 3612 3553 3679 davoir
3587 3621 3814 3679 nostre
3831 3614 4005 3680 frere
4025 3615 4306 3681 Maistre

2339 3700 2640 3766 Maturin
2698 3700 2778 3766 de
2823 3699 2892 3764 la
2935 3698 3146 3765 bro-sse
3189 3698 3431 3782 duquel
3489 3700 3572 3765 ils
3607 3708 3727 3765 ont
3768 3722 3852 3765 eu
3894 3701 3986 3766 tel
4031 3708 4306 3784 rapport

2338 3785 2513 3870 quils
2569 3794 2873 3869 esperent
2927 3795 3104 3850 estre
3158 3784 3311 3850 bien
3367 3805 3672 3867 proveus,
3737 3786 3855 3852 sils
3899 3786 3962 3851 le
4014 3797 4304 3870 peuvent

2337 3871 2615 3938 obtenir.
2684 3871 2873 3936 Vous
2914 3891 3105 3937 saves
3141 3889 3267 3952 que
3308 3869 3586 3954 iusquici
3631 3872 3693 3936 ie
3727 3893 3815 3937 ne
3849 3893 3956 3937 me
4000 3873 4135 3938 suis
4181 3894 4304 3956 pas

2337 3958 2568 4042 ingere
2634 3956 2714 4021 de
2777 3955 2942 4021 faire
3010 3955 3192 4021 nulle
3256 3965 3560 4040 requeste
3626 3957 3696 4023 ni
3765 3959 4122 4041 poursuitc.
4211 3959 4304 4025 Et

2338 4063 2588 4108 mesme
2630 4039 2930 4109 combien
2973 4062 3099 4125 que
3141 4062 3310 4107 ceux
3347 4042 3429 4108 de
3464 4043 3680 4128 'l'roye
3725 4064 3830 4108 me
3865 4044 4302 4111 solicitassent

2338 4148 2379 4193 a
2411 4128 2512 4193 les
2567 4126 2774 4212 ayder
2830 4146 2952 4210 por
3009 4128 3197 4193 avoir
3254 4137 3477 4194 nostre
3531 4130 3705 4194 frere
3749 4129 4018 4195 Maistre
4062 4130 4303 4213 laques

2336 4215 2517 4291 sorel,
2577 4214 2639 4279 ie
2681 4234 2838 4279 meu
2882 4212 3221 4297 deportay.
3245 4218 3302 4293 ²)
3391 4214 3566 4281 Mais
3624 4216 3688 4280 ie
3743 4236 3873 4300 nay
3928 4237 4058 4299 peu
4115 4237 4302 4281 mex-

2339 4309 2595 4384 empter
2651 4320 2692 4364 a
2747 4321 2822 4365 ce
2889 4318 3058 4382 coup
3102 4319 3228 4382 que
3283 4321 3449 4383 pour
3505 4300 3568 4366 18
3625 4302 3839 4367 moins
3905 4302 3965 4366 18
4010 4321 4091 4366 ne
4135 4322 4302 4367 vous

2337 4387 2492 4452 fisse
2547 4386 2612 4451 le
2669 4384 2835 4450 recit
2892 4383 2973 4450 de
3030 4383 3098 4448 la
3153 4384 3475 4452 demands
3531 4386 3614 4451 de
3671 4408 3779 4453 ces
3824 4385 4073 4451 bonnes
4116 4407 4300 4469 gens,

2336 4470 4302 4639 {2³31qffissssn02⁰51it“‘{?3¹13¹”312.0¹33500⁰‡2⁸30'⁰3r⁰3¹32

2336 4579 2802 4727 consequeffice,
2849 4650 2994 4707 tant
3037 4663 3202 4726 pour
3235 4643 3298 4708 le
3333 4641 3544 4728 grand
3581 4650 3826 4709 ressort
3860 4639 3940 4706 de
3973 4641 4302 4727 Bailliage

2337 4751 2468 4815 que
2488 4750 2734 4814 pource
2756 4749 2884 4812 que
2904 4735 3046 4795 cest
3078 4729 3257 4812 siege
3293 4727 3849 4812 archiepiscopale
3883 4736 3952 4791 et
3984 4726 4302 4809 primace.

2336 4816 2595 4883 Pource
2652 4835 2778 4898 que
2836 4814 2900 4879 ie
2942 4836 3028 4880 ne
3072 4814 3271 4881 doute
3311 4816 3499 4899 point
3541 4834 3667 4897 que
3708 4814 4170 4879 lavanoement
4214 4814 4304 4882 du

2509 5087 2600 5153 10)
2639 5087 2899 5154 Lelm‘set,
2946 5095 3076 5145 tunc
3127 5089 3386 5158 temporis
3432 5088 3493 5141 in
3536 5084 3887 5153 praefectura
3932 5081 4311 5143 Rern-mm

2344 5156 2715 5223 Terniaeenet',
2751 5173 2900 5212 nunc
2933 5158 2995 5211 in
3070 5159 3232 5212 nt‘bus
3271 5154 3601 5211 Sabaudc'ae.

2334 5226 2516 5283 8018.
2538 5228 2603 5362 12))
2642 5225 2935 5352 ῗμὸεέὃέῗε
3035 5266 3048 5281 .
3083 5225 3238 5281 3604.
3277 5226 3415 5281 suiv.
