4900 6125
549 364 666 429 331

720 547 944 632 Quum
1019 545 1460 631 superioribus
1523 544 1860 614 mensibus
1923 546 2359 616 reverendum
2421 548 2494 615 in

550 635 816 702 Christo
856 639 1198 718 parentem
1239 638 1539 699 nostrum
1579 630 1664 698 D.
1711 631 2122 700 Gulielmum
2165 632 2495 700 Faventem

549 718 1023 804 Studtgardiae
1065 716 1148 784 de
1189 716 1544 801 improviso
1585 724 1655 784 et
1698 717 1962 802 quidem
1997 716 2496 787 decumbentem

708 804 958 883 rissem,
978 805 1039 881 ²)
1099 803 1287 870 brevi
1341 802 1426 869 ad
1469 810 1535 869 te
1579 801 1732 869 data
1773 802 2085 871 schedula
2126 804 2496 889 significare

549 914 592 959 v
659 892 728 958 ui
770 912 875 957 me
931 886 1223 957 nondum
1265 889 1365 954 tui
1411 896 1801 989 tuorumque
1845 888 2121 956 oblitum
2160 910 2323 970 esse,
2389 890 2496 958 vir

547 976 904 1046 clarissime
937 982 1085 1060 pate
1166 995 1248 1041 ue
1281 994 1540 1042 summa
1558 973 1722 1040 miln
1756 974 2173 1042 observantia
2204 974 2492 1043 colende.

548 1063 773 1146 Quum
816 1070 1039 1128 antem
1083 1061 1098 1075 '
1154 1081 1191 1127 e
1233 1060 1408 1126 inter
1447 1058 1572 1126 alia
1605 1059 1773 1126 mihi
1806 1060 2142 1127 retulisset
2176 1059 2496 1145 quomodo

547 1147 760 1215 nostri
801 1146 978 1213 theol
1063 1146 1086 1212 i
1125 1145 1463 1212 Lutetiam
1498 1143 1584 1213 ad
1616 1145 2010 1231 colloquium
2032 1148 2084 1228 ⁸)
2121 1146 2494 1214 accersendi

547 1240 786 1311 essent.
840 1254 974 1299 non
1054 1251 1245 1298 evem
1298 1229 1451 1299 inde
1508 1230 1727 1297 animo
1782 1232 1964 1317 pacis
2006 1240 2075 1298 et
2115 1231 2495 1300 concordiae

547 1342 585 1388 s
777 1336 1220 1410 conceperam,
1287 1316 1422 1383 imo
1475 1338 1743 1401 prorsus
1797 1317 1965 1383 mihi
2013 1338 2495 1403 persuaseram,

617 1426 696 1472 us
771 1426 857 1471 ex
918 1400 1170 1490 synodo
1233 1400 1351 1468 illa
1413 1423 1610 1486 quam
1674 1403 1978 1471 omnibus
2044 1404 2323 1471 antehac
2387 1403 2494 1471 vel

543 1428 949 1575 flammaue
982 1488 1090 1555 vel
1132 1487 1544 1554 Wormatiae
1579 1498 1646 1554 et
1686 1488 1845 1555 alibi
1878 1488 2123 1556 habitis
2159 1488 2497 1574 colloquiis

543 1576 703 1644 boni
757 1572 1079 1643 commodi
1126 1594 1206 1639 ue
1263 1572 1347 1639 ad
1405 1594 1524 1641 nos
1568 1572 1952 1641 rediturum.
2039 1574 2292 1643 Verum
2377 1573 2496 1641 uid

545 1662 639 1729 ibi
698 1670 918 1729 actum
975 1659 1063 1725 sit
1081 1595 1435 1725 qhaetenus
1489 1660 1826 1743 percipere
1880 1681 2008 1726 non
2053 1661 2258 1744 potui.
2409 1660 2495 1726 isi

545 1744 720 1833 quod
762 1766 970 1830 nuper
1013 1767 1095 1811 ex
1150 1743 1358 1811 literis
1401 1745 1486 1810 D.
1537 1742 1712 1811 Petri
1757 1744 2070 1829 Martyris
2112 1744 2196 1812 ad
2235 1745 2494 1813 Bullin-

803 1837 1102 1899 nostrum
1147 1829 1317 1897 datis
1358 1828 1674 1912 intellexi,
1723 1831 2139 1898 Serbonistas
2182 1853 2332 1899 cum
2374 1852 2494 1898 suo

798 1917 957 2000 'nqio
1017 1913 1332 1982 cardinali
1375 1914 1640 1983 Lutheri
1683 1928 1880 2001 atque
1923 1915 2178 1984 Breve-'i
2218 1915 2493 1985 consub-

543 2002 1041 2071 stantiationem
1105 1998 1461 2068 admisisse
1563 1999 1753 2083 Quae
1807 2009 2030 2069 tamen
2086 2024 2323 2088 parum
2378 2010 2497 2069 aut

543 2096 724 2157 certe
785 2088 1054 2155 omnino
1098 2086 1268 2153 nihil
1310 2107 1350 2151 a
1391 2089 1800 2187 papistarum
1841 2086 1955 2153 illo
1999 2089 2494 2156 transsubstan-

544 2172 838 2242 tiationis
879 2184 1177 2256 portento
1220 2170 1618 2239 discriminis
1650 2172 1895 2239 habere
1934 2172 2210 2241 videtur.
2283 2174 2498 2241 Aiunt

540 2259 815 2415 guidem
871 2278 1107 2343 panem
1164 2256 1378 2341 quoad
1435 2259 1873 2325 substantiam
1915 2279 2101 2326 suam
2145 2259 2218 2325 in
2260 2280 2497 2345 corpus

603 2345 800 2413 hristi
875 2364 1012 2411 non
1090 2344 1383 2411 converti
1452 2356 1567 2411 aut
1629 2346 1890 2424 mutari,
1969 2365 2207 2412 verum
2270 2346 2496 2412 statim

544 2430 816 2518 quidam
869 2428 950 2496 ad
1008 2430 1346 2515 ingenium
1399 2437 1805 2497 revertentes
1855 2431 2030 2516 quod
2074 2429 2269 2498 modo
2312 2429 2494 2498 dixe-

543 2524 701 2585 rant
739 2519 909 2583 facto
951 2526 1019 2582 et
1060 2538 1098 2582 o
1298 2536 1543 2599 negare
1583 2516 1927 2601 incipiunt,
1986 2516 2343 2584 clamantes
2385 2537 2497 2601 pa-

545 2624 701 2670 nem
754 2600 947 2669 illum
1005 2622 1051 2667 v
1167 2599 1343 2667 reale
1395 2599 1646 2667 Christi
1699 2622 1937 2686 corpus
1993 2624 2156 2682 esse,
2222 2602 2328 2670 vel
2372 2602 2497 2670 hoc

541 2690 760 2775 ipsum
805 2686 1044 2770 ubique
1089 2698 1414 2752 terrarum
1456 2707 1767 2770 praesens
1809 2685 2037 2755 adesse
2071 2688 2238 2755 citra
2269 2694 2496 2754 tamen

542 2795 807 2844 omnem
863 2773 1307 2839 membrorum
1364 2774 1808 2840 extensionem
1866 2784 1992 2842 etc.
2073 2771 2154 2841 si
2194 2774 2321 2842 hoc
2361 2794 2494 2840 non

543 2869 646 2929 est
689 2858 1040 2926 Martionis
1082 2866 1198 2924 aut
1239 2857 1378 2924 Eut
1425 2858 1566 2926 ohis
1623 2859 1929 2927 haereses
1971 2880 2297 2939 revocare,
2341 2881 2493 2927 nes-

543 2948 646 3015 cio
689 2956 868 3013 certe
962 2942 1079 3010 uid
1134 2965 1246 3011 eas
1392 2942 1669 3029 probare
1710 2956 1927 3029 queat.
2014 2944 2271 3029 Corpus
2313 2946 2495 3011 enim

543 3031 800 3102 Christi
958 3050 1063 3097 em
1098 3038 1427 3097 momento
1462 3032 1534 3097 in
1566 3030 1830 3097 infinita
1860 3030 2005 3100 loca
2038 3030 2403 3099 distrahere
2427 3039 2496 3098 et

543 3118 788 3203 ubique
809 3137 1119 3201 praesens
1152 3116 1385 3195 facere,
1421 3115 1579 3201 quid
1613 3115 1794 3183 aliud
1827 3126 1930 3183 est
1950 3138 2146 3201 quam
2179 3116 2252 3183 id
2275 3118 2495 3202 ipsum

544 3215 661 3273 aut
712 3203 945 3270 deitati
998 3223 1115 3285 per
1167 3202 1387 3267 omnia
1439 3202 1653 3270 simile
1710 3210 1999 3270 statuere
2053 3214 2170 3270 aut
2270 3224 2494 3271 rorsus

543 3289 888 3357 exinanire
929 3295 998 3354 et
1038 3287 1332 3354 humana
1363 3289 1730 3355 substantia
1772 3309 1894 3356 sua
1932 3224 2269 3373 privare?

716 3374 947 3457 Quum
981 3393 1195 3456 nuper
1217 3372 1451 3441 Ulmae
1485 3395 1698 3442 essem
1716 3374 1913 3441 multi
1943 3394 2101 3442 sane
2121 3374 2386 3442 honesti
2418 3393 2497 3440 ac

543 3463 638 3546 pii
663 3461 792 3528 viri
814 3460 896 3526 de
928 3459 1211 3544 pastoris
1241 3459 1346 3526 sui
1366 3457 1452 3526 D.
1477 3459 1803 3528 Ludovici
1826 3459 1998 3527 Rati
2016 3464 2074 3537 ⁴)
2098 3460 2498 3529 truculentia

541 3546 1129 3630 conquerebantur,
1218 3543 1351 3612 uod
1396 3546 1498 3613 vel
1541 3546 1684 3630 ipso
1728 3546 1871 3613 Deo
1908 3545 2120 3613 invito
2153 3545 2497 3613 Christum

543 3656 630 3700 ex
671 3632 881 3715 patris
918 3631 1156 3697 dextra
1270 3631 1533 3697 trahere
1572 3630 1876 3698 omnibus
1909 3632 2048 3698 fere
2080 3633 2498 3700 concionibus

543 3719 889 3794 niteretur,
934 3737 1097 3801 quas
1140 3725 1365 3783 tamen
1407 3716 1623 3783 nullas
1665 3715 1940 3785 haberet
1975 3718 2052 3802 in
2088 3717 2327 3802 quibus
2359 3740 2495 3785 non

546 3803 949 3889 Oinglianos,
1009 3823 1170 3886 quos
1227 3811 1484 3881 vocant,
1547 3802 1764 3887 palam
1807 3802 2154 3868 damnaret
2195 3815 2263 3870 et
2303 3815 2495 3888 petu-

543 3891 710 3955 lanti
778 3888 794 3904 ’
1032 3908 1153 3954 sua
1193 3885 1495 3954 Vulcano
1560 3886 2031 3955 comburendos
2073 3887 2495 3967 adiudicaret,

543 3973 724 4042 unde
800 3994 944 4058 piae
1000 3983 1252 4040 mentes
1301 3974 1594 4059 graviter
1645 3975 1931 4040 offensae
1983 3994 2100 4057 per
2153 3973 2499 4058 quadrien·

542 4063 732 4128 nium
796 4073 910 4126 aut
975 4058 1220 4125 diutius
1284 4073 1353 4124 et
1416 4061 1760 4126 conciones
1814 4081 1967 4126 suas
2023 4060 2372 4146 negligunt
2427 4067 2497 4125 et

543 4157 1026 4213 sacramentum
1071 4166 1311 4212 coenae
1355 4145 1436 4213 ab
1479 4146 1622 4230 ipso
1665 4145 1954 4228 accipere
1998 4152 2304 4213 recusant

713 4231 1034 4312 Princeps
1076 4241 1298 4297 noster
1339 4232 1784 4314 superioribus
1837 4229 2068 4297 diebus
2108 4233 2180 4297 in
2222 4231 2497 4316 oppidu-

543 4318 682 4384 lum
718 4339 853 4384 non
886 4316 1114 4400 procul
1133 4317 1234 4381 Ar
1363 4327 1574 4383 torato
1608 4316 1859 4383 distans
1879 4316 2138 4384 Zabern
2171 4316 2422 4385 dictum
2441 4319 2496 4395 ⁸)

543 4403 833 4470 advectis
875 4422 1099 4468 secum
1141 4402 1253 4485 qui
1300 4400 1534 4468 usdam
1567 4403 1891 4487 theologis
1924 4401 2190 4469 Brattio
2225 4402 2495 4481 scilicet.

547 4491 630 4556 D.
677 4488 912 4554 Iacobo
955 4487 1251 4552 Andreae
1293 4497 1362 4552 et
1403 4486 1613 4556 aulico
1658 4510 1777 4555 suo
1818 4489 2288 4568 concionatore,
2343 4508 2495 4572 pro·

545 4794 2499 4995 mgssoecmhmetmticanenfiomimet

2049 358 2576 428 EPISTOLAE
2619 361 3047 429 svm-3⁷40

4410 363 4521 427 332

2595 548 2808 617 fectus
2850 546 3331 635 lothari-nqeue·
3372 547 3772 618 cardinalem
3828 556 3897 616 et
3938 547 4100 617 alios
4142 544 4232 614 ibi
4273 568 4524 634 exspec-

2595 634 2784 713 tavit,
2873 634 3105 718 quibus
3181 634 3381 701 etiam
3748 634 4091 702 Navem-ac
4164 633 4239 700 in
4411 634 4427 647 “

2595 719 2961 803 perhibent.
2985 718 3041 805 ⁸)
3149 718 3331 802 Quid
3406 721 3681 807 egerint,
3770 727 3889 789 aut
3971 739 4173 803 quare
4235 719 4529 805 princeps

2594 814 2819 872 noster
2860 825 3085 871 secum
3127 805 3240 871 illo
3282 826 3435 873 suos
3467 806 3616 873 illos
3652 805 3992 891 theologos
4025 803 4393 885 adduxerit,
4432 825 4530 871 me

2593 910 2876 992 prorsus·
2920 889 3098 957 latet.
3179 889 3470 973 Quidam
3532 891 3760 992 dixere
3804 889 4289 992 Lethes-inqiut
4351 888 4527 957 illum

2594 983 3149 1162 mmm&
3158 975 4533 1162 tffiffimffnffflffifflu

2595 1148 3434 1300 aestimant,
3455 1148 4187 1301 tfifffflatssfflm
4225 1145 4533 1317 ..w

2594 1285 2822 1386 videre
2861 1318 3044 1386 licet:
3112 1340 3347 1385 verum
3391 1319 3505 1386 ubi
3548 1318 3632 1386 ad
3672 1319 3931 1407 lydium
3972 1318 4163 1386 illum
4205 1335 4535 1387 sacrarum

2594 1403 2936 1505 literarum
2990 1402 3273 1488 lapidem
3330 1405 3718 1507 referantur,
3776 1404 3989 1492 magis
4037 1410 4216 1471 certe
4256 1402 4535 1489 philoso-

2595 1489 3466 1677 Ρωοέἓιῗζέειῗξωῗοῗξῗη
3485 1504 3923 1677 ῗὲξῗιῖῗιῗ
3936 1576 4100 1677 isto?
4157 1574 4539 1643 Ηωιωὴω

2596 1668 2665 1727 et
2709 1660 2971 1728 Gallum
3012 1661 3560 1746 Ratisponensem
3602 1661 3920 1743 hbellum‚
3983 1683 4170 1730 cums
4224 1659 4540 1728 hactenus

2601 1746 3021 1814 librariorum
3066 1754 3444 1814 nostrorum
3489 1747 3890 1834 negligentia
3948 1769 4071 1815 nec
4114 1744 4383 1815 videndi
4424 1765 4543 1812 nec

2594 1832 2858 1919 legendi
2901 1832 3063 1898 mihi
3104 1833 3290 1917 copia
3333 1832 3486 1899 data
3527 1842 3644 1900 est.
3719 1833 3947 1918 Ipsum
3982 1854 4143 1900 sane
4182 1833 4407 1917 legere
4447 1837 4542 1895 at·

2595 1939 2723 2003 que
2762 1918 3056 2004 relegere
3097 1941 3184 1986 ex
3228 1921 3447 1986 animo
3490 1919 3701 2005 cupio.

2768 2003 3110 2088 Superiori
3186 2024 3362 2071 anno
3439 2004 3524 2071 ad
3600 2005 3684 2071 D.
3761 2003 4112 2072 Nicolaum
4180 2002 4545 2071 Gattaei-u·

2598 2098 2897 2157 nostrum
2960 2089 3185 2189 literas
3241 2088 3410 2170 dedi,
3427 2095 3485 2170 ⁹)
3550 2090 3902 2157 arbitratus
3958 2089 4274 2156 nimirum
4296 2089 4545 2241 {psum

2599 2175 2818 2244 adhuc
2852 2176 3189 2243 vobiscum
3212 2175 3529 2243 Genevae
3563 2178 3984 2243 commorari:
4022 2173 4141 2242 sed
4174 2196 4259 2241 ex
4358 2173 4547 2243 orello

2597 2262 2857 2346 percepi
2912 2261 2984 2327 in
3042 2260 3349 2344 Angliam
3412 2283 3565 2328 eum
3607 2261 3976 2346 profectum
4018 2267 4216 2346 atque
4258 2258 4545 2326 Londini

2596 2367 2937 2414 sacrarum
2993 2348 3431 2431 professorem
3482 2366 3696 2432 agere.
3785 2345 4074 2413 Proinde
4114 2366 4278 2412 num
4321 2345 4548 2413 literae

2595 2432 2748 2500 illae
2811 2452 2931 2516 per
2983 2440 3050 2498 te
3105 2433 3175 2498 in
3233 2432 3534 2517 Angliam
3576 2453 3785 2518 usque
3827 2432 4253 2500 transmissae
4293 2431 4548 2516 ipsique

2597 2518 2853 2618 oblatae
2909 2518 3048 2584 sint
3099 2506 3348 2602 ignoro.
3432 2516 3755 2585 Libenter
3808 2518 3973 2617 alias
4007 2517 4184 2618 Miam
4218 2516 4352 2583 illis
4394 2516 4550 2617 sub·

2599 2623 3236 2789 :genasar
3247 2603 3960 2758 fflfflzfflffi
4002 2603 4299 2756 am.
4207 2623 4550 2787 ...m

2598 2784 2726 2840 tior
2766 2773 3060 2841 reddltus
3102 2774 3303 2854 fuero,
3347 2795 3460 2840 eas
3500 2797 3621 2858 per
3663 2783 3730 2841 te
3773 2782 3888 2841 aut
3928 2773 4215 2860 collegas
4258 2783 4407 2841 tuas
4442 2772 4551 2839 ullo

2599 2860 2873 2942 perferri
2918 2880 3126 2943 posse,
3168 2880 3510 2943 nunquam
3555 2859 3882 2928 scribendi
3928 2862 4193 2944 verique
4226 2858 4425 2927 amici
4458 2858 4551 2925 of·

2597 2945 2820 3013 ficium
2861 2947 3315 3012 intermittam.
3402 2944 3601 3028 Quod
3642 2956 3719 3013 ut
3758 2955 3957 3013 nacta
3996 2945 4166 3012 forte
4206 2943 4293 3013 ad
4333 2944 4557 3029 ipsum

2597 3029 2924 3133 scribendi
2978 3029 3438 3099 commoditate
3491 3030 3591 3098 illi
3646 3032 3992 3119 significes,
4057 3031 4300 3099 iterum
4357 3040 4556 3115 atque

2596 3126 2839 3184 iterum
2875 3136 3009 3184 oro.

2768 3201 3097 3270 Bavariae
3138 3200 3276 3270 dux
3296 3206 3382 3282 ¹⁰)
3423 3223 3546 3288 pro
3606 3224 3790 3270 more
3831 3225 3951 3271 suo
4004 3203 4253 3270 iterum
4295 3201 4556 3270 Christi

2598 3288 2899 3356 membra
2973 3287 3046 3354 in
3124 3308 3244 3355 sua
3320 3289 3591 3374 regione
3669 3309 3880 3372 nuper
3954 3289 4259 3374 persequi
4322 3289 4557 3373 coepit.

2596 3373 2792 3442 Unde
2834 3374 3084 3441 factum
3128 3385 3202 3441 ut
3244 3372 3690 3460 Straubingae
3731 3372 4041 3443 undecim
4081 3374 4392 3443 senatorii
4434 3372 4558 3440 viri

2594 3460 2973 3527 artolatriae
3032 3471 3258 3543 aperte
3314 3480 3462 3527 sese
3516 3461 3966 3545 opposuerint,
4021 3470 4090 3526 et
4131 3458 4398 3544 quidvis
4442 3479 4556 3543 po-

2595 3547 2732 3614 tius
2918 3566 2992 3612 re
3054 3565 3251 3629 quam
3308 3547 3720 3630 impanatum
3776 3545 3975 3613 deum
4026 3544 4217 3612 illum
4271 3544 4559 3612 circum·

2594 3565 2919 3731 gestariuffg‘)³
2998 3631 3299 3698 venerari
3386 3637 3582 3731 atque
3667 3629 3963 3731 adorare.
4012 3628 4458 3731 decreverint.
4473 3634 4559 3708 ¹¹)

2594 3716 2704 3784 Ad
2759 3736 3044 3785 amicum
3096 3716 3429 3800 quendam
3481 3716 3639 3782 ohm
3695 3715 3968 3800 parochi
4006 3715 4098 3782 lbl
4140 3714 4362 3783 officio
4402 3717 4557 3782 fun·

2595 3813 2879 3888 gentem,
2924 3822 3103 3869 nunc
3148 3822 3302 3869 vero
3343 3801 3521 3886 apud
3553 3822 3677 3868 nos
3710 3822 3791 3870 ev
3963 3801 4128 3867 lium
4148 3800 4404 3868 Christi
4439 3799 4553 3867 do-

2595 3899 2872 3965 centem,
2946 3887 3173 3954 literas
3236 3885 3493 3966 dedere,
3571 3886 3807 3971 quibus
3868 3908 3908 3953 o
3952 3886 4109 3953 nixe
4172 3895 4415 3971 rogant
4480 3895 4555 3952 ut

2593 3974 2760 4056 ipsis
2812 3974 2887 4038 in
2941 3972 3387 4040 controversia
3437 3971 3559 4039 illa
3606 3972 3949 4039 consulere
4012 3971 4341 4058 dignetur.
4428 3970 4555 4038 mo

2596 4080 2754 4126 vero
2794 4058 3124 4124 novitium
3162 4078 3234 4124 se
3290 4079 3435 4125 esse
3497 4056 3851 4141 perhibens
3891 4079 4000 4123 me
4040 4059 4315 4124 fratrem
4356 4077 4555 4124 suum

2595 4143 2979 4224 obsecravit,
3049 4151 3122 4209 ut
3177 4145 3249 4208 in
3303 4164 3506 4210 causa
3544 4144 3659 4210 illa
3700 4164 3976 4210 munere
4017 4165 4138 4211 suo
4180 4142 4371 4229 fungi
4416 4164 4553 4210 non

2594 4250 2930 4315 gravarer.
2955 4315 2970 4329 ⁹
3021 4227 3218 4329 Quod
3267 4227 3530 4329 quidem
3585 4249 3624 4296 e
3710 4279 3750 4328 ,·
3794 4228 4143 4296 infantiam
4183 4249 4401 4295 meam
4444 4250 4554 4314 ag-

2596 4334 2904 4468 ...mma
2941 4325 3553 4500 mammea
3585 4324 3756 4467 ...2⁸²
3797 4311 4553 4501 mamm&

2594 4506 2811 4553 meam
2854 4484 3204 4565 declaravi,
3249 4507 3332 4552 ne
3373 4495 3599 4552 tamen
3640 4506 3714 4552 so
3739 4507 3822 4552 us
3854 4497 3951 4551 ita
3982 4498 4233 4554 sentire
4268 4486 4553 4564 viderer.

2800 4793 2837 4849 ⁶
2890 4792 3455 4918 {effetam-

2798 4932 2835 5055 3
2958 4929 3307 5058 022⁹}AE
3341 4947 3536 5067 ‘farra
3569 4995 4173 5069 Mamaeam

2770 5069 2837 5125 ιο
2893 5069 3256 5126 sinemur.

2766 5138 2864 5205 11)
2907 5137 3051 5196 Urbs
3078 5135 4547 5220 fmtdamnyelimpnpoemdicitaradoelfissd.

2826 5203 4547 5333 ‘mg-ghffim,wdoe.ssn
