4900 6125
318 404 429 468 229

316 612 461 669 sees,
526 593 652 656 afin
718 590 958 658 d’estre
1019 590 1321 677 employa
1376 610 1462 657 au
1517 592 1769 659 service
1823 590 1904 658 de
1958 590 2251 678 l'Eglise.

314 676 403 743 Or
441 681 706 743 s'estant
746 684 1050 760 presente
1093 699 1179 744 en
1222 686 1449 744 nostre
1493 679 1882 763 compagnie
1925 677 1976 743 il
2019 698 2059 743 a
2100 679 2254 745 bien

310 768 583 848 proteste
645 763 801 846 qu'il
855 783 940 829 ue
996 785 1068 830 se
1123 763 1375 829 vouloit
1426 765 1694 848 ingeret
1752 783 1838 828 au
1893 764 2253 843 ministare,

311 849 483 916 sinon
524 848 684 931 qn’il
726 872 773 933 y
817 849 956 915 fust
995 848 1320 915 introduit
1360 870 1481 932 par
1523 849 1652 915 bon
1696 848 1907 916 ordre.
1996 849 2256 916 Pareil-

310 935 540 1000 lement
580 934 630 998 il
674 955 842 1001 nous
888 956 927 1000 a
969 935 1226 1001 declare
1270 935 1427 1018 qu’il
1473 934 1853 1002 s’accordoit
1896 955 1978 1001 en
2023 936 2131 1019 foy
2188 942 2256 1001 et

309 1041 384 1086 sn
445 1018 739 1086 doctrine
803 1041 963 1088 avec
1029 1042 1216 1088 nous.
1306 1020 1400 1085 Et
1459 1019 1540 1087 de
1598 1029 1823 1087 nostre
1881 1028 2032 1104 part
2087 1042 2255 1088 nous

307 1105 646 1173 voudrions
711 1107 866 1173 bien
910 1129 1034 1191 que
1077 1108 1219 1173 rien
1267 1107 1749 1193 n’empeschast
1790 1107 1952 1191 qu'il
1994 1127 2079 1173 ne
2120 1107 2255 1173 fust

306 1193 423 1258 mis
463 1211 546 1256 en
580 1211 841 1258 oeuvre.
914 1193 1050 1259 Oar
1084 1212 1250 1259 nous
1288 1212 1541 1276 povons
1578 1193 1887 1258 affermer
1921 1213 2004 1258 en
2040 1193 2254 1258 verite

306 1298 419 1362 que
460 1297 628 1345 nous
668 1278 987 1357 l'aimons,
1033 1288 1103 1344 et
1125 1277 1417 1344 desirons
1456 1299 1574 1344 son
1611 1278 1788 1344 salut
1822 1288 1892 1343 et
1924 1300 2042 1344 son
2079 1279 2253 1358 bien,

305 1384 574 1429 mesmes
636 1385 763 1447 que
827 1364 895 1429 la
960 1366 1274 1430 memoire
1341 1363 1458 1429 des
1521 1364 1803 1430 offensos
1863 1385 2125 1448 passees
2168 1385 2254 1430 ne

305 1470 458 1515 nous
477 1449 799 1515 induiroit
841 1452 1028 1535 point
1071 1459 1113 1515 a
1156 1449 1218 1514 le
1256 1450 1525 1517 reculer.
1595 1450 1767 1516 Mais
1790 1449 2089 1516 d’autant
2123 1470 2254 1533 que

305 1556 457 1621 pour
513 1536 846 1603 s’excuser
904 1535 952 1601 il
1005 1557 1176 1602 nous
1236 1557 1276 1601 a
1313 1536 1424 1601 nie
1480 1535 1795 1620 quelques
1854 1537 2084 1603 choses
2139 1537 2255 1620 qui

301 1642 453 1687 nous
508 1631 820 1706 estoyent
870 1642 1174 1707 cognues‚
1236 1630 1303 1687 et
1359 1642 1448 1686 na
1503 1642 1622 1704 pas
1666 1621 2056 1687 rondement
2097 1641 2253 1688 con-

301 1708 454 1773 fesse
496 1707 560 1773 le
607 1717 799 1785 reste,
838 1729 1006 1775 nous
1037 1713 1153 1793 n’y
1189 1728 1392 1773 avons
1427 1728 1546 1790 pas
1582 1715 1817 1773 trouve
1853 1714 2253 1793 repentance

299 1795 398 1878 qui
460 1814 627 1859 nous
669 1802 865 1877 peust
906 1815 991 1859 ou
1041 1792 1233 1860 deust
1276 1802 1634 1859 contenter.
1725 1794 2040 1878 Pol-quoy
2082 1813 2252 1859 nous

299 1880 535 1945 serious
587 1879 967 1964 hypocriten
1010 1888 1078 1944 et
1121 1890 1458 1945 mentem-s
1502 1900 1583 1944 en
1631 1879 1746 1963 luy
1786 1877 2087 1945 dormant
2121 1887 2250 1945 tes-

297 1967 636 2048 moignage
701 1985 867 2048 pour
924 1966 1341 2051 l’approuver
1397 1986 1439 2030 a
1491 1977 1664 2031 estre
1709 1986 1901 2031 receu
1950 1965 2251 2031 ministre

296 2050 369 2115 de
409 2051 471 2115 la
513 2051 775 2131 Parole‚
819 2052 1059 2135 iusqua
1100 2072 1174 2116 ce
1216 2051 1352 2134 quil
1399 2051 1492 2115 ait
1525 2052 1747 2134 appris
1783 2049 1863 2116 de
1898 2071 1968 2116 se
2003 2050 2249 2115 mieulx

296 2137 672 2221 oognoistre,
717 2148 784 2201 et
826 2146 1157 2203 monstror
1199 2157 1284 2202 en
1329 2137 1635 2204 sincerite
1678 2157 1807 2220 que
1850 2137 1912 2202 le
1956 2136 2088 2202 mal
2132 2135 2250 2220 luy

295 2221 583 2306 desplait,
626 2228 903 2309 n’ayaut
945 2224 1131 2306 point
1177 2223 1378 2288 honte
1432 2220 1514 2287 de
1558 2223 2047 2307 recongnoistre
2090 2225 2248 2288 sim-

295 2307 577 2392 plement
619 2331 701 2375 en
745 2329 923 2393 quoy
967 2309 1015 2372 il
1060 2329 1100 2373 a
1140 2308 1302 2373 failli
1338 2328 1493 2375 sans
1530 2309 1671 2374 rien
1709 2308 2070 2393 desguiser.
2151 2307 2248 2373 Oe

329 2414 406 2459 ue
441 2416 612 2462 nous
648 2395 945 2461 desirons
981 2391 1178 2460 d’une
1212 2394 1518 2460 affection
1552 2415 1715 2477 pure
1749 2404 1816 2459 et
1849 2392 2244 2460 fraternelle.

341 2502 418 2545 ur
450 2500 633 2565 quoy
656 2532 670 2545 .
699 2532 711 2546 .
741 2531 755 2546 .
779 2485 836 2557 ²)

1075 2772 1486 2784 --———-————-

1168 3024 1369 3096 3683.

763 3179 1276 3251 GRENEYUS
1324 3179 1762 3248 OALVINO.

451 3358 718 3441 Quaerit
761 3356 907 3438 quis
951 3359 1008 3419 et
1049 3354 1264 3436 qualis
1314 3354 1400 3419 sit
1443 3351 1784 3432 Hispanus
1824 3351 2086 3434 quidam
2130 3350 2242 3432 qui

287 3443 680 3529 Buraiqazae
722 3442 1041 3508 ecclesiam
1084 3460 1241 3505 suae
1277 3440 1478 3524 qentis
1523 3438 1778 3503 condere
1819 3436 1966 3502 vult.

568 3615 680 3682 (1⁴21
716 3610 1057 3681 autographo
1094 3609 1224 3664 Cod.
1261 3608 1465 3664 Genev.
1505 3607 1621 3670 109,
1658 3609 1750 3662 fol.
1788 3606 1933 3672 148.)

445 3784 621 3851 Fido
658 3783 967 3850 ecclesiae
1003 3780 1417 3847 Genevensis
1453 3781 1700 3862 pastori
1737 3779 1813 3931 g.
1852 3777 2152 3845 Calvino.

1805 3886 2066 3930 enevae.

445 4042 680 4123 Quum
738 4059 952 4123 nuper
1019 4038 1216 4103 huius
1283 4036 1583 4119 colloquii
1648 4037 1935 4101 ministri
1983 4035 2241 4101 Burde-

285 4128 462 4212 galae
528 4126 1007 4201 convenissent,
1074 4133 1263 4208 pater
1327 4123 1398 4187 in
1455 4123 1724 4188 Christo
1783 4120 2240 4187 observandis-

284 4215 457 4292 sime,
505 4211 749 4279 obtulit
791 4231 863 4275 se
899 4209 1238 4293 Hispanus
1273 4208 1540 4292 quidam
1577 4212 1624 4285 ¹)
1668 4210 1852 4273 cuius
1895 4206 2121 4272 literas
2157 4206 2240 4271 ad

284 4309 344 4365 te
385 4320 544 4366 curo
589 4296 1030 4381 perferendas.
1120 4293 1296 4375 Quia
1352 4305 1656 4375 suspecta
1712 4292 1901 4359 nobis
1955 4299 2058 4358 est
2098 4294 2240 4358 eius

285 4386 419 4451 vita
478 4395 547 4451 et
607 4382 884 4454 vocatio,
942 4401 1247 4464 cuperem
1296 4379 1375 4444 de
1421 4401 1497 4444 eo
1543 4401 1582 4444 a
1626 4389 1692 4443 te
1737 4379 1995 4461 aliquod
2052 4380 2240 4443 testi-

284 4473 575 4536 monium
620 4469 854 4535 elicere
899 4488 982 4532 ne
1034 4465 1265 4531 fraude
1309 4465 1449 4531 eius
1506 4465 1720 4547 aliqua
1763 4465 2239 4530 circumvenia-

286 4577 448 4622 mur.
522 4554 691 4621 Vult
747 4554 943 4628 enim,
1009 4563 1327 4635 quantum
1393 4551 1713 4617 coniicere
1781 4571 2063 4633 possum,
2133 4549 2239 4616 hic

285 4642 564 4726 aliquam
633 4640 1084 4723 Hispanorum
1164 4636 1504 4704 ecclesiam
1585 4637 1856 4721 erigere.
1963 4637 2238 4703 Utinam

285 4749 510 4794 omnes
560 4725 1066 4810 prophetarentl
1129 4744 1247 4789 nec
1294 4724 1468 4788 enim
1529 4731 1950 4806 praepostero
1992 4722 2237 4788 Josuae

285 4813 416 4879 selo
459 4814 701 4879 labore.
775 4809 912 4877 Sed
947 4810 1099 4893 quia
1143 4808 1250 4874 ills
1284 4807 1458 4892 apud
1498 4829 1614 4874 vos
1650 4806 2029 4891 aliquandiu
2062 4828 2235 4874 oom-

289 4971 658 4979 ——m

491 5048 551 5116 2)
585 5049 748 5104 Nous
780 5049 1017 5104 laissons
1052 5053 1181 5104 eene
1214 5048 1365 5103 lettre
1408 5049 1447 5101 ὰ
1481 5047 1536 5100 la
1569 5046 1724 5114 place
1759 5061 1862 5116 que
1901 5046 1982 5100 M.
2020 5044 2236 5100 Bonna

289 5119 364 5174 lui
415 5136 452 5173 a
497 5119 746 5189 amante
790 5119 1063 5201 &quque
1107 5131 1353 5171 nousne
1388 5115 1780 5185 sackionspas
1831 5131 1890 5169 ce
1924 5117 2023 5184 qui
2075 5131 2112 5168 a
2153 5129 2233 5182 pu

287 5187 604 5242 damiam
638 5201 740 5241 son
773 5202 1014 5256 opiam.

289 5255 470 5312 8888.
495 5257 551 5322 1)
591 5254 970 5325 Suspicionem
1014 5255 1175 5310 nobis
1211 5268 1240 5308 s
1312 5251 1819 5377 yegulffl'fagoeffli
1865 5250 1932 5304 de
1968 5251 2098 5306 Ant.
2147 5252 2236 5306 del

294 5325 462 5381 omo
495 5327 717 5395 aqam
753 5323 860 5386 (N.
895 5322 1035 5379 3182
1069 5327 1228 5392 noi),

2131 407 2291 470 1561
2337 425 2388 472 s.
2435 405 2497 471 d.

4200 409 4332 473 230

2357 602 2654 662 moratus
2711 600 2832 673 est,
2891 614 2977 659 ne
3031 592 3188 677 quid
3245 592 3625 661 detrimenti
3681 594 3971 677 patiatur
4026 592 4320 674 ecclesia,

2358 699 2529 745 neve
2580 679 2738 764 quid
2782 701 2821 746 a
2864 679 3052 746 nobis
3106 678 3479 746 inconsulto
3522 685 3743 745 aetum
3786 677 4140 758 videretur,
4196 679 4322 747 hae

2357 764 2639 849 epistola
2695 765 2946 850 placuit
3000 766 3098 831 ire
3152 764 3429 832 obviam.
3525 764 3950 850 Quapropter
3993 785 4034 830 a
4087 772 4154 832 te
4207 766 4323 833 ob-

2357 851 2516 916 nixe
2561 851 2884 917 contendo
2924 860 3002 917 ut
3042 871 3151 916 me
3191 850 3465 917 consilio
3509 860 3623 917 tuo
3665 850 4007 918 suffulcias
4051 859 4121 917 et
4162 852 4322 917 hae·

2358 937 2588 1001 sitanti
2631 937 2705 1002 in
2746 936 2928 1004 bivio
2969 956 3240 1002 manum
3287 938 3601 1022 porrigas.
3690 936 4003 1003 Proderit
4047 938 4170 1005 hoc
4215 937 4322 1003 vel

2357 1024 2647 1088 maxime
2713 1023 2866 1089 huic
2930 1022 3259 1101 ecclesiae,
3327 1024 3400 1087 in
3457 1042 3604 1106 qua,
3660 1024 3789 1089 Dei
3855 1023 4087 1108 gratia,
4153 1024 4323 1088 rima

2358 1107 2544 1173 nulla
2585 1108 2906 1175 hactenus
2949 1108 3385 1175 schismaticis
3427 1109 3662 1193 patuit,
3720 1130 3803 1175 ex
3851 1129 3976 1193 quo
4020 1127 4320 1193 peracer-

2356 1194 2518 1260 bum
2576 1193 2763 1261 nobis
2820 1203 2993 1260 esset
3047 1214 3168 1278 per
3223 1195 3547 1260 incuriam
3595 1195 3818 1261 hostes
3860 1195 3934 1259 in
3994 1194 4320 1280 gremium

2357 1291 2660 1345 nostrum
2722 1280 3062 1363 recepisse.
3151 1279 3296 1345 Iam
3356 1280 3674 1346 fatiscunt
3731 1281 3991 1346 humeri
4051 1280 4125 1345 in
4185 1288 4322 1345 tam

2357 1365 2547 1450 gravi
2603 1366 2945 1449 provincia
2996 1365 3369 1430 ministerii,
3446 1364 3598 1446 Quo
3640 1386 3748 1431 me
3791 1375 4049 1432 vertam
4104 1367 4322 1432 nescio

2357 1452 2485 1516 nisi
2531 1450 2615 1517 ad
2659 1460 2745 1531 te,
2791 1451 3068 1517 multum
3115 1451 3187 1516 in
3221 1450 3490 1517 Christo
3532 1450 3802 1518 colende
3845 1462 4051 1535 pater,
4095 1453 4207 1535 qui
4253 1460 4322 1516 et

2357 1536 2666 1603 tenellam
2713 1544 2995 1603 aetatem
3039 1536 3420 1621 proceribus
3463 1543 3533 1602 et
3575 1536 3783 1603 doctis
3837 1545 4207 1620 suspectam
4251 1542 4322 1602 et

2355 1632 2645 1706 spretam
2681 1624 2875 1700 nosti,
2920 1643 3126 1706 quum
3167 1622 3366 1688 etiam
3403 1623 3571 1687 mihi
3613 1621 3817 1707 probe
3860 1624 3986 1690 sim
4022 1623 4321 1689 conscius

2357 1729 2504 1773 mea
2546 1709 2865 1787 inscitiae,
2911 1728 3079 1792 quae
3121 1728 3330 1791 paene
3374 1708 3528 1775 facit
3570 1718 3646 1775 ut
3688 1707 3920 1793 pedem
3967 1710 4317 1777 reflectam.

2357 1792 2715 1879 suppetias
2782 1814 2939 1878 ergo
3007 1794 3122 1872 fer,
3190 1793 3473 1873 obsecr0,
3543 1793 3961 1861 consodalem
4025 1794 4315 1860 mittens.

2354 1879 2504 1944 Hoc
2567 1900 2689 1964 ego
2745 1900 2885 1944 non
2944 1880 3144 1947 verbo
3198 1879 3313 1945 sed
3370 1880 3608 1945 intimo
3663 1879 3856 1947 corde
3901 1901 3943 1945 a
3998 1889 4064 1946 te
4119 1899 4320 1964 quam

2354 1965 2933 2032 vehementissime
2988 1964 3230 2050 flagito.
3310 1966 3496 2032 Deus
3555 1968 3772 2050 gratia
3827 1986 3950 2032 sua
4007 1965 4319 2033 ecclesiae

2352 2050 2719 2135 gallicanae
2763 2060 2828 2117 te
2872 2059 3093 2118 servet
3135 2049 3505 2117 diutissime
3548 2052 3963 2118 incolumem.
4045 2051 4322 2117 Inhiant

2352 2137 2531 2202 enim
2591 2158 2819 2203 omnes
2875 2136 2959 2201 ad
3017 2145 3312 2202 vestrum
3376 2136 3751 2204 adveutum.
3842 2135 3929 2202 D.
3992 2138 4200 2204 Virdo
4259 2137 4319 2203 si

2351 2222 2566 2305 placet
2622 2223 2909 2288 salutem
2965 2223 3230 2288 nomine
3274 2232 3499 2289 nostro
3545 2223 3723 2291 dices
3767 2242 3888 2289 nec
3943 2245 4072 2289 non
4117 2224 4318 2289 etiam

2351 2308 2622 2392 reliquis
2665 2308 2912 2375 nostris
2956 2310 3027 2374 in
3062 2308 3334 2374 Christo
3376 2310 3678 2391 patribus
3723 2307 3963 2392 quibus
4006 2327 4320 2394 prospera

2350 2414 2645 2478 quaeque
2689 2415 2936 2477 precor.
2961 2400 3018 2471 ²)

2524 2531 2712 2597 Tuus
2757 2530 2840 2597 ad
2885 2531 3107 2597 omnia
3149 2532 3221 2596 in
3265 2529 3533 2596 Christo
3578 2529 4059 2599 addictissimus

3399 2615 3809 2683 Philibertus
3852 2618 4225 2703 Greneyus.

3239 3160 3440 3231 3684.

2815 3315 3289 3384 GALVINUS
3336 3316 3853 3384 STANOARO.

2523 3486 2944 3569 Reprehensa&
3006 3508 3149 3553 eum
3204 3488 3370 3570 quod
3422 3486 3793 3554 Arianismi
3850 3489 4312 3557 immutaverit

2348 3571 2898 3639 Melanchthonem.
2976 3572 3053 3637 Si
3085 3594 3227 3641 vero
3264 3575 3338 3640 in
3376 3571 3649 3640 Polom‘a
3684 3574 3930 3640 Ariani
3963 3577 4312 3642 exstiterint

2344 3659 2606 3725 sentiant
2648 3659 2857 3741 ipsum
2901 3658 3130 3725 hostem
3173 3660 3609 3726 acerrimum·

2493 3829 2605 3892 (Ex
2641 3829 2958 3898 apographo
2994 3831 3126 3886 Ood.
3163 3830 3335 3885 Paris.
3371 3829 3569 3901 Dupuy
3608 3830 3727 3885 Vol.
3772 3829 3884 3897 102,
3922 3832 4016 3887 fol.
4052 3830 4167 3900 72.)

2409 3999 2717 4066 Eximiae
2762 4000 3150 4069 eruditionis
3196 4004 3338 4068 viro
3384 4001 3469 4066 D.
3515 4003 3872 4068 Francisco
3917 4003 4242 4071 Stancaro

3080 4088 3447 4154 Mantuano
3492 4085 3564 4154 S.

2518 4256 2595 4323 Si
2639 4258 2774 4323 iam
2816 4279 2936 4325 suo
2972 4281 3152 4326 more
3179 4258 3391 4325 Satan
3428 4279 3673 4343 purum
3708 4258 4034 4343 evangelii
4079 4280 4307 4326 semen

2343 4343 2412 4407 in
2436 4342 2716 4410 Polonia
2756 4347 2967 4428 coepit
3001 4365 3423 4428 corrumpere
3464 4345 3603 4411 suis
3646 4344 3913 4410 zizaniis
3948 4366 4023 4410 ac
4048 4345 4303 4426 vitiare,

2345 4427 2535 4492 nobis
2580 4430 3009 4496 vehementer
3053 4430 3369 4515 displicet.
3453 4432 3561 4495 An
3606 4451 3764 4496 vero
3805 4431 3876 4494 in
3920 4430 4054 4495 illis
4097 4433 4303 4513 parti·

2343 4513 2469 4579 bus
2512 4515 2793 4597 pullulet
2837 4517 3121 4582 Arriana
3177 4515 3470 4582 haeresis
3525 4515 3715 4581 nobis
3761 4515 4051 4581 noudum
4110 4517 4301 4582 inno-

2345 4600 2490 4664 tuit.
2563 4599 2792 4685 Neque
2836 4603 3013 4667 enim
3056 4602 3254 4668 fidem
3300 4613 3413 4668 tuo
3470 4602 3846 4667 testimonio
3889 4601 4132 4668 habere
4175 4601 4303 4667 hu-

2341 4706 2611 4750 manum
2657 4697 2846 4767 esset,
2892 4687 3152 4771 quando
3199 4710 3330 4753 non
3372 4686 3688 4753 dubitasti
3729 4686 4112 4771 Philippum
4159 4687 4302 4754 Μο-

2339 4770 2721 4838 lancthonm
2783 4773 3039 4856 publice
3103 4794 3381 4857 gravare
3447 4775 3589 4839 eius
3652 4773 3948 4839 criminis
4010 4773 4298 4856 infamia,

2340 4876 2536 4938 quem
2582 4866 2650 4924 et
2691 4868 2868 4924 totus
2911 4860 3200 4926 mundus
3244 4860 3557 4945 cognovit
3598 4856 3681 4924 ab
3731 4858 4071 4941 impietate
4113 4859 4299 4926 Arrii

2338 4941 2543 5009 fuisse
2599 4945 3140 5022 remotissimum.
3203 4953 3271 5012 et
3325 4968 3443 5013 nos
3506 4943 3725 5009 idonei
3790 4964 4018 5009 sumus
4074 4951 4295 5013 testes.

2339 5027 2606 5094 Literas
2639 5032 2817 5097 enim
2853 5030 3171 5098 habemus
3205 5032 3347 5098 eius
3382 5051 3585 5095 manu
3617 5029 3914 5111 scriptas,
3958 5029 4072 5096 ubi
4106 5031 4297 5099 nobis

2341 5169 2444 5176 --n
2484 5171 2607 5178 —m

2544 5253 2604 5316 2)
2646 5252 2931 5324 Gru-sym
2965 5270 3033 5306 m.
3066 5253 3198 5307 Dec.
3242 5251 3376 5305 1560
3402 5250 3769 5318 Burds'qalan
3802 5253 3949 5309 venit
3980 5253 4089 5323 (Ν.
4104 5253 4293 5323 3286).

2339 5320 2495 5374 Haec
2531 5335 2658 5391 erqo
2693 5326 2821 5377 ante
2855 5338 2907 5376 a.
2950 5321 3073 5374 1561
3114 5324 3324 5389 scripta
3359 5336 3471 5375 non
3507 5327 3601 5374 m.
3774 5403 3880 5460 15·
