4900 6125
271 464 393 525 561

267 648 392 714 tim
457 648 530 714 in
592 648 871 715 muliere
933 646 1150 733 magis
1216 653 1438 712 astuta
1502 653 1572 712 et
1612 646 2050 713 fraudulenta.
2126 646 2238 712 Ex

265 733 506 819 quibus
571 734 876 801 omnibus
934 732 1319 801 coniicimus
1379 729 1641 816 quidem
1700 752 1907 817 aeque
1973 731 2240 798 mulieri

267 827 464 904 atque
529 821 675 887 viro
739 820 1117 905 ademptam
1180 840 1323 885 esse
1388 817 1794 885 libertatem:
1881 817 1952 883 id
2018 825 2241 884 tamen

266 905 764 991 comprobatum
807 915 925 972 aut
966 915 1220 974 certum
1264 905 1409 971 sine
1450 912 1565 971 tuo
1610 912 1726 971 aut
1760 904 2068 972 ecclesiae
2106 903 2242 980 (cui

266 1013 427 1059 vere
471 1013 513 1059 a
547 991 695 1058 Deo
740 994 1111 1076 praefectus
1154 1012 1226 1057 es
1261 999 1327 1056 et
1369 989 1637 1076 merito)
1680 989 1923 1058 iudicio
1965 989 2242 1056 minime

266 1077 511 1145 habere
566 1099 932 1162 possumus.
1022 1076 1209 1143 Nihil
1267 1076 1448 1141 enim
1502 1076 1666 1143 certi
1720 1098 1805 1141 ex
1862 1075 2052 1142 nobis
2107 1083 2242 1141 sta-

267 1171 456 1230 tuere
510 1186 863 1249 possumus
920 1172 1036 1229 aut
1079 1162 1426 1240 debemus,
1494 1163 1605 1245 qui
1659 1181 1798 1227 non
1853 1164 1926 1227 in
1968 1160 2244 1228 ecclesia

266 1250 541 1316 Domini
606 1248 724 1316 sed
786 1250 860 1315 in
923 1248 1363 1317 tabernaculis
1441 1255 1858 1332 peccatorum
1925 1247 2243 1332 degimus.

267 1335 366 1401 Te
428 1337 655 1419 itaque
719 1356 879 1420 rogo
943 1344 1013 1401 et
1069 1334 1336 1402 obsecro
1395 1345 1474 1399 ιιι
1530 1334 1656 1402 hac
1709 1333 1784 1398 in
1848 1354 1923 1400 re
1963 1332 2132 1398 mibi
2174 1340 2245 1398 et

266 1421 601 1506 plerisque
643 1421 791 1488 aliis
833 1421 1216 1497 satisfacias,
1263 1428 1331 1486 et
1363 1428 1438 1485 ut
1472 1429 1539 1485 te
1575 1421 1794 1485 virum
1831 1421 2010 1486 omni
2046 1417 2243 1484 laude

267 1506 569 1593 dignum,
614 1508 797 1573 omni
887 1523 1098 1573 enere·
1129 1505 1511 1590 disciplinae
1548 1505 2061 1587 ornatissimum,
2105 1525 2242 1570 non

313 1593 516 1659 udeat
564 1592 732 1658 mibi
875 1594 1005 1659 huc
1062 1614 1244 1659 more
1301 1591 1655 1657 infantium
1711 1590 2102 1659 balbutienti
2159 1590 2243 1656 de

439 1699 514 1745 re
554 1678 935 1746 rescribere.
1008 1677 1197 1755 Vale,
1240 1677 1407 1743 mibi
1447 1678 1519 1742 in
1554 1676 1824 1744 Christo
1866 1676 2243 1744 venerande

276 1762 540 1831 Galcine
562 1813 578 1842 ,
644 1764 835 1832 cuius
898 1764 1226 1849 praesidio
1291 1772 1358 1829 te
1423 1762 1827 1830 commendo.
1932 1762 2240 1829 Valreaci

270 1848 546 1917 Galend.
592 1849 777 1934 Sept.

1026 1986 1174 2053 'ribi
1218 1985 1303 2053 ad
1345 1987 1567 2053 omnia
1610 1985 2069 2071 paratissimus

1222 2072 1509 2140 Ioannes
1551 2071 1863 2139 Pelletus.

1067 2367 1474 2376 ————

1154 2616 1358 2689 4258.

667 2786 1358 2856 PERRUOELLUS
1403 2784 1839 2854 OALVINO.

449 2959 884 3028 Controversia
943 2963 1160 3025 exorta
1222 2965 1313 3026 eet
1373 2961 1538 3025 inter
1598 2957 1890 3025 ecclesiae
1961 2960 2241 3025 mevnbra

272 3051 407 3113 aun
448 3046 527 3113 de
567 3046 834 3112 divortio
866 3051 1000 3112 tum
1035 3045 1112 3112 de
1146 3046 1301 3113 aliie
1334 3043 1887 3112 rebueetGalvini
1928 3045 2240 3114 iudicium

269 3134 596 3216 maio-ar.

562 3303 676 3373 (Ex
712 3302 1051 3373 autographo
1085 3302 1213 3357 Cod.
1251 3302 1456 3357 (ἔσειον.
1495 3301 1617 3364 114,
1651 3301 1743 3356 sol.
1780 3300 1923 3371 134.)

277 3474 663 3543 Clarissimo
703 3474 849 3542 viro
890 3475 982 3543 D.
1022 3474 1306 3540 Iohanni
1348 3472 1631 3541 Calvino
1674 3474 1987 3541 moloniae
2022 3474 2242 3542 Gene-

714 3562 943 3626 vensis
986 3560 1238 3644 pastori
1284 3560 1804 3645 vigilantissimo.

579 3732 821 3799 Gratia
864 3740 931 3797 et
973 3752 1107 3816 pax
1149 3752 1270 3815 per
1309 3730 1534 3798 Iesum
1580 3729 1944 3798 Christum.

449 3903 648 3986 Quod
706 3904 841 3970 iam
894 3900 1141 3968 dudum
1197 3902 1419 3969 nullas
1461 3923 1502 3968 a
1557 3923 1665 3968 me
1709 3903 2037 3987 acceperis
2053 3953 2068 3982 ,
2137 3903 2243 3969 vir

274 3990 657 4069 clarissime,
679 3990 925 4067 literas,
948 4010 1085 4054 non
1106 3997 1211 4055 est
1229 3988 1403 4072 quod
1423 3986 1592 4053 mihi
1614 3989 1780 4054 vitio
1803 3999 2042 4055 vertas.
2087 3988 2242 4054 Non

273 4077 452 4143 enim
487 4096 729 4160 operae
763 4075 1051 4160 pretium
1085 4074 1319 4157 putavi
1353 4084 1471 4139 tua
1503 4094 1691 4141 sacra
1728 4072 1951 4140 studia
1985 4074 2242 4158 aliaque

274 4161 485 4229 ardua
527 4162 793 4247 negotia
835 4160 1044 4226 literis
1087 4162 1570 4244 intempestivis
1632 4162 1878 4245 passim
1922 4161 2240 4225 intertur-

273 4247 454 4328 bare,
497 4267 704 4331 quum
747 4244 1027 4313 subinde
1067 4257 1425 4312 occurrant
1464 4246 1579 4330 qui
1621 4246 1881 4311 abunde
1920 4266 2089 4329 quae
2131 4245 2241 4313 hic

275 4341 563 4419 agantur
605 4332 998 4415 scriptitent.
1087 4332 1291 4398 Nolui
1334 4342 1554 4397 tamen
1611 4332 1782 4398 hanc
1825 4333 2240 4415 praetermit-

273 4430 418 4486 tere
460 4420 888 4495 occasionem,
951 4416 1214 4500 quando
1259 4430 1394 4481 tam
1438 4428 1881 4501 opportunum
1924 4418 2240 4484 nuncium

274 4507 406 4571 sim
469 4514 736 4581 nactus,
806 4503 889 4569 ad
945 4512 1012 4568 te
1070 4502 1432 4580 scribendi,
1499 4514 1644 4567 tum
1701 4502 1872 4587 quod
1927 4503 2096 4569 mihi
2157 4522 2241 4568 ex

274 4591 492 4658 officio
558 4590 626 4655 id
680 4588 1050 4665 incumbat,
1117 4610 1320 4673 quum
1364 4611 1405 4654 a
1462 4598 1689 4654 nostra
1741 4589 2016 4656 ecclesia
2069 4589 2240 4656 hanc

274 4677 678 4761 susceperim
722 4674 1125 4759 provinciam
1168 4683 1447 4759 urgente
1489 4674 1965 4741 nonnullorum
2002 4676 2243 4758 impro-

273 4762 510 4839 bitate,
556 4764 664 4845 qui
713 4762 958 4826 nostris
1006 4761 1378 4827 excitavere
1421 4781 1696 4844 magnas
1738 4762 2239 4838 controversias,

275 4849 517 4933 quibus
580 4846 893 4932 pacandis
939 4858 1003 4911 te
1046 4847 1334 4912 maxime
1378 4845 1684 4911 idoneum
1730 4857 2058 4929 putamus.
2146 4846 2245 4912 Ut

275 4942 501 5000 autem
545 4954 686 5000 rem
730 4953 992 4998 omnem
1039 4954 1080 4998 a
1115 4932 1435 5016 principio
1472 4931 1732 4998 audias:
1780 4952 1997 5016 nuper
2031 4953 2241 5016 quum

274 5041 400 5105 pro
441 5040 623 5085 more
664 5019 987 5084 hactenus
1041 5020 1113 5083 in
1172 5017 1461 5085 ecclesiis
1502 5018 1670 5084 bene
1712 5018 2083 5084 reformatis
2126 5020 2241 5084 ob-

275 5113 542 5172 servato
581 5103 937 5170 haberetur
968 5105 1040 5168 in
1077 5112 1304 5169 nostra
1337 5124 1459 5170 con

278 5192 393 5258 nbi
445 5190 727 5257 liberum
785 5191 873 5256 sit
929 5189 1200 5256 cuilibet
1242 5188 1326 5255 ad
1372 5211 1482 5256 ecc
1509 5191 1683 5255 esiae
1727 5189 2241 5256 aedificationem

276 5277 479 5360 loqui,
524 5275 800 5360 contigit
842 5284 920 5341 ut
961 5276 1065 5341 vir
1106 5274 1372 5359 quidam
1408 5277 1568 5343 satis
1655 5284 1956 5343 rovectae
1990 5276 2244 5356 aetatis,

276 5364 468 5430 cuius
509 5364 872 5428 etiamnum
915 5381 1090 5426 uxor
1110 5360 1427 5429 Genevae
1470 5381 1599 5446 apu
1688 5382 1807 5430 vos
1849 5370 1957 5442 (ut
1997 5361 2244 5446 inquit)

490 5464 710 5520 coz-m·
739 5478 927 5533 opera.
1011 5463 1128 5519 νοι.
1163 5462 1298 5517 xx.

1905 457 2699 527 SUPPLEMENTUM.

1583 5106 1846 5188 gatione
1871 5105 2240 5188 prophetia,
2338 5120 2438 5172 Μ’

4192 460 4320 524 562

2342 647 2499 732 agit,
2546 648 2657 731 qui
2702 646 2772 713 iu
2817 647 3117 715 doctrina
3160 668 3362 714 ausus
3402 654 3506 715 est
3546 649 3669 714 toti
3703 653 3971 714 nostrae
4006 646 4321 714 eccledae

2343 733 2671 812 resistere,
2715 734 2788 799 in
2831 755 2910 800 ea
2952 735 3345 818 praesertim
3387 755 3555 819 quae
3598 743 3699 800 est
3742 733 3825 799 de
3870 733 4154 799 divortio
4191 733 4319 799 viri

2343 818 2429 884 ab
2494 839 2704 885 uxore
2767 828 2836 886 et
2877 821 3107 887 uxoris
3172 841 3212 886 a
3278 821 3419 886 viro
3488 821 3560 885 in
3603 819 4057 887 fornicationis
4098 840 4319 885 causa.

2344 905 2465 969 Ait
2524 904 2791 987 quidem
2851 905 3136 973 liberum
3206 926 3350 972 esse
3410 905 3743 972 dimittere
3802 915 3872 971 at
3930 927 4064 971 non
4124 903 4320 970 alteri

2342 990 2614 1070 nubere,
2660 988 2874 1074 idque,
2921 992 3094 1076 quod
3138 991 3427 1057 deterius
3472 1000 3591 1070 est,
3638 1013 3679 1057 a
3722 1001 3789 1057 te
3831 990 4165 1057 didicisse:
4225 991 4320 1056 ita

2345 1084 2418 1141 ut
2475 1085 2592 1142 tua
2667 1079 3022 1144 autoritate
3084 1080 3294 1144 fretus
3360 1077 3714 1143 nonnullos
3771 1077 3855 1142 ad
3939 1077 4319 1160 opinionem

2344 1181 2537 1226 suam
2582 1163 2964 1242 attraxerit,
3031 1165 3166 1229 imo
3210 1173 3279 1229 et
3319 1183 3360 1228 a
3401 1163 3649 1228 nostris
3691 1161 4116 1229 concionibus
4162 1161 4320 1227 sub·

2345 1244 2555 1313 duxit.
2646 1248 2867 1315 Tuum
2912 1269 3072 1333 ergo
3115 1250 3273 1327 erit,
3320 1250 3700 1332 priusquam
3744 1248 3853 1316 hic
3897 1248 4172 1314 morbus
4215 1268 4321 1314 re-

2345 1332 2720 1412 crudescat,
2784 1333 3157 1401 antidotum
3210 1333 3525 1401 adhibere
3579 1354 3655 1400 ac
3712 1334 3785 1399 in
3830 1354 3904 1399 re
3961 1344 4096 1399 tam
4144 1334 4322 1399 seria

2346 1426 2541 1484 tuum
2598 1420 2788 1487 nobis
2846 1419 3161 1487 iudicium
3213 1421 3602 1505 patefacere.
3694 1419 3961 1487 Scimus
4026 1418 4204 1484 enim
4254 1429 4319 1484 te

2344 1505 2594 1571 sanctis
2638 1504 3014 1573 doctoribus
3078 1518 3222 1573 tum
3281 1506 3514 1589 priscis
3574 1514 3714 1571 tum
3777 1503 4113 1572 modernis
4156 1524 4316 1572 con-

2343 1591 2609 1740 seifiltirffl
2653 1593 2778 1691 etsi
2795 1592 3217 1678 Augustinus
3261 1592 3567 1658 videatur
3609 1592 3981 1659 contrariae
4023 1590 4320 1676 opinioni

2345 1696 2422 1742 su
2480 1696 2716 1761 ragan.

2519 1762 2717 1827 Aliud
2764 1771 3103 1846 praeterea
3145 1761 3321 1846 quod
3359 1771 3427 1828 te
3470 1761 3769 1829 volebam
3815 1762 4055 1846 accipe.
4142 1762 4321 1828 Inci-

2344 1847 2445 1912 dit
2488 1850 2742 1914 ratione
2784 1849 2958 1915 aeris
3012 1849 3213 1915 alieni
3272 1849 3722 1915 controversia
3778 1850 3954 1914 inter
4015 1857 4318 1914 vestrum

2343 1934 2710 2000 Robertum
2759 1933 3170 2018 Stephanum,
3230 1955 3425 2018 quem
3469 1934 3650 2017 pium
3701 1935 4025 2012 novimus,
4072 1941 4138 1999 et
4181 1933 4320 1998 Ro-

2342 2017 2606 2085 bertum
2651 2019 2930 2087 Herault
2968 2029 3306 2098 nostrum,
3373 2021 3486 2103 qui
3529 2020 3775 2087 obnixe
3817 2028 4043 2105 rogat,
4103 2020 4321 2102 prius·

2343 2125 2546 2189 quam
2588 2114 2866 2172 vocetur
2906 2106 2977 2172 in
3022 2107 3147 2186 ius,
3193 2127 3347 2172 suas
3390 2115 3614 2189 partes
3657 2105 3891 2172 audiri.
3980 2104 4155 2171 Vide
4199 2125 4320 2189 pro

2344 2197 2462 2256 tua
2506 2191 2920 2257 humanitate
2962 2200 3039 2258 ut
3091 2192 3356 2276 utrique
3413 2192 3518 2257 ius
3584 2191 3938 2269 tribuatur,
4007 2199 4086 2256 ut
4126 2191 4316 2276 peni-

2343 2285 2453 2342 tus
2496 2277 2879 2343 scandalum
2939 2278 3189 2344 vitetur
3252 2286 3321 2343 et
3363 2279 3813 2343 controversia
3855 2276 4028 2343 bona
4069 2277 4317 2361 pietate

2345 2360 2767 2428 dissolvatur.
2839 2363 3049 2429 Plura
3090 2371 3444 2430 occurrunt
3485 2362 3662 2428 inter
3683 2362 3916 2429 Gallos
3959 2371 4028 2428 et
4061 2362 4320 2446 Anglos

2343 2467 2514 2531 quae
2556 2447 2641 2514 ad
2685 2458 2752 2514 te
2794 2448 3079 2515 scribere
3119 2470 3250 2514 non
3297 2448 3617 2527 iudicavi,
3711 2449 3909 2515 artim
3951 2448 4124 2533 quod
4168 2459 4319 2514 tuas

2344 2534 2491 2617 pias
2534 2555 2727 2600 aures
2770 2534 2976 2600 nolim
3021 2535 3399 2602 rumoribus
3432 2535 3638 2601 obtun
3686 2556 3817 2612 ere,
3861 2533 4106 2618 partim
4141 2532 4319 2617 quod

2345 2620 2428 2686 ab
2487 2619 2636 2686 aliis
2693 2620 2903 2686 fusius
2957 2620 3311 2706 intelligas.
3400 2620 3728 2687 Dominus
3770 2621 3963 2687 Iesus
4007 2618 4320 2687 Christus

2345 2711 2411 2770 te
2469 2703 2585 2770 diu
2641 2725 2804 2771 suae
2859 2706 3170 2774 ecclesiae
3235 2717 3456 2772 servet
3523 2705 3942 2774 incolumem.
4032 2706 4181 2790 Ego
4246 2715 4319 2770 et

2342 2801 2717 2876 symmysta
2769 2812 2962 2858 meus
3016 2813 3093 2858 ac
3137 2798 3276 2857 tota
3318 2801 3545 2858 nostra
3588 2792 3863 2859 ecclesia
3905 2804 3970 2857 te
4013 2791 4317 2858 iubemus

2343 2873 2602 2941 salvere
2647 2876 3006 2960 plurimum
3051 2900 3126 2946 ac
3170 2898 3400 2944 omnes
3443 2889 3851 2963 symmystas
3895 2887 4060 2943 tuos.
4092 2883 4142 2950 ¹)

3257 3032 3384 3097 'Pui
3428 3031 3920 3098 amantissimus
3963 3030 4144 3099 filius

3258 3117 3659 3184 Franciscus
3703 3117 4139 3185 Perrucellus.

3229 3663 3431 3735 4254.

2878 3833 3300 3902 PHAGIUS
3346 3833 3790 3903 GALVINO.

2524 4004 2676 4071 Post
2717 4005 2963 4090 lonyum
3020 4012 3078 4072 et
3161 4006 3538 4072 aetidiosum
3577 4007 3906 4073 exordium
3946 4009 4313 4074 sententiam

2344 4092 2487 4157 eius
2538 4091 2665 4158 sibi
2719 4092 2949 4174 expetit
3000 4092 3080 4159 de
3296 4090 3609 4169 Paulino,
3674 4095 3788 4175 qui
3830 4114 4025 4175 quum
4074 4093 4311 4159 Rabbi-

2343 4197 2569 4243 norum
2609 4182 2811 4243 artem
2851 4176 3238 4244 dialecticam
3281 4179 3416 4243 iam
3443 4198 3568 4259 per
3608 4199 3675 4244 se
3716 4180 3987 4245 redoleat
4027 4178 4130 4245 hie
4170 4200 4312 4245 ma-

2339 4265 2444 4347 9is
2486 4264 2677 4329 etiam
2721 4264 2809 4329 ad
2849 4270 3111 4330 mentem
3142 4264 3648 4331 scholasticorum
3682 4265 4039 4342 disceditur,
4083 4270 4139 4330 et
4171 4266 4311 4346 qui·

2341 4350 2483 4415 dem
2534 4350 2923 4415 intricatiore
2977 4350 3122 4415 stilo
3135 4401 3149 4427 ,
3197 4352 3302 4416 eui
3343 4350 3841 4417 distinctionibus
3904 4352 4312 4433 interpositi-s,

2342 4456 2507 4518 quae
2548 4434 3001 4502 inCodioevel
3040 4436 3250 4520 falsae
3293 4436 3387 4501 vel
3428 4436 3639 4502 nullae
3681 4442 3860 4515 sunt,
3918 4438 4030 4501 vix
4073 4437 4313 4502 mederi

2333 4523 2676 4603 potuimus,

2651 4693 2763 4761 (Ex
2800 4694 3139 4762 autographo
3175 4694 3304 4748 Cod.
3343 4692 3549 4747 Gener.
3588 4692 3708 4755 109,
3742 4693 3835 4747 sol.
3873 4692 4018 4756 189.)

2367 4852 2507 4859 --—-—

2340 4965 2534 5022 4238.
2556 4965 2816 5035 Epistola
2849 4966 2984 5022 haee
3016 4968 3238 5047 omnino
3272 4966 3414 5019 afluit
3446 4966 3760 5035 suppeditat
3791 4965 4309 5047 quodaddefinien·

2342 5035 2444 5090 dos
2494 5037 2615 5090 eius
2665 5035 2879 5091 nautes
2938 5037 3133 5101 factat.
3223 5034 3574 5088 Peri-acellae
3630 5035 4005 5089 ιοηάιηοηείσ
4056 5036 4311 5090 ecelesiae

2341 5103 3191 5241 ‹zfflE'AE‘ta'W-Izssss
3214 5103 3746 5228 fflssffidff
3759 5104 4307 5229 Zammfflm‘·
4168 5103 4310 5159 ¹⁶⁶⁸

2344 5242 2483 5296 dore
2525 5243 2684 5298 nobis
2970 5243 3172 5297 menete
3208 5242 3509 5309 Anqzorum
3564 5250 3616 5298 et
3659 5241 3981 5311 prophetiae
4032 5259 4069 5296 a
4120 5243 4309 5298 Laoeo

2342 5312 2425 5367 ibi
2458 5310 2808 5366 introductae
2842 5318 2861 5372 ί
2871 5310 2969 5365 Ka
3137 5311 3209 5365 11.
3246 5310 3349 5364 102
3383 5312 3570 5381 seqq.)
3636 5312 3831 5366 Verum
3865 5312 4030 5365 dium
4063 5311 4311 5367 Veealiae

2344 5387 2394 5435 et
2435 5380 2806 5447 namot-ni
2834 5382 2966 5450 Aac
2986 5397 3007 5435 ι
3040 5387 3215 5436 erant.
3280 5380 3591 5450 Stephanus
3622 5382 3759 5436 obiit
3793 5378 3947 5434 1559.

3820 5464 3891 5519 86
