4900 6125
268 363 366 427 669

1110 547 1305 619 8⁹16.

638 701 1304 772 BULLINGERUS
1350 699 1784 768 OALVINO.

409 874 608 941 Mittit
639 878 1064 959 responsiones
1096 878 1310 943 contra
1335 873 1715 941 Stancamm
1748 877 1806 939 et
1828 871 2185 937 Brentium.

275 961 403 1028 Vota
441 961 598 1044 facit
628 982 755 1045 pro
795 962 999 1028 saluts
1028 962 1292 1044 piorum
1340 960 1691 1027 Gallorum.

258 1133 350 1199 (Ex
384 1132 720 1204 autographo
754 1132 923 1187 Aroh.
968 1132 1148 1186 Turio.
1198 1131 1342 1186 Plut.
1394 1132 1485 1186 vl.
1535 1131 1657 1186 Vol.
1694 1128 1813 1196 129,
1847 1130 1980 1184 olim
2016 1128 2189 1184 Scrin.

441 1203 503 1257 Β.
541 1202 686 1271 Epp.
734 1202 884 1256 Tom.
921 1199 1005 1268 30,
1041 1200 1136 1255 fol.
1171 1199 1293 1254 453.
1331 1227 1395 1238 -—
1431 1200 1646 1256 Simler.
1684 1198 1803 1255 vol.
1844 1198 1987 1266 106.)

405 1371 786 1440 Clarissimo
850 1373 994 1440 viro
1037 1373 1122 1438 D.
1167 1372 1402 1438 Ioanni
1449 1370 1732 1438 Oalvino
1779 1370 2191 1437 Genevensis

254 1458 540 1525 ecclesiae
585 1459 835 1543 pastori
877 1457 1261 1524 fidelissimo
1306 1457 1572 1523 domino
1615 1477 1764 1522 meo
1807 1454 2191 1523 honorando

253 1555 308 1609 et
346 1545 529 1610 fratri
576 1546 929 1611 carissimo.
1797 1627 2017 1695 Genff·

402 1799 475 1868 S.
522 1801 613 1867 D.
695 1799 1032 1868 Submitto
1098 1823 1277 1868 nunc
1342 1799 1834 1884 responsionem
1893 1799 2100 1865 soceri
2137 1801 2190 1880 ¹)

247 1888 363 1953 mei
419 1885 503 1953 ad
562 1886 806 1954 librum
847 1887 1158 1965 Stancari,
1222 1908 1439 1953 meam
1497 1907 1752 1971 quoque
1809 1885 1894 1950 ad
1949 1884 2189 1952 librum

244 1973 500 2050 Brevttii,
538 1971 623 2038 de
645 1973 881 2056 quibus
917 1975 986 2038 in
1021 1974 1232 2039 literis
1253 1974 1419 2040 meis
1440 1972 1766 2056 prioribus
1789 1971 2191 2036 mentionem

244 2060 368 2125 feci.
440 2059 647 2124 Mitto
704 2058 871 2139 illas,
930 2081 1065 2125 non
1123 2060 1295 2143 quod
1356 2060 1729 2125 existimem
1788 2057 1893 2122 his
1948 2056 2190 2121 nostris

243 2155 299 2209 te
338 2142 659 2229 indigere,
704 2144 819 2210 sed
855 2153 930 2211 ut
964 2146 1168 2211 animi
1204 2146 1333 2210 mei
1368 2166 1528 2229 erga
1562 2153 1628 2209 te
1661 2140 2190 2210 benevolentiam

240 2229 554 2296 declarem
600 2239 954 2314 utcunque,
1004 2231 1284 2315 denique
1327 2239 1401 2296 ut
1441 2250 1563 2315 per
1606 2240 1672 2295 te
1718 2229 2192 2294 admoneamur

238 2315 535 2394 fraterne,
596 2315 806 2383 sicubi
859 2316 1203 2382 videamur
1256 2317 1682 2383 exorbitasse.
1755 2313 1979 2395 Quam
2034 2332 2191 2379 vero

236 2401 537 2467 sollicitos
589 2422 712 2467 nos
766 2409 949 2468 tenet
991 2402 1299 2469 Aurelia!
1374 2402 1702 2468 Dominus
1744 2409 2047 2484 protegat
2088 2400 2189 2481 ip-

235 2506 383 2552 sam.
463 2487 682 2553 Vicini
736 2489 947 2555 nostri
1008 2489 1312 2572 papistici
1369 2487 1667 2554 Helvetii
1730 2495 2052 2570 apparant
2115 2504 2189 2550 se

231 2573 305 2636 ad
366 2572 708 2651 militiam,
775 2575 1015 2640 iterum
1082 2575 1154 2638 in
1219 2572 1512 2640 Galliam
1578 2571 1954 2657 profecturi.
2037 2571 2185 2656 Ego

232 2656 589 2724 Dominum
655 2681 770 2725 oro
834 2661 1195 2743 prophetae
1261 2657 1507 2725 verbis:
1575 2658 1846 2741 Dissipa
1901 2656 2187 2721 Domine

231 2752 486 2827 gentem
525 2765 698 2828 quae
732 2744 907 2813 bella
939 2747 1086 2812 vult
1128 2753 1194 2811 et
1236 2766 1321 2811 ne
1365 2744 1716 2810 tradideris
1756 2742 2004 2809 bestiae
2046 2743 2187 2807 ani-

230 2849 395 2894 mam
440 2831 732 2896 turturis
775 2841 947 2897 tuae.
1028 2830 1299 2914 Optime
1346 2830 1511 2910 vale,
1554 2831 1761 2896 frater
1803 2828 1872 2894 in
1917 2826 2189 2894 Ohrieto

228 2916 579 2982 carissime.
655 2915 907 2983 Omnes
941 2917 1151 2983 nostri
1187 2926 1255 2981 te
1289 2916 1686 2984 amicissime
1730 2914 2042 2991 salutant,
2085 2914 2189 2978 in·

225 3001 445 3083 primis
490 3002 619 3069 filii
656 3003 810 3079 mei,
854 3003 1104 3088 generi,
1150 3002 1384 3070 affines
1418 3012 1486 3068 et
1529 3003 1783 3069 fratres.
1856 2999 2189 3067 Dominus

226 3098 436 3154 servet
491 3098 565 3154 te
624 3088 815 3156 nobis
872 3089 984 3155 diu
1039 3089 1457 3155 incolumem.
1530 3087 1719 3155 Salvi
1772 3088 1907 3153 sint
1950 3087 2188 3152 fratres

224 3175 423 3322 ἲῖειτί
467 3174 785 3258 inprimis
830 3173 1232 3253 Ionvillaeus,
1289 3175 1397 3241 cui
1453 3172 1662 3257 pridie
1716 3174 2027 3257 pecunias
2069 3193 2188 3255 pro

248 3279 267 3321 1
311 3280 401 3326 ns
445 3282 629 3326 misi.

388 3346 637 3431 Tiguri
688 3349 784 3413 13.
830 3346 1061 3412 Martii
1112 3350 1294 3411 1563.

1365 3481 1799 3567 Bullingerus
1844 3489 2014 3548 tuus.

1109 4024 1304 4096 3917.

540 4181 1195 4249 IONVILLAEUS
1240 4182 1879 4250 BULLINGERO.

382 4354 715 4438 Asfirmat
769 4352 894 4419 sibi
947 4353 1113 4419 nihil
1166 4354 1507 4419 iucundius
1561 4374 1693 4420 esse
1734 4376 1926 4439 quam
1968 4356 2191 4424 literas

212 4437 473 4593 mi
508 4441 597 4507 ‹le
631 4438 818 4506 rebus
841 4438 1114 4506 Gallicis
1147 4439 1416 4506 dictatas
1449 4441 1731 4523 excipere
1770 4442 1946 4525 eique
1978 4447 2189 4509 trans·

215 4696 321 4759 (Ex
372 4695 734 4819 autographo
776 4696 940 4751 Arch.
988 4696 1166 4750 Turio.
1214 4696 1357 4751 mut.
1395 4697 1671 4761 VLJoL
1712 4697 1827 4765 166,
1873 4700 2003 4755 olim
2047 4700 2191 4770 Epp.

636 4781 742 4820 om.
775 4763 861 4832 24,
895 4765 991 4822 fol.
1021 4762 1142 4820 277.
1187 4791 1245 4804 —
1281 4766 1492 4821 Simler.
1532 4765 1651 4822 Vol.
1689 4766 1840 4837 106.)

378 4938 785 5005 Clarissimo
828 4936 975 5001 viro
1007 4934 1095 5000 D.
1118 4935 1413 5005 Hem-ico
1446 4938 1835 5025 Bullingero
1878 4940 2190 5009 ecclesiae

210 5023 583 5110 Tigurinum
634 5019 763 5087 fido
812 5023 1080 5107 pastori,
1141 5021 1306 5087 mihi
1352 5024 1709 5107 plurimum
1756 5027 2188 5199 ssiaegurffimdo’

208 5282 383 5338 soie.
407 5282 473 5349 ι)
506 5280 663 5350 zm.-
693 5280 878 5349 generi
916 5286 968 5335 a
1000 5282 1072 5345 ef.
1112 5280 1187 5335 Ν.
1223 5278 1363 5334 8913
1406 5288 1520 5337 not.
1557 5281 1605 5335 τ.

2006 363 2166 425 1563
2212 357 2495 425 MART.

2294 665 2377 677 —
2412 631 2497 695 D.
2528 629 2831 697 calvinus
2865 631 3217 717 diligenter
3250 635 3472 698 omnia
3515 632 3636 698 tibi
3675 633 4035 715 perscribit,
4081 653 4249 716 quae

2290 737 2412 800 pro
2466 718 2661 782 certis
2705 716 3051 784 habentur.
3147 721 3361 803 Atque
3402 739 3668 803 possum
3716 719 3839 784 hoc
3893 719 4246 795 affirmare,

2293 803 2547 868 nullam
2592 803 2998 869 occasionem
3044 804 3124 871 ab
3179 826 3257 870 eo
3299 805 3734 888 praetermitti
3778 805 3936 887 quin
3986 803 4247 869 scribat.

2290 887 2525 954 Unum
2568 888 2756 954 nobie
2799 888 3148 956 molestum
3194 898 3317 969 est,
3374 890 3548 974 quod
3601 911 3735 955 non
3795 910 4054 974 semper
4113 890 4250 955 sint

2292 974 2481 1040 nobis
2524 972 2609 1039 ad
2630 995 2901 1040 manum
2946 977 3060 1059 qui
3102 976 3268 1042 istuc
3314 978 3829 1061 proficiscantur.
3891 975 4028 1040 Sed
4072 985 4251 1042 certo

2293 1059 2464 1125 scias
2507 1060 2675 1124 nihil
2718 1081 2860 1126 esse
2903 1062 3066 1127 mihi
3111 1063 3460 1128 iucundius
3496 1083 3695 1145 quam
3736 1062 3962 1127 literas
3999 1063 4081 1126 D.
4110 1060 4251 1128 Gal-

2291 1146 2429 1210 vini
2473 1146 2557 1210 ad
2598 1154 2667 1211 te
2709 1147 3030 1229 excipere,
3087 1160 3155 1212 et
3210 1149 3420 1213 sentio
3477 1150 3676 1213 etiam
3719 1156 4038 1231 quantum
4094 1146 4250 1213 inde

2292 1229 2548 1297 fructus
2590 1232 2945 1315 percipiam
2990 1254 3189 1316 quum
3236 1232 3431 1299 video
3477 1256 3582 1300 res
3636 1242 3859 1319 gestas
3910 1234 3982 1298 in
4028 1232 4251 1300 Gallia

2294 1323 2434 1381 tam
2478 1317 2796 1383 concinne
2840 1318 3162 1384 conscribi
3207 1328 3285 1384 ut
3325 1320 3587 1404 saepius
3632 1318 4066 1386 admiratione
4108 1339 4248 1385 cor·

2290 1403 2498 1484 ripiar
2550 1402 2708 1468 dum
2749 1404 3003 1487 excipio
3047 1425 3214 1488 quae
3268 1403 3592 1471 foecunda
3648 1425 3769 1472 sua
3812 1404 4135 1471 brevitate
4180 1414 4250 1470 et

2293 1487 2664 1572 eloquentia
2718 1490 3040 1574 singulari
3106 1489 3578 1575 complectitur.
3647 1526 4246 1540 —————

2292 1572 2605 1640 Budaeus
2645 1575 2849 1640 frater
2891 1585 2958 1641 te
3002 1576 3246 1642 salutat
3290 1587 3687 1644 reverenter.

2469 1660 2785 1727 Genevae
2828 1667 2922 1726 15.
2961 1662 3192 1727 Martii
3242 1667 3422 1728 1563.

2911 1797 3061 1864 Car.
3108 1798 3510 1866 Ionvillaeus
3555 1801 3654 1865 tui
3696 1799 4159 1867 observantiss.

3164 2344 3361 2414 8918.

2843 2514 3320 2584 STURMIUS
3360 2515 3686 2583 ZANOO.

2293 2685 3218 2852 toratefflfsdffubsmm
3251 2687 3595 2755 Formulae
3627 2688 3986 2754 concordiae
4006 2689 4248 2774 Argen-

2292 2945 2405 3013 (Ex
2441 2943 2784 3014 autographo
2819 2942 3040 2999 Archiv.
3079 2944 3604 3080 Tlfflmzrgbffrgent.
3644 2975 3707 2985 —
3746 2945 3999 3012 Riihl-ich,
4034 2946 4152 3001 Bes.
4180 2941 4247 3000 G.

2465 3184 2615 3251 Non
2660 3194 2726 3251 te
2770 3184 3006 3270 pudet!
3077 3184 3269 3253 Duos
3311 3207 3418 3251 me
3461 3206 3669 3252 annos
3710 3188 3784 3252 in
3827 3196 4045 3252 tantos
4092 3206 4249 3253 con-

2291 3271 2501 3338 iecisti
2560 3269 2815 3338 laboms
2870 3279 2936 3337 et
2992 3271 3485 3353 sollicitudines,
3546 3280 3615 3338 et
3667 3280 4090 3357 posteaquam
4135 3273 4250 3338 ob-

2291 3563 2552 3631 salal)
2591 3561 2927 3631 Scriptum
2969 3561 3106 3618 haec
3150 3562 3382 3631 epistola
3423 3562 3609 3630 pridie
3655 3563 3775 3617 eius
3818 3562 4252 3633 &eiquocon-

2291 3634 2518 3689 cordiac
2548 3631 2822 3698 formulae
2868 3646 2904 3685 a
2952 3631 3072 3687 Iac.
3107 3630 3368 3686 Andreas
3399 3632 3619 3686 nominc
3650 3631 3864 3701 collegii
3893 3633 4253 3688 mediatorum

2499 3702 2509 3714 ’
2547 3706 2635 3755 tac
2667 3715 2854 3756 coras·
2898 3706 3094 3755 senam
3136 3715 3318 3754 omncs
3593 3701 3927 3756 subscribere
3972 3702 4250 3757 debebant.

2302 3769 2466 3840 Quod
2524 3775 2707 3824 actum
2741 3776 2822 3823 cst
2856 3768 2911 3823 d.
2947 3767 3030 3822 18.
3078 3768 3300 3824 Martii.
3382 3767 3660 3823 Semitas
3703 3768 4053 3825 concordiam
4097 3771 4252 3825 ullas·

2292 3855 2333 3895 a
2441 3838 3033 3906 obabatctsomaqis
3079 3838 3524 3906 subscriptiones·
3566 3839 3794 3905 urgebat
3836 3837 4253 3909 quodPappus

2294 3855 2744 3976 effisos-sptium
2779 3922 2838 3961 se
2868 3913 3249 3962 recusaturum
3283 3905 3518 3961 dixerat.
3591 3906 3704 3961 Per
3748 3907 3891 3962 duos
3931 3923 4112 3964 annos
4151 3908 4253 3963 illa

2293 3978 2669 4033 controversia
2700 3975 2980 4029 ecclesias·
3003 3974 3090 4028 Ar
3123 3979 3517 4030 mimatensem
3538 3976 3858 4031 monuerat
3872 3977 4003 4031 inde
4026 3994 4066 4032 a
4085 3976 4248 4032 Febr.

2297 4045 2429 4100 1561
2470 4045 2540 4111 cf.
2582 4045 2657 4099 N.
2693 4044 2849 4099 3391.
2882 4042 3036 4097 3404.
3218 4084 3229 4095 .
3267 4044 3459 4099 Adeas
3491 4046 3654 4100 stiae·
3683 4044 3900 4100 Zanchi
3931 4045 4075 4115 opp.
4102 4044 4248 4100 VIII.

2296 4114 2416 4169 132.
2458 4143 2524 4155 -
2567 4113 2828 4169 Zao-cm
2881 4113 3128 4168 Sturmio
3184 4113 3449 4168 madente
3498 4114 3823 4183 subscripsit
3875 4114 3973 4169 sed
4024 4114 4248 4169 invitus.

2298 4184 2473 4239 Cuius
2525 4184 2613 4238 rei
2661 4188 2842 4237 testem
2892 4182 3152 4237 habemus
3203 4185 3384 4249 ipsum
3443 4181 3563 4239 Iac.
3617 4183 3879 4237 Andreae
3929 4184 3991 4237 in
4044 4182 4248 4237 libello.-

2291 4252 2504 4307 Kurtze
2558 4256 2817 4309 Antwort
2861 4250 2924 4304 D.
2969 4251 3078 4304 Iac.
3135 4252 3355 4305 Audi-ee
3399 4249 3514 4305 suff
3563 4250 3744 4305 Herrn
3795 4251 3963 4306 Ioban
4022 4251 4248 4305 Sturmii

2292 4320 2441 4376 Buch
2477 4320 2822 4389 Antipsppus
2858 4327 3086 4390 quartus
3121 4320 3256 4376 Tnb.
3292 4318 3445 4376 1581.
3489 4336 3546 4388 p.
3592 4318 3663 4374 23
3696 4320 3795 4375 ubi
3825 4320 3989 4375 dicit.-
4035 4321 4252 4374 meiner

2292 4390 2398 4443 wie
2433 4389 2572 4443 auch
2615 4389 2847 4443 anderen·
2893 4391 3100 4443 meiner
3134 4388 3441 4443 Mitbrssder
3487 4389 3671 4442 dienst
3714 4391 3790 4442 ist
3830 4389 3919 4442 dir
3961 4388 4114 4443 nicht
4157 4406 4246 4441 zu-

2288 4459 2465 4512 wider
2574 4474 2776 4519 wesen,
2811 4457 2919 4512 den
2956 4458 3041 4512 ich
3066 4457 3301 4511 nuwirdi
3375 4474 3424 4514 a.
3450 4456 3520 4510 63
3546 4475 3615 4511 zu
3634 4457 3958 4526 Straszburg
3989 4457 4249 4526 geleistet

2289 4527 2498 4581 dadurc
2569 4527 2660 4581 die
2704 4527 2957 4595 swispalt
2996 4526 3268 4580 zwischen
3353 4544 3438 4580 em
3486 4534 3718 4595 gantzen
3768 4526 4076 4580 Ministcrio
4125 4543 4248 4580 ver·

2287 4595 2523 4666 glichen,
2558 4596 2640 4649 als
2673 4595 2776 4649 der
2808 4595 2981 4648 vnseli
3051 4596 3180 4649 Man
3217 4594 3282 4647 D.
3318 4594 3569 4649 Zanchus
3602 4594 3692 4648 dis
3728 4594 4118 4717 ven-gleiclumffi⁸
4146 4612 4244 4648 an·

2286 4681 2556 4735 genomen
2590 4665 2672 4717 als
2706 4663 2837 4717 bald
2871 4664 2945 4717 da
3017 4682 3051 4716 n
3080 4665 3175 4733 jue
3210 4668 3373 4717 vnter
3419 4663 3522 4717 den
3560 4679 3748 4716 armen
3784 4679 3888 4716 wie
3923 4665 4046 4718 eine
4120 4669 4247 4718 rant

2288 4751 2412 4789 zum
2431 4732 2593 4786 Tisoh
2627 4733 2864 4786 fflhrtest
2898 4735 3004 4785 *οὐ
3042 4734 3226 4787 batert
3259 4733 3388 4785 dass
3424 4749 3487 4786 er
3519 4733 3629 4785 solt
3663 4732 4124 4800 vntemcbreiben,
4158 4733 4246 4785 dis

2288 4802 2558 4856 stiicklein
2615 4802 2890 4855 bewiesen
2959 4801 3104 4854 vnnd
3157 4802 3259 4854 mit
3308 4800 3736 4870 nacbfolgenden
3793 4808 4005 4855 werten
4057 4810 4247 4855 vntcr-

2287 4871 2599 4925 schrieben:
2653 4870 2810 4924 Hauc
2853 4869 3245 4924 confessionem
3296 4876 3360 4923 ut
3404 4870 3551 4940 piam
3597 4869 3777 4924 iudico
3821 4871 3906 4924 ita
3950 4888 4070 4924 eam
4115 4871 4246 4925 sub-

2288 4940 2485 4994 scribo.
2559 4938 2670 4992 Das
2711 4940 2788 4992 ist
2832 4955 2895 4992 so
2941 4939 3049 4992 viel
3093 4940 3175 4993 als
3217 4937 3396 4992 nichts
3430 4940 3530 4993 vie
3577 4954 3640 4991 er
3684 4937 3921 4993 hernach
3967 4939 4243 4993 bewiesen

2287 5008 2400 5063 hat.
2475 5006 2752 5063 Postridie
2784 5008 3203 5077 subsoe‘ipciomls
3237 5010 3274 5061 ι’.
3307 5022 3338 5062 s
3392 5006 3475 5061 19.
3513 5007 3720 5061 Martii
3733 5006 3993 5063 ΖακΙκιε
4025 5009 4088 5061 iu
4111 5007 4243 5062 Hel-

2287 5078 2488 5131 vetios·
2531 5090 2589 5131 sc
2632 5076 2862 5130 contulit
2902 5078 3066 5131 senia
3116 5093 3154 5133 a
3201 5074 3447 5131 Swrnio
3490 5078 3784 5146 inpetrata
3827 5075 3920 5144 (N.
3962 5074 4147 5141 3936),
4191 5084 4242 5131 et

2288 5146 2786 5200 mammenus
2849 5154 3107 5201 accurate
3165 5144 3502 5201 &hnidtius
3604 5143 4244 5214 ‚malvam

2292 5214 2506 5295 &ur-J
2631 5213 2699 5268 ds
2733 5212 2957 5268 Zaocho
2990 5218 3236 5284 questam
3271 5229 3387 5269 csse
3419 5162 3600 5284 quodp
3612 5214 3734 5282 ipso
3781 5214 4084 5269 inmlutato
4127 5214 4239 5270 dis·
