4900 6125
616 329 748 394 823

618 533 1077 666 modieslssum
1119 512 1301 667 εαξη
1316 512 2366 685 giymnaduriiuffldiggisotlglgg
2396 533 2574 665 (3ιέἰί

617 686 805 766 lium,
862 705 1067 769 eoque
1108 684 1454 770 ablegandi
1493 705 1735 769 pueros
1777 706 2039 752 omnem
2080 687 2150 751 in
2194 706 2302 751 me
2344 704 2575 751 curam

619 770 1048 837 transferunt.
1137 769 1357 853 Quam
1412 791 1536 856 ego
1600 770 1999 856 perlibenter
2039 769 2416 855 impendam
2463 781 2575 835 tuo

617 856 883 923 adiutus
925 856 1229 934 coneilio,
1284 857 1430 922 sine
1481 877 1609 939 quo
1667 855 1791 921 bac
1846 857 1915 921 in
1975 878 2049 922 re
2092 859 2355 942 ignotus
2399 854 2573 939 apud

617 942 878 1028 ignotos
920 941 1091 1007 nihil
1131 955 1359 1026 potero
1401 940 1664 1009 efficere
1697 942 1870 1025 quod
1904 963 2091 1008 meae
2124 941 2276 1008 fidei
2310 951 2380 1006 et
2413 961 2574 1025 pue·

617 1047 845 1094 rorum
888 1027 1160 1093 utilitati
1203 1026 1616 1111 respondeat.
1695 1027 2032 1093 Obrutum
2076 1038 2142 1094 te
2185 1048 2329 1094 esse
2371 1049 2418 1091 n
2503 1047 2574 1092 o-

617 1114 736 1179 tiis
775 1133 913 1179 non
954 1113 1211 1198 ignoro:
1272 1112 1539 1179 mallem
1583 1133 1780 1197 agere
1824 1113 1950 1181 hac
1992 1114 2074 1179 de
2117 1136 2189 1179 re
2231 1133 2382 1178 cum
2420 1048 2574 1178 §iis

617 1198 858 1283 quibus
921 1198 1073 1281 plus
1137 1208 1239 1265 est
1300 1199 1452 1277 otii,
1515 1198 1630 1264 sed
1695 1219 1908 1282 neque
1967 1201 2121 1266 novi
2179 1219 2573 1283 quemquam

619 1284 962 1367 hucusque
1002 1284 1170 1350 mihi
1213 1284 1628 1361 familiarem,
1687 1305 1901 1368 neque
1939 1286 2228 1351 cuiusvis
2271 1290 2373 1349 est
2415 1305 2574 1367 pru·

623 1368 886 1434 dentiae
929 1370 1298 1436 iuventutis
1333 1370 1526 1447 vitae,
1571 1371 1865 1437 moribus
1898 1380 1969 1436 et
2009 1369 2242 1437 studiis
2284 1370 2382 1435 ita
2415 1390 2573 1436 con·

617 1454 836 1521 eulere
878 1464 958 1520 ut
997 1455 1139 1537 spei
1172 1463 1243 1520 et
1282 1455 1618 1539 impensae
1652 1456 1980 1539 profectus
2015 1455 2423 1540 respondeat.
2496 1454 2575 1521 Si

618 1541 886 1606 omnino
928 1539 1051 1605 tibi
1091 1560 1228 1607 non
1276 1548 1465 1607 vacat
1518 1553 1703 1607 tuam
1745 1541 1910 1606 mihi
1965 1563 2234 1626 operam
2286 1561 2573 1607 commo·

619 1625 808 1702 dare,
875 1623 980 1692 fac
1038 1625 1269 1691 saltem
1314 1648 1432 1710 per
1488 1637 1551 1692 te
1607 1626 1940 1692 hominem
1997 1630 2343 1694 nanciscar
2397 1626 2573 1710 apud

619 1732 738 1777 voe
792 1709 1131 1792 idoneum,
1196 1712 1306 1778 eui
1365 1734 1496 1779 non
1554 1713 1646 1777 sit
1700 1713 2051 1779 molestum
2107 1714 2306 1779 hanc.
2346 1712 2574 1778 subire

619 1796 1012 1875 molestiam,
1056 1799 1308 1879 quoties
1343 1819 1451 1863 res
1485 1807 1554 1863 et
1588 1810 1850 1881 tempus
1883 1800 2095 1882 poscit
2128 1798 2573 1864 studiosorum

619 1902 822 1949 ema
862 1901 1121 1948 meeum
1161 1882 1540 1949 conferendi
1594 1885 2011 1967 rationesque
2054 1885 2306 1967 accepti
2347 1893 2417 1949 et
2459 1905 2573 1949 ex·

616 1967 810 2053 pensi
868 1967 1161 2051 putandi.
1251 1968 1576 2053 Colligam
1632 1970 1707 2034 in
1765 1991 2092 2036 summam
2150 1969 2322 2053 quod
2386 1969 2575 2052 cupio

619 2061 737 2119 tuo
779 2052 1050 2119 coneilio
1089 2055 1384 2137 assequi:
1443 2053 1621 2138 apud
1678 2076 1874 2138 quem
1933 2064 2002 2122 et
2044 2056 2275 2140 quanti
2331 2057 2575 2139 poesim

620 2137 917 2224 dugulos
968 2139 1038 2204 in
1081 2159 1331 2205 annum
1374 2140 1788 2225 Biturigibus
1829 2141 2175 2221 collocare,
2237 2161 2366 2226 quo
2410 2150 2577 2206 tem-

619 2243 783 2308 pore
843 2224 1369 2291 commodissime
1432 2226 1562 2291 iter
1623 2226 2083 2309 ingrediantur
2137 2226 2456 2311 magistro
2513 2234 2580 2291 et

620 2309 909 2392 hospitio
951 2311 1139 2393 prius
1177 2312 1486 2377 invento:
1540 2313 1654 2394 qui
1710 2312 1767 2377 si
1827 2333 2210 2396 sponsorem
2272 2311 2577 2396 postulet,

621 2401 784 2460 tunc
842 2393 1007 2462 velis
1070 2405 1252 2461 tuam
1318 2396 1742 2480 interponere
1791 2398 2021 2477 fidem,
2080 2399 2138 2464 si
2196 2418 2412 2463 meam
2460 2397 2580 2462 tibi

621 2479 1062 2565 chirographo
1102 2482 1519 2548 obstrinxero
1538 2532 1555 2560 ,
1612 2503 1698 2548 ne
1741 2482 1897 2565 quid
1941 2481 2094 2549 inde
2135 2484 2309 2549 feras
2353 2481 2580 2547 damni

624 2574 745 2632 aut
804 2566 1186 2633 molestiae?
1259 2567 1389 2634 Ubi
1454 2567 1618 2633 haec
1679 2570 2006 2635 rescivero
2071 2590 2112 2634 a
2177 2578 2273 2649 te,
2338 2566 2580 2634 curabo

631 2658 890 2718 caetera
930 2651 1153 2718 omnia
1194 2674 1362 2736 quae
1405 2652 1489 2718 ad
1531 2654 1996 2736 profectionem
2040 2654 2405 2738 pertinent,
2464 2673 2582 2718 ne·

630 2756 759 2820 que
800 2757 986 2802 mora
1027 2736 1163 2802 ulla
1204 2738 1332 2804 erit
1371 2738 1445 2804 in
1488 2738 1895 2804 numeranda
1936 2740 2215 2824 pecunia
2256 2759 2386 2824 qua
2427 2738 2583 2805 sub-

629 2821 789 2889 inde
829 2822 960 2888 erit
999 2843 1182 2907 opus.

805 2908 1094 2974 Mortem
1135 2907 1388 2974 Calvini
1440 2918 1698 2975 vestrae
1752 2910 2147 2993 reipublicae
2198 2929 2399 2975 causa
2453 2908 2583 2974 fer-

634 3014 777 3059 rem
818 2992 1297 3073 molestissime,
1342 2994 1473 3060 nisi
1517 3015 1956 3063 successorem
2001 2995 2252 3060 nomini
2297 3004 2365 3059 et
2398 3003 2583 3059 auto-

634 3079 816 3145 ritati
859 3080 1082 3145 amissi
1127 3081 1412 3164 episcopi
1469 3080 1967 3164 respondentem
2023 3081 2409 3164 reliquisset
2501 3080 2587 3146 Ei

635 3172 816 3231 certe
871 3165 1462 3250 congratulandum
1551 3166 1898 3246 lurimum,
1957 3168 2068 3248 qui
2122 3167 2363 3251 exiguo
2418 3176 2587 3231 tem·

636 3250 818 3334 poris
857 3264 1191 3316 momento
1224 3260 1362 3317 tam
1395 3270 1463 3317 m
1538 3261 1608 3317 ta
1642 3254 1814 3318 vitae
1856 3252 2074 3317 taedia
2106 3252 2267 3319 vicit
2300 3262 2367 3317 et
2409 3271 2589 3317 nunc

639 3336 1097 3402 aeternitatem
1128 3336 1467 3421 ingressus
1501 3358 1759 3403 summo
1780 3337 1950 3420 quod
1980 3337 2384 3420 praedicavit
2416 3336 2589 3402 bono

638 3420 901 3486 fruitur.
987 3419 1315 3487 Dominus
1372 3442 1494 3487 nos
1546 3442 1624 3488 eo
1675 3421 1956 3490 deducat
1995 3430 2317 3507 quotquot
2370 3423 2589 3505 ipsum

637 3506 713 3571 in
755 3505 1022 3573 Christo
1061 3505 1217 3573 Iesu
1260 3508 1367 3591 pie
1409 3506 1681 3574 colimus
1724 3519 1790 3574 et
1831 3529 2246 3575 veneramur.

814 3590 921 3657 De
962 3592 1157 3658 rebus
1193 3590 1582 3660 Sabaudicis
1608 3596 1666 3675 ²)
1709 3593 1876 3660 nihil
1922 3594 2153 3672 scribo,
2199 3592 2590 3677 quibuscum

846 3863 909 3932 2)
949 3863 1170 3920 nachar
1202 3864 1330 3921 Vn.
1362 3863 1460 3920 522
1505 3866 1583 3920 Le
1618 3865 1723 3920 duc
1756 3866 1826 3920 de
1861 3867 2058 3922 Sevoie
2093 3868 2349 3922 continua
2381 3866 2464 3920 les
2497 3866 2591 3921 ne'·

635 3932 939 4004 godatione
982 3949 1117 3988 avec
1158 3934 1358 3988 Berne.
1425 3935 1512 3989 On
1552 3934 1692 3989 etoit
1735 3951 1983 3991 eonvenn
2018 3937 2226 3992 d’avoir
2260 3951 2367 3989 une
2409 3935 2590 3989 eonfe-

638 4018 802 4057 rence
836 4000 870 4055 ὁ
904 4001 1091 4071 Nyon,
1136 4019 1276 4072 pour
1320 4002 1502 4125 regler
1544 4003 1601 4057 la
1646 4004 1876 4072 religion
1911 4006 2009 4060 des
2051 4013 2232 4059 terres
2266 4020 2373 4073 qne
2408 4005 2590 4058 Berne

638 4070 882 4126 ce'deroit
934 4079 992 4124 et
1042 4072 1098 4124 la
1147 4071 1324 4125 aurete
1415 4088 1446 4125 e
1499 4070 1736 4126 Geneve.
1823 4074 1962 4127 Mais
2013 4075 2068 4127 la
2117 4073 2256 4128 bour
2362 4073 2462 4126 ieie
2518 4072 2589 4125 de

636 4141 814 4196 Remo
999 4139 1013 4153 ’
1154 4143 1279 4193 tant
1311 4140 1381 4193 de
1415 4139 1908 4195 mecontentement
1932 4143 2001 4196 de
2036 4150 2182 4197 cette
2289 4142 2403 4194 aire
2428 4141 2589 4210 qu'on

638 4210 821 4263 retus·
851 4207 1152 4279 d'envoyer
1181 4206 1219 4263 a
1251 4215 1397 4261 cette
1435 4208 1683 4278 Journee.
1752 4208 2071 4278 Cependant
2116 4211 2196 4265 les
2241 4215 2427 4265 autres
2462 4226 2590 4263 can-

637 4285 767 4332 tone
801 4282 860 4331 et
892 4279 973 4331 les
1005 4277 1419 4331 ambessadenre
1452 4275 1756 4346 d‘Eepsgne
1790 4285 1849 4332 et
1881 4278 1951 4332 de
1987 4279 2184 4334 Savoie
2229 4276 2591 4333 solliciterent

639 4347 689 4401 ei
725 4348 1002 4400 vivement
1037 4346 1148 4400 LI..
1184 4344 1299 4399 ΕΕ.
1335 4344 1558 4415 qn’ellee
1603 4348 1977 4401 consentirent
2021 4348 2058 4403 a
2090 4364 2324 4403 renouer
2367 4347 2447 4402 lee
2496 4347 2588 4400 ne·

639 4415 841 4537 ἳσιοῐι·
825 4415 944 4469 ‘one
986 4431 1082 4467 eur
1125 4430 1217 4469 css
1261 4414 1404 4468 deux
1439 4414 1659 4469 articles
1694 4422 1754 4467 et
1783 4413 1821 4470 a
1853 4417 1998 4470 tenir
2040 4433 2146 4470 une
2196 4415 2519 4471 conference
2555 4415 2592 4470 a

697 4499 806 4554 yon
850 4484 903 4537 le
949 4483 1171 4537 dernier
1202 4482 1377 4537 Avril.
1449 4481 1557 4537 Les
1592 4483 1824 4537 Bernois
1867 4501 1903 4554 y
1940 4483 2334 4539 demanderent
2379 4484 2438 4537 1⁰
2482 4500 2589 4565 que

639 4553 722 4607 lee
755 4550 926 4620 eujets
961 4551 1057 4605 dee
1089 4560 1266 4606 terres
1303 4550 1337 4604 ὁ
1369 4549 1531 4605 ceder
1563 4568 1635 4604 an
1651 4552 1768 4605 Duc
1801 4554 2051 4607 auraient
2086 4556 2137 4608 le
2169 4555 2310 4608 libre
2344 4568 2590 4607 exercice

640 4620 713 4674 de
737 4620 793 4673 la
824 4619 1053 4689 religion
1109 4634 1178 4675 ne
1195 4619 1437 4674 Lam.
1457 4637 1494 4690 y
1515 4622 1735 4674 avoient
1765 4620 1984 4687 eteblie,
2019 4622 2083 4677 2⁰
2115 4622 2280 4691 qu’on
2300 4621 2593 4676 donneroit

641 4688 678 4743 ὁ
708 4689 764 4742 la
811 4689 940 4742 ville
972 4687 1041 4742 de
1072 4636 1297 4743 genev·
1343 4705 1450 4743 une
1495 4705 1784 4744 maranes
1828 4690 2062 4760 perseite
2292 4705 2393 4745 eon
2439 4688 2591 4743 inde·

635 4755 938 4881 ffndanoe.
1008 4756 1163 4811 Cette
1196 4756 1494 4811 resolution
1539 4757 1625 4813 fut
1658 4758 1806 4828 prise
1825 4776 1954 4840 ‚par
1998 4760 2078 4813 lee
2102 4707 2419 4841 ἔξω
2453 4774 2592 4840 pour

637 4842 844 4975 ...τε
877 4831 1035 4948 ..ῄῑ
1054 4824 1285 4977 ³223„
1310 4826 1871 4976 ‘sagr-fatiat:
1898 4826 2000 4977 032:
2022 4827 2593 4951 'magt-,cmc

640 4978 740 5033 qni
775 4963 856 5017 les
890 4963 1182 5033 regan-dont,
1218 4970 1277 5017 et
1311 4980 1417 5016 une
1449 4980 1708 5033 garmson
1743 4912 2200 5030 bemomgngetant
2233 4981 2302 5018 en
2326 4963 2488 5033 peine
2517 4964 2591 5017 du

644 5030 769 5085 cote
801 5031 871 5083 de
906 5032 961 5087 la
994 5032 1215 5086 Franco.
1286 5031 1429 5085 Mais
1470 5033 1552 5086 lee
1584 5031 1875 5101 Seigneure
1909 5033 1979 5086 de
2015 5032 2193 5087 Berne
2225 5050 2298 5088 ne
2334 5033 2359 5102 j
2443 5031 2594 5087 'rent

643 5115 745 5167 pes
779 5098 816 5153 a
847 5116 1049 5181 propos
1083 5099 1152 5153 de
1198 5099 1336 5154 faire
1371 5099 1470 5154 dee
1502 5106 1878 5155 monvemente
1912 5101 2006 5170 qni
2042 5105 2339 5171 pouvoient
2363 5048 2593 5156 aginen-

639 5168 1114 5290 29⁰⁰m1022¹²b2n32⁰
1127 5168 1627 5307 αῗῧᾙωωωζ
1660 5167 2054 5309 ζὲαῗῖὀῖἓὲἷ
2093 5170 2386 5293 ‘¹'⁰¹·'‘-‘’:;?
2408 5170 2593 5308 5:323

2086 5256 2150 5294 0⁰
2183 5256 2279 5310 qm

2131 323 2658 393 EPISTOLAE
2700 327 3127 391 4120-4123

4478 326 4573 389 ³2⁴

2678 518 2899 578 tamen
2942 510 3026 578 ad
3070 510 3411 578 fastidium
3444 533 3649 596 usque
3683 531 3882 597 cogor
3914 512 4172 586 luctari,
4216 510 4331 576 sed
4366 511 4581 577 ratius

2676 607 2814 664 tam
2857 598 3127 682 ancipiti
3183 609 3254 663 et
3307 598 3562 665 incerta
3623 609 3699 664 ut
3753 597 3968 682 qualis
4022 598 4248 662 sumre
4304 596 4393 662 eit
4438 607 4582 662 can-

2674 695 2813 751 stro
2856 683 2941 749 he
2984 685 3421 766 pronunciare
3463 682 3627 750 adeo
3648 705 3779 749 non
3814 684 4055 767 possim
4092 695 4173 747 nt
4212 704 4299 748 ne
4332 680 4585 748 divinae

2674 771 2789 853 qui
2836 790 2961 835 em.
3049 769 3368 835 Animose
3405 769 3599 834 multi
3652 779 3722 834 et
3776 769 4039 835 fortiter
4079 767 4311 834 dicunt
4361 779 4585 834 sento-

2676 856 2803 920 tias
2845 875 3009 938 quas
3051 875 3173 940 ego
3218 876 3518 938 cuperem
3563 854 3877 921 obtinere.
3947 852 4085 919 Sed
4126 856 4382 937 quoties
4416 853 4585 918 imbe-

2674 940 2900 1008 cillum
2945 961 3165 1007 meum
3207 941 3525 1006 iudicium
3569 941 3642 1006 in
3682 941 4207 1007 circumstantias
4241 951 4311 1006 et
4350 938 4587 1022 impedi-

2674 1034 2898 1092 menta
2962 1024 3384 1094 consiliorum
3447 1026 3716 1112 evagari
3777 1026 3994 1108 patior
4008 1076 4024 1104 ,
4092 1025 4407 1092 videntur
4453 1025 4589 1090 mihi

2674 1133 2907 1196 parum
2972 1114 3183 1178 firma.
3276 1111 3515 1179 Dicam
3569 1132 3705 1178 uno
3761 1110 3985 1178 verbo:
4052 1113 4496 1195 experimenta
4536 1121 4591 1176 et

2675 1206 2957 1264 eventus
2977 1219 3368 1283 magnarum
3403 1219 3622 1263 rerum
3661 1196 3947 1264 reddunt
3984 1215 4093 1262 me
4138 1199 4209 1262 in
4230 1196 4593 1280 reipublice

2674 1284 2965 1367 periculo
3001 1294 3068 1348 et
3101 1305 3339 1369 magno
3364 1284 3738 1349 discrimine
3771 1283 4246 1362 meticulosum,
4282 1303 4417 1347 non
4450 1281 4591 1366 quud

2675 1369 2849 1454 mihi,
2882 1378 3173 1435 metuam
3189 1420 3206 1448 ,
3268 1370 3384 1435 sed
3427 1369 3576 1435 aliis
3618 1370 3729 1453 qui
3782 1368 3952 1434 forte
3993 1379 4155 1434 sunt
4194 1389 4305 1434 me
4346 1371 4593 1451 impen-

2675 1455 2877 1521 tiores
2921 1454 3003 1520 ad
3046 1466 3343 1520 extrema
3381 1453 3670 1520 ferenda.
3746 1454 3993 1521 Caluini
4036 1453 4159 1519 tibi
4195 1454 4279 1520 de
4314 1475 4419 1519 me
4456 1452 4593 1518 iudi-

2676 1542 2851 1606 cium
2915 1541 3260 1620 confirmo,
3325 1543 3436 1624 qui
3493 1542 3696 1606 nimis
3748 1561 3855 1605 me
3920 1539 4263 1624 politicum
4322 1553 4389 1605 et
4446 1539 4596 1622 pah

2676 1635 3007 1692 amantem
3061 1626 3314 1693 solebat
3370 1626 3602 1694 dicere.
3622 1629 3681 1707 ⁸)
3767 1625 4026 1693 Habuit
4066 1626 4179 1691 ille
4233 1647 4393 1691 enas
4434 1626 4595 1689 ratio-

2675 1733 2798 1864 315?
2831 1711 4597 1882 ‘3333'{essffltoffg’szffizfflfflffiffioeffl

2677 1885 3169 1950 mansuetiores.
3257 1885 3458 1949 Faxit
3500 1883 3689 1949 Deus
3741 1893 3819 1949 ut
3859 1884 4083 1949 vincat
4134 1884 4309 1948 ratio
4366 1883 4597 1967 optima.

2847 1968 3129 2035 Caetera
3171 1991 3254 2034 ex
3298 1969 3531 2054 legatis
3574 1970 3816 2035 nostris
3870 1968 4118 2035 audies.
4209 1968 4405 2045 Vale,
4444 1979 4599 2050 patet

2678 2076 2754 2121 ac
2817 2054 3027 2120 frater
3088 2057 3158 2119 in
3219 2053 3506 2120 Domino
3571 2055 3869 2132 colende,
3936 2055 4187 2137 tibique
4252 2061 4601 2119 constanter

2678 2140 3025 2225 persuade,
3084 2141 3452 2223 quicunque
3506 2138 3773 2207 tandem
3830 2141 4029 2206 fuerit
4073 2140 4483 2224 publicarum
4518 2157 4599 2201 re-

2677 2247 2828 2291 rum
2864 2235 3097 2304 status,
3142 2237 3433 2291 nostram
3471 2234 3694 2292 tamen
3726 2229 4053 2309 privatam
4090 2226 4455 2291 amicitiam
4493 2225 4599 2288 rui·

2679 2331 2835 2376 nam
2878 2331 3223 2394 passuram
3268 2333 3401 2376 non
3445 2332 3604 2378 esse.
3678 2312 3936 2377 Bernae
3981 2316 4083 2376 22.
4128 2311 4314 2376 Iunii
4366 2316 4533 2375 1564.

3678 2448 3805 2513 Tui
3847 2447 4469 2514 observantissimus

3711 2552 3771 2616 N
3773 2550 4024 2618 icolaue
4064 2550 4473 2617 Zerchintes.

3456 2845 3859 2853 v———-—.

3568 3111 3757 3182 4121.

3154 3264 3825 3334 BULLINGERUS
3858 3264 4185 3331 BEZAE.

2869 3437 3201 3505 calvinum·
3261 3438 3537 3523 luqetet
3599 3436 3834 3519 aptato
3896 3438 4063 3502 vitae
4124 3455 4327 3502 m
4390 3454 4609 3502 Μαι

2692 3525 3525 3609 asternumviverespemt.

2999 3695 3113 3762 (Ex
3149 3693 3490 3764 autographo
3524 3692 3654 3748 cod.
3693 3692 3899 3747 Genev.
3937 3690 4056 3758 lm,
4091 3692 4185 3748 rol.
4216 3691 4341 3759 26.)

2866 3866 3250 3933 Clarissimo
3296 3866 3438 3931 viro
3483 3866 3566 3931 D.
3614 3863 3956 3930 Theodoro
4000 3863 4214 3931 Bezae
4266 3864 4609 3931 fidelimim

2693 3952 3108 4020 Genevensis
3167 3950 3476 4018 ecclesiae
3528 3952 3774 4035 pastori
3817 3949 4079 4016 domino
4121 3971 4271 4016 meo
4331 3947 4609 4017 colendi·

2691 4037 2858 4103 simo
2901 4047 2969 4103 et
3009 4037 3197 4103 fratri
3240 4038 3591 4103 carissimo.
4248 4122 4471 4189 M

2864 4293 2937 4361 S.
2977 4295 3062 4360 D.
3146 4292 3372 4375 Quum
3428 4295 3648 4361 nullas
3707 4314 3747 4358 a
3803 4304 4011 4359 morte
4068 4293 4279 4360 felicis
4348 4290 4607 4360 recorde-

2692 4380 2892 4446 tionis
2930 4382 3012 4445 D.
3050 4378 3306 4446 Calvini
3349 4380 3561 4446 nostri
3598 4380 3819 4445 fratris
3860 4381 3931 4444 in
3974 4378 4263 4446 Domino
4308 4392 4605 4446 aeternum

2690 4465 2945 4531 colendi
2981 4465 3064 4531 ad
3097 4487 3205 4531 me
3240 4466 3465 4531 literas
3501 4466 3777 4544 dederis,
3814 4465 4149 4531 carissime
4184 4463 4415 4543 stater,
4444 4480 4603 4547 qum

2692 4757 2803 4810 roit
2835 4755 2973 4809 dans
3007 4756 3130 4838 leur
3148 4756 3430 4826 voisinage
3464 4762 3524 4811 et
3543 4755 3617 4838 de
3650 4757 3770 4813 leur
3803 4773 3871 4811 en
3896 4755 4109 4811 donner
4132 4756 4270 4811 avis.
4322 4757 4399 4839 ¹2⁰
4418 4756 4601 4810 nun·

2691 4825 3205 4948 assuetas
3240 4825 3383 4973 :1¹:33
3396 4819 4599 4974 ³0oz⁸522112³sd3⁶122221133„²m,22

2692 4961 2761 5015 de
2795 4961 2850 5016 la
2894 4961 3079 5015 etii-ete
3112 4961 3182 5015 de
3218 4960 3456 5018 Geneve.
3526 4964 3605 5018 Le
3648 4964 3851 5017 conseil
3897 4963 3967 5017 de
4008 4965 4188 5016 Borne
4231 4972 4451 5033 accept·
4484 4972 4599 5013 -

2693 5031 2746 5084 le
2780 5030 2945 5084 traite'
2981 5028 3092 5094 (18.
3115 5030 3352 5099 Juillet).
3419 5031 3542 5086 Une
3574 5031 3826 5086 derniere
3870 5032 4089 5086 ‘onmes
4122 5030 4211 5084 ht
4240 5042 4405 5086 tenne
4426 5028 4465 5082 ὁ
4488 5027 4597 5082 1-

2694 5114 2864 5152 sanne
2909 5099 2963 5152 le
3003 5097 3429 5168 menapum·
3472 5102 3805 5170 yterminer
3889 5101 4107 5170 affaire,
4156 5115 4227 5154 en
4278 5101 4595 5171 μὴ...

2694 5184 2825 5222 avec
2860 5165 2934 5220 l’a
2971 5168 3263 5236 probation
3297 5168 3396 5222 des
3429 5177 3657 5226 cantone
3690 5170 3773 5224 ιη’
3817 5170 3830 5183 “

2898 5184 2969 5303 Βξ
2995 5234 3080 5304 Of.
3119 5234 3196 5291 N.
3230 5235 3382 5291 2908.
3415 5235 3572 5293 8023.

4104 5874 4750 6070 Α
