4900 6125
280 443 357 507 1⁷
2085 433 2253 499 1563
2293 431 2492 501 MAI.
4223 448 4306 508 18

271 646 354 692 ne
398 624 603 692 seriez
644 623 832 709 point
872 623 1117 691 marrie
1161 644 1288 708 que
1331 623 1392 690 ie
1444 623 1565 707 luy
1605 641 1797 688 eusse
1840 619 2229 689 descouvert

271 733 344 779 ce
383 730 645 796 propos.
734 709 797 776 Il
840 731 951 776 ma
992 708 1326 794 respondu
1370 708 1460 775 du
1502 716 2067 794 commencement
2101 728 2230 791 que

269 819 436 864 vous
477 795 664 862 aviez
717 796 845 862 mis
899 817 1117 882 payns
1173 816 1342 879 pour
1392 795 1684 879 corriger
1735 814 1874 878 ung
1938 793 2029 860 tel
2073 793 2227 860 mal.

268 881 643 950 'l'outesfois
685 901 771 947 en
813 881 881 948 la
921 883 1016 948 fin
1059 881 1109 948 il
1151 901 1261 946 ma
1302 881 1615 958 confesse,
1680 880 1951 946 combien
1992 878 2149 962 qu’il
2189 897 2233 962 y

266 971 362 1035 ait
418 989 497 1035 eu
548 967 810 1050 quelqae
866 968 1287 1034 amendement
1340 988 1420 1034 en
1477 985 1844 1048 appaream,
1912 965 2099 1048 qu’on
2153 985 2232 1031 ne

264 1054 507 1136 spavoit
544 1074 690 1136 ‚pas
740 1054 804 1119 si
860 1054 993 1120 cela
1047 1053 1347 1119 dureroit.
1373 1056 1428 1131 ⁸)
1514 1052 1562 1118 J
1564 1072 1602 1116 e
1656 1072 1823 1118 vous
1864 1051 2026 1134 prie,
2080 1050 2227 1116 Ma·-

265 1139 482 1218 dame,
549 1159 637 1205 au
702 1159 858 1204 nom
925 1138 1008 1203 de
1050 1139 1227 1204 Dieu
1294 1137 1485 1221 qu’en
1552 1156 1627 1203 ce
1690 1156 1801 1202 cas
1866 1145 1937 1202 et
1979 1136 2230 1202 aultres

262 1225 679 1303 semblables,
726 1244 890 1290 vous
926 1224 1096 1290 soiez
1134 1224 1471 1308 vigilante,
1513 1243 1683 1307 pour
1724 1220 1962 1307 garder
2003 1227 2228 1287 vostre

262 1313 524 1377 maison
589 1331 754 1394 pure
816 1310 898 1376 de
963 1319 1182 1376 toutes
1244 1308 1620 1375 mauvaises
1693 1306 1972 1387 tasches,
2059 1327 2228 1391 pour

262 1396 480 1464 clorre
544 1396 607 1460 la
648 1395 898 1463 bouche
943 1417 984 1462 a
1026 1407 1174 1461 tous
1225 1394 1468 1461 malins
1522 1393 1636 1477 qui
1693 1414 1778 1459 ne
1831 1391 2229 1458 demandent

260 1501 395 1567 que
442 1481 668 1548 davoir
709 1482 1010 1549 occasion
1054 1481 1135 1547 de
1176 1480 1595 1564 blasphemer
1635 1478 1699 1545 le
1732 1498 1889 1543 nom
1926 1478 2008 1544 de
2030 1478 2224 1558 Dieu,

260 1577 335 1634 et
378 1567 748 1651 cependant
789 1568 1113 1653 esioyssez
1156 1588 1340 1643 vous,
1397 1584 1650 1632 comme
1704 1585 1866 1630 vous
1910 1585 1994 1629 en
2040 1564 2225 1629 aviez

257 1655 562 1734 matiere,
606 1674 839 1739 parmy
885 1652 1220 1735 beaucoup
1266 1651 1346 1718 de
1402 1652 1748 1729 tristesses,
1806 1671 1919 1717 car
1960 1669 2033 1715 ce
2078 1657 2227 1714 nest

258 1761 382 1823 pas
428 1760 570 1823 ung
613 1738 780 1822 petit
825 1739 974 1805 bien
1018 1758 1144 1822 que
1185 1738 1361 1804 Dieu
1417 1759 1581 1804 vous
1636 1733 1850 1802 donne
1892 1756 2024 1800 une
2068 1734 2225 1800 telle

257 1825 651 1908 aprobation
695 1822 776 1890 de
820 1845 985 1890 vous
1028 1824 1211 1892 avoir
1253 1823 1498 1890 choisie
1531 1842 1701 1906 pour
1734 1829 1906 1887 estre
1941 1820 2223 1906 gloriffie

257 1932 387 1994 par
435 1919 657 1976 vostre
701 1911 936 1976 moien.

438 1995 501 2060 Il
548 2017 709 2062 vous
752 1996 997 2080 plairra
1040 2016 1261 2081 aussy,
1307 1994 1636 2071 Madame,
1690 2013 1797 2059 me
1839 1992 2012 2058 tenir
2055 2012 2225 2075 pour

254 2090 510 2148 excuse
554 2103 639 2147 en
683 2103 757 2147 ce
792 2103 919 2165 que
963 2081 1025 2148 ie
1081 2102 1216 2164 nay
1274 2087 1766 2164 presentement
1823 2077 2141 2144 satisfaict
2185 2098 2226 2142 a

254 2175 485 2233 vostre
552 2166 730 2233 desir
792 2187 963 2252 pour
1027 2189 1188 2234 vous
1255 2166 1527 2232 envoier
1587 2186 1728 2249 ung
1770 2163 2142 2247 prescheur.
2163 2165 2224 2246 ⁴)

252 2253 441 2319 Mais
506 2253 569 2318 ie
635 2275 724 2318 ne
784 2252 1089 2337 fauldray
1157 2251 1239 2318 de
1305 2251 1539 2317 veiller
1590 2251 1856 2334 iusques
1898 2256 1941 2315 a
1983 2269 2057 2314 ce
2099 2269 2225 2332 que

252 2361 427 2405 vous
493 2360 579 2404 en
645 2340 814 2405 soiez
884 2358 1239 2421 pourveue.
1322 2336 1433 2404 On
1490 2336 1638 2402 n'en
1703 2343 1938 2401 trouve
1983 2354 2099 2418 pas
2143 2333 2225 2400 de

252 2424 390 2490 telz
440 2425 637 2508 qu’on
675 2422 1005 2490 vouldroit
1049 2431 1093 2489 a
1125 2425 1453 2490 ohascune
1490 2423 1714 2499 heure,
1758 2429 1826 2487 et
1845 2442 2010 2486 nous
2048 2440 2221 2485 som-

250 2531 404 2576 mes
449 2518 596 2575 tant
637 2511 1048 2593 importunes
1113 2508 1197 2576 de
1256 2517 1474 2574 toutes
1515 2529 1692 2592 pars,
1754 2527 1880 2590 que
1924 2527 2093 2572 nous
2136 2525 2224 2571 ne

248 2615 543 2661 scavons
600 2617 812 2680 quasy
858 2595 939 2662 de
998 2595 1149 2679 quel
1204 2601 1381 2662 coste
1437 2615 1603 2659 nous
1645 2602 1934 2659 tourner.
2026 2589 2222 2676 Quoy

248 2681 399 2765 quil
459 2702 541 2746 en
601 2682 745 2760 soit,
813 2702 896 2747 ne
963 2680 1236 2747 doubtez
1295 2680 1486 2764 point
1549 2700 1675 2763 que
1718 2699 1883 2745 vous
1925 2697 2009 2742 ne
2052 2678 2222 2743 soiez

246 2765 562 2851 preferee
604 2787 644 2831 a
687 2774 851 2832 tous.
938 2768 1115 2833 Mais
1154 2776 1366 2851 quant
1406 2786 1574 2832 vous
1617 2764 1823 2831 seriez
1862 2764 1989 2849 icy,
2055 2782 2220 2862 vous

244 2853 514 2919 verriez
556 2874 683 2938 que
717 2854 779 2918 ie
821 2873 907 2918 ne
951 2873 1114 2919 vous
1157 2853 1300 2936 prie
1358 2871 1475 2935 pas
1519 2871 1674 2917 sans
1729 2870 1925 2917 cause
1970 2847 2221 2914 d’avoir

244 2938 580 3023 patience.

432 3023 495 3089 Il
560 3045 604 3110 y
671 3044 713 3089 a
775 3045 913 3109 ung
954 3023 1178 3107 poinct
1220 3021 1619 3107 particulier,
1664 3021 1996 3099 Madame,
2059 3018 2220 3085 dont

244 3109 541 3176 Messire
587 3108 949 3189 Francisco,
1014 3117 1236 3175 vostre
1299 3109 1531 3176 ancien
1596 3110 1939 3188 serviteur,
1964 3108 2025 3190 ὅ)
2091 3105 2223 3171 m'a

241 3196 403 3279 prie
459 3195 541 3262 de
597 3216 761 3261 vous
818 3195 1079 3263 escrire.
1168 3195 1350 3261 C’est
1403 3192 1704 3260 daultant
1758 3193 1917 3277 qu'il
1970 3213 2138 3258 vous
2182 3212 2223 3257 a

292 3281 414 3346 len
460 3281 541 3346 de
581 3288 803 3348 vostre
838 3301 1034 3366 grace
1070 3281 1185 3365 luy
1222 3288 1587 3363 promeetre
1621 3277 1703 3346 de
1737 3278 1906 3344 faire
1940 3277 2222 3363 quelque

240 3304 413 3433 Rieu
459 3388 500 3431 a
544 3388 621 3432 sa
664 3366 797 3432 fille
840 3387 1006 3450 pour
1048 3367 1113 3431 la
1155 3366 1416 3444 marier,
1459 3386 1700 3450 pource
1742 3363 1960 3449 quelle
2004 3371 2104 3429 est
2137 3384 2220 3428 en

430 3459 496 3517 et
541 3451 677 3535 quil
721 3473 948 3536 espere
1003 3451 1121 3537 luy
1176 3460 1446 3516 trouver
1502 3458 1719 3537 party,
1789 3449 1835 3514 il
1881 3448 2223 3515 desireroit

241 3538 414 3604 bien
458 3537 720 3604 scavoir
762 3546 985 3604 vostre
1026 3537 1155 3604 bon
1199 3536 1430 3621 plaisir
1472 3534 1555 3602 de
1598 3558 1673 3604 ce
1715 3533 1874 3619 qu’il
1913 3555 1999 3600 en
2043 3532 2224 3599 doibt

244 3622 591 3689 aotendre.
694 3623 882 3689 Vous
949 3644 1184 3707 sqavez
1238 3644 1365 3706 que
1415 3624 1486 3708 je
1528 3641 1663 3707 nay
1715 3620 1905 3706 point
1959 3640 2222 3687 acccus-

242 3717 448 3775 tume
489 3706 572 3775 de
615 3729 780 3776 vous
820 3709 999 3793 prier
1041 3730 1208 3792 pour
1251 3707 1370 3774 nul
1415 3729 1540 3792 que
1583 3727 1657 3774 ce
1700 3707 1850 3783 soit,
1917 3712 1983 3771 et
2020 3713 2226 3788 quant

240 3815 329 3862 ee
378 3795 583 3861 seroit
623 3814 793 3878 pour
836 3815 991 3879 moy
1035 3816 1123 3860 ou
1186 3814 1354 3877 pour
1409 3793 1508 3860 les
1565 3793 1779 3858 miens
1821 3792 1883 3857 ie
1926 3811 2012 3857 ne
2054 3791 2223 3857 lose-

242 3881 395 3947 rois
438 3901 560 3964 pas
599 3880 781 3946 faire.
863 3880 1040 3947 Mais
1095 3879 1385 3964 puisquil
1450 3885 1552 3946 est
1615 3876 1920 3963 question
1960 3875 2041 3941 de
2076 3897 2223 3942 vos·

238 3980 363 4033 tre
399 3966 746 4045 serviteur,
783 3965 999 4050 lequel
1033 3965 1082 4031 il
1116 3986 1282 4031 vous
1317 3986 1358 4031 a
1391 3965 1546 4049 pleu
1580 3985 1686 4031 me
1708 3961 2224 4042 recommander,

240 4052 315 4118 ie
366 4072 454 4118 ne
496 4050 619 4136 luy
671 4069 760 4136 ay
824 4068 945 4136 pas
1006 4060 1119 4118 ose
1177 4051 1432 4117 refuser
1485 4058 1664 4116 ceste
1716 4056 2038 4132 requeste,
2105 4067 2225 4114 sur

243 4144 412 4203 tout
478 4136 781 4203 daultant
843 4136 1002 4221 qu’il
1069 4136 1421 4221 s’acquicte
1486 4136 1896 4202 fidellement
1961 4133 2043 4199 de
2104 4154 2223 4200 son

244 4222 535 4291 debvoir
577 4231 646 4289 et
687 4243 759 4289 se
792 4229 983 4308 porte
1028 4244 1114 4290 au
1156 4228 1642 4289 contentement
1684 4221 1768 4287 de
1801 4225 2022 4286 tontes
2058 4240 2222 4304 gens

248 4382 353 4389 --..--
474 4382 523 4387 --
544 4382 631 4387 --
652 4382 671 4387 -

401 4602 410 4611 ·
472 4462 534 4594 ἓξ
570 4458 848 4586 {123⁶}
847 4462 1081 4586 mmmdcc
1100 4459 1918 4609 ἔικέξίἕοαᾶἕιπῗαιιίῗηὲσκῇαόν
1951 4526 2019 4582 de
2055 4528 2220 4582 Mon-

244 4608 441 4724 Wfl.
382 4684 441 4723 ,2
474 4599 873 4723 «πήξειωτ
903 4598 1967 4751 &awamffimzffm
1987 4596 2219 4736 32222’·

246 4737 666 4808 eequeroraqe
696 4736 981 4805 fflpasse.
1039 4737 1431 4806 Geuftoepas
1459 4750 1593 4789 sans
1626 4750 1978 4790 avoco-conara
2013 4734 2061 4817 19
2088 4736 2219 4804 plus

242 4805 450 4875 yrenei
498 4804 710 4874 danger
760 4820 829 4859 en
886 4806 1108 4861 chniu.
1180 4804 1265 4859 112
1309 4821 1366 4860 ss
1418 4805 1729 4888 trouver-ent
1761 4805 2077 4885 envetoppes
2108 4820 2218 4872 par

244 4882 604 5025 m&
638 4875 941 4997 diaeetaeziema
951 4943 1029 4998 du
1061 4872 2212 5022 aengannieiigswezdziaeqlzepper.

240 5012 441 5164 fig}
484 5080 638 5133 Mais
658 5010 725 5133 12'11
744 5010 935 5147 ”323
966 5012 1396 5151 qz’lgrti’y'e'tail
1425 5010 2215 5149 ρῖεὰωξοοέαὖτοέῡὲρόἐῖοέε

242 5169 279 5207 e
473 5149 847 5286 &4¹:33³
865 5218 1050 5299 Porto,
1085 5217 1153 5272 do
1184 5217 1295 5273 1⁹61ae
1326 5217 1394 5272 de
1415 5216 1639 5279 Cotidie,
1676 5216 1871 5273 ancien

248 5288 333 5343 ds
380 5303 512 5413 pree
556 5290 613 5405 d·
645 5286 975 5421 {gaigeria
1028 5287 1095 5341 de
1144 5285 1405 5357 Ferrare,
1454 5288 1581 5355 plue
1624 5286 1754 5341 rard
1805 5304 1842 5340 a

474 5440 698 5497 Calvisi
724 5457 911 5512 opem.
992 5441 1105 5497 Vol.
1142 5440 1275 5495 XX.

2337 621 2419 688 de
2483 621 2651 689 bien.
2739 621 3044 690 D'aultre
3099 629 3277 693 coste
3333 646 3441 693 ses
3505 627 3732 713 gaiges
3783 634 3937 694 sont
3990 649 4074 714 sy
4123 631 4306 715 petis

2333 728 2590 775 comme
2655 707 2737 775 de
2801 731 2967 777 nous
3030 717 3200 792 tous,
3265 712 3407 796 quil
3469 711 3588 798 luy
3652 712 3855 780 seroit
3915 714 4298 799 impossible

2332 793 2461 860 den
2503 794 2706 874 vivre,
2752 795 2837 861 sil
2871 795 3116 862 n’avoit
3158 804 3433 883 support
3489 797 3803 866 dailleurs
3838 819 4009 883 pour
4040 798 4106 866 le
4148 821 4296 868 sou·

2330 879 2543 965 laiger
2585 879 2667 946 de
2710 900 2817 947 ses
2861 882 3157 967 charges.

2505 965 2834 1048 Madame,
2899 987 3091 1052 apres
3156 973 3422 1035 m’estre
3475 976 3610 1035 tres
3669 969 4129 1038 humblement
4191 993 4296 1039 re-

2331 1050 2716 1117 commande
2773 1060 2816 1119 a
2880 1062 3100 1120 vostre
3141 1055 3360 1122 bonne
3415 1075 3626 1140 grace,
3693 1056 3756 1122 ie
3808 1057 4187 1142 supplieray
4230 1058 4296 1125 le

2330 1157 2489 1221 pere
2533 1137 2771 1204 celeste
2813 1159 2982 1205 vous
3025 1140 3197 1205 tenir
3243 1140 3576 1207 tousiours
3635 1161 3718 1206 en
3777 1162 3853 1208 sa
3903 1144 4292 1227 protection,

2329 1243 2500 1289 vous
2542 1224 2846 1289 fortiffier
2889 1223 2972 1291 de
3014 1232 3210 1291 vertu
3254 1225 3612 1293 invincible
3645 1232 3713 1292 et
3745 1248 3909 1295 vous
3943 1229 4294 1297 accroistre

2331 1329 2415 1374 en
2475 1317 2620 1461 ῐοίιέ,
2663 1310 2814 1375 bien
2858 1316 2928 1376 et
2970 1311 3349 1396 prosperite.
3440 1313 3544 1378 De
3588 1311 3881 1394 Geneve,
3926 1335 4000 1382 ce
4064 1319 4161 1381 10.
4207 1314 4292 1381 de

2328 1415 2485 1479 may
2619 1399 2719 1461 63.

3088 1689 3500 1700 ———

3162 1921 3366 1994 3952.

2544 2075 2787 2142 BEZA
2831 2075 3317 2144 MINISTRIS
3361 2077 4068 2147 TURIOENSIBUS.

2502 2245 2678 2312 Fuse
2718 2253 2946 2314 narrat
2986 2247 3316 2314 historiam
3357 2249 3703 2316 obsidionis
3722 2251 4048 2333 Aureliae,
4077 2250 4288 2338 Coliy-

2325 2332 2476 2396 naei
2531 2333 2977 2414 expeditionem
3031 2334 3100 2398 in
3147 2334 3631 2416 Normanniam,
3681 2335 3904 2403 Gai-sii
3944 2338 4192 2404 caedem
4228 2344 4290 2406 et

2326 2417 2742 2502 interfectoris
2783 2418 3181 2501 supplicium.

2324 2588 2437 2655 (Ex
2468 2589 2809 2660 autographo
2836 2590 3002 2644 Arch.
3032 2590 3748 2727 ngitqinP}tlit.2g{:)Simler
3767 2593 3892 2647 Vol.
3921 2591 4040 2648 107.
4092 2594 4288 2648 Edidit

2324 2828 2613 2895 Eximiis
2657 2827 2908 2896 Christi
2953 2830 3165 2896 servis
3231 2830 3548 2898 fratribus
3593 2851 3668 2896 ao
3711 2834 4094 2918 symmystis
4135 2835 4286 2917 plu·

2324 2915 2570 2980 rimum
2603 2913 3031 2982 observandis
3064 2915 3767 3070 aggeussssffissoeloeioe
3800 2921 4173 3001 pastoribus
4216 2931 4288 2987 et

2500 3169 2571 3237 S.
2619 3171 2792 3239 Mihi
2837 3174 3029 3240 toties
3085 3182 3153 3240 et
3205 3181 3344 3240 tam
3401 3175 3633 3240 multis
3687 3173 3899 3243 modis
3942 3176 4016 3241 in
4057 3177 4286 3244 Gallia

2325 3257 2745 3341 periclitanti,
2791 3268 3013 3343 patres
3056 3268 3123 3326 et
3165 3260 3403 3327 fratres
3461 3262 3534 3325 in
3577 3260 3867 3327 Domino
3920 3262 4282 3345 plurimum

2325 3341 2735 3423 observandi,
2778 3344 2948 3410 nihil
2990 3346 3276 3429 optatius
3317 3346 3549 3413 fuisset
3613 3366 3810 3430 quam
3851 3350 4093 3415 vestris
4137 3357 4286 3415 tum

2324 3429 2617 3496 consiliis
2658 3430 2872 3495 iuvari
2918 3438 3060 3496 tum
3104 3432 3303 3497 etiam
3367 3432 3933 3500 exhortationibus
3976 3437 4282 3501 recreari.

2325 3512 2461 3580 Sed
2521 3515 2646 3580 viis
2706 3515 3012 3582 omnibus
3065 3538 3107 3582 a
3158 3515 3520 3584 latronibus
3573 3518 3870 3597 obsessis,
3913 3520 4031 3585 vix
4075 3541 4151 3587 ac
4196 3542 4282 3587 ne

2327 3600 2442 3664 vix
2496 3598 2760 3684 quidem
2836 3602 3043 3669 semel
3105 3610 3302 3687 atque
3364 3603 3612 3669 iterum
3675 3602 3806 3669 huc
3868 3604 4172 3686 scribere,
4239 3628 4280 3673 a

2326 3684 2512 3751 vobis
2556 3694 2779 3752 autem
2822 3706 2909 3752 ne
2963 3708 3005 3752 a
3046 3688 3215 3755 icem
3268 3687 3531 3772 quidem
3585 3690 3880 3773 accipere
3933 3693 4089 3757 totis
4131 3697 4282 3758 octo

2325 3770 2662 3838 mensibus
2701 3772 2906 3857 potui,
3038 3794 3116 3839 eo
3158 3782 3234 3839 ut
3288 3796 3503 3858 nuper
3544 3775 3946 3859 Argentinae
3989 3778 4280 3860 primum

2326 3855 2407 3922 de
2450 3858 2999 3941 praestantissimi
3055 3867 3123 3924 et
3176 3860 3482 3926 omnibus
3539 3860 3751 3926 modis
3791 3862 4026 3945 optimi
4067 3865 4280 3929 nostri

2327 3942 2649 4026 Martyris
2689 3942 2869 4009 obitu
2895 3948 2945 4021 ¹)
2985 3944 3325 4024 audierim,
3392 3944 3567 4030 quod
3617 3946 3882 4025 vulnus,
3945 3949 4068 4013 etsi
4112 3949 4280 4014 mibi

2325 4049 2669 4095 commune
2735 4038 2840 4096 est
2901 4050 3053 4097 cum
3110 4038 3253 4096 tota
3294 4030 3426 4098 Dei
3485 4030 3776 4112 ecclesia,
3833 4032 4000 4098 mihi
4055 4040 4281 4100 tamen

2326 4115 2529 4180 etiam
2571 4114 2885 4198 privatim
3049 4116 3397 4183 vissimum
3454 4117 3584 4183 fuit
3626 4118 3697 4182 in
3730 4120 3979 4184 recenti
4021 4120 4283 4186 suavis-

2327 4200 2536 4266 simae
2589 4209 2660 4265 et
2713 4201 3104 4267 utilissimae
3155 4203 3361 4287 ipsius
3404 4202 3898 4269 consuetudinis
3942 4206 4279 4285 memoria,

2326 4305 2525 4367 quam
2566 4306 2690 4371 ego
2732 4307 2892 4352 sane
2933 4296 3337 4372 perpetuam,
3384 4289 3553 4356 sicut
3596 4288 3815 4367 debeo,
3859 4290 4279 4356 conservabo.

2324 4371 2530 4457 Ergo,
2586 4378 2663 4437 ut
2714 4372 2797 4438 ad
2841 4392 2981 4438 rem
3040 4373 3326 4454 redeam,
3389 4394 3524 4439 non
3568 4372 3795 4440 dubito
3852 4375 4012 4458 quin
4056 4396 4280 4441 meum

2324 4466 2465 4522 tam
2528 4456 2915 4524 diuturnum
2984 4458 3320 4526 silentium
3384 4458 3537 4526 boni
3602 4459 3975 4527 consulatis.
4085 4460 4280 4529 Nunc

2324 4564 2482 4610 vero
2545 4542 2830 4625 domum,
2897 4542 2968 4609 id
3034 4555 3154 4625 est,
3221 4546 3289 4611 in
3354 4544 3558 4611 buius
3622 4545 3931 4612 ecclesiae
3992 4555 4278 4630 portum,

2323 4629 2647 4714 singulari
2710 4631 2839 4695 Dei
2905 4630 3220 4697 beneficio
3283 4652 3609 4710 reversus,
3626 4634 3685 4710 2)
3751 4630 3928 4696 unde
4007 4631 4276 4699 tandem

2320 4715 2559 4781 faciam
2603 4714 2860 4783 dicendi
2904 4715 3219 4782 initium?
3308 4716 3449 4783 Ista
3489 4736 3726 4799 nempe
3769 4737 3904 4782 non
3948 4723 4083 4782 tam
4127 4717 4278 4785 lite-

2318 4801 4276 4971 {220‘'2333''ffffigffzffizffiffiffi‘twssss

2317 4971 2681 5050 historiam,
2747 4993 2880 5058 qua
2936 4984 3186 5040 certum
3244 4985 3346 5040 est
3401 4939 3654 5039 nulla’m
3709 4994 4004 5058 unquam
4060 4976 4278 5060 magis

2316 5213 2504 5269 3⁹⁵2·
2540 5213 2594 5277 1)
2628 5212 2777 5282 prid.
2815 5212 2901 5268 ld.
2940 5212 3072 5269 Nov.
3109 5212 3260 5267 1562,

2317 5351 2383 5403 zv.
2420 5282 2670 5415 πέζα·
2706 5283 2757 5337 ‘²‘
2795 5281 2922 5336 111.
2963 5282 3109 5337 ΝΜ·
3149 5282 3342 5337 Μαῖα*
3377 5280 3539 5351 (Ray.
3572 5281 3651 5336 aa
3689 5280 3908 5337 conscit
3938 5278 3987 5334 7.
4027 5281 4168 5336 Mai.
4209 5309 4280 5322 -

3828 5435 3864 5489 2
