4900 6125
294 395 408 458 485

1141 572 1348 646 8826.

840 727 1188 798 ERBIUS
1232 725 1666 797 CALVINO.

447 901 841 971 Commendat
884 901 1226 987 Ryonium
1270 898 1628 968 Ecceram
1691 897 1981 967 ecclesiae
2023 915 2228 981 nuper

288 990 637 1058 ministrnm·
679 990 759 1056 ab
795 988 1167 1057 Austriacis
1208 987 1482 1054 eiectum.

569 1161 683 1228 (Ex
719 1159 1060 1231 autographo
1096 1157 1226 1215 cod.
1262 1158 1466 1213 Genev.
1508 1156 1626 1228 109,
1658 1156 1749 1212 fol.
1790 1154 1935 1222 112.)

284 1332 844 1401 Praestantissimo
887 1331 1083 1399 simul
1128 1339 1198 1397 et
1237 1329 1531 1415 piissimo
1566 1330 1650 1395 D.
1687 1327 1922 1394 Ioanni
1944 1325 2227 1394 Calvino

287 1420 560 1487 maximo
602 1419 908 1504 theologo
953 1429 1020 1482 et
1059 1418 1369 1483 ecclesiae
1412 1424 1678 1482 sanctae
1721 1413 2004 1480 antistiti
2049 1411 2228 1496 apud

285 1506 588 1592 inclytam
612 1503 1158 1573 Gebennensium
1182 1502 1409 1569 urbem
1430 1502 1621 1568 fratri
1658 1521 1776 1566 suo
1810 1498 2081 1567 colendo
2104 1507 2226 1564 etc.

445 1676 681 1744 Gratia
722 1675 844 1741 filii
887 1675 1018 1741 Dei
1063 1685 1298 1742 tecum.
1389 1675 1624 1742 Amen.
1714 1672 1912 1738 Diem
1955 1667 2230 1736 Domini

285 1762 450 1831 haud
492 1761 720 1847 procul
765 1760 991 1827 abesse
1033 1761 1393 1844 loquuntur
1437 1768 1535 1825 tot
1573 1758 1806 1824 mundi
1841 1774 2232 1840 conquassa-

287 1850 503 1929 tiones,
571 1848 898 1914 malorum
941 1849 1236 1913 omnium
1279 1846 1614 1922 colluvies,
1663 1865 1919 1910 morum
1963 1862 2233 1925 corrup·

286 1935 445 2001 telae
486 1943 554 2001 et
597 1934 1115 2018 impoenitentia.
1205 1931 1386 2015 Quid
1431 1929 1651 1999 enim?
1728 1931 1938 1996 Sonat
1971 1927 2233 2013 quidem

285 2021 531 2087 Christi
573 2040 714 2086 vox
756 2018 932 2101 apud
976 2018 1366 2099 Germanos,
1412 2017 1528 2092 sed
1570 2014 2084 2102 quotusquisque
2134 2023 2237 2080 est

287 2109 388 2190 qui
429 2128 584 2172 vere
630 2107 758 2173 Dei
801 2106 1013 2171 filium
1057 2127 1142 2171 ex
1197 2106 1487 2189 professo
1546 2101 1870 2169 testetur?
1961 2099 2236 2165 Tumul-

287 2203 501 2259 tuatur
543 2193 788 2276 ubique
832 2192 1150 2275 gentium.
1236 2189 1437 2275 Apud
1481 2200 1626 2255 tuos
1678 2209 1719 2252 a
1763 2185 2126 2253 latronibus
2171 2194 2240 2252 et

286 2278 651 2345 cardinibus
692 2278 949 2342 romani
979 2277 1317 2361 Lycaonis
1361 2288 1427 2342 et
1469 2274 1819 2360 pontificiis
1861 2278 2240 2338 mactantur

290 2363 527 2431 Christi
597 2384 774 2441 oves,
841 2362 1020 2428 haud
1076 2384 1266 2430 secus
1321 2383 1519 2446 quam
1579 2361 1758 2426 ferae
1817 2369 1883 2425 et
1936 2357 2237 2442 pecudes.

286 2449 373 2516 Ut
412 2448 622 2529 vidae,
690 2449 968 2532 cupiunt
1023 2449 1296 2533 implere
1340 2445 1719 2514 mensuram
1775 2455 2059 2529 patrum.
2148 2447 2242 2510 At

288 2534 670 2603 sancticidae
713 2534 833 2612 illi,
878 2533 1002 2600 etsi
1045 2535 1178 2599 iam
1220 2556 1354 2601 non
1400 2556 1438 2601 e
1483 2533 1778 2616 vestigio,
1823 2530 1980 2596 olim
2016 2538 2239 2596 tamen

289 2622 353 2686 in
393 2619 495 2688 die
537 2619 774 2687 iudicii
815 2620 1263 2704 profusionem
1307 2620 1562 2686 innoxii
1607 2618 1956 2702 sanguinis
1989 2618 2242 2700 gravis·

288 2708 441 2773 sime
504 2705 859 2791 depensuri
937 2715 1115 2772 sunt.
1194 2707 1504 2773 Arbitror
1565 2705 1792 2772 electis
1836 2701 1964 2769 Dei
2033 2702 2242 2769 nostri

287 2803 502 2876 patere
567 2813 826 2860 sacram
889 2791 1158 2858 ianuam
1226 2793 1417 2877 regni
1489 2791 1839 2858 coelorum.
1951 2787 2242 2855 Proinde

289 2878 604 2945 orandum
667 2878 1049 2944 enixissime
1105 2879 1468 2963 propitium
1535 2899 1782 2944 numen
1843 2897 1962 2960 per
2018 2874 2242 2942 Iesum

290 2964 642 3045 Christum,
702 2971 778 3029 ut
834 2964 972 3029 suis
1029 2964 1209 3030 inter
1267 2973 1598 3030 tormenta
1639 2973 2079 3048 tyrannorum
2124 2961 2242 3027 tri-

289 3047 436 3117 buat
477 3052 922 3119 constantiam
965 3050 1355 3133 patientiam
1419 3060 1486 3117 et
1528 3048 2089 3135 perseverantiam
2133 3070 2244 3116 us·

288 3156 405 3220 que
445 3139 517 3203 in
561 3139 765 3202 finem
808 3156 938 3220 quo
982 3135 1150 3202 salvi
1196 3138 1378 3202 fiant.

448 3224 558 3290 En
601 3223 738 3289 iam
783 3221 866 3289 ad
910 3229 978 3287 te
1042 3222 1217 3288 redit
1256 3221 1344 3287 D.
1390 3222 1674 3289 Ioannes
1719 3221 2044 3305 Προναίας,
2073 3222 2125 3299 ¹)
2169 3221 2248 3287 fl-

289 3306 441 3375 delis
483 3308 741 3376 Christi
798 3307 1122 3388 minister,
1203 3310 1316 3392 qui
1374 3307 1685 3375 ecclesiae
1741 3308 2115 3375 Ecceranae
2173 3307 2246 3371 in

291 3394 456 3461 valle
499 3394 802 3461 Alberthi
845 3396 915 3460 in
959 3395 1223 3477 pietatis
1267 3393 1567 3460 doctrina
1609 3402 1674 3459 et
1719 3394 2105 3477 integritate
2149 3393 2247 3457 vi-

292 3492 389 3547 tae
428 3491 660 3548 sancte
704 3479 1009 3564 praefuit
1099 3479 1466 3546 Enimvero
1511 3479 1725 3547 Satan
1771 3478 2091 3545 bonorum
2135 3477 2250 3543 ad·

290 3568 613 3633 versarius
652 3586 920 3631 omnem
963 3567 1177 3631 movit
1218 3564 1503 3649 lapidem
1545 3576 1624 3630 ut
1665 3563 1935 3631 tandem
1976 3585 2095 3648 per
2128 3564 2250 3629 fal-

290 3672 389 3718 sos
429 3653 646 3720 solum
689 3653 954 3718 nomine
995 3651 1394 3719 christianos
1438 3661 1550 3717 tuo
1603 3652 1871 3717 nomine
1915 3650 2087 3717 male
2132 3670 2251 3716 au-

291 3736 470 3805 diens
534 3738 1013 3804 criminabatur
1032 3740 1069 3776 *⁸
1125 3758 1269 3803 esse
1314 3736 1702 3815 Calvinista,
1771 3757 1971 3820 quum
2026 3742 2251 3802 tamen

293 3825 568 3906 optimus
613 3825 720 3890 vir
772 3824 1024 3890 nullius
1083 3824 1371 3889 hominis
1425 3824 1665 3888 iurarit
1718 3822 1792 3887 in
1836 3823 2060 3901 verba,
2134 3820 2252 3887 sed

294 3910 548 3977 unicam
591 3908 849 3976 Christi
893 3908 1257 3975 doctrinam
1295 3909 1638 3976 sinceriter
1670 3908 1983 3975 ecclesiae
2018 3927 2252 3991 propo-

294 3996 506 4062 suerit.
575 3996 760 4063 Hinc
802 3994 1051 4062 eiectus
1094 4001 1197 4061 est
1237 3995 1319 4061 ab
1361 3995 1603 4077 iniquis
1648 3995 1852 4078 regiis
1886 3993 2254 4060 austriacas

294 4079 520 4148 domus
601 4082 886 4165 satrapis
949 4080 1306 4147 inauditus.
1395 4081 1561 4147 Eius
1626 4080 2121 4166 proscriptionis
2187 4086 2255 4144 et

297 4166 682 4250 tragoediae,
726 4167 1021 4233 maxima
1053 4188 1209 4250 pars
1244 4175 1348 4234 est
1379 4167 1801 4234 concionator
1835 4165 2254 4251 germanicus

297 4250 532 4321 Petrus
575 4253 890 4338 HoyeruS,
910 4254 966 4336 2)
1025 4253 1139 4335 qui
1182 4274 1301 4319 suo
1345 4251 1692 4319 abundans
1732 4273 1936 4319 seusu
1976 4249 2254 4317 arbitra-

299 4345 403 4404 tur
455 4361 527 4406 se
590 4338 846 4406 coelum
891 4337 1116 4424 digitis
1158 4339 1504 4422 attingere.
1591 4338 1664 4405 Is
1717 4339 2084 4405 etiamnum
2139 4336 2255 4401 ille

297 4431 394 4489 est
453 4424 570 4508 qui
631 4425 720 4490 D.
783 4425 987 4491 Petro
1051 4423 1376 4506 Meo-buflo
1395 4426 1456 4507 ⁸)
1522 4424 1668 4508 piae
1736 4425 2111 4502 memoriae,
2163 4423 2252 4489 D.

299 4697 477 4754 8828.
497 4700 560 4763 1)
594 4700 666 4755 Δ.
703 4698 836 4755 1561
873 4714 945 4752 ιιι.
986 4698 1100 4754 Oct.
1136 4696 1405 4753 Reum-do
1439 4698 1504 4762 (i.
1543 4712 1590 4752 e.
1621 4697 1764 4753 Am.
1795 4696 2019 4765 Bam)
2051 4712 2257 4753 sueces-

303 4768 372 4822 n‘t
410 4785 450 4822 a
494 4769 660 4823 Paro
700 4766 927 4825 Οοῑοκίο
972 4767 1144 4823 Motis
1185 4767 1264 4823 ad
1315 4765 1374 4821 S.
1409 4766 1650 4821 uaria-⁸
1694 4766 1977 4823 mactus.
2066 4766 2260 4827 Meum

304 4832 444 4891 Iulio
475 4839 812 4893 waddonem
844 4843 1106 4907 sequutus
1137 4841 1219 4891 est
1249 4835 1374 4892 eccl.
1411 4834 1819 4891 Badonvium.
1888 4835 2260 4891 Successor-cm

302 4902 488 4961 habuit
517 4904 636 4961 Nic.
671 4904 953 4975 Fraupois
986 4904 1205 4969 (Drion
1236 4921 1293 4974 p.
1331 4902 1415 4959 19.
1489 4902 1574 4971 Gt'.
1609 4903 1689 4959 N.
1726 4902 1913 4969 3640).

390 5044 401 5055 .
496 4973 562 5040 2)
598 4975 848 5029 minister
893 4975 1265 5030 Lutheram.
1327 4971 1548 5037 (Drion
1589 4990 1648 5040 p.
1697 4972 1809 5041 17.)
1861 4971 1940 5028 D.
1989 4972 2261 5094 Rgppolt·

301 5044 805 5112 mammon-at,
852 5042 2260 5112 utS.Hariaeiutenplosu1-lepre(attea-

302 5108 517 5181 birche),
553 5129 665 5167 uon
699 5114 817 5167 uisi
843 5114 1155 5181 amandes
1202 5111 1472 5166 Eeceriae
1499 5112 1695 5181 pollice
1723 5112 2159 5178 praedicaretur.

499 5179 560 5249 3)
593 5182 682 5238 hic
716 5181 983 5237 Εσοοήαε
1013 5197 1067 5235 a.
1107 5155 1245 5236 1560
1277 5181 1488 5236 obierat
1532 5186 1585 5235 ct
1616 5180 1873 5237 Bam-⁸
1907 5185 2267 5237 mesore-⁸

305 5244 500 5329 hbuit.
551 5248 882 5390 (Νορῑέἔόιέῗ
931 5248 1131 5307 ibidem
1189 5249 1495 5305 ministerio
1548 5249 2025 5319 fundu-suine
2074 5247 2266 5305 Drion

2075 383 2239 452 1562
2283 376 2470 448 1011.

4165 375 4301 444 486

2326 562 2672 648 Amolpho,
2715 563 2802 631 D.
2846 563 3050 632 Petro
3099 560 3371 640 Οοῑοηίο,
3415 582 3493 632 ac
3534 561 3807 632 tandem
3846 568 4076 630 nostro
4098 559 4301 647 Paqo-

2325 652 2433 719 m‘o
2490 671 2578 718 ne
2623 649 2834 716 otium
2894 649 3260 719 facessivit:
3328 670 3452 716 nec
3508 654 3734 718 tamen
3789 650 4137 734 quisquam
4195 652 4300 716 ent

2326 737 2441 822 qui
2483 736 2639 804 huic
2696 734 2967 802 dissidio
3031 735 3410 801 medeatur:
3480 736 3789 817 utrinque
3832 735 4033 801 minis
4077 740 4148 800 et
4187 753 4301 800 ca·-

2327 823 2599 889 lumniis
2663 843 2707 888 a
2768 819 3163 906 quibusdam
3227 829 3538 887 certatur.
3649 820 4002 904 Coguntur
4068 827 4301 885 tamen

2327 908 2754 988 Calvinistae,
2822 907 3038 973 nolint
3080 928 3156 974 ac
3202 907 3430 984 velint,
3499 903 4027 972 adversariorum
4071 903 4300 972 crimi-

2327 994 2632 1061 nationes
2667 991 2915 1072 audire,
2973 994 3087 1077 qui
3129 993 3457 1076 patienter
3498 992 3775 1058 iniurias
3818 992 4106 1057 ferentes
4149 991 4301 1055 vin·

2329 1080 2460 1146 dici
2501 1078 2647 1146 Deo
2690 1079 3132 1147 commit-tunt.
3202 1077 3429 1160 Quare
3463 1076 3739 1163 benigni
3781 1076 3904 1143 Dei
3948 1074 4303 1144 clementia

2328 1166 2664 1234 continuis
2721 1165 3024 1249 precibus
3082 1163 3436 1243 exoranda,
3499 1184 3587 1229 ne
3646 1182 3803 1230 suae
3847 1162 4019 1230 desit
4060 1181 4302 1230 causae

2329 1273 2450 1320 nec
2497 1250 2798 1318 adflictae
2840 1249 3170 1317 ecclesiae.
3257 1251 3497 1314 Amen.
3516 1251 3578 1325 ⁴)

2500 1336 2705 1404 Hunc
2746 1356 2904 1421 ergo
2947 1334 3033 1401 D.
3059 1335 3381 1414 Ioannem,
3427 1333 3691 1400 tametsi
3732 1335 4017 1418 pretium
4061 1351 4302 1416 operae

2331 1444 2467 1490 non
2522 1423 2743 1502 fuerit,
2800 1421 3187 1489 commendo
3243 1428 3396 1487 tuae
3445 1421 3860 1503 fratrumque
3912 1418 4172 1486 caritati
4222 1417 4303 1484 in

2335 1508 2619 1576 Domino
2709 1529 2782 1573 ro
2825 1508 3108 1574 veritate
3150 1505 3582 1585 exsulantem,
3629 1513 3707 1571 ut
3736 1506 3948 1586 illum,
3986 1500 4304 1587 quemad-

2331 1593 2604 1661 modum
2673 1593 2828 1676 acis‚
2872 1594 2945 1658 in
2990 1594 3277 1660 Domino
3322 1592 3659 1676 suscipias,
3704 1591 3945 1671 foveas,
3993 1590 4305 1672 illiusque

2331 1681 2544 1747 sancti
2622 1680 2747 1747 viri
2825 1699 3024 1764 opera
3100 1679 3307 1744 utaris
3376 1677 3458 1743 ad
3530 1677 3785 1743 Christi
3849 1688 3918 1742 et
3989 1675 4305 1744 ecclesiae

2333 1766 2870 1834 emolumentum.
2977 1762 3203 1847 Quum
3271 1764 3583 1847 probatus
3648 1764 3735 1829 sit
3790 1762 4113 1840 minister,
4181 1780 4304 1826 suo

2331 1851 2597 1918 muneri
2676 1850 2903 1935 procul
2967 1850 3164 1916 dubio
3235 1847 3469 1915 nullibi
3549 1847 3894 1914 defuturus
3970 1854 4107 1927 est,
4184 1843 4307 1912 sed

2335 1937 2751 2006 commissam
2829 1936 3092 2003 ornabit
3167 1934 3552 2019 spartulam.
3657 1934 3863 2000 Hisce
3927 1933 4075 1999 vale
4092 1983 4108 2012 ,
4174 1932 4312 2002 fra-

2335 2037 2439 2090 ter
2504 2024 2576 2088 in
2620 2022 2909 2089 Domino
2965 2021 3323 2101 carissime,
3390 2029 3459 2087 et
3522 2041 3640 2086 ora
3684 2018 4048 2085 Dominum
4108 2025 4184 2083 ut
4240 2023 4313 2082 et

2337 2132 2444 2177 me
2486 2109 2756 2174 iamiam
2801 2108 3386 2192 septuagenarium
3431 2105 3625 2172 solita
3668 2105 4019 2172 clementia
4054 2123 4095 2168 a
4115 2123 4311 2187 prae-

2338 2196 2510 2263 senti
2554 2194 2815 2262 saeculo
2860 2214 3144 2278 nequam
3187 2192 3443 2259 liberet.
3533 2192 3828 2257 Rursum
3875 2190 4039 2270 vale,
4091 2199 4161 2255 et
4202 2208 4313 2258 sa·

2337 2280 2581 2348 lutabis
2626 2293 2774 2346 tuos
2817 2279 3228 2356 domesticos,
3274 2285 3681 2362 symmystas
3724 2297 3800 2343 ac
3833 2277 4095 2361 piorum
4116 2273 4315 2342 colle-

2340 2367 2546 2452 gium.
2638 2364 2971 2432 Dominus
3017 2365 3378 2432 vobiscum.
3465 2361 3969 2447 Rapoltisvillae
4023 2363 4118 2426 16.
4155 2358 4319 2426 Iulii

2345 2474 2521 2519 anno
2571 2455 2757 2518 1562.

3568 2585 3755 2650 'l'uus
3799 2583 4144 2649 tuissimus

3538 2669 3863 2736 Matthias
3906 2669 4175 2737 Erbius.

3247 3214 3445 3287 3827.

2753 3370 3429 3443 BULLINGERUS
3484 3367 3927 3440 CALVINO.

2531 3542 2785 3625 Suadet,
2850 3550 3031 3629 uryet
3043 3595 3059 3627 ,
3134 3543 3471 3611 obtestatur
3534 3548 3607 3609 ut
3670 3541 3919 3624 aliquid
3971 3540 4106 3622 fiat,
4170 3559 4327 3606 nam

2352 3632 2630 3715 undique
2693 3632 3092 3714 conquiritur
3155 3630 3340 3696 miles
3405 3634 3622 3695 contra
3672 3629 3827 3710 pios
3889 3625 4227 3693 mittendus
4271 3630 4332 3693 et

2353 3718 2548 3785 bonae
2589 3737 2820 3786 causae
2860 3717 3137 3783 vindices
3179 3735 3377 3797 usque
3417 3719 3804 3783 cunctantur.

2355 3888 2472 3956 (Ex
2507 3886 2850 3959 autographo
2886 3886 3049 3941 Arch.
3104 3884 3288 3941 Turic.
3328 3885 3490 3941 ·Plut.
3526 3884 3628 3941 VI.
3664 3884 3792 3939 Vol.
3829 3882 3955 3951 129,
3985 3882 4117 3937 olim
4153 3881 4331 3937 Scrin.

2582 3957 2643 4011 B.
2678 3957 2819 4026 Epp.
2856 3956 3009 4011 Tem.
3044 3953 3129 4009 30.
3169 3956 3261 4010 sol.
3295 3952 3419 4009 439.
3460 3981 3528 3995 -
3562 3954 3778 4009 Simler.
3815 3952 3941 4009 vol.
3973 3950 4121 4016 105.)

2562 4145 2625 4214 4)
2665 4142 2756 4199 Os.
2804 4142 3079 4200 schadad
3123 4143 3339 4199 Contiu.
3388 4141 3643 4198 Steidani
3684 4140 3727 4196 1.
3770 4138 3902 4194 289:
3989 4138 4071 4192 Zu
4098 4137 4339 4193 Marion-

2356 4213 2515 4270 kirch
2550 4213 2853 4268 enthielten
2888 4213 3003 4267 sich
3047 4213 3212 4267 etlich
3249 4211 3604 4266 Frantzosen.
3675 4210 3748 4265 So
3794 4208 4022 4263 suchten
4068 4207 4206 4260 auch
4240 4206 4338 4262 die

2358 4283 2749 4338 Widertauffer
2790 4281 2903 4335 und
2948 4281 3118 4336 andre
3164 4281 3362 4336 Secten
3408 4281 3654 4334 daselbst
3698 4280 3758 4332 in
3805 4279 3982 4332 ciuem
4030 4276 4142 4329 Ber
4232 4276 4343 4330 erk

2358 4353 2481 4406 ihre
2516 4350 2934 4420 underhaltung.
2983 4351 3163 4404 Darzu
3198 4349 3354 4403 ward
3388 4349 3446 4402 in
3481 4350 3731 4403 abvesen
3768 4346 3917 4399 ihres
3950 4344 4122 4397 orden
4173 4343 4335 4399 ichen

2359 4421 2679 4476 Psarrherrs
2714 4420 2774 4473 P.
2811 4419 3059 4475 Hockers
3093 4435 3221 4472 ausa
3267 4418 3588 4498 anstifltung
3633 4415 3855 4494 conrad.
3896 4412 4136 4467 Fincken
4181 4413 4337 4468 eines

2360 4489 2685 4544 entlehnten
2738 4489 3032 4558 Predigers
3083 4504 3137 4541 v.
3190 4487 3510 4541 Mulhausen
3566 4503 3624 4539 in
3678 4484 3731 4536 d.
3788 4481 4024 4534 Kirchen
4082 4480 4181 4534 aur
4232 4481 4336 4536 der

2358 4560 2573 4614 Matten
2607 4558 2707 4612 des
2739 4557 2979 4613 steinere
3014 4557 3158 4609 altar
3180 4560 3363 4625 sumpt
3397 4556 3574 4610 einem
3609 4550 3856 4615 Oruoffix,
3892 4548 4016 4602 dem
4035 4548 4338 4604 Tauffstein

2358 4628 2474 4682 und
2526 4626 3058 4682 Sacramenthaualin
3105 4623 3481 4694 abgebrochen
3538 4621 3652 4675 und
3713 4617 4151 4685 hinweggethan.
4229 4619 4336 4673 Ab

2357 4696 2573 4751 solches
2623 4713 2693 4749 an
2737 4695 2828 4749 die
2862 4694 3176 4764 Regiorung
3216 4711 3285 4747 au
3318 4691 3628 4747 Ensisheim
3673 4686 3787 4740 und
3830 4700 3939 4739 von
3992 4686 4209 4741 dannen
4262 4704 4335 4741 an

2360 4767 2581 4836 Kayser
2606 4764 3015 4819 Ferdinandum
3036 4762 3210 4818 selbst
3225 4763 3480 4832 gelanget
3514 4755 3763 4812 schriebe
3798 4768 3860 4806 er
3895 4752 4004 4807 den
4038 4754 4090 4808 5.
4110 4755 4204 4808 Ma

2361 4851 2490 4889 ausa
2525 4834 2672 4903 Prag
2706 4850 2775 4886 an
2813 4831 3113 4902 Egenolfen
3150 4831 3215 4884 Η.
3252 4848 3320 4883 zu
3355 4824 3739 4898 Rappoltstein
3775 4858 3790 4872 .
3828 4860 3841 4873 .
3882 4860 3896 4874 .
3936 4859 3951 4875 .
3994 4821 4171 4903 ⁸Derh
4228 4825 4337 4878 ben

2357 4904 2436 4957 ist
2468 4917 2635 4957 unser
2670 4901 2847 4956 besehl
2883 4901 2981 4954 dns
3015 4900 3088 4954 du
3121 4899 3212 4953 die
3249 4900 3449 4952 Secten
3483 4896 3666 4961 sumpt
3698 4889 3805 4943 den
3842 4888 4210 4946 Prodicanten
4242 4891 4341 4947 ab·

2359 4971 2601 5027 echafl'en
2634 4970 2748 5024 und
2792 4970 3071 5040 dasjenige
3117 4984 3233 5021 was
3282 4982 3409 5021 ansa
3444 4963 3499 5016 d.
3532 4958 3778 5015 Kirchen
3814 4957 4198 5039 abgebrochen
4232 4962 4344 5033 bey

2360 5040 2718 5109 vermeidung
2752 5040 2974 5094 bossers
3023 5037 3194 5091 wider
3239 5031 3562 5089 aufirichten
3597 5027 3797 5107 wellet.
3832 5053 3902 5064 —
3935 5026 4074 5082 itta.
4108 5044 4169 5098 p.
4204 5028 4337 5086 300:

2361 5109 2547 5164 Durch
2592 5107 2872 5165 beschlms
2922 5106 3022 5162 der
3066 5102 3415 5174 Knapschaft
3466 5096 3656 5151 vurde
3683 5111 3778 5176 ‚un
3791 5092 4188 5174 ‘Brachmonat
4241 5100 4347 5154 der

2363 5179 2531 5234 Altar
2575 5177 2751 5233 wider
2790 5194 2862 5232 an
2906 5176 3096 5231 seinen
3140 5179 3232 5228 ort
3536 5168 3728 5219 'olm‘
3758 5160 3875 5214 ⁸¹01!
3911 5163 4018 5219 1101·
4053 5167 4349 5243 Landvogt

2365 5265 2434 5302 au
2468 5245 2811 5302 Ennisaheim
2845 5247 3132 5315 begnflgen
3166 5242 3315 5295 liess.
3376 5236 3499 5319 ‚Der
3532 5232 3603 5287 Η.
3639 5246 3748 5285 von
3781 5230 4180 5300 Rappcltstein
4213 5237 4353 5294 aber

2366 5316 2557 5372 orliens
2590 5315 2682 5371 ein
2714 5313 2881 5369 Edict
2912 5312 3087 5368 wider
3118 5310 3209 5367 die
3242 5308 3503 5363 Sectirer.
3810 5381 3922 5438 m·
