4900 6125
284 410 391 474 649

280 601 555 661 mutatus
598 594 775 660 iurat
818 614 889 660 se
930 614 1161 678 pacem
1201 594 1560 661 facturum:
1605 602 1677 661 at
1717 615 1838 679 ego
1880 616 1965 662 ne
1990 595 2204 662 iurato

276 677 518 764 quidem
560 678 966 759 crediderim,
1027 700 1152 747 nec
1193 677 1388 746 video
1429 679 1588 764 quid
1629 681 1710 747 ab
1752 680 1896 747 istis
1935 702 2206 768 exspec-

275 765 388 831 tari
427 766 632 849 possit
686 765 817 832 nisi
874 765 956 830 ad
1001 774 1298 832 extrema
1340 764 1639 833 redactis.
1729 764 1943 849 Spero
1986 773 2054 833 te
2097 787 2205 834 ac-

271 851 533 1004 3³⁵3.
555 872 735 1022 ξπ
764 850 1240 1021 istas?
1284 851 2207 1005 ffi‘zffissstzsshffiss

310 1021 517 1088 uidem
582 1020 698 1089 sed
753 1022 1000 1088 frustra
1056 1021 1471 1089 reclamante.
1561 1023 1623 1088 N
1627 1044 1754 1090 unc
1807 1025 2037 1107 opinor
2081 1045 2202 1090 nos

293 1107 555 1174 ortiores
596 1108 870 1187 futuros,
915 1108 1173 1174 utinam
1215 1107 1299 1173 ad
1344 1118 1719 1175 extremum
1760 1110 1995 1193 usque!
2062 1110 2206 1176 Ista

267 1194 504 1260 interea
566 1192 1053 1277 expeditionem
1106 1203 1403 1259 nostram
1459 1193 1626 1259 nihil
1679 1194 2204 1276 remorabuntur,

268 1287 328 1345 et
364 1285 517 1362 puto
559 1301 669 1346 me
711 1279 924 1363 ipsam
968 1299 1176 1363 usque
1218 1278 1506 1346 insulam
1531 1282 1616 1364 ¹¹)
1659 1279 1883 1347 multis
1927 1280 2009 1347 de
2051 1301 2204 1348 cau-

266 1364 348 1431 sis
388 1364 831 1432 traiecturum.
916 1364 1301 1431 Memineris
1345 1384 1504 1450 ergo
1540 1386 1658 1449 per
1699 1387 1808 1431 me
1850 1386 1985 1432 non
2029 1375 2205 1433 stare

264 1450 314 1516 si
351 1450 569 1518 minus
611 1471 807 1534 saepe
850 1450 1227 1534 scripserim
1269 1471 1471 1534 quam
1512 1457 1734 1536 optem
1780 1466 1847 1517 et
1887 1473 2086 1536 quam
2128 1460 2205 1518 tu

264 1535 491 1618 cupias.
584 1536 892 1603 Navarra
951 1537 1308 1602 fortissima
1365 1543 1479 1602 est.
1568 1535 1884 1604 Ferraria
1940 1536 2203 1622 quidem

262 1620 518 1705 praebet
560 1621 823 1689 afflictis
867 1622 989 1688 hos
1035 1622 1227 1688 itium
1271 1629 1340 1688 et
1394 1621 1736 1689 ecclesiam
1779 1635 2019 1704 servat,
2087 1622 2204 1690 sed

261 1705 485 1773 mulier
553 1717 657 1774 est
719 1717 787 1774 et
858 1643 1122 1792 quidem
1187 1708 1431 1774 summi
1494 1707 1673 1775 illius
1735 1710 1928 1776 amici
1992 1709 2204 1775 nostri

260 1813 487 1860 socrus.

416 1878 610 1962 Rogo
652 1885 731 1943 ut
789 1879 983 1962 ampl.
1030 1886 1331 1945 senatum
1388 1889 1454 1945 et
1506 1898 1737 1945 omnes
1795 1879 2081 1964 collegae
2140 1890 2209 1945 et

260 1965 486 2030 amicos
532 1984 679 2029 meo
737 1965 1000 2031 nomine
1058 1963 1420 2047 plurimum
1472 1973 1543 2030 et
1597 1964 1882 2032 officiose
1939 1965 2204 2032 salutes.

256 2049 430 2115 Bene
473 2048 645 2128 vale,
688 2050 782 2114 mi
826 2059 1029 2132 pater.
1116 2051 1445 2118 Dominus
1486 2049 1678 2116 Iesus
1728 2057 1796 2117 te
1837 2059 2060 2117 servet
2101 2052 2203 2116 in-

258 2134 569 2201 columem
612 2143 681 2199 et
722 2135 888 2200 faxit
930 2143 1009 2201 ut
1049 2134 1237 2203 brevi
1294 2135 1667 2220 compositis
1711 2137 1913 2202 tantis
1954 2136 2203 2203 tumul-

257 2218 418 2287 tibus
484 2229 711 2287 vestro
776 2229 1130 2306 conspectu
1194 2223 1395 2288 fruar.
1492 2222 1719 2288 Aurel.
1784 2220 1992 2306 pridie
2058 2221 2201 2289 Gal.

256 2305 436 2372 Febr.
529 2307 677 2457 'gibi
732 2309 1065 2390 privatim,
1125 2309 1219 2373 mi
1266 2306 1537 2386 Calvine,
1586 2307 1916 2374 Davidem
1980 2329 2200 2374 meum

256 2412 544 2459 commen
592 2412 649 2458 o.

1604 2530 1789 2596 Tuus
1832 2530 2024 2597 Beza.

1122 3074 1324 3147 390⁶.

707 3245 1236 3313 zERKINTES
1283 3245 1725 3314 GALVTNO.
1749 3312 1753 3319 ,

410 3418 704 3485 Ruinam
794 3420 975 3503 requi
1057 3417 1295 3484 Gallici
1364 3419 1691 3504 praecepit
1767 3416 2194 3485 Helvetiorum

246 3507 1121 3589 quoqaesecumtradurcm.
1217 3504 1344 3586 Qui
1394 3525 1520 3571 non
1575 3504 1708 3570 nisi
1760 3504 2195 3570 metuvioino·

246 3590 1251 3672 mmirueroepaoemcolemt,
1316 3590 1519 3672 iisque
1578 3589 2197 3671 oppressisv‘nsua

246 3677 523 3757 ipsorum
565 3676 808 3741 viscera
848 3675 1134 3740 dextram
1173 3681 1527 3742 convmcnt.

534 3845 649 3912 (Ex
686 3845 1025 3916 autographo
1060 3845 1188 3900 eod.
1228 3845 1430 3901 Geuev.
1471 3845 1590 3913 114,
1627 3847 1719 3902 fol.
1762 3845 1901 3913 104.)

246 4016 305 4081 Δ
342 4038 499 4084 mon
548 4017 847 4083 honnore
888 4018 1199 4102 seigneur
1241 4024 1310 4083 et
1366 4018 1539 4082 frere
1605 4037 1689 4082 en
1734 4027 1960 4084 nostre
2003 4016 2195 4103 Seig-

246 4123 403 4169 neur
458 4103 676 4169 Iehan
742 4101 982 4169 Galvin
1045 4102 1350 4169 ministre
1415 4100 1496 4167 de
1563 4101 1739 4168 Dieu
1800 4111 1867 4168 et
1932 4102 2013 4169 de
2077 4125 2197 4170 son

878 4187 1115 4273 esglise
1155 4188 1237 4253 de
1282 4187 1573 4254 Geueve.

410 4359 605 4442 Quae
659 4360 741 4426 de
795 4359 994 4426 rebus
1037 4358 1317 4427 Gallicis
1381 4358 1768 4442 significasti
1820 4361 2002 4427 fuere
2045 4382 2197 4446 gra-

246 4444 495 4512 tissima
538 4454 611 4511 et
652 4458 871 4511 tamen
910 4442 1069 4510 dum
1110 4453 1260 4512 tuas
1303 4453 1612 4528 exspecto
1668 4444 1891 4511 literas
1935 4445 2197 4513 aliunde

244 4530 317 4595 ad
360 4552 480 4597 nos
540 4531 800 4615 perlata
840 4531 923 4596 iis
966 4533 1258 4614 exceptis
1299 4548 1466 4615 quae
1511 4528 1593 4595 de
1636 4530 1924 4598 consiliis
1967 4533 2196 4599 Admi-

244 4616 405 4682 raldi
470 4616 707 4685 scribis
732 4620 780 4695 ¹)
835 4637 876 4681 a
933 4616 1233 4682 nemini*
1289 4624 1444 4682 ante
1501 4615 1611 4682 hic
1666 4616 1830 4683 scita
1881 4638 2097 4703 neque
2156 4640 2195 4684 a

242 4722 342 4768 me
382 4704 694 4787 cuiquam
738 4701 1029 4770 dicenda.
1119 4702 1228 4767 Ex
1273 4703 1450 4768 omni
1515 4702 1643 4768 ista
1686 4703 2021 4787 tragoedia
2064 4703 2195 4771 col-

244 4786 440 4871 ligere
485 4788 667 4854 aliud
714 4808 848 4853 non
892 4808 1158 4871 possum
1206 4809 1405 4872 quam
1459 4798 1681 4854 actum
1735 4809 1880 4854 esse
1932 4788 2013 4855 de
2055 4810 2194 4855 mo-

244 4874 514 4941 narchia
582 4895 655 4939 re
748 4896 813 4939 m
859 4873 1206 4953 Franciae,
1274 4886 1341 4939 et
1406 4873 1578 4940 hanc
1642 4874 1905 4940 ruinam
1970 4896 2194 4942 secum

244 4960 501 5027 trahere
546 4959 768 5028 vicina
811 4959 1141 5043 pleraque,
1200 4966 1462 5039 (vereor
1510 4979 1642 5026 non
1687 4981 1835 5027 mea
1876 4980 2073 5028 causa
2114 4982 2195 5026 ne

244 5184 437 5307 socci
445 5184 514 5318 ¹1²)
542 5183 915 5309 Διῗιὲιξῗιοη
957 5258 1190 5309 auant.
1264 5250 1354 5306 De
1399 5253 1645 5309 conca&
1676 5252 1996 5309 Ado-araus·
2031 5256 2195 5310 etiam

243 5321 316 5377 ad
348 5322 730 5393 Bullinorum
765 5319 989 5389 scripsit
1022 5322 1088 5380 N.
1123 5319 1274 5376 3900.

1969 408 2129 472 1563
2172 407 2554 477 ΙΔΝΠΔΒ.

4128 409 4257 474 650

2304 618 2427 663 nos
2470 617 2726 681 quoque
2768 596 3142 673 Helvetios)
3205 593 3517 682 intelligo.
3607 593 3720 663 Sic
3777 596 3950 661 enim
3993 616 4255 662 mecum

2304 683 2563 768 colligo,
2608 682 2858 749 cladem
2901 682 3089 767 regui
3119 680 3357 749 Gallici
3397 681 3711 747 ultionem
3757 702 3897 748 esse
3941 680 4250 748 divinam.

2304 768 2459 836 Non
2503 769 2785 851 partium
2830 789 2999 851 quae
3055 767 3256 833 armis
3314 766 3447 833 alia
3500 766 3836 834 occasione
3895 765 4253 848 decertant,

2307 854 2424 920 sed
2493 853 2835 939 sanguinis
2903 853 3253 919 humilium
3314 862 3527 919 terrae
3583 862 3719 917 toto
3783 853 3938 920 orbe
3996 851 4255 919 Galliae

2306 959 2541 1024 regum
2606 939 2814 1005 nimia
2856 936 3235 1004 dominandi
3299 937 3572 1005 libidine
3628 947 3859 1005 contra
3899 941 4004 1004 ius
4048 947 4116 1003 et
4158 938 4255 1004 fas

2305 1032 2552 1091 temere
2595 1025 2745 1105 fusi,
2788 1024 2983 1109 idque
3017 1033 3243 1090 nostro
3276 1023 3670 1089 ministerio:
3717 1033 3782 1088 et
3815 1023 4060 1089 auxilio
4097 1044 4254 1107 quo-

2306 1132 2459 1176 rum
2536 1110 2817 1176 nimium
2892 1111 3293 1176 mercenaria
3364 1130 3560 1193 opera
3636 1108 3908 1192 perinde
3988 1109 4254 1175 domino

2308 1193 2627 1279 displicet,
2674 1206 2751 1263 ut
2792 1216 3022 1261 eorum
3063 1196 3178 1279 qui
3218 1215 3340 1261 nos
3383 1194 3837 1261 conduxerunt
3867 1193 4256 1260 insatiabilis

2308 1280 2650 1365 cupiditas.
2740 1282 2969 1365 Neque
3033 1279 3221 1347 nobis
3285 1280 3447 1346 satis
3503 1288 3605 1345 est
3660 1280 4026 1346 securitatis
4083 1277 4256 1363 quod

2302 1366 2434 1433 ‘hac
2502 1375 2687 1450 parte
2752 1367 3168 1450 resipuimus.
3256 1364 3788 1450 Oonspurcamus
3847 1364 4028 1430 enim
4081 1364 4256 1432 hanc

2308 1451 2626 1518 virtutem
2673 1452 2821 1519 aliis
2864 1452 3130 1519 offensis
3171 1452 3336 1517 iram
3382 1449 3679 1516 divinam
3721 1449 4252 1534 provocantibus.

2308 1536 2447 1605 Sed
2491 1537 2598 1604 his
2632 1536 3149 1606 accusationibus
3192 1535 3368 1620 apud
3412 1549 3476 1602 te
3514 1557 3648 1602 non
3691 1546 3794 1602 est
3834 1557 3998 1619 opus
4040 1535 4153 1619 qui
4185 1557 4260 1602 es

2309 1624 2668 1690 acerrimus
2711 1643 2938 1690 censor
2980 1644 3240 1688 morum
3295 1623 3502 1688 nostri
3555 1623 3868 1705 temporis
3924 1620 4258 1704 vellesque

2307 1709 2828 1792 resipiscentiam
2869 1710 3195 1774 maturius
3238 1728 3379 1774 esse
3419 1707 3789 1774 inchoatam
3835 1728 3999 1791 quae
4042 1705 4257 1774 adhuc

2308 1794 2611 1878 neglecta
2651 1796 2836 1861 iacet.
2923 1794 3064 1862 Our
3105 1794 3254 1860 Dei·
3285 1793 3354 1858 in
3414 1814 3533 1860 nos
3589 1794 3757 1859 iram
3799 1799 4088 1858 metuam
4131 1791 4257 1859 hoc

2309 1901 2564 1963 quoque
2632 1881 2702 1946 in
2745 1900 2943 1946 causa
2986 1888 3089 1946 est
3149 1878 3323 1964 quod
3387 1877 3580 1946 video
3640 1900 3777 1958 nos,
3842 1878 3954 1961 qui
4016 1897 4260 1943 nomen

2308 1964 2577 2032 Ohristo
2619 1964 2934 2046 dedimus,
2979 1974 3234 2032 tantum
3282 1986 3417 2030 non
3474 1964 3717 2048 apertis
3771 1962 3937 2030 odiis
3979 1963 4258 2047 prodere

2308 2059 2606 2116 nostram
2665 2051 3210 2129 malevolentiam,
3249 2049 3471 2117 credo
3534 2048 3707 2133 quod
3764 2057 3943 2114 metu
3998 2048 4259 2115 externi

2309 2137 2519 2201 bostis
2585 2136 2863 2203 latentes
2914 2136 3279 2202 simultates
3334 2135 3660 2202 occultare
3723 2134 4032 2218 cogimur.
4122 2132 4258 2200 Sed

2307 2242 2504 2305 quam
2559 2223 2751 2288 firma
2805 2224 2890 2288 sit
2934 2222 3221 2288 amicitia
3263 2242 3431 2305 quae
3487 2219 3570 2286 ab
3616 2220 3827 2286 alieno
3869 2228 4049 2286 metu
4092 2240 4257 2303 pen·-

2307 2307 2435 2387 det,
2480 2308 2623 2391 ipse
2665 2309 2825 2374 satis
2867 2308 3059 2374 nosti.
3139 2306 3312 2391 Spes
3354 2327 3528 2372 nunc
3572 2305 3801 2372 melior
3842 2303 4022 2371 haud
4064 2304 4258 2370 afl'ul-

2305 2401 2436 2477 get.
2525 2393 2835 2460 Misimus
2879 2413 3091 2477 nuper
3132 2396 3643 2477 Argentoratum
3690 2391 4004 2457 nuncium
4038 2390 4258 2457 scisci·

2304 2480 2510 2544 taturi
2571 2479 2728 2563 quid
2787 2500 2965 2546 nunc
3009 2478 3369 2545 Germania
3425 2477 3751 2556 moliatur,
3816 2485 3883 2542 et
3978 2473 4257 2541 uomodo

2305 2584 2377 2630 se
2417 2563 2502 2629 ad
2559 2564 2718 2631 istos
2762 2564 3020 2631 Galliae
3060 2575 3280 2631 motus
3322 2573 3686 2646 componat.
3709 2567 3764 2641 ²)
3851 2559 3902 2627 S
4028 2560 4259 2626 retulit

2303 2649 2527 2715 omnia
2592 2649 2926 2734 languere,
2994 2670 3222 2717 omnes
3285 2670 3404 2715 sua
3468 2668 3717 2715 curare.
3807 2647 4080 2713 Utinam
4137 2668 4256 2713 nos

2304 2745 2529 2801 nostra
2572 2755 2844 2820 quoque,
2911 2736 3035 2802 hoc
3075 2745 3195 2814 est,
3257 2755 3485 2820 pacem
3544 2744 3611 2800 et
3670 2730 4082 2799 concordiam
4125 2731 4255 2797 sal-

2304 2830 2440 2887 tem
2511 2820 2687 2887 inter
2750 2842 2888 2901 nos,
2955 2823 3225 2906 exiguos
3289 2840 3584 2898 numero,
3651 2826 3912 2902 totoque
3976 2818 4116 2884 orbi
4181 2817 4254 2882 in

2305 2926 2574 2990 scopum
2650 2906 2732 2972 ad
2813 2927 3006 2991 quem
3082 2907 3371 2974 collimet
3450 2904 3798 2990 expositos,
3863 2905 4250 2969 foveremus.

2304 2991 2495 3072 Vale,
2561 3003 2750 3077 pater
2814 3014 2889 3060 ac
2953 2993 3158 3059 frater
3221 2994 3293 3058 in
3336 2990 3626 3057 Domino
3688 2989 3974 3069 colende,
4040 3007 4253 3072 neque

2303 3078 2739 3145 contaminari
2803 3088 3098 3145 nostram
3174 3078 3529 3145 amicitiam
3607 3084 3676 3142 et
3737 3077 4076 3142 caritatem
4142 3096 4253 3139 ru-

2303 3162 2598 3230 moribus
2638 3165 2928 3249 patiaris.
3014 3166 3161 3249 Ego
3218 3165 3394 3231 enim
3461 3162 3580 3229 tibi
3644 3182 3789 3228 eam
3833 3160 4107 3228 servabo
4150 3161 4253 3225 in·-
4291 3238 4298 3249 ,

2302 3256 2562 3334 tegram
2603 3259 2671 3316 et
2705 3251 3176 3331 inconcussam,
3222 3249 3479 3316 etiamsi
3538 3246 3755 3331 aliqua
3810 3248 4142 3313 rationum
4185 3252 4254 3311 et

2303 3336 2778 3402 sententiarum
2821 3334 3170 3404 diversitas
3213 3354 3686 3418 nonnunquam
3751 3331 3928 3398 aliud
3973 3332 4253 3398 suaserit

2299 3420 2416 3487 sed
2464 3443 2597 3487 non
2638 3424 3060 3508 persuaserit.
3149 3423 3410 3489 Bernae
3453 3419 3593 3486 Oal.
3639 3418 3798 3484 Feb.
3851 3421 4034 3485 1563.

2795 3560 2924 3625 'I'ui
2968 3558 3589 3625 observantissimus
3632 3556 3714 3621 N.
3760 3555 4163 3622 Zerchintes.

3178 4102 3374 4172 39⁰7.

2709 4256 3381 4326 BULLINGERUS
3425 4253 3862 4324 OALVINO.

2471 4428 2713 4496 Bonam
2776 4430 3023 4496 salvum
3085 4448 3219 4494 csse
3276 4428 3521 4511 gaudet.
3623 4425 3725 4492 De
3785 4423 4120 4490 Cardinali
4180 4427 4250 4488 ud

2295 4520 2553 4601 royatus
2591 4516 2722 4598 fuit
2763 4518 2849 4583 ad
2890 4516 3170 4580 diversos
3210 4514 3480 4594 scripsit.
3553 4511 3851 4578 Sinistri-³
3890 4507 4249 4574 moribus·

2296 4622 2375 4667 sa:
2432 4600 2656 4668 Gauio
2709 4602 2929 4669 allatis
2990 4600 3179 4681 fidem
3238 4604 3436 4683 neyat.
3521 4596 3751 4665 Scribit
3817 4615 3981 4661 nunc
4036 4599 4249 4660 contra

2296 4686 2654 4754 Brcntium.
2747 4686 3228 4769 Post-seriptum
3262 4684 3443 4751 addit
3484 4684 3571 4749 ad
3614 4681 4047 4747 lonvilzaeum.

2297 4860 2410 4923 (Ex
2460 4860 2798 4929 autographo
2843 4856 3006 4911 Arch.
3046 4856 3226 4910 Tur-ic.
3267 4855 3410 4909 Plut.
3447 4854 3538 4909 Vl.
3579 4854 3704 4907 Vol.
3742 4852 3863 4921 129,
3907 4852 4037 4905 olim
4073 4850 4248 4905 Sor-in.

2513 4929 2580 4982 B.
2615 4929 2758 4998 Epp.
2797 4927 2948 4982 Tom.
2981 4923 3067 4989 30,
3104 4925 3196 4979 fol.
3232 4922 3357 4979 451.
3395 4952 3459 4963 —
3496 4922 3709 4978 Simler.
3746 4922 3862 4976 Vol.
3901 4918 4046 4986 106.)

2293 5184 2577 5308 ,ηοωῗὲ
2603 5183 2890 5309 W&
2924 5182 3119 5306 Εἰ,
3275 5250 3354 5305 ..a
3499 5181 4247 5306 fffflfffflap‘ig

2294 5322 2470 5378 tribus
2503 5322 2901 5391 episcopatibus
2933 5322 3160 5390 emporio
3192 5319 3499 5375 reddendis.
3531 5316 3831 5389 (Bonnam
3860 5312 4004 5383 47⁷).
