4900 6125
238 443 372 506 3⁷3

1132 632 1331 704 4141).

756 788 1237 857 STURMIUS
1275 786 1711 855 GALVINO.

423 957 704 1026 &num
757 963 984 1028 ederis
1035 960 1357 1028 amicitiae
1419 960 1854 1027 inconcussam
1913 958 2103 1038 fiam
2161 962 2217 1023 d

229 1045 738 1112 declarationem.

601 1218 715 1284 (Ex
751 1218 1094 1288 autographo
1130 1217 1263 1271 eod.
1300 1216 1464 1272 Goth.
1501 1215 1624 1283 405,
1659 1217 1752 1272 sol.
1791 1214 1868 1282 1.)

227 1391 578 1458 Ecclesiae
645 1390 1062 1457 Genevensis
1127 1389 1378 1476 pastori
1446 1398 1515 1455 et
1579 1389 1754 1474 patri
1822 1387 1906 1454 D.
1974 1387 2214 1453 Ioanni

724 1475 1010 1542 Calvino
1052 1476 1264 1542 amico
1308 1473 1738 1542 observando.

418 1649 490 1716 S.
528 1649 606 1715 P.
681 1647 895 1714 Oredo
938 1668 1046 1713 me
1090 1647 1230 1713 fore
1271 1646 1636 1732 μακρόβιον,
1693 1647 1847 1729 quia
1889 1645 2214 1712 iuveniles

222 1738 314 1801 in
349 1757 459 1801 me
490 1744 650 1801 sunt
684 1733 902 1800 adhuc
935 1743 1005 1798 et
1039 1734 1471 1818 cogitationes
1507 1744 1578 1798 et
1611 1733 1999 1810 sententiae,
2037 1729 2213 1814 quod

223 1842 458 1907 genus
500 1840 652 1887 eum
709 1819 960 1886 laetitia
1016 1840 1278 1904 semper
1320 1820 1740 1885 coniunctum
1788 1825 1908 1883 est.
1998 1816 2212 1882 Vetus

222 1911 378 1972 iam
446 1915 672 1973 nostra
735 1915 838 1971 est
901 1905 1392 1972 benevolentia:
1475 1904 1720 1970 multae
1784 1904 1857 1969 in
1922 1911 1990 1969 te
2053 1909 2213 1969 sunt

222 2013 481 2060 oausae
515 2014 650 2059 non
684 1991 897 2058 solum
935 1992 1176 2058 amoris
1215 2011 1447 2057 verum
1482 1993 1684 2057 etiam
1727 1988 2208 2056 observantiae.

222 2081 458 2146 Taceo
502 2079 583 2145 de
628 2078 926 2143 doctrina
980 2098 1065 2144 ne
1122 2076 1377 2142 adulari
1437 2076 1688 2143 videar:
1752 2074 1833 2141 de
1887 2083 2004 2140 tua
2060 2073 2209 2154 fide,

221 2166 643 2244 constantia,
689 2165 1046 2229 autoritate
1089 2169 1158 2228 et
1199 2162 1589 2229 fortitudine
1633 2164 1702 2226 in
1747 2161 2096 2245 religione,
2143 2167 2213 2226 et

221 2272 448 2335 quum
486 2251 650 2316 haee
690 2271 956 2316 summa
998 2251 1136 2315 sint
1178 2257 1246 2315 et
1287 2250 1425 2315 fere
1467 2251 2026 2315 consecrationem
2072 2267 2210 2311 me·

221 2345 546 2416 reantur,
603 2349 858 2414 tamen,
906 2346 978 2400 ut
1022 2335 1181 2400 olim
1227 2335 1518 2400 Romani
1560 2333 1894 2400 cineribus
1938 2343 2008 2397 et
2049 2332 2210 2399 ossi·

221 2425 370 2489 bus
413 2431 791 2507 parentum,
838 2422 933 2487 ita
976 2442 1098 2507 ego
1143 2420 1432 2487 delector
1474 2420 1754 2505 epistola
1797 2431 1912 2484 tua
1956 2426 2025 2483 et
2065 2418 2211 2517 ipso

213 2530 483 2594 genere
518 2508 936 2584 defensionis,
974 2507 1145 2592 quod
1183 2515 1436 2590 partem
1474 2507 1706 2590 culpae
1748 2505 1820 2570 in
1865 2513 1932 2570 te
1971 2505 2209 2588 recipis

213 2616 410 2680 quae
469 2616 616 2660 mea
671 2603 772 2659 est
825 2601 966 2659 tota
1021 2602 1088 2658 et
1130 2594 1350 2659 solius.
1441 2592 1794 2658 Faciamus
1839 2592 2074 2675 igitur,
2132 2599 2209 2655 ut

213 2681 613 2756 nominum,
675 2681 771 2744 ita
814 2687 1078 2745 nostrae
1123 2678 1622 2744 benevolentiae
1667 2698 1874 2743 novas
1927 2675 2205 2752 tabulas,

212 2787 401 2852 quas
442 2787 565 2852 ego
606 2787 646 2830 a
689 2776 755 2831 te
798 2766 1133 2849 accipiam,
1180 2773 1256 2830 ut
1299 2765 1356 2830 si
1393 2764 1554 2849 quid
1587 2762 1995 2830 committam
2028 2762 2100 2826 in
2139 2769 2206 2828 te

209 2852 648 2938 negligentia
691 2859 808 2917 aut
848 2851 1158 2935 perfidia,
1217 2859 1395 2917 stare
1438 2850 1639 2916 velim
1686 2856 1802 2915 tuo
1852 2846 2097 2913 iudicio
2140 2855 2208 2913 et

211 2959 518 3025 poenam
562 2939 682 3004 abs
725 2945 795 3003 te
840 2937 1193 3003 aestimari.
1281 2937 1618 3001 Fortassis
1662 2934 1892 3001 ludere
1934 2955 2042 2999 me
2086 2953 2206 3016 pu-

215 3037 378 3092 tas:
424 3023 655 3110 loquor
689 3025 878 3101 serio,
916 3024 1174 3089 etiamsi
1210 3023 1435 3089 verbis
1470 3022 1704 3107 loquar
1737 3021 1989 3087 alienis.
2050 3016 2207 3086 Scio

211 3114 350 3197 qui
394 3113 485 3178 sis
527 3119 598 3177 et
639 3110 909 3177 memini
958 3120 1221 3176 nostrae
1266 3110 1621 3189 amicitiae,
1677 3116 1754 3173 ut
1797 3129 1882 3173 ex
1927 3106 2022 3171 tui
2068 3125 2206 3170 me-

211 3197 450 3264 moria
492 3206 561 3263 et
603 3197 1011 3280 voluptatem
1049 3198 1303 3279 capiam
1339 3203 1408 3261 et
1444 3193 1872 3261 consiliorum
1907 3211 2206 3257 meorum

211 3284 826 3351 confirmationem.
874 3281 1061 3348 Vale.
1113 3281 1544 3366 Argentorati
1583 3284 1687 3344 25.
1711 3276 2127 3345 Novembris.
2154 3281 2208 3355 ¹)

1616 3416 1800 3482 Ioan.
1849 3414 2032 3481 Stur.

1137 3964 1322 4035 4141.

695 4121 1267 4189 BADUELLUS
1313 4117 1754 4187 GALVINO.

417 4293 993 4378 &mmm
1022 4295 1353 4378 mna-sio
1385 4291 1746 4376 praefectus
1780 4289 1870 4355 ibi
1904 4310 2030 4357 non
2069 4290 2208 4356 sine

211 4386 449 4469 fructa
488 4383 658 4448 docet
694 4385 754 4446 et
807 4381 943 4445 iam
999 4380 1308 4464 eeanyelii
1349 4379 1595 4444 semina
1639 4378 1710 4441 ia
1753 4375 1906 4443 urbe
1947 4382 2207 4443 cadero-

215 4469 396 4555 quin
438 4467 876 4549 superstitiosa
917 4466 1279 4549 ominare
1318 4464 1626 4529 videratur.

533 4640 643 4708 (Ex
683 4638 1024 4707 autographo
1059 4636 1192 4691 Ood.
1233 4634 1433 4690 Genev.
1477 4635 1594 4699 115,
1625 4635 1718 4689 sol.
1757 4634 1831 4701 6.)

219 4795 641 4864 Doetissimo
662 4803 736 4860 ut
759 4794 1005 4877 optimo
1029 4795 1172 4859 viro
1195 4791 1279 4858 D.
1307 4792 1488 4858 Ioan.
1516 4789 1794 4857 Oalvino
1831 4794 2042 4857 amico
2064 4813 2201 4858 suo.

221 5040 435 5098 4140.
458 5040 516 5110 1)
551 5037 886 5094 Sele-idcina
919 5034 1064 5090 hane
1096 5034 1177 5090 ad
1209 5051 1260 5089 a.
1298 5032 1436 5089 1546
1469 5033 1651 5099 refert,
1687 5034 1956 5089 moinus
1989 5051 2104 5105 qua
2138 5035 2208 5093 ds

223 5126 432 5170 eamn.
503 5106 731 5165 comat
769 5105 1071 5161 scemam
1116 5110 1168 5158 et
1213 5120 1283 5157 ιιι.
1325 5102 1549 5160 Octobri
1588 5110 1640 5158 et
1682 5104 1882 5159 iterun
1919 5102 2208 5161 Decembri

225 5186 296 5237 in
345 5178 533 5235 Gallia
575 5176 766 5245 [aises.
842 5173 908 5228 Sa·
945 5172 1087 5299 gia
1130 5172 1379 5228 vimus
1425 5171 1636 5242 scripta
1668 5179 1746 5227 m
1783 5170 2038 5239 21543,
2073 5190 2204 5229 nam

422 5247 557 5304 aicit
590 5245 659 5300 de
692 5245 849 5299 novis
883 5249 945 5297 ta
1019 5244 1105 5307 lis,
1143 5242 1220 5296 ad
1255 5241 1318 5297 cd
1356 5241 1618 5297 calvinus
1660 5240 1950 5310 respondet
1989 5242 2061 5297 N.
2097 5242 2204 5297 564

225 5336 294 5376 κ
332 5334 504 5373 novas
548 5315 763 5370 tabulas
807 5313 935 5369 alas
980 5314 1220 5382 recipere
1262 5317 1313 5366 et
1359 5312 1598 5366 υἰοιοείιιι
1642 5310 1982 5380 coanimare.
2068 5311 2205 5368 Viae

221 5402 383 5461 quas
412 5386 495 5441 ὧι·
525 5386 930 5441 Μίκκα.

1883 436 2671 508 ΒΠΡΡΒΕΜΕΝΤΠΜ.

4066 469 4073 484 ·
4166 447 4300 510 374

2494 629 2642 715 Ego
2686 650 2728 694 a
2770 628 3225 713 Carpentorat.
3274 628 3532 696 civibus
3586 629 3868 697 honesta
3922 633 4083 698 satis
4136 651 4294 699 oon-

2296 679 2567 780 Ι(Ιίιίοιιει
2623 736 2771 782 sum
2831 715 3110 796 ascitus,
3178 723 3254 780 ιιι
3317 715 3742 800 gymnasium
3802 717 3979 800 quod
4034 718 4108 783 in
4167 718 4293 786 hac

2318 801 2591 867 civitate
2635 809 2739 867 est
2780 801 2942 868 satis
2986 800 3241 868 celebre
3275 801 3645 880 instituam,
3688 803 4025 888 bonasque
4058 803 4291 871 literas

2318 883 2611 954 doceam.
2634 890 2688 970 ¹)
2776 886 3066 954 Oausam
3110 895 3330 955 autem
3390 909 3510 954 cur
3565 888 3949 972 reliquerim
3994 889 4292 957 Nemau-

2318 994 2469 1039 sum
2514 974 2798 1057 patriam
2844 994 3059 1038 meam
3116 974 3450 1057 intelliges
3492 995 3578 1040 ex
3633 994 3711 1039 ea
3766 974 4047 1057 epistola
4087 997 4291 1059 quam

2317 1056 2402 1123 ad
2446 1058 2761 1125 Iacobum
2788 1057 3146 1125 Sadozetum
3180 1060 3416 1142 scripsi
3435 1062 3493 1134 ²)
3539 1060 3608 1124 in
3647 1080 3779 1143 qua
3824 1060 3884 1127 si
3926 1060 4118 1127 illum
4166 1062 4291 1127 ali-

2318 1152 2421 1210 ter
2466 1146 2746 1211 tractavi
2791 1166 2990 1227 quam
3034 1155 3107 1210 tu
3150 1146 3224 1210 in
3268 1144 3552 1228 quodam
3596 1153 3710 1211 tuo
3744 1145 3829 1211 ad
3872 1146 3987 1212 illo
4016 1149 4071 1226 ⁸)
4114 1146 4290 1214 libro

2319 1237 2470 1313 peto
2512 1231 2629 1297 abs
2672 1238 2740 1295 te
2783 1239 2861 1295 ut
2903 1231 3069 1296 mihi
3129 1232 3427 1316 ignoscas
3480 1251 3716 1315 meque
3772 1234 3864 1318 τῷ
3910 1233 4123 1320 aeaapqs
4152 1232 4289 1298 de·-

2319 1316 2512 1380 λειῖειν
2553 1316 2910 1383 existimes.
3003 1315 3400 1401 Quanquam
3456 1317 3566 1384 hic
3618 1338 3771 1383 cum
3816 1339 3894 1384 eo
3938 1325 4007 1383 et
4049 1320 4122 1384 in
4164 1318 4291 1386 hac

2315 1404 2576 1468 ratione
2615 1402 2958 1468 literarum
3003 1404 3099 1467 ita
3142 1422 3521 1481 versamur,
3580 1414 3653 1468 ut
3695 1423 4019 1471 memores
4074 1405 4288 1472 simus

2316 1488 2718 1555 christianae
2763 1488 3123 1555 vocationis
3179 1498 3250 1555 et
3291 1487 3505 1574 quoad
3564 1488 3753 1554 nobis
3817 1489 3972 1556 licet
4014 1490 4289 1558 Obristo

2364 1586 2728 1640 raestemus
2792 1595 2935 1640 eam
3011 1575 3488 1641 confessionem
3555 1595 3753 1658 quam
3821 1576 3883 1640 ei
3952 1575 4286 1643 debemus.

2384 1681 2490 1724 am
2551 1669 2619 1725 et
2672 1659 2901 1726 diebus
2956 1660 3142 1726 festis
3186 1661 3534 1745 proverbia
3578 1660 3955 1728 Salomonis
3997 1662 4290 1747 explica-

2316 1767 2484 1823 mus,
2530 1754 2916 1829 nostrosque
2953 1746 3326 1849 discipulos,
3409 1768 3641 1813 uorum
3679 1748 4047 1813 maximum
4084 1748 4291 1815 habe-

2315 1852 2467 1897 mus
2520 1853 2898 1912 numerum,
2956 1832 3026 1897 in
3088 1842 3326 1898 timore
3441 1833 3642 1898 omini
3699 1853 3986 1916 veraque
4042 1834 4290 1917 pietate

2314 1916 2787 1996 informamus,
2845 1917 2928 1983 ad
2973 1939 3171 2002 qnam
3229 1918 3577 1985 lectionem
3624 1918 3822 1983 multi
3867 1920 4067 1986 etiam
4110 1920 4289 1986 cives

2315 2003 2665 2070 accedunt:
2727 2011 2796 2069 et
2836 2005 2909 2069 iu
2954 2005 3206 2088 reliqua
3251 2005 3553 2070 doctrina
3595 2004 3855 2070 nullum
3900 2004 4135 2072 damus
4180 2026 4288 2072 ar-

2315 2100 2707 2174 gumentum
2774 2090 2949 2173 quod
3014 2112 3148 2157 non
3217 2091 3459 2156 habeat
3529 2091 3928 2156 sententiam
3995 2091 4286 2175 aliquam

2364 2195 2588 2241 ravem
2636 2188 2706 2242 et
2758 2185 3058 2243 sanctam
3114 2176 3616 2243 institutionem.
3706 2176 3857 2257 Quo
3912 2178 3985 2243 in
4040 2198 4286 2261 genere

2359 2261 2589 2327 oeendi
2636 2263 2825 2327 video
2870 2282 3256 2347 progressus
3316 2263 3461 2327 fieri
3504 2283 3638 2327 non
3686 2261 4025 2328 doctrinae
4068 2263 4287 2329 solum

2313 2347 2654 2432 elegantis,
2680 2369 2918 2413 verum
2940 2350 3141 2414 etiam
3166 2348 3447 2433 pietatis,
3495 2368 3940 2432 magnumque
3987 2347 4283 2414 studium

2314 2435 2675 2517 sapientiae
2721 2434 2984 2500 divinae
3028 2442 3092 2499 et
3153 2433 3489 2519 religionis
3533 2433 3603 2499 in
3647 2433 3875 2500 multis
3917 2456 4061 2501 esse
4105 2435 4285 2502 exci-

2313 2527 2547 2585 tatum.
2620 2521 2838 2604 Atque
2875 2520 3000 2586 hoc
3036 2519 3301 2603 quidem
3336 2519 3530 2585 nobis
3574 2519 3945 2585 faciendum
3989 2527 4093 2586 est
4135 2520 4285 2585 dili-

2312 2605 2577 2690 gentius
2623 2606 2797 2690 quod
2843 2604 3027 2671 nulla
3066 2615 3169 2672 est
3210 2606 3282 2671 in
3329 2606 3685 2672 Provincia
3727 2626 3805 2670 ac
3849 2604 4074 2672 Gallia
4108 2607 4283 2672 Nar-

2312 2691 2594 2757 bonensi
2638 2691 2871 2757 civitas
2906 2712 3073 2775 quae
3108 2693 3355 2757 maiore
3399 2701 3531 2758 aut.
3555 2691 3858 2757 barbarie
3891 2701 4010 2757 aut
4051 2713 4283 2775 super-

2313 2777 2581 2842 stitione
2622 2778 2823 2842 fuerit
2863 2785 3217 2862 occupata:
3263 2798 3431 2860 quae
3474 2798 3653 2843 nunc
3694 2776 3860 2842 mihi
3894 2777 4161 2843 videtur
4196 2776 4284 2843 ad

2312 2861 2565 2927 cultum
2610 2863 2895 2948 aliquem
2939 2884 3143 2945 quum
3202 2861 3638 2929 humanitatis
3691 2871 3836 2927 tum
3893 2863 4097 2928 etiam
4142 2863 4285 2947 pie-

2313 2949 2471 3013 tatis
2536 2949 2852 3016 revocari.
2958 2947 3301 3014 Habemus
3370 2949 3482 3014 hic
3558 2947 3899 3015 nobiscum
3979 2948 4281 3016 homines

2312 3032 2517 3101 honos
2576 3041 2644 3100 et
2700 3034 2948 3121 gloriae
3011 3034 3264 3103 Christi
3322 3032 3685 3115 studiosos,
3752 3033 3825 3101 in
3882 3035 4122 3118 quihus
4179 3042 4283 3103 est

2311 3129 2618 3203 quaestor
2661 3122 3010 3205 pontificis,
3054 3122 3164 3186 vir
3199 3142 3402 3204 quum
3445 3141 3706 3187 summa
3741 3120 4097 3187 autoritate
4140 3131 4283 3188 tum

2312 3205 2637 3291 singulari
2681 3207 2754 3272 in
2794 3206 3144 3273 Christum
3189 3207 3532 3274 voluntate
3575 3215 3643 3273 et
3686 3207 4058 3274 admirabili
4104 3209 4285 3275 vitae

2313 3292 2680 3359 sanctitate.
2769 3293 2937 3359 Eius
2987 3291 3205 3359 studio
3248 3300 3317 3358 et
3356 3293 3815 3361 benevolentia
3857 3294 4281 3379 evangelium

2315 3378 2609 3444 maxima
2666 3379 2736 3444 in
2796 3379 2902 3446 his
2956 3379 3114 3445 locis
3179 3379 3469 3463 suscepit
3534 3380 3964 3445 incrementa.
4054 3377 4285 3462 Quare

2316 3463 2515 3528 velim
2565 3471 2642 3529 ut
2684 3485 2886 3548 quum
2931 3464 3016 3530 ad
3059 3486 3180 3531 nos
3223 3465 3501 3544 scribes,
3602 3465 3729 3531 uod
3771 3465 4038 3549 quidem
4080 3466 4282 3534 facies

2314 3571 2515 3633 quum
2563 3562 2775 3615 certos
2819 3550 3089 3617 habebis
3131 3549 3463 3633 homines,
3507 3487 3597 3616 ag
3639 3573 3790 3617 eum
3834 3573 4090 3635 quoque
4133 3552 4281 3619 lite·

2315 3658 2424 3701 ras
2468 3635 2583 3700 des
2627 3637 2864 3719 quibus
2921 3638 3061 3702 eius
3110 3635 3409 3703 studium
3468 3645 3537 3702 et
3591 3637 3789 3703 fidem
3848 3638 3969 3704 tibi
4024 3645 4279 3723 gratam

2314 3743 2460 3787 esse
2523 3722 2835 3789 ostendas
2901 3742 3181 3805 eumque
3246 3721 3327 3787 ad
3393 3724 3828 3790 constantiam
3901 3723 4279 3790 cohorteris.

2313 3808 2450 3873 Nos
2510 3807 2815 3875 dabimus
2873 3828 3138 3874 omnem
3196 3829 3459 3892 operam
3523 3831 3606 3875 ne
3660 3818 3886 3875 nostro
3943 3809 4158 3875 officio
4211 3818 4283 3877 et

2311 3904 2538 3962 tantae
2603 3896 3080 3980 opportunitati
3138 3916 3334 3978 quam
3393 3895 3724 3963 Dominus
3792 3895 3979 3961 nobis
4040 3896 4283 3963 obtulit

2311 3980 2601 4050 defuisse
2645 3981 3013 4049 videamur.
3099 3982 3203 4046 'Pu
3247 3979 3611 4047 Dominum
3665 3980 3929 4066 rogabis
3984 3990 4061 4047 ut
4104 3983 4282 4050 vires

2309 4069 2442 4135 mei
2488 4077 2556 4135 et
2596 4067 2914 4153 ingenioli
2958 4074 3023 4132 et
3068 4067 3436 4150 corpusculi
3480 4066 3784 4145 adiuvet,
3844 4088 3974 4151 quo
4018 4075 4279 4134 tantum

2307 4176 2559 4222 munus
2603 4155 2929 4222 sustinere
2972 4153 3323 4237 possimus.
3415 4153 3628 4237 Spero
3672 4177 3794 4222 nos
3838 4154 3982 4219 eius
4033 4155 4279 4220 virtute

2308 4264 2576 4309 omnem
2618 4241 2985 4308 molestiam
3042 4241 3463 4322 laboremque
3519 4251 3965 4324 superaturos.
4047 4237 4282 4307 Scribe

2309 4330 2509 4395 etiam
2554 4327 2639 4394 ad
2692 4329 2854 4393 istos
2906 4325 3111 4393 bonos
3156 4326 3334 4392 viros
3383 4328 3634 4393 vicinos
3690 4336 3984 4404 nostros,
4040 4346 4150 4393 eos
4193 4348 4281 4394 ue

2309 4414 2591 4481 admone
2656 4424 2731 4479 ut
2786 4415 2920 4479 sint
2983 4422 3050 4477 et
3118 4412 3392 4478 modesti
3453 4422 3520 4478 et
3585 4414 3964 4497 prudentes.
4055 4413 4163 4480 Au
4215 4413 4277 4480 'o

2307 4503 2489 4568 enim
2534 4500 2682 4567 illos
2728 4501 2947 4566 minus
2990 4520 3136 4566 esse
3192 4507 3421 4565 cautos
3475 4500 3545 4564 in
3592 4498 3989 4584 recipiendis
4034 4499 4115 4565 iis
4155 4498 4276 4565 ho·

2306 4587 2602 4654 minibus
2657 4586 2768 4672 qui
2825 4585 2905 4651 ad
2973 4606 3085 4651 eos
3146 4584 3570 4668 confugiunt:
3638 4587 3710 4651 in
3778 4584 4017 4669 quibus
4081 4584 4277 4655 multi

2309 4747 2673 4755 -—-——·--—-—

2304 4828 2487 4883 4141„
2509 4827 2567 4894 1)
2602 4826 2912 4881 Baduellas
2951 4832 3239 4894 panorm
3282 4825 3462 4879 litium
3513 4840 3635 4879 cun
3684 4824 3911 4893 Biantis
3957 4829 4019 4881 in
4054 4828 4279 4951 colleg

2308 4898 2681 4953 Nemausensi
2714 4894 2882 4961 (1543
2914 4894 3052 4965 seq.)
3083 4900 3290 4949 asstaoe
3324 4892 3462 4947 1542
3495 4892 3687 4961 officia
3719 4908 3827 4948 sua
3851 4893 4145 4952 cardinato·

2305 4967 2483 5022 dolato
2509 4966 2716 5029 οόιιιὶᾱ,
2740 4965 3345 5034 carpentar-astensium
3375 4964 3645 5032 episcopo,
3678 4964 3780 5034 qui
3812 4980 3935 5019 eun
3970 4964 4129 5021 urbis
4150 4980 4285 5021 eon-

2304 5035 2521 5092 maus
2553 5041 2812 5089 rectorem
2845 5034 3060 5157 collegii
3092 5034 3186 5087 sm·
3225 5032 3533 5113 quaerebat.
3610 5030 3958 5101 Stupendim
4002 5035 4057 5089 οι·
4087 5035 4281 5090 dam

2306 5110 2388 5161 m
2428 5103 2537 5159 800
2580 5104 2861 5160 lutrarum.
2945 5104 2969 5169 (
3016 5101 3087 5155 ul.
3142 5101 3385 5167 Gaufres
3434 5116 3495 5154 tn
3544 5100 3742 5155 Bulla.
3791 5101 4000 5156 xxm.
4033 5119 4091 5173 p.
4128 5102 4280 5173 891.)

2305 5173 2540 5243 Appula
2572 5173 2653 5227 itu·
2686 5190 2756 5226 m.
2794 5170 2923 5254 Sept

2513 5241 2575 5305 2)
2614 5241 2695 5295 De
2731 5240 2909 5295 officio
2944 5246 3003 5294 et
3035 5256 3262 5294 munere
3311 5256 3499 5293 eorum

2307 5316 2482 5366 tutem
2514 5310 2839 5445 busci-pium.
2912 5308 3085 5379 Lugd.
3120 5308 3328 5379 Gryph.
3375 5305 3523 5361 1544„
3548 5256 3647 5363 (gg.
3679 5237 4033 5294 emmaum
4082 5258 4275 5297 mnn-

2608 5393 2705 5434 σεο.

3684 5309 3827 5377 Aug.

3749 5462 3864 5517 24·
