4900 6125
336 409 414 480 iv
1154 370 1173 378 ²
2066 409 2225 477 1561
2272 407 2602 481 oo‘ross.
4271 409 4354 472 ιε

330 622 484 688 pum
594 607 806 667 artem
870 600 1148 685 probare
1211 598 1396 667 illam
1461 606 1531 666 et
1602 600 2069 686 imperatorem
2145 618 2283 665 non

330 707 520 757 conoe
566 708 677 753 ere
721 706 947 771 pacem
1002 686 1133 753 nisi
1191 687 1622 772 Augustanae
1680 685 2070 754 confessioni
2128 683 2283 751 sub-

329 771 783 852 scribentibus,
827 772 1252 840 subscribunt
1294 780 1365 838 et
1416 772 1567 856 ipsi.
1650 771 1837 840 Haec
1871 781 1973 839 est
2013 769 2286 855 integri-

328 867 429 926 tas
470 858 766 926 fidelium
808 857 1076 926 scilicet.
1167 858 1453 926 Necesse
1498 866 1600 924 est
1642 865 1864 924 autem
1909 867 1985 925 ut
2025 855 2135 923 hic
2177 856 2284 922 in·

324 944 561 1031 vigiles
615 944 860 1012 sedulo.
954 944 1290 1030 Verymtcs
1343 942 1456 1010 ille
1515 945 1704 1029 quasi
1748 945 1829 1011 de
1872 964 1947 1010 re
1989 943 2285 1010 confecta

322 1032 665 1184 {mistum
733 1030 1014 1115 denique
1078 1029 1159 1097 de
1223 1051 1345 1097 sua
1421 1028 1763 1116 diligentia
1825 1028 2282 1112 industriaque

528 1119 829 1185 confecta
868 1116 1103 1184 stolide
1146 1116 1522 1182 arbitratur.

494 1202 633 1271 Sed
678 1202 904 1271 desino
947 1202 1452 1286 occupatissimo
1496 1202 1657 1268 alias
1701 1201 1967 1287 negotia
2011 1221 2274 1286 augere.

320 1289 599 1358 Utinam
661 1292 737 1356 in
800 1289 1025 1356 Gallia
1087 1288 1467 1355 inveniatur
1539 1288 1642 1353 vir
1706 1287 1858 1370 pius
1923 1295 1991 1353 et
2033 1287 2280 1368 doctus,

321 1377 431 1461 qui
476 1377 723 1460 scripto
787 1373 1102 1455 modesto,
1169 1374 1241 1440 in
1308 1395 1436 1458 quo
1510 1373 1845 1458 principes
1907 1373 2280 1441 Germanos

318 1481 454 1529 non
521 1464 809 1546 attingat
871 1460 1176 1539 odiosius,
1242 1460 1534 1527 rationes
1597 1459 1975 1543 proceribus
2021 1458 2280 1527 Galliae

317 1555 612 1632 exponat
652 1569 770 1615 cur
813 1547 1168 1614 conveniat
1226 1547 1553 1612 abstinere
1608 1566 1648 1611 a
1701 1546 2067 1630 peregrinis
2122 1565 2279 1610 con-

318 1633 715 1701 fessionibus
758 1641 827 1699 et
870 1632 1155 1699 retinere
1213 1632 1514 1717 patriam.
1538 1633 1593 1714 ⁵)
1682 1630 2137 1697 Certissimum
2181 1637 2281 1696 est

308 1719 396 1786 'de
460 1721 689 1799 missa,
757 1719 837 1785 de
897 1739 1116 1797 coena,
1176 1716 1257 1785 de
1318 1718 1723 1784 confessione
1764 1725 1832 1782 et
1874 1717 2282 1783 absolutione

314 1805 793 1873 confessionem
849 1806 1313 1890 Augustanam
1355 1825 1494 1869 non
1550 1824 1696 1871 esse
1753 1803 2101 1888 integram.
2188 1801 2283 1867 Et

315 1913 497 1960 nunc
541 1913 772 1957 omnes
815 1891 1189 1958 Lutherani
1231 1898 1553 1956 conantur
1593 1889 1776 1955 illam
1836 1889 2170 1974 explicare
2209 1888 2283 1952 in

313 1979 586 2062 negotio
642 1998 884 2044 coenae
940 1998 1059 2060 per
1115 1974 1529 2061 Apologiam,
1588 1996 1983 2059 sensumque
2040 1980 2284 2059 urgent

314 2064 822 2143 crassissimum,
878 2062 1351 2128 contendentes
1395 2062 1631 2146 impios
1675 2083 1786 2127 ore
1830 2060 2119 2144 corporis
2161 2078 2281 2124 vo·

310 2170 456 2215 rare
488 2150 759 2215 realiter
784 2157 851 2215 et
873 2148 1311 2215 essentialiter
1338 2146 1839 2215 substantialem
1865 2146 2117 2214 Christi
2139 2164 2283 2210 car-

310 2256 484 2302 nem.
563 2234 1003 2302 Consentiunt
1047 2255 1204 2320 ergo
1240 2234 1517 2319 papistis
1558 2241 1624 2297 et
1660 2252 1810 2298 cum
1856 2255 1975 2299 suo
2009 2230 2283 2297 Luthero

310 2322 644 2421 recipiunt
685 2341 1009 2387 canonem
1052 2321 1133 2387 de
1176 2320 1485 2386 Consecr.
1533 2318 1681 2384 dist.
1728 2324 1782 2385 2.
1874 2317 2013 2403 EqO
2050 2317 2284 2383 Beren-

452 2429 559 2474 με.
649 2407 860 2474 Taceo
904 2427 1083 2473 nunc
1126 2405 1299 2490 quod
1339 2406 1561 2489 iniquo
1621 2413 1915 2489 tempore
1958 2401 2280 2470 confessio

306 2492 422 2558 illa
465 2505 579 2560 est
620 2493 1008 2577 conscripta,
1053 2502 1119 2558 et
1162 2492 1243 2558 ab
1288 2493 1395 2558 his
1439 2492 1554 2573 qui
1597 2500 1756 2557 tunc
1804 2489 2022 2562 Caroli
2055 2496 2282 2572 poten-

306 2577 469 2645 tiam
518 2580 904 2645 metuebant
947 2588 1014 2643 et
1069 2578 1231 2644 satis
1290 2577 1621 2644 serviliter
1679 2597 1750 2643 se
1806 2572 2280 2642 submittebant

304 2664 377 2729 in
421 2665 748 2748 pluribus.
839 2665 977 2730 Nec
1020 2664 1259 2730 desunt
1301 2686 1482 2730 nunc
1525 2664 1855 2746 principes
1910 2661 2022 2745 qui
2077 2680 2276 2744 quae-

306 2748 458 2816 dam
513 2761 807 2817 correcta
847 2749 1143 2829 mallent,
1203 2752 1261 2817 si
1314 2771 1449 2815 non
1506 2749 1785 2815 aliorum
1849 2743 2279 2813 multitudine

304 2833 814 2919 impedirentur.
901 2837 1159 2901 Verum
1234 2834 1397 2902 haec
1471 2835 1617 2919 ipse
1694 2834 1932 2900 melius
2000 2831 2274 2897 novisti:

303 2922 504 3007 plura
549 2943 707 3006 ergo
772 2944 949 2988 nunc
1014 2943 1145 2988 non
1212 2919 1468 2986 addam.
1556 2920 1882 2985 Dominus
1934 2917 2276 2983 benedicat

302 3006 417 3075 tibi
466 3017 546 3074 et
590 3015 809 3075 servet
853 3019 917 3075 te
960 3007 1150 3074 nobis
1193 3008 1304 3073 diu
1348 3006 1763 3074 incolumem.
1845 3003 2149 3072 Salutato
2187 3003 2270 3069 D.

301 3093 656 3164 Budaeum
693 3104 759 3160 et
793 3095 1209 3160 Ionvillaeum
1244 3103 1312 3159 et
1352 3103 1750 3179 symmystas
1785 3113 2030 3158 omnes.
2110 3088 2275 3154 Nos-

304 3182 391 3246 tri
433 3202 678 3247 omnes
724 3194 788 3246 te
832 3202 1087 3265 quoque
1145 3180 1455 3256 salutant,
1523 3178 1826 3263 inprimis
1888 3174 2274 3243 Gualtherus

299 3270 516 3336 frater
559 3279 627 3333 et
670 3268 887 3334 affinis
932 3276 1000 3332 et
1043 3276 1180 3332 tres
1222 3264 1455 3351 generi
1496 3267 1627 3331 mei
1674 3263 2024 3346 ZvinyliuS‚
2061 3260 2273 3327 Lava·

298 3360 465 3423 taras
521 3366 589 3421 et
635 3352 962 3420 Sintiam&
1053 3352 1287 3438 Tiguri
1334 3357 1390 3416 5.
1435 3351 1740 3418 Octobris
1793 3353 1975 3414 1561.

1442 3487 1874 3572 Bullingerus
1919 3494 2094 3551 tuus.

470 3702 658 3769 Puto
702 3700 1072 3766 Lituanum
1106 3697 1296 3763 illum
1331 3696 1420 3763 D.
1457 3693 1820 3760 Martinam
1837 3693 1896 3774 ⁶)
1932 3712 2113 3757 meas
2148 3691 2269 3756 tibi

298 3787 537 3856 literas
602 3787 736 3851 iam
804 3783 1168 3861 tradidisse,
1235 3781 1411 3848 unde
1475 3789 1785 3863 exspecto
1839 3776 1998 3862 quid
2055 3799 2133 3843 ea
2187 3776 2268 3843 de

301 3895 513 3942 causa
550 3871 878 3940 rescribas
921 3883 987 3936 et
1029 3882 1107 3935 ut
1165 3868 1489 3953 Cruciyeri
1548 3865 1893 3949 epistolam
1947 3864 2267 3929 remittas.

474 3959 631 4026 Nisi
698 3957 822 4023 tibi
884 3956 1237 4023 molestum
1299 3964 1489 4032 esset,
1554 3971 1864 4034 cuperem
1929 3948 2095 4014 mihi
2198 3969 2271 4013 er

302 4054 579 4113 morum
622 4042 906 4127 aliquem
950 4041 1125 4108 mitti
1169 4039 1466 4105 libellum
1511 4038 1615 4104 cui
1669 4035 2043 4118 inscriptio:
2132 3971 2270 4099 Ign-

299 4132 521 4217 pietas
568 4128 908 4195 Valentini
953 4126 1242 4195 Gentilis
1286 4124 1539 4191 detecta
1582 4133 1702 4189 etc.
1722 4125 1781 4198 ¹¹)
1849 4121 2120 4187 Referet
2162 4120 2271 4186 hic

300 4226 534 4285 noster
575 4216 660 4282 D.
707 4214 1103 4280 Franciscus
1150 4210 1577 4277 Ramboletius
1594 4210 1654 4285 Β)
1701 4206 1782 4274 de
1825 4206 2024 4273 rebus
2066 4206 2273 4272 omni-

304 4300 425 4370 bus
494 4302 760 4369 nostris.
875 4299 1016 4365 Diu
1084 4298 1252 4363 vixit
1317 4293 1493 4380 apud
1571 4293 2006 4360 Guaztherum.
2119 4291 2271 4357 Non

303 4388 700 4457 commendo
782 4387 1003 4471 ipsum
1083 4384 1201 4449 tibi
1282 4402 1479 4466 quem
1557 4380 1718 4446 alias
1797 4379 2007 4445 amari
2086 4399 2126 4443 a
2203 4386 2272 4442 te

306 4473 619 4541 arbitror.

517 4715 582 4784 ὅ)
619 4712 974 4769 Derdam-em
996 4710 1098 4766 hoc
1131 4709 1353 4765 omniuo
1376 4720 1852 4776 supervacaneum.
1900 4704 2058 4758 Inter
2084 4702 2274 4759 Gallos

306 4789 453 4842 αιδηι
490 4800 650 4841 nano
681 4782 750 4838 de
780 4780 1099 4851 recep-'maa
1612 4778 1623 4790 '
1776 4815 1789 4829 .

520 4845 1376 4976 “ammam

310 4934 2275 5136 mvsgvmeggrkzmnssssezaoemaenmtomwkqmao

530 5434 750 5492 cdo-*ne
778 5448 965 5505 opera.
1050 5431 1164 5489 1⁷01.
1202 5429 1376 5487 nx.

3260 598 3462 671 8550.

2579 769 3009 840 oomeNY
3051 771 3181 840 Au
3223 754 3533 839 ΒΕΝΑΤ
3574 770 3705 838 DE
3750 752 4157 900 ennam

2558 942 2639 1010 Iz
2679 944 2930 1010 renvoie
2968 943 3026 1010 le
3066 943 3352 1011 ministre
3387 941 3631 1011 Merlin
3670 943 3840 1011 mais
3870 941 4022 1026 prio
4060 945 4245 1026 qu’on
4283 942 4353 1009 le

2385 1028 2484 1095 lui
2521 1029 2718 1140 luisse
2757 1049 2985 1098 emere.

2561 1200 2854 1268 (Archives
2887 1198 2958 1255 de
2993 1199 3232 1258 Geneve.
3300 1198 3491 1256 Pisces
3525 1198 3860 1270 historiques
3894 1198 3965 1254 N.
3999 1196 4180 1269 1715.)

2471 1372 2536 1439 A
2555 1371 2915 1440 Messieurs
2950 1373 3046 1440 les
3081 1371 3335 1457 scindiq
3371 1379 3439 1438 et
3471 1369 3752 1439 conseilz
3787 1368 3871 1437 de
3900 1369 4221 1438 Genefve.

2556 1543 2922 1610 Messieurs
2978 1552 3271 1629 suyvant
3326 1563 3401 1610 ce
3446 1563 3573 1627 que
3616 1542 3953 1609 monsieur
3996 1541 4065 1607 D

2383 1649 2497 1694 ma
2541 1630 2787 1713 escript
2818 1633 2872 1709 ι)
2914 1629 2977 1695 ie
3024 1651 3186 1696 vous
3227 1649 3518 1715 renvoye
3563 1629 3818 1695 Monsr.
3864 1629 3940 1695 de
3979 1627 4273 1713 Montroy
4291 1627 4352 1715 ²)

2383 1724 2654 1798 present
2696 1723 2969 1800 porteur
3011 1714 3227 1800 lequel
3270 1716 3383 1801 iay
3426 1717 3758 1799 tousjours
3801 1723 4034 1781 retenu
4078 1735 4162 1781 au
4199 1733 4354 1800 pres

2386 1800 2468 1866 de
2527 1821 2684 1886 moy
2738 1808 2806 1866 et
2859 1821 3021 1867 vous
3087 1801 3276 1887 diray
3333 1822 3460 1885 que
3523 1801 3589 1867 ia
3687 1821 3883 1867 receu
3949 1799 4207 1867 aultant
4269 1797 4353 1867 de

2384 1895 2879 1954 contentement
2922 1886 3004 1952 de
3046 1886 3167 1973 luy
3210 1909 3292 1953 en
3348 1908 3454 1953 ses
3495 1907 3579 1954 ex
3631 1886 3948 1953 ortations
3992 1892 4059 1952 et
4103 1884 4353 1953 bonnes

2384 1993 2653 2040 moeurs
2691 1994 2819 2057 que
2861 1972 3170 2039 dhomme
3211 1994 3340 2057 que
3374 1976 3533 2058 jaye
3579 1974 3818 2057 jamais
3860 1993 4010 2059 ouy.
4082 1969 4160 2038 si
4205 1991 4353 2038 esse

2387 2079 2514 2142 que
2562 2061 2635 2142 je
2690 2079 2860 2124 vous
2917 2060 3181 2145 prieray
3239 2080 3507 2126 encores
3560 2059 3925 2126 Messieurs
3981 2077 4109 2143 que
4164 2057 4249 2123 sil
4302 2079 4352 2143 y

2388 2144 2575 2211 avoit
2638 2164 2886 2230 moyen
2949 2165 3076 2229 que
3140 2166 3305 2212 vous
3369 2166 3454 2210 en
3518 2145 3816 2228 peussiez
3882 2163 4130 2230 passer,
4196 2164 4351 2209 men

2387 2229 2676 2298 voulloir
2733 2231 3200 2296 accommodet.
3281 2231 3614 2298 Jentendz
3712 2250 3797 2296 ue
3851 2233 3924 2315 je
3979 2249 4210 2313 essaye
4268 2227 4350 2295 de

2383 2336 2737 2384 recouvrer
2758 2316 3038 2401 quelque
3071 2317 3374 2383 ministre
3406 2315 3488 2383 de
3510 2336 3633 2400 par
3701 2336 3814 2384 eca
3845 2323 3914 2382 et
3948 2335 4033 2382 ou
4060 2318 4131 2400 je
4165 2335 4251 2381 ne
4286 2313 4349 2380 le

2383 2403 2687 2486 pourrois
2751 2403 2890 2469 fere
2945 2423 3075 2486 que
3131 2423 3295 2469 vous
3358 2401 3602 2469 fussiez
3662 2410 3936 2468 contens
3994 2401 4077 2469 de
4119 2421 4227 2467 me
4284 2399 4348 2468 le

2386 2508 2715 2572 renvoyer
2769 2497 2837 2553 et
2897 2509 3066 2571 pour
3129 2489 3381 2555 resider
3439 2509 3524 2554 au
3577 2507 3735 2573 pres
3799 2486 3881 2553 de
3944 2508 4122 2573 moy.
4215 2485 4350 2554 Oar

2386 2574 2688 2640 voullant
2751 2573 2889 2639 fere
2955 2573 3020 2639 la
3074 2574 3435 2659 profession
3496 2596 3623 2659 que
3679 2576 3750 2658 je
3804 2573 4003 2641 veulx
4058 2572 4222 2639 faire
4276 2574 4349 2657 je

2384 2660 2816 2811 3⁰³5&ssssss
2840 2660 3593 2832 ἐὲᾚὲἓηέῖῖἓῖωέζ
3635 2681 3798 2812 ἶῖῗιῖ
3834 2659 4345 2828 Ἦιιῗῗῖῖἶί·

2381 2829 2518 2897 Sur
2560 2853 2635 2898 ce
2670 2833 2742 2915 je
2785 2851 2891 2897 me
2945 2831 3527 2917 recommanderay
3566 2832 3718 2897 bien
3763 2831 4342 2897 affectionnement

2383 2937 2425 2981 a
2443 2938 2567 2983 voz
2609 2917 2863 2983 bonnes
2906 2937 3137 3000 graces
3180 2925 3248 2983 et
3288 2917 3672 3002 supplieray
3706 2915 3767 2982 le
3792 2916 4128 2995 Createur,
4160 2916 4340 2982 Mes-

2380 3003 2613 3082 sieurs,
2659 3023 2825 3070 vous
2869 3003 3121 3071 donner
3159 3002 3373 3071 bonne
3416 3011 3486 3070 et
3526 3003 3770 3088 long-ue
3813 3023 3962 3089 vye.

2552 3088 2659 3155 De
2691 3088 2795 3158 St.
2821 3089 3144 3157 Germain
3188 3110 3273 3155 en
3315 3090 3469 3176 laye
3512 3111 3585 3157 ce
3629 3090 3770 3155 vim·
3805 3089 4111 3157 doctobre
4152 3092 4335 3155 1561.

2876 3227 3120 3294 Vostre
3162 3228 3602 3294 entierement
3643 3227 3796 3294 bien
3842 3226 3969 3293 bon
4013 3247 4168 3312 amy
4191 3225 4252 3309 ⁸)

3324 3312 3717 3381 Obastillon.

3257 3875 3452 3949 3551.

2843 4046 3383 4116 GALLASIUS
3427 4046 3864 4116 OALVINO.

2554 4218 2939 4302 Colloquium
2997 4217 3405 4286 Possiaoense
3456 4239 3582 4285 non
3631 4239 3776 4286 eum
3831 4219 4191 4287 habiturum
4246 4226 4337 4286 est

2374 4308 2656 4389 fructum
2698 4306 2808 4388 qui
2852 4303 3342 4389 exspectabatur,
3386 4325 3580 4388 neque
3621 4310 3830 4372 tamen
3871 4307 4044 4374 muni
4083 4307 4331 4374 carebit.

2376 4393 2767 4547 &tredaci-azaz.
2805 4391 2944 4474 ipse
2998 4391 3246 4468 redibit,
3312 4411 3674 4474 quanquam
3729 4391 3808 4460 ab
3849 4392 4007 4461 aliis
4062 4392 4348 4461 ecclesiis

2683 4649 2798 4718 (Ex
2833 4647 3176 4718 autographo
3199 4646 3328 4703 eod.
3356 4646 3564 4704 Genev.
3601 4648 3722 4720 112,
3754 4650 3846 4707 sol.
3882 4648 4030 4718 208.)

2550 4925 2946 5061 i'iffierm'
2986 4991 3121 5062 seq.
3168 4991 3248 5047 aa
3293 4990 3510 5047 σοηωα
3551 4989 3636 5046 23.
3679 4991 3821 5047 oa..
3873 4990 4074 5046 norun
4124 4997 4212 5047 eet
4261 4994 4332 5049 (ιο

2377 5069 2568 5119 retour
2602 5070 2661 5117 et
2734 5069 2951 5118 resente
2986 5062 3068 5116 les
3101 5061 3452 5130 complimens
3485 5060 3557 5115 de
3573 5060 3646 5115 Μ.
3666 5058 3911 5123 famini,
3983 5061 4039 5113 ui
4063 5060 4331 5118 demands

2378 5132 2642 5257 3¹5&
2662 5149 2784 5258 ...¹2
2818 5133 3270 5257 ffiwff‘sszz
3303 5129 3666 5255 &madi-1
3685 5128 4249 5268 &aramma
4249 5131 4336 5258 ἕξ

2376 5274 2414 5328 ὰ
2582 5339 2644 5409 B)
2674 5339 3026 5411 automaploe.
3883 5422 3919 5477 2
