4900 6125
614 450 740 511 103

1500 628 1707 699 asso.

1039 782 1514 852 amemus
1561 783 2082 852 offanum.
2118 782 2169 869 ¹)

785 958 963 1024 Huic
999 977 1241 1040 quoque
1272 957 1583 1042 neqotium
1616 977 1808 1022 suum
1840 956 2093 1039 exponit
2133 960 2189 1020 et
2222 976 2344 1038 quo
2374 959 2583 1037 pado,

608 1044 909 1111 Meterius
953 1041 1209 1110 Caluini
1263 1044 1595 1108 consilium
1645 1048 1962 1126 sequutus,
2015 1060 2226 1108 coram
2266 1042 2585 1108 ministris

610 1131 997 1214 exceptiones
1037 1149 1195 1195 suas
1236 1134 1292 1194 et
1333 1129 1775 1212 explicationes
1820 1128 2182 1211 affirmarit.

893 1301 1005 1367 (Ex
1043 1300 1215 1356 Tomo
1256 1300 1416 1355 VIII.
1454 1299 1591 1371 Opp.
1627 1300 1851 1355 Zanchii
1886 1300 1948 1356 P.
1982 1300 2052 1356 11.
2086 1317 2144 1371 p.
2184 1299 2330 1369 142.)

788 1471 859 1539 S.
920 1472 1145 1555 Quum
1186 1471 1449 1538 domum
1498 1472 1862 1550 rediissem,
1880 1477 1938 1557 ²)
1982 1474 2189 1546 frater
2223 1473 2581 1553 carissime,

612 1567 766 1626 tuas
810 1558 1058 1624 offendi
1101 1558 1346 1638 literas,
1393 1559 1631 1642 quibus
1666 1573 1741 1625 tu
1786 1560 1943 1626 hinc
1980 1558 2322 1626 disoedens
2364 1567 2431 1623 et
2475 1579 2583 1624 me

614 1645 825 1713 amice
886 1644 1220 1710 salutabas
1279 1657 1348 1710 et
1403 1645 1616 1711 filium
1675 1647 1978 1728 generosi
2023 1645 2109 1710 D.
2157 1642 2239 1708 de
2282 1644 2582 1728 Muoy,⁸)

614 1752 750 1797 una
794 1750 942 1796 cum
990 1731 1163 1796 illius
1200 1731 1576 1815 paedagogo
1618 1731 1983 1815 Graynam,
2004 1730 2062 1816 ⁴)
2107 1752 2274 1814 quos
2311 1743 2384 1795 tu
2429 1752 2581 1796 cum

610 1816 1060 1882 illustrissima
1106 1817 1395 1881 Domina
1432 1816 1691 1883 Roiana
1718 1821 1769 1892 5)
1814 1831 1883 1883 et
1925 1817 2071 1882 aliis
2117 1817 2370 1883 duobus
2417 1817 2582 1881 ami-

608 1904 707 1969 cis
741 1924 1111 1981 curaveras‚
1158 1917 1232 1968 ut
1275 1902 1448 1987 apud
1485 1924 1591 1967 me
1628 1903 1992 1987 hospitium
2029 1901 2368 1978 haberent,
2414 1901 2583 1967 mihi

610 1987 1133 2055 commendabas.
1206 1989 1352 2072 Ego
1396 2009 1572 2068 vero,
1617 1989 1844 2055 multis
1887 1988 2263 2055 nominibus
2307 1988 2582 2073 gavisus

608 2097 780 2152 sum,
837 2096 1041 2157 quum
1087 2084 1155 2140 et
1198 2085 1346 2141 tuas
1390 2074 1521 2158 legi
1565 2074 1811 2152 literas,
1868 2085 1935 2141 et
1980 2075 2157 2139 domi
2201 2095 2363 2158 quos
2406 2095 2581 2139 com-

612 2159 975 2227 mendabas
1032 2162 1246 2243 reperi
1305 2159 1614 2243 hospites,
1687 2160 1858 2226 Nam
1920 2161 2147 2227 literas
2214 2175 2362 2226 tuas
2422 2159 2581 2239 vidi,

612 2245 786 2330 quod
810 2247 1098 2311 maxime
1134 2247 1494 2329 cupiebam,
1543 2246 1773 2332 plenas
1809 2247 2003 2312 officii
2040 2256 2109 2312 et
2142 2247 2385 2312 amoris
2422 2267 2496 2310 er

612 2354 721 2399 me
787 2332 902 2397 tui.
1002 2332 1389 2414 Hospitibus
1444 2353 1603 2399 vero
1670 2353 1825 2397 mox
1884 2332 2338 2398 testimonium
2397 2331 2481 2396 de
2532 2332 2585 2396 't

610 2440 780 2484 uxor
814 2418 1080 2502 pietatis
1125 2430 1319 2502 atque
1355 2418 1715 2484 modestiae
1749 2418 2124 2502 singularis.
2196 2418 2332 2483 Eos
2374 2418 2582 2502 igitur

609 2503 776 2569 mihi
820 2525 963 2570 esse
1020 2504 1407 2588 fiturosque
1452 2525 1652 2587 quam
1712 2503 2410 2584 commendatissimos‚
2458 2503 2579 2568 du-

610 2591 825 2656 bitare
881 2612 1010 2655 non
1068 2589 1284 2668 debes,
1352 2591 1477 2655 nisi
1536 2589 1795 2655 dubites
1853 2589 1935 2654 de
1991 2610 2142 2654 mea
2207 2599 2351 2654 tum
2418 2609 2580 2672 erga

610 2677 757 2760 pios
791 2673 1248 2760 modestusque
1270 2677 1448 2741 viros
1477 2674 1969 2741 benevolentia:
2016 2684 2163 2740 tum
2195 2695 2358 2758 erga
2391 2674 2579 2741 illus·

612 2763 973 2828 trissimam
1012 2760 1368 2827 Dominam
1408 2781 1622 2827 meam
1649 2761 1990 2841 Roianam,
2018 2760 2393 2838 Stm‘mium,
2418 2759 2580 2826 Hol-

613 2847 911 2914 bracham
964 2857 1031 2911 et
1086 2855 1168 2926 te,
1228 2849 1339 2930 qui
1400 2846 1575 2931 apud
1619 2869 1727 2913 me
1785 2869 1896 2913 eos
1950 2867 2094 2913 esse
2148 2846 2456 2913 voluistis
2512 2854 2582 2912 et

612 2934 1147 3010 commendastis,
1183 2934 1618 2999 observantia.
1678 2933 1925 2999 Literis
1958 2941 2180 2998 autem
2218 2934 2350 2997 tuis
2384 2932 2581 2997 citius

498 3045 503 3052 ·
614 3019 1132 3103 respondissem,
1199 3019 1291 3098 si,
1359 3020 1628 3087 ubinam
1695 3040 1901 3096 esses,
1970 3027 2149 3085 certo
2215 3018 2577 3086 scivissem.

615 3106 835 3171 Hodie
871 3126 1030 3171 vero
1065 3106 1344 3172 salutem
1382 3106 1602 3189 accepi
1638 3106 1719 3172 ab
1742 3105 2094 3172 Holbracho
2134 3114 2250 3171 tuo
2296 3106 2583 3183 nomine,

614 3204 684 3257 et
729 3202 795 3256 te
838 3191 1083 3257 Mureti
1114 3194 1170 3277 ⁸)
1216 3193 1289 3257 in
1313 3191 1552 3258 Galliis
1596 3212 1793 3277 agere
1836 3191 2215 3257 ministrum
2260 3190 2580 3257 intellexi.

614 3276 1034 3344 Condonabis
1071 3278 1273 3362 igitur
1307 3277 1477 3361 quod
1512 3300 1646 3343 non
1680 3277 1875 3344 citius
1908 3275 2378 3361 responderim,
2425 3296 2581 3342 nam

616 3372 1035 3430 accesserunt
1079 3366 1280 3429 etiam
1325 3364 1782 3447 occupationes
1825 3384 2039 3447 neque
2083 3384 2327 3447 paucae
2371 3383 2582 3445 neque

616 3470 880 3532 parvae,
915 3462 982 3514 et
1004 3447 1085 3513 ad
1110 3450 1472 3515 multorum
1508 3450 1735 3515 literas
1769 3449 2242 3533 responsiones.
2303 3449 2584 3515 Praeter

618 3534 780 3600 alias
835 3536 1050 3618 reperi
1097 3534 1368 3615 Caluini,
1386 3539 1444 3617 ⁷)
1490 3536 1725 3619 quibus
1783 3534 2048 3601 dolebat
2087 3534 2370 3618 quidem,
2429 3554 2583 3599 cau-

618 3641 761 3687 sam
806 3642 1021 3686 meam
1066 3622 1303 3687 bonam
1349 3643 1483 3687 non
1528 3644 1679 3687 eum
1728 3622 2032 3687 habuisse
2083 3621 2338 3685 exitum
2383 3640 2583 3702 quem

618 3705 863 3772 habere
928 3706 1276 3774 debuisset.
1368 3707 1651 3772 Interim
1719 3718 1942 3773 tamen
2021 3706 2423 3784 consulebat,
2506 3713 2585 3769 ut

617 3793 837 3875 prima
881 3814 1141 3877 quaque
1185 3794 1522 3859 occasione
1581 3792 1757 3876 apud
1800 3801 2103 3859 senatum
2169 3811 2383 3856 meam
2426 3813 2581 3857 con-

616 3878 952 3944 firmarem
1037 3878 1582 3964 subscriptionem
1661 3900 1811 3944 cum
1885 3878 2018 3943 illis
2090 3875 2584 3960 exceptionibus

616 3984 781 4048 quas
824 3964 1283 4048 promiseram:
1331 3976 1399 4030 et
1442 3975 1738 4044 testarer,
1784 3986 1891 4030 me
1933 3964 2105 4029 serio
2134 3962 2316 4046 pacis
2358 3961 2581 4028 studio

611 4071 698 4115 ex
744 4050 964 4115 animo
999 4051 1482 4134 subscripsisse.
1542 4049 1648 4115 Ad
1674 4049 2103 4115 Holbrachum
2137 4049 2339 4114 etiam
2374 4047 2582 4132 scrip-

612 4136 722 4212 sit,
746 4139 800 4211 ε’)
845 4159 916 4201 se
960 4136 1232 4202 laudare
1276 4137 1560 4221 quidem,
1606 4136 1777 4219 quod
1821 4135 2159 4218 hucusque
2204 4155 2337 4200 non
2382 4155 2582 4200 ausus

611 4221 815 4287 fuerit
856 4222 1295 4288 subscribere:
1356 4243 1492 4287 non
1535 4221 1876 4288 consulere
1920 4231 2163 4300 tamen,
2209 4229 2286 4286 ut
2327 4219 2581 4304 simpli-

609 4309 774 4374 citer
817 4320 1092 4385 recuset,
1136 4310 1192 4374 si
1239 4317 1587 4393 urgeatur:
1632 4306 1805 4392 quod
1842 4307 1965 4373 hac
2008 4309 2264 4372 ratione
2306 4306 2584 4372 ecclesia

610 4392 1065 4478 dissiparetur,
1109 4395 1177 4459 id
1220 4393 1393 4478 quod
1440 4392 1802 4460 adversarii
1845 4393 2150 4476 inprimis
2193 4391 2578 4457 moliuntur.

608 4684 804 4767 8999.
824 4685 881 4749 1)
920 4685 1020 4739 Fr.
1064 4685 1298 4756 Pythius
1338 4686 1561 4755 Capella
1607 4686 1766 4739 nobis
1813 4683 2043 4738 nonnisi
2087 4699 2153 4737 ea·
2200 4683 2305 4737 hac
2347 4681 2583 4750 epistola

820 4828 882 4954 3))
915 4892 1082 4944 Louis
1125 4892 1194 4945 de
1230 4892 1450 4945 Vaudra
1524 4891 1609 4944 Sr.
1657 4890 1726 4943 de
1761 4889 1928 4959 Mouy
1975 4887 2397 4956 (Saint·Phale),
2442 4885 2582 4943 Gon·

612 4961 742 5016 daci
769 4959 981 5015 aeaeecla
1012 4959 1119 5029 (Ν.
1138 4958 1319 5021 3900).
1485 4974 1701 5023 ouo-eur,
1737 4957 1869 5012 aad.
1905 4960 1944 5012 ὰ
1975 4957 2271 5013 Canama
2305 4956 2349 5010 1.
2387 4953 2508 5008 772.

819 5027 880 5094 4)
920 5028 1055 5081 Duo
1107 5029 1274 5083 huius
1324 5030 1565 5084 nominis
1608 5045 1663 5081 a.
1713 5025 1850 5080 1559
1902 5031 1965 5080 in
2006 5026 2372 5096 Aquitaniam
2423 5025 2585 5080 nissi

608 5097 858 5165 (want,
897 5096 1209 5163 Stephanus
1246 5098 1547 5160 Sao-latum,
1586 5096 1832 5150 Ioannes
1865 5094 2164 5150 Nemeam.

820 5166 882 5231 5)
924 5166 1092 5220 Mad«
1127 5168 1195 5219 de
1238 5166 1407 5237 Roye.

819 5236 883 5361 ἐξ
913 5250 1088 5358 gapt
1133 5233 1404 5290 Tolosam.

819 5370 882 5440 8)
917 5372 994 5427 N.
1025 5370 1180 5428 39⁵3.

2124 443 2660 513 EPISTOLAB
2705 446 3132 512 3990-3991

4530 452 4632 510 104

2691 626 3256 699 subscribendum
3316 634 3520 719 igitur
3578 654 3741 713 esse,
3799 635 3858 700 si
3898 641 4239 719 urgeatur,
4294 633 4414 701 sed
4469 656 4638 719 prae-

2689 716 2909 783 missis
2964 720 3462 802 exceptionibus
3480 771 3495 797 ,
3562 718 4113 804 quemadmodum
4179 729 4249 786 et
4495 721 4638 789 feci:

2689 822 2858 885 quae
2917 804 2978 870 si
3034 804 3492 884 admittantur,
3551 827 3673 872 nos
3731 806 3987 874 vicisse.
4067 804 4270 872 Holbr
4519 829 4642 874 non

2688 896 2965 972 urgetur
3007 891 3312 974 amplius,
3357 913 3571 975 neque
3623 912 3831 975 spero,
3877 892 4297 958 molestatum
4339 892 4428 958 iri
4469 891 4640 959 dein·

2687 993 2859 1057 ceps,
2885 978 2939 1052 ⁹)
2981 977 3175 1059 quod,
3229 988 3495 1060 praeter
3537 978 3700 1043 alias
3756 999 4013 1057 causas,
4056 977 4348 1044 Domina
4393 978 4642 1045 Rom

2687 1080 2841 1125 eum
2885 1068 2953 1127 et
2994 1063 3336 1129 ecclesiam
3380 1061 3874 1130 commendarat
3907 1063 4235 1130 Dominis.
4305 1066 4455 1146 Ego
4497 1087 4642 1131 vcro

2689 1166 2902 1228 nuper
2955 1149 3025 1212 in
3083 1149 3352 1217 consilio
3408 1163 3636 1216 nostro
3679 1150 4059 1226 Thomensi,
4103 1170 4326 1216 coram
4369 1151 4642 1216 dominis

2688 1231 3111 1312 scholarchis,
3158 1244 3295 1301 toto
3338 1234 3622 1320 capitulo
3666 1249 3732 1301 et
3767 1236 4047 1314 vicariis,
4093 1247 4169 1300 ut
4209 1249 4468 1313 vocant,
4511 1257 4644 1302 om·

2689 1316 2903 1397 nibus,
2959 1318 3116 1385 data
3156 1321 3324 1386 mihi
3368 1320 3688 1387 divinitus
3730 1323 4067 1388 occasione
4111 1322 4360 1404 optima
4418 1323 4542 1388 feci
4581 1322 4644 1387 id

2686 1404 2859 1487 quod
2923 1403 3234 1473 Calvinus
3294 1409 3745 1474 consuluerat:
3773 1412 3861 1484 ¹⁰)
3925 1408 4473 1490 subscriptionem
4535 1431 4646 1473 cx·

2688 1490 2957 1574 plicavi:
3017 1494 3555 1574 protestationem
3600 1494 4007 1570 confirmavi,
4062 1504 4131 1559 et
4183 1496 4528 1577 speciatim
4567 1493 4646 1558 de

2686 1595 2892 1642 coena
2936 1575 3144 1660 deque
3187 1580 3682 1661 perseverantia
3733 1590 4113 1645 sanctorum
4157 1599 4374 1644 meam
4421 1581 4646 1662 repetii

2686 1664 3104 1743 sententiam,
3149 1684 3226 1729 ac
3259 1665 3581 1748 quomodo
3615 1686 3767 1732 cum
3795 1669 4188 1748 Augustana
4227 1667 4648 1740 confessione,

2687 1749 2959 1831 eiusque
3038 1750 3367 1834 Apologia
3441 1772 3576 1815 non
3659 1763 3910 1835 pugnet
3989 1763 4216 1834 aperte
4301 1750 4648 1817 declaravi.

2688 1831 2999 1899 Summa:
3047 1856 3154 1900 me
3190 1835 3405 1902 adhuc
3448 1839 3839 1903 confirmare
3862 1857 4089 1902 veram
4125 1841 4232 1912 (ut
4253 1836 4648 1903 habetCon·

2685 1920 2911 2003 fessio)
2971 1931 3039 1986 et
3098 1921 3599 1987 substantialem
3660 1932 3769 2000 (ut
3828 1921 4026 1987 habet
4070 1921 4426 2007 Apologia)
4469 1944 4650 2006 prae-

2684 2007 2965 2072 sentiam
3001 2008 3290 2090 corporis
3317 2007 3571 2073 Christi
3608 2010 3677 2076 in
3716 2028 3939 2074 coena.
3998 2007 4352 2074 Caeterum
4391 2010 4652 2075 nomine

2684 2094 3116 2177 praesentiae,
3130 2114 3239 2158 me
3256 2113 3388 2158 non
3412 2093 3780 2177 intelligere
3795 2095 4351 2178 propinquitatem
4365 2095 4652 2178 aliquam

2683 2178 2991 2244 localem:
3060 2179 3174 2243 sed
3242 2181 3456 2263 ipsam
3520 2201 3751 2247 veram
3820 2182 3959 2245 veri
4020 2193 4087 2245 et
4151 2181 4652 2246 substantialem

2685 2265 2975 2346 corporis
2996 2263 3246 2330 Christi
3286 2266 3617 2332 mentibus
3643 2265 3940 2331 fidelium
3977 2267 4650 2332 communicationem.

2684 2350 2987 2416 Eatenus
3032 2350 3208 2415 enim
3254 2351 3549 2434 aliquam
3596 2370 3738 2416 rem
3774 2351 3902 2417 dici
3948 2363 4015 2416 et
4059 2372 4204 2418 esse
4239 2352 4432 2418 nobis
4465 2373 4652 2436 prae-

2685 2449 2957 2514 sentem,
3023 2449 3347 2519 quatenus
3408 2435 3597 2502 nobis
3660 2439 4185 2504 communicatur
4239 2447 4308 2503 et
4364 2458 4407 2502 a
4465 2439 4652 2504 nobis

2685 2520 3060 2605 percipitur,
3098 2522 3296 2586 etiam
3332 2522 3391 2587 si
3425 2522 3624 2607 longo
3659 2522 3952 2588 locorum
3984 2523 4336 2589 intervallo
4381 2545 4422 2589 a
4462 2524 4652 2590 nobis

2687 2607 2904 2673 distet.
2977 2607 3198 2672 Attuli
3255 2619 3517 2691 praeter
3570 2608 3700 2673 alia
3758 2609 4135 2691 exemplum
4191 2609 4380 2675 solis:
4445 2631 4652 2693 quum

2684 2693 2783 2759 sol
2826 2713 3027 2776 supra
3070 2705 3371 2759 nostrum
3408 2702 3511 2759 est
3553 2695 4132 2777 hemisphaerium,
4177 2694 4462 2762 dicimus
4497 2717 4652 2760 eum

2686 2799 2831 2845 esse
2877 2779 3064 2845 nobis
3107 2789 3540 2862 praesentem,
3595 2790 3662 2844 et
3705 2780 3972 2864 quidem
4016 2802 4171 2847 vere
4214 2802 4292 2847 ac
4347 2780 4654 2847 substau-

2685 2865 2949 2930 tialiter.
3024 2863 3513 2946 Quamobrem?
3574 2865 3908 2948 Quoniam
3952 2887 4187 2933 verum
4233 2887 4312 2932 ac
4351 2868 4656 2933 substan·

2689 2950 2843 3016 tiale
2899 2970 3092 3016 suum
3149 2970 3386 3033 corpus
3440 2951 3629 3017 nobis
3682 2952 4031 3019 visendum
4085 2953 4550 3032 communicat,
4591 2965 4654 3018 et

2687 3057 2809 3121 per
2863 3056 3105 3120 corpus
3161 3035 3376 3102 lucem
3435 3058 3512 3103 ac
3555 3037 3842 3104 calorem
3899 3059 4096 3104 suum
4140 3039 4330 3105 nobis
4385 3040 4654 3123 partici-

2686 3122 2982 3205 pandum
3026 3121 3309 3188 exhibet.
3382 3122 3607 3205 Quum
3663 3145 3825 3189 vero
3869 3122 3954 3190 ad
3996 3124 4180 3189 aliud
4236 3125 4654 3209 hemisphae—

2686 3209 2864 3274 rium
2921 3228 3311 3292 progressus
3363 3220 3484 3287 est,
3542 3208 3819 3275 dicimus
3872 3230 4017 3276 esse
4060 3209 4434 3276 absentem:
4503 3213 4656 3295 quia

2687 3316 2823 3359 non
2867 3295 3152 3377 amplius
3196 3293 3384 3359 nobis
3428 3294 3538 3359 vel
3597 3317 3793 3361 suum
3846 3316 4087 3378 corpus
4134 3295 4504 3373 visendum,
4553 3296 4654 3362 vel

2687 3379 2973 3447 calorem
3009 3398 3086 3443 ac
3117 3379 3335 3444 lucem
3358 3380 3874 3464 participandam
3899 3384 4370 3448 communicat:
4411 3394 4654 3455 tatum,

2686 3464 2858 3550 quod
2903 3467 3143 3532 attinet
3176 3465 3261 3530 ad
3295 3465 3500 3531 locale
3536 3467 3845 3550 spatium,
3881 3488 4016 3532 non
4049 3469 4146 3532 ita
4178 3467 4392 3533 multo
4427 3468 4652 3553 procul

2688 3573 2727 3617 a
2771 3551 2955 3617 nobis
3001 3551 3203 3616 distat
3237 3571 3440 3633 quum
3486 3564 3590 3618 cst
3631 3574 3831 3635 supra
3865 3553 4045 3618 aliud
4091 3552 4656 3638 hemisphaerium

2687 3658 2884 3720 quam
2929 3658 3137 3719 quum
3180 3650 3283 3702 est
3323 3658 3526 3721 supra
3569 3648 3888 3703 nostrum.
3963 3639 4265 3704 Eatenus
4301 3641 4509 3724 igitur
4543 3641 4656 3705 nli·

2687 3743 2883 3806 quam
2927 3743 3069 3787 rem
3116 3721 3243 3788 dici
3286 3733 3355 3788 et
3410 3743 3553 3789 esse
3611 3724 3801 3789 nobis
3860 3736 4274 3808 praesentem
4321 3738 4656 3809 quatenns

2685 3807 2874 3873 nobis
2931 3809 3454 3875 communicatur
3507 3822 3576 3874 et
3619 3831 3661 3874 a
3704 3808 3895 3875 nobis
3952 3811 4331 3894 percipitur,
4391 3814 4542 3878 sive
4583 3834 4660 3877 en

2684 3895 2792 3973 sit,
2851 3894 3025 3976 quod
3085 3894 3287 3959 locale
3342 3897 3628 3977 spatium
3675 3896 3928 3974 attinet,
3989 3897 4201 3979 magis
4241 3898 4389 3963 sive
4433 3900 4658 3963 minus

2685 4001 2726 4044 a
2767 3978 2955 4046 nobis
3019 3991 3304 4045 remota:
3371 4002 3514 4046 esse
3572 3994 3794 4046 autem
3856 3992 4050 4047 extra
4114 3984 4654 4051 controversiam.

2684 4084 2924 4148 corpus
2968 4065 3221 4131 Christi
3285 4087 3517 4131 verum
3577 4079 3647 4131 et
3699 4067 4134 4133 substantiale
4176 4067 4480 4135 fidelium
4525 4090 4658 4135 nnn

2683 4151 2948 4236 quidem
2984 4152 3365 4235 corporibus
3399 4150 3515 4217 sed
3549 4151 3886 4218 mentibus
3919 4153 4412 4233 communicari,
4459 4166 4532 4221 et
4577 4154 4656 4221 ab

2682 4237 2843 4321 ipsis
2900 4238 3149 4320 percipi
3204 4239 3272 4303 in
3317 4259 3533 4303 coena.
3607 4239 3689 4303 In
3734 4239 3915 4303 hunc
3957 4239 4166 4322 igitur
4209 4262 4506 4317 sensum,
4555 4263 4658 4306 me

2683 4322 2900 4388 adhuc
2941 4324 3330 4390 confirmare
3375 4323 3555 4389 illam
3611 4326 3718 4391 cui
3757 4325 4121 4407 subscripsi
4164 4329 4456 4410 August.
4501 4346 4656 4392 mn-

2683 4409 2983 4475 fessionis
3025 4418 3092 4474 et
3135 4408 3502 4493 Apologiae
3547 4410 4025 4493 loquutionem:
4093 4410 4353 4494 Corpus
4399 4412 4658 4479 ctu-‘mu

2683 4494 2752 4559 in
2814 4515 3016 4560 coena
3067 4515 3381 4577 praesens
3436 4516 3580 4561 esse
3641 4517 3797 4562 vere
3856 4505 3923 4561 et
3980 4497 4536 4567 substantialiter.
4595 4514 4658 4563 et

2682 4580 2780 4644 ita
2822 4602 3036 4646 meam
3082 4580 3446 4663 explicasse
3490 4582 3885 4646 sententiam
3929 4602 4153 4647 coram
4197 4586 4658 4666 compositori·

2684 4666 2822 4743 bus,
2869 4686 3066 4749 quam
3110 4678 3178 4731 et
3219 4666 3578 4750 probarint.
3651 4667 3847 4734 Hanc
3889 4678 4113 4733 autem
4161 4666 4658 4735 distinctionem

2681 4752 2857 4817 inter
2898 4754 3336 4835 praesentiam
3373 4763 3570 4836 atque
3613 4753 3999 4832 absentiam,
4045 4763 4113 4817 et
4152 4754 4332 4820 inter
4369 4755 4658 4823 loe-hm

2681 4837 3236 4922 propinquitatem
3283 4859 3360 4905 ac
3415 4838 3967 4923 longinquitatem
4015 4838 4294 4906 alicuius
4337 4842 4436 4906 rei
4483 4842 4660 4907 mal-

2682 4923 2768 4988 tis
2812 4934 2965 4988 ante
3009 4925 3220 5004 annis,
3265 4923 3375 4989 hic
3417 4943 3641 4990 coram
3684 4925 3914 4990 multis
3956 4923 4224 5009 collegis
4265 4927 4432 4992 meis
4477 4938 4656 4994 attu-

2680 5008 2889 5075 leram
2954 5018 3148 5093 atque
3213 5009 3632 5093 explicatam.
3726 5010 3808 5076 In
3868 5009 4143 5076 articulo
4202 5009 4285 5076 de
4341 5033 4656 5097 perseve-

2831 5229 3780 5355 ‘monuwa-idmst..
3861 5231 4658 5298 Dmioeusfuiedoeae-

2685 5299 2937 5356 Galhcus
2969 5318 3023 5354 a.
3059 5300 3114 5355 d.
3156 5299 3215 5354 X
3263 5301 3325 5356 V.
3362 5300 3480 5356 001.
3519 5301 3664 5368 Sept.
3701 5301 4018 5358 dandum.

2863 5367 2954 5437 10)
2987 5370 3253 5438 postridie
3288 5370 3433 5426 Idus
3471 5371 3597 5426 lan.
3664 5370 3955 5437 (Schmidt.
3988 5387 4046 5440 p.
4082 5368 4234 5439 670.)
