4900 6125
301 610 493 677 quam.
579 587 716 657 Sed
800 590 914 657 uia
954 612 1092 658 non
1156 612 1379 659 errore
1423 592 1532 659 vel
1597 593 1668 658 in
1794 592 2026 660 'tantia
2088 592 2229 677 lap·

300 698 400 745 sus
449 696 535 754 es,
596 674 911 743 iudicium
953 677 1133 744 istud
1177 678 1297 745 tibi
1333 679 1612 745 liberum
1655 678 1971 763 relinquo.
2058 678 2230 744 Vul-

299 783 410 829 nus
450 772 685 841 tamen,
745 763 854 829 cui
913 763 1184 830 cicatrix
1240 764 1522 832 obducta
1578 771 1740 841 erat,
1795 786 1881 853 er
1934 763 2230 849 professo

298 855 663 916 renovatum
707 849 883 934 cogit
924 869 1034 916 me
1074 851 1370 934 profiteri
1406 857 1809 935 quantopere
1845 849 1962 917 abs
1997 857 2065 917 te
2097 848 2231 916 dis-

297 935 573 1003 senu‘am.
641 933 1001 1003 Plausibile
1045 936 1170 1002 fuit
1212 946 1443 1002 contra
1474 937 1799 1021 imagines
1832 942 2232 1004 vetustatem

294 1020 571 1100 obiicere,
637 1040 812 1086 nunc
920 1021 1036 1088 uid
1100 1023 1411 1107 baptismi
1465 1022 1773 1101 chrisma,
1839 1021 2230 1101 exsufflatio,

295 1125 498 1173 cereus
541 1041 919 1189 paschali03
986 1106 1121 1174 Sed
1167 1129 1274 1173 me
1317 1107 1588 1175 cohibeo
1632 1129 1716 1175 ne
1759 1105 1989 1174 videar
2029 1126 2233 1191 supra

294 1190 702 1258 &doraum
742 1200 809 1257 et
851 1193 1097 1260 similes
1143 1215 1389 1279 sapere.
1493 1194 1759 1260 Interea
1815 1215 1922 1260 me
1964 1193 2064 1260 tui
2107 1193 2231 1258 mi·

291 1284 448 1344 seret
517 1298 714 1361 quem
779 1298 1007 1344 eorum
1070 1279 1351 1346 stultitia
1415 1281 1486 1345 in
1553 1278 1950 1364 profundum
2015 1279 2231 1344 lutum

294 1362 613 1448 demergit.
703 1362 897 1444 Quod
942 1364 1026 1429 ad
1070 1365 1414 1431 consilium
1459 1372 1711 1449 spectat
1757 1364 2048 1431 breviter
2083 1384 2231 1448 per-

292 1449 514 1516 strinxi
532 1453 592 1525 ⁸)
626 1447 783 1532 quid
818 1447 1125 1534 expedire
1160 1472 1486 1531 censeam,
1531 1451 1644 1518 ubi
1681 1450 1921 1535 legeris
1953 1451 2232 1516 fortasse

291 1535 592 1620 negliges:
659 1536 818 1619 quia
860 1535 1029 1601 nihil
1073 1538 1332 1623 profero
1378 1537 1504 1604 nisi
1548 1536 1840 1622 vulgare.
1930 1535 2066 1604 Sed
2110 1535 2230 1601 tibi

290 1619 747 1772 offlbffihss
793 1621 1046 1706 agendo
1089 1623 1298 1690 satius
1340 1623 1487 1702 fuit,
1532 1644 1729 1707 quam
1774 1643 2017 1708 negare
2058 1621 2229 1705 quod

291 1726 394 1789 poe
443 1792 638 1857 Nunc
694 1802 956 1860 transeo
1012 1793 1096 1858 ad
1151 1795 1298 1860 alia.
1402 1793 1632 1879 Nuper
1687 1795 1886 1861 vicini
1945 1796 2155 1860 nostri
2171 1797 2231 1872 ⁴)

289 1890 575 1943 senatum
622 1879 793 1944 serio
835 1889 1156 1964 rogarunt
1198 1889 1278 1945 ut
1318 1880 1614 1964 perditus
1649 1890 1807 1946 tuus
1842 1878 2152 1946 Absalom
2172 1881 2233 1958 ὅ)

287 1963 348 2028 in
401 1976 692 2048 tempore
757 1966 1048 2031 monitus
1112 1976 1373 2032 caveret
1438 1966 1521 2032 ab
1585 1965 1964 2051 ingentibus
2028 1965 2231 2050 copiis

287 2069 435 2131 quae
467 2050 537 2114 in
575 2050 792 2133 ipsum
859 2058 1151 2117 arantur.
1210 2051 1430 2117 Multa
1463 2061 1743 2118 narrant
1764 2072 1931 2137 quae
1965 2051 2232 2117 aliunde

287 2134 358 2201 ad
401 2155 515 2200 vos
647 2136 840 2202 rferri
876 2137 1201 2203 existimo.
1284 2138 1390 2204 Ab
1425 2138 1635 2203 altera
1676 2147 1865 2223 parte
1898 2136 2231 2221 Bullinye-

283 2240 387 2286 ηε
422 2222 533 2305 qui
628 2221 815 2288 nobis
857 2224 1105 2307 negotii
1149 2223 1429 2290 faoeoeat
1470 2243 1821 2309 cognosces
1855 2244 1940 2289 ex
1975 2224 2118 2289 eius
2153 2221 2232 2287 li·

285 2307 458 2372 teris:
477 2312 534 2385 ο)
581 2329 745 2392 quas
789 2308 1201 2392 supprimere
1244 2329 1445 2374 ausus
1483 2331 1618 2375 non
1654 2330 1822 2387 sum,
1857 2330 1944 2375 ne
1980 2307 2233 2375 scilicet

284 2400 491 2459 nostro
535 2394 799 2459 silentio
832 2415 939 2460 res
982 2395 1245 2478 publica
1287 2394 1693 2478 proderetur.
1765 2394 1962 2460 Hanc
2004 2414 2231 2460 euram

282 2478 343 2543 in
401 2488 463 2545 te
517 2499 826 2559 exonero,
890 2500 976 2545 ne
1039 2489 1351 2564 queratur
1411 2501 1566 2564 pars
1629 2479 1952 2547 alterutra
2006 2487 2232 2546 nostro

281 2563 523 2631 fastidio
557 2565 966 2649 praeclaram
1000 2568 1404 2633 occasionem
1442 2567 1735 2650 elapsam
1770 2587 1932 2633 esse.
2001 2565 2228 2633 Unum

281 2651 386 2716 abs
427 2660 493 2716 te
538 2651 966 2717 vehementer
1009 2653 1235 2736 flagito
1279 2651 1604 2736 (expende
1646 2672 1773 2736 quo
1808 2651 2010 2718 verbo
2052 2658 2229 2725 utar)

281 2744 350 2800 ut
385 2756 581 2820 quam
629 2738 915 2821 primum
961 2737 1156 2802 detur
1196 2760 1300 2804 res
1387 2739 1564 2804 usio:
1644 2738 1796 2821 quia
1841 2759 1976 2803 non
2021 2737 2230 2803 habeo

279 2822 507 2888 multos
579 2823 885 2889 Dalleros
952 2823 1064 2906 qui
1144 2824 1317 2889 fame
1346 2824 1460 2891 ‘cis
1538 2823 1802 2889 nunciis
1878 2822 2225 2890 sufficiant.

279 2906 524 2974 Deinde
611 2929 746 2974 non
809 2909 1077 2993 ignoras
1143 2909 1403 2976 Gallica
1467 2908 1801 2976 celeritate
1868 2908 2047 2974 abuti
2114 2908 2228 2993 qui

279 2993 546 3060 cochleis
612 3003 773 3061 sunt
836 2993 1170 3061 tardiores.
1283 2994 1791 3081 Quamprimum
1851 2994 2057 3081 igitur
2120 3015 2226 3060 me

279 3078 390 3145 hac
462 3081 769 3147 molestia
843 3080 1067 3147 libera.
1178 3080 1358 3162 Quid
1439 3090 1662 3147 autem
1736 3081 1798 3147 si
1859 3087 2227 3165 opportune

277 3164 352 3230 ad
404 3165 833 3234 iniiciendum
894 3175 1213 3233 terrorem
1259 3167 1517 3234 oblatus
1558 3167 1761 3233 fuerit
1805 3166 1913 3233 hic
1956 3165 2225 3232 fumus?

275 3247 399 3316 Sed
441 3273 595 3320 mea
637 3273 771 3318 non
814 3254 1108 3331 interest,
1151 3251 1346 3319 modo
1387 3262 1462 3318 tu
1514 3253 1803 3319 festines.
1894 3250 2226 3335 Optabam

274 3335 381 3403 tibi
415 3339 486 3403 in
521 3348 715 3404 tanta
747 3338 1159 3423 negotiorum
1195 3337 1392 3404 turba
1418 3359 1711 3422 parcere:
1752 3338 1966 3404 facere
1999 3345 2224 3403 tamen

273 3441 396 3487 non
440 3426 626 3507 potui
682 3423 842 3507 quin
890 3424 1136 3489 Sulcen‘
1177 3424 1404 3490 literas
1423 3428 1481 3505 ⁷)
1525 3424 1856 3490 mitterem
1901 3423 2225 3489 fatuitatis

273 3517 334 3572 et
389 3508 841 3594 impudentiae
921 3510 1065 3576 eius
1130 3519 1351 3576 testes.
1479 3508 1664 3590 Quas
1731 3508 1930 3575 velim
1989 3508 2106 3574 abs
2159 3518 2224 3574 te

273 3597 596 3661 contemni
641 3606 718 3661 ut
755 3604 1114 3661 merentur.
1205 3596 1394 3674 Vale,
1440 3595 1867 3682 integerrime
1910 3595 2117 3660 frater
2158 3601 2228 3662 et

272 3682 672 3747 amicissime.
723 3681 1050 3747 Dominus
1094 3682 1214 3747 tibi
1257 3701 1519 3767 semper
1560 3680 1749 3761 adsit,
1793 3685 1860 3746 te
1903 3679 2225 3746 sustineat

271 3763 510 3832 invicta
547 3768 798 3832 virtute
842 3779 908 3831 et
950 3766 1346 3833 incolumem
1393 3774 1676 3833 tueatur.
1764 3770 1859 3830 18.
1904 3765 2222 3833 Februar.

1144 3972 1327 4037 Tuus
1372 3970 1649 4037 Carolus
1693 3970 2046 4038 Passelius.

427 4142 716 4208 Multam
760 4143 1041 4208 salutem
1088 4142 1206 4209 tibi
1249 4149 1604 4226 precantur

269 4225 416 4293 colle
607 4249 855 4309 omnes,
922 4237 1119 4311 atque
1188 4229 1388 4294 etiam
1448 4230 1598 4294 novi

267 4312 511 4396 syndici
557 4325 625 4381 et
668 4327 958 4380 senatus.

457 4551 520 4674 ἰ)
569 4551 733 4606 vsa„
761 4551 1046 4621 epdaeolan
1078 4554 1321 4623 acquam
1359 4551 1576 4608 oannem·
1608 4551 1931 4609 mm

460 4621 1003 4758 δζναΝαοαὲι-α.
1444 4759 1455 4772 ,
1670 4759 1682 4771 ·
1996 4760 2006 4771 ²
2189 4759 2201 4773 .

393 4826 406 4838 ⁶
459 4757 1530 4829 6)quaeqmmnonseroataaem,
1582 4758 2223 4828 qusdhocresfuent

464 4895 528 4962 7)
561 4895 623 4949 N.
660 4895 816 4950 3712.

473 5406 697 5465 oet-eus·
718 5424 906 5480 opera.
979 5407 1097 5465 ναι
1126 5409 1296 5464 xzx

1945 408 2109 472 1662
2153 403 2623 476 FEBRUAR.

3216 596 3409 672 8718.

2331 765 2763 849 fflNJSTRI
2819 767 3472 839 'PONONIENSES
3540 768 4289 842 GENEVENSIBUS.

2505 936 4293 1028 Emmadsymdumvooatioahrimmroymtut

2331 1025 4293 1180 wibibradandoadBemmmsdTurioensoe

2673 1284 2786 1353 (Ex
2823 1283 3167 1340 Bibliotheca
3200 1284 3509 1340 Genevenei
3542 1284 3722 1339 fascic.
3758 1282 3961 1351 197n.)

2505 1454 2910 1522 Clarissimis
2948 1455 3111 1521 viris
3155 1456 3466 1523 ecclesiae
3512 1456 3927 1522 Genevensis
3970 1455 4292 1523 ministris

2332 1561 2532 1624 quam
2574 1541 2973 1609 fidelissimis
3019 1548 3089 1607 et
3122 1542 3310 1608 nobis
3349 1542 3722 1609 carissimis.
3782 1626 4115 1694 Gonane·

2768 1798 3008 1865 Gratia
3049 1808 3117 1864 et
3158 1819 3290 1883 pax
3335 1819 3456 1884 per
3497 1798 3863 1865 Christum.

2504 1934 2680 2018 Quia
2755 1936 2939 2003 hisce
3017 1934 3248 2003 diebus
3324 1935 3710 2001 mandatum
3789 1957 3830 2000 a
3909 1935 4290 2003 clarissimis

2331 2022 2668 2106 princibus
2690 2025 2726 2060 ⁸⁸
2770 2021 3013 2089 nostris
3069 2021 3459 2105 accepimus,
3519 2043 3647 2106 quo
3692 2021 3984 2088 Bernam
4026 2023 4095 2088 in
4140 2044 4290 2109 pro-

2331 2110 2547 2174 ximas
2590 2108 2821 2174 Martii
2863 2106 3171 2175 calendas
3196 2108 3248 2191 ¹)
3294 2128 3647 2174 evocamur
3683 2116 3762 2173 ut
3796 2107 4050 2174 Christi
4085 2108 4293 2177 eccle-

2330 2194 2467 2261 siae
2522 2192 2868 2278 disciplina
2924 2194 3332 2274 restituatur,
3417 2201 3487 2260 et
3537 2192 3694 2277 quia
3749 2192 3976 2259 literas
4033 2194 4117 2259 ad
4174 2213 4294 2260 vos

2333 2300 2590 2364 quoque
2633 2280 2868 2347 missas
2925 2280 3315 2363 accepimus,
3374 2280 3613 2345 incerti
3654 2286 3881 2345 tamen
3923 2280 4114 2346 cuius
4156 2281 4295 2347 sint

2333 2366 2745 2451 argumenti:
2835 2386 3067 2432 verum
3144 2366 3344 2433 huius
3429 2365 3840 2449 suspicamur
3925 2365 4111 2433 cuius
4192 2373 4295 2432 est

2333 2466 2651 2552 nostrum.
2742 2448 2938 2533 Quod
3001 2451 3062 2518 si
3125 2460 3302 2519 certo
3367 2451 3689 2550 sciremus
3732 2451 4004 2517 minime
4047 2450 4132 2517 ad
4175 2472 4297 2518 vos

2331 2536 3265 2702 ffissffiff⁸⁸31¹31¹¹⁵i013⁸⁰0⁶3¹33
3300 2534 3771 2701 ssnffi'iis’?
3807 2537 4296 2690 {igiffls'ss

2333 2708 2729 2776 clarissimos
2796 2710 2971 2776 viros
3014 2708 3461 2794 Bauinqemm
3516 2717 3584 2774 et
3638 2707 3899 2774 Petrum
3942 2708 4297 2793 Martyron

2333 2799 2439 2873 (ac
2482 2793 2728 2879 pariter
2769 2793 2854 2860 ad
2911 2794 3253 2861 ministros
3296 2794 3702 2871 Beruenses)
3748 2814 3911 2877 quos
3955 2793 4297 2863 adfuturos

2332 2881 2523 2947 nobis
2569 2882 3035 2947 renunciatum
3094 2889 3210 2960 est,
3270 2881 3509 2965 quibus
3550 2880 3891 2965 negotium
3938 2901 4142 2964 quum
4187 2902 4294 2948 ac·

2331 2974 2557 3034 curate
2600 2966 2743 3032 fieri
2787 2966 3032 3051 poterit
3072 2965 3505 3033 commendet.
3583 2964 3868 3032 Caetera
3911 2964 4297 3035 tabellarius

2332 3052 2572 3203 har121m
2607 3052 2862 3119 referet.
2903 3050 3161 3120 Valete.
3207 3054 3467 3138 raptim.
3485 3052 3546 3136 ²)
3582 3050 3915 3120 Thonouii
3960 3056 4053 3118 18.
4093 3052 4290 3120 Febr.

3054 3221 3373 3290 Claudius
3417 3224 3778 3291 Vauterius
3823 3224 4134 3292 Decanus
4154 3227 4204 3304 ³)

3058 3309 3347 3377 Miehael
3390 3309 3708 3378 Porretus
3760 3309 4033 3377 Iuratus

3052 3395 3385 3462 Iohannes
3428 3395 3801 3463 Balduinus
3851 3396 4119 3464 Iuratus

3051 3481 3294 3548 Petrus
3329 3480 3726 3549 Vincentius
3760 3483 4032 3549 Iuratus

3046 3564 3391 3633 Rolandus
3432 3567 3751 3635 Perrotus
3791 3566 4074 3637 Iuratus.

3110 3860 3250 3869 —·—
3282 3863 3345 3867 -.
3386 3861 3511 3868 --ῇο

3206 4077 3399 4148 3719.

2720 4230 3397 4299 BULLINGERUS
3438 4231 3882 4301 CALVINO.

2500 4401 2692 4468 Totus
2724 4406 2813 4469 est
2846 4403 2918 4468 in
2949 4405 3481 4471 communicandis
3512 4404 3696 4471 rebus
3728 4425 3936 4472 recens
3974 4405 4284 4472 tandm„-

2322 4508 2442 4588 qqoe
2488 4488 2708 4555 allatis
2751 4509 2827 4589 qa:
2849 4488 3158 4568 Helvetia,
3197 4490 3418 4590 ltalia,
3461 4490 3834 4569 Germania,
3875 4489 4116 4570 Gallia,
4151 4511 4285 4557 ma·

2318 4573 2834 4726 mmm,
2889 4594 3108 4640 verum
3160 4580 3349 4642 diam
3405 4575 3481 4642 de
3521 4575 3877 4655 Πασίαηίε,
3947 4575 4281 4660 Heshusio,

2316 4831 2429 4900 (Ex
2467 4832 2810 4901 autographo
2844 4833 3009 4887 Arch-
3049 4832 3231 4888 Turic.
3281 4833 3428 4890 Plut„
3468 4833 3561 4888 VI.
3600 4834 3720 4889 Vol.
3759 4832 3905 4894 117⁶.
3940 4834 4071 4889 olim
4106 4834 4281 4891 Serin.

2544 4899 2604 4954 C.
2642 4899 2782 4970 Bpp.
2819 4901 2970 4956 Tem.
3007 4899 3077 4959 11.
3111 4901 3203 4956 fol.
3238 4900 3364 4956 478.
3408 4929 3469 4940 —
3506 4903 3721 4957 Simler.
3759 4901 3884 4957 Vol.
3925 4900 4071 4971 103.)

2317 5121 2498 5178 8⁷18.
2521 5125 2578 5189 1)
2618 5124 2693 5179 N.
2729 5121 2884 5208 8703.
2919 5123 3074 5210 8713.
3936 5194 3946 5206 .

2315 5192 4283 5328 mmmdqmdemutt'mmuamobwhaea

2528 5328 3868 5471 meamne-ummocriptomls
