4900 6125
613 360 752 426 451
2309 352 2778 424 EPISTOLA
2822 357 2988 421 3805
4520 360 4619 423 452

619 542 1056 630 Appeusrem
1115 541 1238 607 hoc
1295 540 1437 607 loco
1493 538 1734 608 bonum
1791 539 1979 607 illum
2022 539 2409 624 Philippum
2451 541 2599 608 Me-
2747 561 2900 606 uam
2984 562 3130 609 sese
3206 543 3392 610 vobis
3459 541 3783 621 adiunxit,
3862 542 4143 608 alterum
4204 542 4398 610 huius
4458 547 4623 613 seculi

627 628 1073 707 lanethonem,
1120 626 1177 692 si
1220 632 1556 710 superstes
1597 627 1670 692 in
1716 628 1909 694 terris
1954 626 2170 693 adhuc
2215 636 2406 705 esset,
2449 647 2599 693 cum
2763 625 3011 705 aulum,
3080 635 3149 694 et
3204 627 3529 714 evangelii
3597 627 3927 696 vindicem
3992 627 4198 695 fuisse
4259 628 4625 713 praedicatis.

680 736 763 783 uo
809 714 891 782 de
926 723 1040 780 tua
1074 712 1145 778 in
1179 713 1438 813 Regem
1475 712 1834 780 offensione
1889 712 2105 779 multa
2139 711 2494 779 contulisti.
2513 716 2598 790 ¹⁵)
2701 709 2847 778 Iam
2892 711 3102 780 habeo
3146 713 3357 780 multa
3397 725 3657 781 vestrae
3693 714 4200 798 conspirationis
4243 729 4623 800 argumenta:

623 737 730 869 gt
785 800 901 867 ille
958 809 1095 865 tam
1138 798 1310 884 Regi
1364 798 1634 877 amicus,
1689 818 1885 882 quam
1943 805 2016 864 tu
2082 797 2364 866 infestus
2430 818 2597 864 eras.
2702 796 2819 863 sed
2863 798 2994 864 alia
3036 799 3232 885 longe
3274 798 3469 884 plura
3512 809 3582 865 et
3625 800 3920 867 firmiora
3963 809 4336 867 occurrunt.

623 883 830 968 Quid,
875 885 1108 970 inquit,
1154 884 1348 960 Beza,
1396 891 1511 949 aut
1546 904 1861 967 quorsum
1906 886 2003 950 tui
2041 893 2173 950 tam
2221 885 2600 968 importuno
2875 881 3055 965 Quid
3108 885 3287 951 enim
3340 906 3845 953 commemorem
3904 884 4447 953 nefandissimum
4486 888 4627 972 quod

627 981 901 1071 tamque
951 969 1317 1055 periculoso
1379 979 1670 1121 tempore
1727 971 1902 1055 Regi
1967 969 2238 1048 solicito,
2295 971 2600 1053 curisque
2702 967 3021 1036 Genevae
3076 971 3320 1038 iniistis
3373 969 3724 1039 consilium
3779 971 3861 1037 de
3904 971 4092 1057 Rege
4135 971 4503 1051 Francisco,
4539 974 4630 1058 qui

632 1057 1048 1143 gravioribus
1113 1076 1431 1139 suspenso
1536 1065 1841 1123 acessunt
1903 1056 2240 1141 negotium
2269 1054 2301 1119 ⁴?
2427 1055 2599 1122 Cum
2704 1053 2903 1138 paulo
2950 1066 3105 1122 ante
3151 1058 3323 1140 patri
3367 1065 3788 1134 successerat,
3832 1057 4095 1143 Regina
4142 1079 4365 1134 uxore,
4408 1057 4634 1144 Regius

631 1141 800 1209 nihil
859 1143 931 1208 in
976 1141 1342 1209 Germania
1395 1142 1854 1225 promovisses,
1916 1149 2138 1207 tamen
2198 1163 2281 1208 ne
2325 1141 2600 1224 impune
2700 1150 2933 1222 matre,
2980 1154 3046 1208 et
3101 1142 3243 1209 eius
3297 1142 3539 1222 liberis,
3594 1144 3989 1226 proceribus,
4036 1141 4226 1210 bonis
4270 1165 4337 1209 m
4431 1144 4630 1210 ‘trati-

631 1229 767 1312 [fol.
821 1227 928 1316 16]
977 1238 1240 1294 tuorum
1302 1228 1552 1293 scelera
1593 1227 1800 1313 Regis
1844 1227 2211 1294 authoritas
2257 1226 2596 1294 ulciscere-
2700 1225 2842 1304 bus,
2909 1225 2989 1292 ad
3056 1238 3308 1295 certum
3375 1228 3546 1295 diem
3604 1227 3944 1295 commodo
4006 1228 4146 1296 loco
4214 1249 4334 1313 per
4396 1229 4635 1298 insidiae

631 1324 758 1390 tur,
799 1315 881 1381 ab
936 1313 1139 1380 armis
1184 1311 1269 1378 ad
1311 1312 1602 1392 insidias,
1649 1334 1690 1379 a
1731 1313 1930 1380 minis
1975 1312 2059 1380 ad
2104 1313 2399 1380 convicia
2443 1333 2597 1379 con·
2701 1311 3156 1381 trucidandis?
3184 1316 3278 1397 ²⁰)
3346 1313 3554 1380 Cuius
3599 1314 4109 1394 crudelissimae,
4153 1326 4221 1382 et
4265 1327 4413 1399 post
4456 1315 4635 1382 homi·

631 1399 890 1486 fugisti:
936 1408 1016 1465 ut
1059 1419 1254 1482 quem
1300 1399 1431 1464 telo
1478 1396 1719 1464 adoriri
1765 1420 1896 1465 non
1941 1409 2218 1483 poteras,
2265 1419 2427 1465 voce
2473 1398 2597 1463 lin·
2699 1418 2816 1464 nes
2875 1411 3063 1465 natos
3117 1400 3562 1466 atrocissimae
3620 1401 4120 1483 conspirationis
4180 1411 4263 1479 te,
4318 1401 4506 1481 Besa,
4564 1424 4633 1468 ne

630 1506 891 1571 guaque
957 1484 1354 1551 vulnerares.
1480 1484 1836 1551 Testantur
1901 1485 2025 1551 hoc
2092 1491 2419 1552 venenata
2484 1483 2600 1549 illa
2701 1483 2861 1567 quid
2904 1487 3211 1564 mentiar,
3258 1486 3645 1570 principem,
3695 1484 4050 1553 Calvinum
4112 1488 4479 1566 authorem,
4522 1487 4633 1570 [sol.

631 1570 928 1638 carmina
994 1570 1075 1636 de
1141 1571 1381 1636 iuvene
1446 1568 1848 1655 presbytero,
1916 1570 2097 1636 molli
2155 1571 2457 1648 foemina,
2518 1569 2599 1635 de
2708 1567 2814 1657 17]
2892 1568 3435 1647 Ottomanum²¹)
3515 1571 4039 1656 subsignatorem
4066 1623 4081 1651 ,
4146 1571 4535 1656 Spifamium
4559 1574 4635 1650 ²²)

629 1657 853 1736 Anna,
908 1657 988 1721 de
1035 1657 1254 1722 Diana
1279 1659 1360 1736 ¹⁶)
1410 1661 1589 1733 (utor
1631 1657 1808 1723 enim
1854 1658 1983 1722 tuis
2029 1656 2266 1735 verbis,
2310 1677 2394 1722 ne
2440 1654 2596 1738 quid
2701 1675 3057 1738 suasorem,
3104 1678 3332 1724 omnes
3368 1655 3631 1723 Galliae
3674 1657 4039 1741 praedones
4084 1671 4150 1724 et
4192 1659 4468 1725 lanistas
4509 1678 4641 1724 eon·

629 1763 735 1808 me
782 1752 971 1826 putes
1014 1741 1450 1818 comminisci)
1495 1763 1661 1824 quae
1719 1741 1983 1825 quidem
2031 1743 2161 1807 tuis
2204 1739 2599 1808 satellitibus
2702 1742 2872 1806 scios
2908 1741 3113 1808 fuisse
3155 1744 3481 1827 profiteor,
3518 1756 3862 1827 praeterea
3899 1742 4085 1828 (audi
4120 1743 4639 1828 quemadmodum

628 1850 661 1893 s
750 1826 1016 1978 rgenda,
1074 1827 1260 1912 quasi
1314 1826 1580 1893 hamata
1642 1827 1774 1893 tela
1816 1826 2138 1894 vibranda
2180 1827 2598 1913 suggerebas.
2701 1826 2961 1910 loquor)
3005 1838 3344 1911 praeterea
3388 1830 3719 1900 neminem
3762 1830 4089 1895 insimulo.
4180 1831 4276 1896 At
4310 1831 4483 1914 Regi
4515 1852 4643 1914 par-

628 1847 779 1995 (ἕιῗο
868 1934 1065 1998 quam
1110 1934 1243 1979 non
1287 1913 1478 1979 modo
1522 1932 1562 1976 a
1606 1912 1991 1979 Christiano
2035 1913 2319 1992 doctore,
2365 1912 2481 1979 sed
2518 1912 2599 1978 ab
2702 1912 3039 1979 cebamus:
3126 1914 3335 1999 Regis
3383 1914 3787 1981 consiliarios
3846 1927 3912 1982 et
4037 1916 4278 1982 atiosos
4324 1917 4643 2000 Principes

626 1998 894 2066 homine
931 1997 1204 2066 barbaro
1240 2000 1329 2064 sit
1363 1998 1676 2078 alienum,
1715 1997 1890 2065 haud
1929 1999 2124 2066 dubie
2157 1998 2598 2084 cognovisses,
2702 1999 3157 2066 tantummodo
3222 2001 3706 2084 appetebamus.
3819 1999 3949 2067 Ore
3997 2022 4055 2079 o,
4122 2022 4270 2069 cum
4338 2003 4413 2067 in
4462 2001 4645 2087 Regis

628 2085 686 2151 si
744 2085 898 2168 quid
957 2084 1275 2151 modestia
1335 2085 1633 2168 imperet,
1691 2084 1850 2168 quid
1910 2084 2058 2150 iura
2111 2085 2396 2162 iubeant,
2442 2081 2599 2168 quid
2701 2083 2907 2151 oculis
2953 2095 3020 2149 et
3062 2084 3337 2168 pedibus
3372 2085 3591 2151 sicarii
3638 2086 3986 2153 benevolos
4022 2089 4164 2153 eius
4199 2097 4265 2153 et
4302 2086 4469 2153 fidos
4498 2087 4645 2154 Pro·

626 2169 934 2237 Christus
958 2169 1243 2248 mandet,
1289 2170 1441 2254 quid
1483 2170 1696 2237 civilis
1719 2170 2058 2237 hominum
2083 2170 2359 2237 societas
2384 2169 2599 2253 requi·
2699 2191 2881 2236 ceres
2924 2180 3309 2249 mactarent,
3355 2171 3555 2237 iidem
3599 2193 3637 2236 a
3680 2172 3887 2256 Regis
3930 2193 4200 2256 corpore
4244 2194 4483 2240 manus
4514 2194 4645 2240 san·

624 2265 748 2334 rat,
772 2276 1165 2341 cognoscere
1190 2276 1478 2340 unquam
1504 2255 1840 2323 voluisses.
1888 2255 2135 2332 Nescis,
2159 2256 2357 2334 Beza,
2383 2255 2597 2322 nescis
2697 2255 3120 2340 guinolentas
3176 2255 3662 2323 abstinuissent.
3769 2258 3872 2324 Ad
3930 2258 4092 2323 haec
4152 2261 4265 2342 qui
4324 2259 4509 2324 vobis

626 2362 760 2407 non
777 2341 988 2408 levius
1010 2362 1152 2409 esse
1175 2342 1520 2426 flagitium,
1545 2342 1791 2407 famam
1816 2342 2181 2419 hominum,
2204 2341 2449 2407 nedum
2468 2341 2597 2407 Re·
2700 2343 2831 2408 tius
2876 2342 3219 2425 Principes
3263 2341 3535 2410 caedere
3580 2343 3795 2420 liceat,
3839 2364 4004 2427 quos
4048 2344 4372 2411 Arcadius
4420 2359 4485 2409 et
4526 2280 4647 2409 ἐζ

625 2448 787 2512 gum
824 2436 891 2493 et
934 2428 1349 2510 optimatum,
1387 2426 1835 2494 maledicendo
1881 2438 1946 2493 et
1980 2427 2444 2494 calumniando
2483 2426 2595 2492 de·
2699 2427 2926 2493 norius
2969 2428 3385 2511 Imperatorii
3432 2429 3757 2514 Regiique
3816 2429 4104 2513 corporis
4159 2431 4460 2497 membra
4500 2452 4649 2495 nun·

704 2511 933 2590 culari,
990 2532 1187 2596 quam
1246 2532 1483 2579 manus
1539 2512 1865 2579 violentas
1926 2514 2189 2580 illorum
2247 2513 2448 2579 saluti
2500 2514 2594 2578 af·
2700 2514 2924 2596 cupari
2970 2521 3039 2578 et
3082 2535 3222 2579 esse
3261 2513 3674 2579 sanxerunt?
3766 2516 3907 2580 Aut
3950 2537 4067 2581 cur
4110 2517 4383 2581 omnino
4431 2515 4650 2582 Princi-

649 2597 836 2663 erre?
863 2619 1060 2683 quam
1081 2608 1306 2682 pectus
1328 2598 1460 2663 telo
1480 2598 1868 2665 confodere?
1890 2598 2595 2684 LegeIurisconsulto-
2701 2619 2818 2682 pes
2886 2598 3110 2677 liceat,
3177 2608 3245 2664 et
3309 2619 3422 2665 eos
3493 2600 3909 2684 potissimum
3975 2600 4323 2684 Principes
4346 2653 4363 2680 ,
4437 2602 4653 2685 quibus

626 2703 779 2749 rum
834 2704 1146 2768 responsa
1202 2682 1282 2750 de
1335 2684 1600 2749 famosis
1636 2683 1912 2751 libellis:
1972 2684 2115 2769 lege
2161 2686 2228 2750 in
2267 2705 2410 2750 eam
2456 2705 2598 2750 rem
2701 2704 2893 2750 nemo
2931 2704 3220 2768 unquam
3266 2685 3474 2750 hostis
3516 2684 3665 2762 fuit,
3710 2686 3869 2769 quin
3915 2685 4087 2751 idem
4124 2686 4297 2772 Regi
4340 2687 4651 2771 etRegno

624 2769 1145 2848 commentarios,
1202 2790 1364 2853 quos
1424 2790 1636 2853 nuper
1679 2771 1753 2835 in
1814 2768 2165 2836 Calvinum
2227 2769 2597 2836 doctissime
2702 2771 3054 2836 exitiosum
3101 2770 3345 2835 bellum
3390 2769 3748 2836 indixerit?
3842 2772 4009 2838 Dico
4046 2772 4330 2857 amplius
4379 2795 4496 2839 vos
4537 2792 4654 2837 non

623 2854 999 2922 Balduinus
1064 2855 1358 2939 scripsit:
1397 2855 1480 2938 ¹⁷)
1559 2865 1625 2921 et
1691 2855 1748 2920 si
1817 2856 1936 2932 vis,
2003 2854 2158 2939 quid
2228 2854 2594 2922 Christiani
2699 2856 2919 2921 minus
2976 2855 3101 2932 his,
3149 2877 3346 2939 quam
3394 2855 3544 2934 illis,
3590 2877 3790 2941 quam
3828 2857 4148 2942 Reginae,
4194 2880 4397 2942 quam
4444 2859 4654 2943 Regiis

625 2940 861 3007 deinde
907 2940 1244 3020 Caesares,
1301 2940 1464 3093 3ιιίἀ
1511 2939 1839 3019 Christus,
1899 2941 2060 3026 quid
2115 2940 2387 3025 apostoli
2441 2962 2595 3008 cen-
2701 2940 2943 3017 liberis,
2990 2961 3187 3024 quam
3231 2943 3649 3008 serenissimo
3683 2942 3858 3028 Regi
3895 2943 4252 3023 Navarrae,
4296 2966 4497 3028 quam
4530 2947 4656 3010 eius

624 3026 898 3106 suerint,
960 3028 1179 3094 animo
1226 3048 1299 3094 se
1346 3037 1456 3095 ato
1513 3026 1885 3094 considera:
1948 3027 2176 3108 disces,
2224 3037 2299 3094 ut
2342 3027 2595 3112 opinor,
2701 3025 3163 3094 illustrissimis
3221 3026 3537 3095 fratribus
3596 3029 3798 3095 fuisse
3841 3028 4149 3097 infensos.
4238 3031 4477 3097 Testes
4519 3043 4656 3097 sunt

624 3134 760 3178 non
805 3111 1280 3191 Christianum,
1327 3113 1441 3179 sed
1484 3114 1888 3197 Epicureum
1931 3135 2091 3193 esse,
2137 3115 2230 3180 ita
2271 3114 2593 3190 ferociter,
2701 3133 3019 3191 rumores,
3079 3114 3191 3196 qui
3256 3134 3296 3178 a
3340 3116 3577 3195 vestris
3638 3116 3878 3199 ubique
3944 3125 4175 3181 contra
4232 3139 4469 3183 eorum
4532 3137 4653 3183 om·

624 3199 721 3264 ita
765 3219 994 3282 aspere
1037 3199 1320 3283 optimos
1375 3218 1668 3283 quosque
1725 3199 2093 3265 maledictis
2139 3201 2360 3284 figere,
2407 3218 2595 3283 prae·
2700 3199 2902 3276 nium,
2945 3219 3105 3282 quos
3166 3200 3522 3277 nominavi,
3568 3200 4122 3267 existimationem
4166 3210 4232 3266 et
4271 3203 4655 3289 dignitatem

623 3286 855 3351 sertim
899 3305 1045 3352 cum
1091 3284 1171 3352 de
1224 3285 1396 3351 bona
1450 3284 1627 3351 fama
1670 3305 1805 3350 non
1864 3286 2082 3351 minor
2121 3306 2319 3368 quam
2364 3284 2445 3350 de
2491 3304 2594 3351 ca·
2700 3283 3109 3363 serebantur,
3155 3296 3339 3350 tanta
3398 3285 3746 3352 verborum
3792 3296 3860 3352 et
3902 3288 4349 3353 conviciorum
4396 3288 4653 3372 impuri·

623 3371 761 3454 pite
805 3370 1137 3438 contentio
1172 3370 1580 3454 suscipiatur.
1640 3371 1884 3437 Postea
1927 3372 2078 3437 Rex
2124 3370 2256 3451 ille,
2285 3374 2369 3447 ¹⁸)
2406 3371 2596 3438 cuius
2698 3378 2853 3447 tate,
2922 3378 2994 3435 ut
3061 3368 3141 3436 de
3207 3370 3427 3447 Peste,
3493 3371 3743 3452 Furiis,
3809 3370 4002 3452 Orco,
4070 3374 4450 3451 Centauris,
4511 3372 4657 3441 chi·

624 3455 923 3523 adversis
967 3457 1370 3523 successibus
1416 3456 1616 3540 impie
1660 3457 2008 3540 gestiebas,
2046 3456 2377 3540 prosperis
2421 3456 2595 3521 invi-
2696 3477 2938 3533 macra,
3005 3454 3645 3535 cacodaemonibus,
3715 3458 3796 3523 de
3855 3457 4007 3524 totis
4075 3457 4359 3542 denique
4430 3460 4656 3525 Inferis

625 3541 809 3608 diosc
853 3544 1221 3628 angebaris,
1278 3564 1362 3609 ex
1408 3542 1533 3608 hae
1577 3543 1715 3607 vita
1759 3543 1827 3607 in
1872 3543 2216 3609 beatorum
2260 3543 2593 3626 regionem
2696 3541 2994 3625 turpiora
3053 3542 3213 3627 fingi
3272 3552 3615 3625 nequeant,
3664 3564 3856 3627 quam
3906 3565 4075 3627 quae
4120 3546 4188 3610 in
4233 3544 4657 3629 praestantis-

623 3628 971 3711 migravit:
1039 3630 1230 3695 cuius
1296 3649 1471 3694 mors
1538 3640 1672 3693 tam
1741 3626 2045 3695 luctuosa
2112 3627 2266 3695 huic
2330 3627 2593 3712 populo,
2693 3629 2893 3693 simos
2938 3638 3007 3692 et
3048 3627 3492 3695 sanctissimos
3538 3628 3808 3695 huiusce
3831 3628 4102 3713 Imperii
4141 3630 4382 3698 heroas
4404 3642 4659 3717 gutture

625 3724 762 3779 tam
807 3714 1041 3781 acerba
1084 3716 1292 3792 sociis,
1347 3722 1486 3779 tam
1528 3713 1827 3780 barbaris
1874 3714 2071 3778 etiam
2115 3713 2339 3798 gravis
2387 3714 2593 3779 exsti-
2697 3714 2953 3796 patenti
3006 3714 3409 3780 evomuistis.
3513 3711 3648 3780 Sed
3704 3712 3821 3781 illa
3863 3726 4205 3798 praetereo
4251 3739 4335 3781 ne
4380 3719 4489 3783 vel
4532 3738 4659 3785 cas·

622 3799 725 3876 tit,
773 3808 845 3864 ut
898 3799 1069 3865 idem
1118 3800 1430 3877 tumulus,
1475 3800 1586 3882 qui
1631 3820 1869 3883 corpus
1915 3800 2057 3864 eius
2101 3798 2413 3877 contexit,
2459 3820 2593 3864 om·
2698 3809 2798 3864 tas
2843 3820 3035 3866 aures
3088 3799 3437 3879 offendere,
3495 3800 3605 3866 vel
3665 3802 3886 3866 minus
3932 3813 4381 3884 temperanter
4442 3824 4519 3871 ac
4560 3823 4659 3867 ve-

624 3886 812 3949 nium
864 3887 1162 3970 gentium
1221 3886 1559 3963 laetitiam,
1619 3887 1847 3964 otium,
1914 3885 2328 3951 concordiam
2396 3884 2590 3950 simul
2698 3883 2986 3950 recunde
3052 3896 3339 3950 vestram
3424 3884 3822 3951 calumniam
3889 3884 4206 3965 refellere,
4278 3888 4389 3954 vel
4452 3902 4659 3955 vestro

624 3971 925 4036 obruisse
983 3971 1303 4037 videatur.
1407 3972 1501 4035 At
1557 3971 1625 4036 in
1680 3970 1860 4036 luctu
1920 3971 2180 4054 publico
2227 3971 2324 4035 tui
2369 3982 2594 4036 tamen
2698 3990 2879 4035 more
2923 3991 3119 4054 cogar
3162 3970 3337 4054 loqui
3384 3970 3464 4035 de
3508 3970 3805 4057 Regibus
3848 3983 3915 4037 et
3959 3970 4415 4056 Optimatibus
4462 3976 4661 4056 impu·

622 4056 1171 4140 intemperantius
1215 4057 1640 4133 insolescunt,
1676 4055 2014 4122 exultant:
2103 4056 2358 4141 Regem
2405 4055 2594 4122 dicti·
2698 4056 2949 4121 denter.
3075 4056 3303 4122 Testes
3401 4070 3739 4139 praeterea
3838 4058 4162 4125 mendacii
4246 4058 4661 4143 inexpiabilis

627 4151 775 4207 tant
797 4142 969 4208 iusto
993 4140 1096 4208 dei
1119 4143 1270 4209 odio
1293 4163 1575 4219 caesum,
1599 4140 1788 4223 quod,
1813 4150 1890 4207 ut
1913 4141 2152 4219 hostes,
2177 4141 2441 4208 Calvini
2464 4141 2597 4207 dis-
2698 4152 2858 4205 sunt
2920 4142 3164 4206 infiniti
3230 4163 3488 4208 summa
3545 4143 3677 4209 fide
3741 4153 3805 4208 et
3872 4145 4241 4209 constantia
4310 4148 4441 4211 viri
4505 4146 4663 4212 Ger·

621 4226 877 4311 cipulos
952 4239 1487 4312 persequeretur:
1544 4228 1677 4292 imo
1737 4227 2149 4310 parricidam,
2187 4230 2270 4303 ¹⁹)
2336 4238 2595 4311 postea·
2698 4227 2898 4305 mani,
2935 4227 3045 4309 qui
3090 4248 3330 4304 coram,
3389 4248 3554 4310 quae
3598 4227 3835 4307 indice,
3872 4250 3943 4294 se
3989 4251 4119 4294 non
4164 4231 4244 4295 ab
4292 4232 4453 4299 aliis
4491 4230 4659 4297 audi·

2697 4312 2890 4389 visse,
2937 4311 3053 4378 sed
3098 4332 3138 4376 a
3180 4313 3369 4378 vobis
3416 4311 3738 4392 didicisse,
3777 4334 3925 4380 oum
3964 4336 4229 4381 necesse
4263 4319 4421 4391 erit,
4474 4318 4661 4382 veris—

2645 4400 2649 4469 1
2697 4400 2862 4463 sime
2918 4397 3421 4464 confirmabunt.
3527 4400 3755 4465 Testes
3801 4399 4079 4483 denique
4125 4400 4413 4467 Sturmii
4463 4404 4661 4468 homi·

805 4516 897 4583 15)
938 4516 1178 4572 Congum
1219 4534 1290 4571 m·
1335 4517 1562 4573 October
1598 4516 1734 4572 1557
1785 4516 2121 4573 wormatiae
2174 4525 2223 4573 σε
2274 4518 2590 4574 Emer,
2644 4512 2651 4583 Ξ
2699 4484 2800 4550 nis
2859 4483 3236 4563 (10οῐ18811111,
3300 4496 3364 4551 et
3422 4485 3491 4550 in
3547 4483 3910 4552 Germania
3966 4485 4473 4555 celebratissimi
4530 4488 4661 4553 llbe-

623 4604 730 4657 que
769 4585 1094 4721 (132111ῗέ
1132 4661 1428 4710 occurrunt
1484 4657 1544 4709 in
1581 4654 1762 4710 Besae
1812 4655 2167 4711 Poematn'bue
2220 4656 2398 4710 variis
2458 4656 2591 4710 Gen.
2644 4598 2649 4635 Ι
2767 4725 2777 4736 ,
2929 4724 2939 4735 ο
3026 4726 3035 4736 ⁶
3076 4724 3088 4735 .
4164 4730 4194 4739 ..

629 4722 779 4779 1597.
829 4724 881 4804 ‚⁴-
972 4724 1222 4806 ptanam
1277 4730 1536 4793 puta-nm
1597 4726 1865 4788 ruinosam
1919 4726 2070 4779 ellam
2124 4723 2356 4778 duorum
2409 4740 2595 4794 requam
2644 4732 2650 4797 ξ
2694 4723 2863 4793 ρῑιαπι
2916 4729 3121 4805 gueint,
3174 4730 3223 4777 et
3279 4723 3358 4777 ad
3414 4739 3579 4779 sacro
3632 4725 3933 4807 ref-ormam
3987 4730 4229 4808 transm.
4302 4728 4377 4779 Δ.
4432 4724 4568 4779 1569
4610 4741 4661 4775 u·

621 4795 924 4929 Δψωῖἳῗ
947 4808 1228 4944 gtimss‘ges
1274 4861 1343 4914 de
1393 4862 1611 4915 famosis
1661 4861 1858 4944 libellis
1905 4867 1962 4915 et
2009 4862 2078 4915 de
2114 4862 2596 4944 calumniatoribus
2644 4804 2651 4931 Ξ
2696 4794 2870 4925 ῗξιίιεοεο
2884 4792 3286 4942 {ligandi-531
3288 4797 3803 4944 ἵσιῖζέῖἕπῖηὴυω
3860 4802 4148 4945 want·
4240 4793 4293 4848 G
4552 4810 4661 4847 m

623 4938 1049 4987 commentarius
1089 4932 1212 4984 Par.
1251 4928 1401 4984 1562.
1438 4929 1487 4984 4.
1526 4959 1592 4969 —
1635 4928 1854 4985 Calvum
1893 4929 2324 4999 Responstonem
2371 4932 2470 4985 tib·
2504 4948 2594 4986 ex·
2868 4928 2963 4996 20)
3011 4930 3333 4985 Gomaraaew
3380 4930 3736 4986 Ambo-amna.
3831 4931 4121 4987 Calvinum
4173 4940 4223 4987 et
4264 4950 4403 4987 suos
4452 4934 4525 4987 ab
4574 4933 4661 4985 het

627 5002 903 5056 habuimus
945 5000 1082 5068 Opp.
1131 4999 1188 5054 Τ.
1229 4999 1338 5055 IX.
1400 4999 1639 5070 &quatu
1675 5005 1752 5054 est
1773 4998 2049 5054 Balduini
2083 4999 2386 5069 Responsio
2423 5000 2597 5054 altera
2697 5000 2924 5055 crimine
2961 5014 3017 5053 sc
3048 5014 3318 5068 puryasse
3352 5013 3450 5053 suo
3487 4999 3601 5055 loco
3636 5001 3829 5068 legisti.

633 5070 700 5122 sd
739 5070 783 5123 1.
823 5070 882 5122 C.
921 5068 1001 5121 Id.
1041 5069 1137 5122 lul.
1183 5068 1334 5123 1562.
2644 5100 2649 5127 .
2868 5072 2883 5093 ‘
2908 5068 2933 5120 1
2997 5067 3064 5121 de
3096 5067 3199 5122 hoc
3233 5066 3403 5122 adeas
3440 5071 3675 5122 maxime
3711 5067 3946 5123 Stamii
3980 5069 4357 5139 Philippica-s
4398 5069 4481 5125 N.
4516 5066 4647 5123 Μ

807 5136 892 5199 18)
933 5138 1211 5192 Henm'cus
1243 5136 1332 5193 11.
2868 5136 2937 5189 22
3002 5136 3171 5191 Hunc
3217 5140 3493 5191 conscium
3537 5138 3713 5202 luisse
3756 5137 3947 5192 nerito
3995 5138 4439 5193 addubitem.
4542 5136 4659 5191 Vde

807 5206 897 5271 19)
934 5205 1132 5261 Inuuit
1170 5205 1454 5287 Gelu-..de
1493 5206 1874 5276 Montqonery
1917 5221 1954 5259 α
2002 5221 2108 5275 quo
2142 5221 2250 5287 rex.
2277 5206 2597 5261 vulneratus
2644 5174 2649 5251 Ῐ
2697 5206 2764 5288 ἅς
2810 5221 2871 5261 eo
2964 5222 2991 5259 e
3030 5204 3355 5261 choureur
3398 5207 3475 5261 ad
3514 5208 3674 5260 Μέση.
3722 5206 3789 5262 ae
3829 5207 4119 5263 Castelnau
4168 5208 4235 5262 11.
4284 5206 4371 5261 49.
4456 5205 4657 5275 Pop*-

627 5276 834 5341 fuemt.
909 5275 971 5328 Is
1029 5282 1220 5344 postea
1264 5276 1572 5346 relmquere
1617 5275 1800 5330 aulam
1856 5282 2074 5331 coactus
2109 5273 2337 5330 Italiam
2387 5280 2439 5330 ct
2476 5275 2594 5329 An·
2642 5280 2649 5323 1
2696 5275 2846 5331 nubre
2878 5277 2919 5339 f.
2962 5272 3078 5327 138.
3115 5272 3231 5330 333.
