4900 6125
555 360 686 425 2⁰⁶1

555 546 730 613 tiens
795 543 1058 611 domino
1111 541 1238 608 hoe
1486 541 1723 607 ’ttente
1776 539 2156 624 impedisset
2217 540 2516 626 proposi·

557 639 726 698 tum.
833 628 1218 697 Clarissimo
1325 627 1561 707 omine,
1623 625 1845 711 legere
1909 631 2015 691 est
2074 625 2275 692 etiam
2340 624 2518 727 apud

557 715 926 783 fabulosam
1013 720 1419 780 vetustatem
1512 713 1742 797 magni
1827 712 2242 778 aestimatam
2315 712 2519 779 fuisse

558 800 1026 869 beneficiorum
1083 797 1583 865 retributionem
1624 816 1703 864 ao
1759 797 2129 882 graciarum
2171 796 2518 865 actionem.

557 886 738 954 Nam
813 884 1146 952 Hesiodus
1209 894 1348 950 tres
1412 884 1564 951 fecit
1627 882 1829 949 etiam
1892 884 2164 967 gracias,
2237 883 2519 969 Aglaien,

559 971 1056 1057 Bnphrosinam
1111 974 1180 1036 et
1223 969 1544 1036 Thaliam.
1633 968 1969 1035 Homerus
2019 989 2222 1034 unam
2274 987 2359 1034 ex
2413 969 2522 1034 his

557 1057 922 1125 Pasithean
976 1055 1266 1142 appellat
1324 1064 1521 1139 atque
1575 1054 1711 1120 illis
1773 1055 2191 1120 matrimonio
2254 1053 2518 1121 addicit.

558 1143 956 1227 Respiciunt
997 1164 1068 1209 se
1109 1141 1396 1209 invicem
1430 1139 1792 1225 complexis
1826 1137 2081 1205 dextris
2123 1147 2199 1205 ut
2239 1139 2521 1206 redditio

558 1228 1030 1297 beneficiorum
1071 1236 1350 1293 notetur.
1428 1226 1726 1292 Hillares
1767 1234 1930 1292 sunt
1970 1224 2144 1291 sicut
2176 1225 2410 1292 dantes
2454 1234 2523 1292 et

561 1314 986 1414 accipientes:
1033 1322 1372 1396 praeterea
1412 1312 1728 1396 virgines,
1785 1310 1960 1395 qnod
2001 1312 2145 1379 sine
2188 1313 2328 1395 spei
2370 1332 2523 1379 oon-

560 1408 864 1484 ceptione
907 1397 1129 1477 detur,
1187 1397 1485 1464 vestibus
1542 1397 1897 1463 fluentibus
1947 1404 2018 1464 et
2066 1396 2307 1463 lucidis
2347 1397 2521 1480 quod

562 1488 708 1553 sine
766 1484 1160 1570 obligatione
1216 1483 1488 1550 alterius
1545 1491 1661 1548 aut
1716 1482 2112 1567 obligatione
2155 1481 2517 1549 tribuatur:

563 1571 845 1656 denique
889 1572 1160 1636 iuvenes
1191 1569 1347 1653 quia
1388 1590 1522 1635 non
1567 1567 1726 1634 dent
1767 1568 2227 1634 beneficiorum
2271 1588 2522 1633 memo·

564 1659 666 1724 ria
685 1664 721 1697 ⁸
764 1676 1117 1723 senescere.
1199 1656 1365 1721 Tres
1407 1662 1580 1732 sunt,
1633 1654 2160 1738 promerencium
2213 1652 2525 1721 videlicet

564 1756 632 1809 et
675 1741 1094 1810 reddentium
1138 1750 1205 1807 et
1258 1741 1599 1807 amborum
1641 1739 1857 1817 simul,
1916 1739 2029 1823 qui
2079 1748 2267 1824 grate
2323 1740 2523 1806 bene-

562 1830 788 1895 ficium
846 1827 1082 1911 accipit
1135 1828 1425 1912 primum
1482 1826 1626 1891 eius
1690 1826 2067 1908 pensionem
2135 1825 2350 1892 solvit.
2439 1825 2523 1891 In

568 1936 850 1993 summa,
895 1922 971 1978 ut
1013 1914 1298 1979 comicus
1341 1918 1642 1989 testatur,

891 2032 1236 2117 Ἄχᾶριστος
1278 2027 1442 2105 ’ὅστις
1487 2021 1555 2094 εὖ
1595 2029 1822 2094 παθῶν
1864 2031 2196 2110 ἀμνημονεῖ.

741 2168 816 2235 Si
877 2169 1081 2253 igitur
1137 2166 1315 2233 fideli
1370 2166 1774 2250 praeceptori
1831 2166 2052 2249 aliqua
2094 2165 2366 2232 debetur
2407 2167 2525 2233 ob-

567 2255 921 2334 servantia,
965 2261 1033 2318 et
1066 2252 1323 2337 parenti
1366 2253 1648 2336 propitio
1692 2253 1909 2317 tenuis
1955 2252 2307 2335 gratitudo,
2352 2252 2526 2336 quod

568 2363 748 2408 nunc
785 2348 884 2405 est
919 2339 1442 2415 usitatissimum,
1487 2337 1599 2421 qui
1641 2338 1736 2402 ita
1770 2347 1871 2401 est
1905 2338 2221 2404 sollicitus
2257 2336 2337 2404 de
2374 2360 2526 2403 suo-

569 2448 720 2492 rum
779 2425 991 2492 salute
1048 2434 1125 2489 ut
1181 2422 1348 2489 nihil
1392 2422 1475 2487 ad
1533 2421 1821 2487 laborem
1881 2423 2218 2489 assiduum
2280 2424 2525 2507 requiri

569 2513 796 2598 possit,
854 2511 993 2587 tibi,
1045 2510 1166 2575 tibi
1224 2511 1511 2591 inquam,
1566 2508 1671 2574 vir
1728 2508 2152 2583 observande,
2209 2509 2390 2574 natio
2449 2531 2526 2576 ac

615 2619 734 2664 ens
798 2594 1188 2661 Pannonica
1251 2594 1376 2659 hoc
1439 2595 1584 2658 iure
1650 2592 1875 2659 divino
1941 2596 2178 2659 merito
2242 2593 2524 2660 deberet.

626 2680 913 2767 iquidem
971 2702 1091 2764 per
1146 2680 1483 2745 heroicum
1529 2678 1874 2744 liutherum
1926 2678 2306 2745 inchoatum
2360 2701 2527 2762 opus

570 2790 691 2854 per
754 2768 1031 2833 eandem
1066 2770 1123 2844 ί)
1184 2776 1285 2830 est
1348 2764 1666 2829 divinitus
1731 2764 2118 2830 absolutum.
2208 2763 2528 2849 Disputa-

571 2856 786 2921 tiones
842 2871 1000 2917 vero
1062 2870 1361 2934 peracres
1417 2849 1602 2915 fuere
1657 2848 1738 2915 de
1791 2858 2237 2917 sacramento:
2303 2860 2531 2916 tamen

570 2943 668 3006 ita
720 2946 876 3006 sunt
933 2946 1167 3022 pacata
1223 2934 1518 3001 omnium
1577 2934 1846 3020 ingenia
1899 2956 1983 3000 ex
2037 2936 2270 3000 ultima
2312 2935 2395 3001 V.
2442 2937 2528 3002 R.

571 3024 1020 3093 admonitione
1065 3022 1149 3088 ad
1209 3020 1409 3088 Vestlz.
1432 3025 1489 3096 ²)
1533 3029 1610 3087 ut
1652 3021 1827 3087 idem
1875 3022 2120 3088 sentire
2163 3020 2530 3088 videantur.

572 3112 897 3178 Doctrina
950 3106 1563 3194 praedestinationis
1620 3117 1690 3174 et
1755 3107 1942 3173 liberi
2010 3107 2263 3173 arbitrii
2329 3107 2531 3172 etiam

572 3197 890 3282 placitum
915 3199 948 3234 '⁵
994 3194 1333 3260 habuisset
1389 3212 1674 3270 cursum,
1731 3193 1929 3258 modo
1973 3213 2057 3257 ne
2100 3192 2533 3258 Staneharico

574 3283 883 3368 dogmate
931 3280 1168 3346 fnisset
1211 3279 1562 3344 turbatum.
1649 3279 1893 3345 Parem
1941 3279 2232 3362 graciam
2282 3278 2533 3344 referre

574 3368 782 3436 eciam
823 3367 882 3432 si
927 3366 1091 3432 velit
1132 3373 1358 3430 nostra
1409 3363 1693 3430 lacerata
1731 3364 2077 3430 Pannonia
2117 3384 2236 3448 pro
2278 3365 2533 3431 meritis

574 3453 870 3521 eiusdem
915 3452 1174 3517 eximiis
1216 3471 1351 3516 non
1395 3451 1615 3533 possit,
1663 3471 1782 3516 nec
1821 3449 2002 3515 valet
2046 3449 2200 3532 qnid
2242 3450 2371 3516 nisi
2413 3470 2535 3533 per

573 3560 817 3625 preces.
907 3537 1003 3605 Ut
1070 3550 1292 3603 tamen
1356 3555 1440 3600 an
1567 3539 1660 3600 tia
1722 3536 2038 3618 temporis
2101 3543 2171 3600 et
2242 3537 2533 3601 tenuitas

574 3633 802 3693 nostra
843 3623 1157 3706 permisit,
1218 3629 1333 3687 aut
1484 3629 1618 3686 tem
1673 3621 1745 3685 in
1786 3621 1978 3687 unico
2029 3620 2373 3686 individuo
2417 3643 2533 3687 ex·-

575 3712 871 3796 periatur
935 3707 1164 3775 eadem
1227 3727 1424 3792 quam
1483 3707 1617 3773 scio
1681 3706 1959 3773 eandem
2023 3727 2155 3772 non
2221 3715 2535 3790 expetere

701 3794 1005 3861 titudinis
1057 3793 1409 3877 specimen,
1465 3792 1767 3876 precibus
1819 3813 1980 3858 vero
2034 3813 2373 3875 nunquam
2421 3790 2537 3856 de·

607 3889 799 3948 utura
836 3888 937 3946 est
954 3879 1321 3957 Pannonia,
1365 3878 1494 3944 nisi
1530 3900 1649 3963 per
1682 3898 1920 3944 manus
1943 3879 2027 3943 D.
2054 3877 2268 3943 Iaooln'
2302 3876 2536 3942 biblio-

578 3968 765 4053 polae
811 3964 1165 4032 earnndem
1211 3964 1291 4029 V.
1330 3965 1414 4030 R.
1458 3984 1728 4030 auream
1772 3971 2101 4031 monetam
2158 3963 2318 4029 satis
2363 3962 2536 4028 anti-

578 4075 776 4138 quam
832 4050 1301 4137 ponderantem
1357 4054 1396 4113 2
1453 4050 1798 4134 ungaricos
1854 4058 1921 4115 et
1973 4048 2283 4115 medium.
2374 4047 2537 4113 Bal-

578 4148 764 4205 teum
829 4159 906 4204 ac
969 4135 1329 4221 cingulum,
1387 4135 1637 4202 coclear
1699 4156 1906 4200 unum
1965 4143 2033 4200 et
2094 4133 2537 4218 strophiolum

577 4247 707 4311 quo
741 4223 1046 4289 sudorem
1081 4229 1442 4287 navantem
1477 4241 1742 4303 operam
1773 4219 2155 4306 diligentem
2190 4220 2258 4284 in
2295 4218 2537 4286 divinis

580 4309 809 4378 eadem
873 4310 1228 4393 abstergat.
1318 4307 1575 4372 Verum
1641 4315 1710 4372 et
1764 4307 1847 4372 D.
1897 4306 2111 4372 Bonae
2171 4304 2353 4384 misi,
2419 4303 2539 4370 sed

580 4396 761 4482 optio
807 4396 934 4461 erit
975 4414 1180 4478 penes
1221 4393 1305 4458 V.
1341 4394 1425 4459 R.

753 4481 849 4550 Ut
889 4482 1112 4564 itaque
1153 4479 1376 4564 paucis
1423 4480 1864 4563 perstringam
1907 4497 2028 4543 nec
2081 4483 2266 4542 tanto
2311 4474 2537 4541 divino

583 4570 1228 4736 ’ἐθεὲῗοιιῖῗὲἕῖΐα
1242 4565 1631 4716 imm
1659 4561 2538 4731 fflffimffizoffi‘

583 4753 788 4806 tatem
831 4737 1063 4805 dextre
1117 4735 1396 4821 accipiat
1435 4745 1505 4800 et
1545 4734 1942 4800 munuscula
1995 4734 2133 4798 sint
2172 4732 2384 4798 eidem
2428 4754 2538 4798 ae·

585 4833 794 4925 cepta,
858 4823 972 4908 qni
1037 4823 1258 4888 dantis
1321 4820 1548 4905 pocius
1608 4820 1906 4887 animum
1963 4819 2286 4902 inspiciat.
2390 4817 2539 4885 Hoc

587 4910 795 4996 igitur
837 4930 1043 4976 unum
1091 4908 1285 4974 anxie
1326 4927 1558 4991 precor
1597 4907 1680 4971 V.
1716 4907 1800 4972 R.
1847 4913 1921 4973 ut
1972 4925 2092 4989 pro
2135 4925 2257 4970 sua
2297 4904 2541 4988 pietate

585 4993 902 5063 concedat
942 5004 1010 5060 et
1042 4994 1258 5061 oranti
1293 4990 1602 5059 exhibeat
1641 5011 1714 5058 se
1757 4988 2184 5057 exorabilem:
2231 4990 2385 5075 quia
2419 5010 2541 5057 nec

589 5199 862 5336 'cong
893 5199 1012 5322 ‘leva’
1055 5198 1116 5253 V.
1156 5198 1230 5253 Β.

2072 348 2604 427 ΕΡΙΒΦΟΒΑΕ
2643 354 3064 420 sesa—3671

4442 354 4561 417 208

2617 541 2983 610 Germania
3024 561 3149 609 nee
3181 542 3478 621 Polonia,
3521 562 3645 609 nec
3684 539 3866 608 alind
3901 539 4115 606 ullum
4156 558 4437 623 regnum
4474 542 4565 606 ita

2617 635 2722 694 est
2761 629 3011 696 sontico
3056 626 3361 714 dogmate
3403 627 3727 694 machari
3752 630 3812 703 ⁸)
3854 626 4171 692 infectum
4212 634 4290 690 ut
4330 625 4565 693 misera

2618 712 2982 793 Pannonia,
3036 716 3337 782 consulat
3390 713 3620 780 eadem
3664 712 3862 779 saluti
3898 711 4290 778 Pannoniae
4331 710 4568 794 alioqui

2616 801 2780 867 satis
2823 799 3122 868 afflictae.
3209 800 3387 867 Nam
3428 798 3783 866 autoritate
3831 796 4127 865 eiusdem
4164 806 4233 862 et
4275 794 4568 864 Helveti-

2619 906 2845 953 eornm
2886 885 3222 953 doctorum
3265 894 3407 952 tota
3446 906 3627 952 nunc
3668 884 3909 950 nititur
3950 883 4321 949 Pannonia.
4401 882 4572 949 Vere

2619 992 2776 1039 vere
2828 993 2962 1038 non
3015 972 3144 1039 erit
3205 972 3436 1039 irritus
3491 980 3561 1037 et
3612 970 3870 1035 inutilis
3929 967 4117 1036 labor
4173 969 4246 1034 in
4310 968 4568 1035 domino

2618 1057 2917 1124 eiusdem
2975 1057 3048 1123 in
3092 1057 3457 1124 Pannonia.
3548 1058 3691 1123 Ant
3751 1055 3989 1121 saltem
4052 1054 4283 1120 folium
4348 1054 4575 1121 emitat

2620 1150 2853 1210 contra
2903 1142 3311 1209 macharum
3371 1143 3443 1210 in
3497 1141 3874 1209 Pannonia:
3940 1141 4069 1207 erit
4129 1139 4573 1225 gratissimum

2620 1249 2867 1295 munus
2921 1229 3227 1296 omnibus
3267 1230 3396 1314 piis
3448 1228 3835 1315 symmystis
3888 1226 4178 1311 egregiis
4220 1235 4290 1293 et
4330 1226 4574 1291 Barro-

2621 1315 2837 1381 nibus.
2925 1315 3053 1381 Est
3108 1315 3495 1398 praesertim
3550 1311 3818 1397 qnidam
3860 1313 4096 1390 Barro,
4155 1312 4356 1378 homo
4412 1310 4578 1377 mili·

2622 1400 2807 1479 taris,
2851 1402 2965 1484 qui
3007 1410 3237 1467 eontra
3257 1402 3541 1466 'furcam
3575 1420 3696 1484 pro
3730 1419 3923 1465 muro
3958 1398 4227 1465 habitus
4270 1410 4374 1464 est
4406 1398 4579 1463 intra

2622 1486 3015 1553 decennium
3055 1487 3130 1551 in
3173 1506 3324 1551 arce
3357 1486 3659 1565 finitima,
3693 1484 3957 1568 Gaspar
3980 1483 4331 1567 Maqoccki.
4368 1503 4581 1550 comes

2706 1584 2978 1656 rpetuus
3012 1572 3363 1639 comitatus
3385 1572 3674 1649 Thorna,
3718 1572 3830 1653 qui
3866 1584 3934 1634 et
3956 1570 4292 1637 Ecclesiae
4325 1588 4581 1634 summo

2692 1659 2847 1725 bore
2898 1657 3170 1725 consilio
3227 1669 3295 1723 et
3353 1657 3599 1723 auxilio
3653 1676 3915 1741 semper
3958 1664 4025 1721 et
4068 1653 4281 1721 adfuit
4322 1662 4393 1721 et
4433 1674 4583 1737 pro-

2624 1745 2765 1810 fuit.
2856 1744 3047 1811 Licet
3090 1742 3578 1810 Fordinandum
3638 1744 3903 1821 serviat,
3970 1740 4409 1807 nihilominus
4472 1741 4583 1805 fir-

2624 1830 2821 1896 miter
2868 1840 3003 1897 stat
3055 1838 3123 1895 et
3175 1831 3391 1914 pergit
3444 1830 3519 1893 in
3573 1850 3697 1896 sua
3750 1827 4031 1894 statione
4076 1838 4141 1892 et
4184 1825 4420 1894 stadio.
4509 1825 4587 1893 Si

2624 1916 2854 1982 iuditio
2921 1915 3002 1981 V.
3067 1916 3151 1981 R.
3216 1915 3373 1981 huic
3449 1913 3778 1981 dicaretur
3855 1914 4175 1997 seriptum
4250 1910 4584 1997 pagellum

2624 2014 2856 2069 contra
2887 2001 3309 2076 stanam-um,
3355 2002 3527 2066 foret
3558 2000 3793 2066 maiori
3826 1999 4095 2064 utilitati
4137 1997 4349 2065 tocius
4408 1996 4585 2064 Pan·

2625 2088 2877 2154 noniae.
2966 2088 3185 2153 Homo
3228 2088 3409 2152 enim
3454 2108 3610 2153 vere
3654 2087 3819 2152 bene
3864 2083 4141 2151 meritus
4182 2092 4285 2150 est
4329 2082 4415 2149 de
4458 2084 4585 2149 Eo·

2625 2174 2841 2240 elesia.
2945 2175 3139 2239 Hune
3210 2173 3416 2257 igitur
3480 2171 3682 2237 velim
3759 2170 3972 2237 eidem
4050 2168 4586 2236 commendatum

2626 2280 2789 2326 esse.

2796 2345 3144 2411 Postremo
3202 2353 3380 2426 peto,
3436 2342 3629 2408 liceat
3684 2342 3850 2408 mihi
3904 2342 4259 2426 impetrare
4316 2359 4589 2406 manum

2627 2440 2889 2498 vestrae
2930 2431 3014 2495 R.
3060 2428 3228 2513 pecii
3271 2429 3333 2495 d.
3380 2428 3676 2495 Iacobum
3717 2440 3795 2493 ut
3836 2429 4158 2510 acciperet
4200 2438 4270 2493 et
4311 2426 4591 2493 aliorum

2628 2517 2971 2583 doctorum
3014 2515 3527 2583 Genevensium.
3603 2513 3791 2580 Deus
3834 2514 4110 2580 deornm
4153 2514 4306 2596 pius
4352 2512 4590 2597 guber-

2629 2610 2824 2667 nator
2866 2600 3039 2667 adsit
3080 2622 3241 2667 suae
3284 2600 3620 2667 Ecclesiae
3672 2612 3743 2666 et
3783 2600 4126 2666 columnas
4169 2619 4444 2665 suarum
4487 2618 4590 2663 ec·

2630 2687 2979 2754 elesiarum
3023 2686 3138 2752 diu
3180 2687 3369 2754 nobis
3422 2698 3492 2752 et
3546 2686 3669 2751 toti
3722 2686 3865 2752 orbi
3919 2685 4283 2752 christiano
4326 2703 4591 2750 conser-

2633 2781 2750 2839 vet
2799 2782 2868 2838 et
2920 2772 3216 2839 eiusdem
3271 2773 3530 2837 animae
3583 2783 3653 2838 et
3694 2772 3985 2855 corporis
4028 2771 4205 2837 vires
4245 2776 4590 2839 sustentet.

2632 2858 3033 3009 {itabergae
3106 2859 3178 2923 in
3254 2859 3422 2924 festo
3487 2856 3560 2925 S.
3618 2856 3947 2941 Stephani
4026 2857 4341 2940 martyris
4422 2875 4594 2920 anno

2680 2945 2885 3010 omini
2926 2949 3109 3009 1561.

3111 3082 3393 3148 Vestrae
3436 3082 3871 3147 Reverentiae
3914 3079 4213 3147 addictus
4255 3078 4594 3145 studiosus

3208 3174 3276 3233 et
3317 3172 3642 3235 scrutator
3684 3166 3951 3232 divinae
3995 3167 4141 3233 viae
4182 3174 4510 3233 ostensae.

3420 3253 3818 3319 Franciscus
3861 3251 4299 3336 Καπροφόπης

3092 3340 3310 3423 patria
3352 3338 3857 3406 Orasznananus
3902 3340 4167 3403 natione
4202 3338 4591 3403 Pannonus.

3512 3846 3715 3919 367⁰.

3126 4019 3600 4087 GALVINUS
3644 4016 4110 4086 PARELLO.

2810 4194 3083 4278 Auinqs't
3123 4192 3313 4258 obiter
3350 4211 3457 4258 res
3503 4190 3793 4258 Gallim
3832 4196 3893 4256 et
3937 4190 4396 4257 Neoeomenses.

2636 4368 2963 4436 (Exemplar
3007 4363 3152 4419 Bibl.
3205 4367 3486 4432 pastorum
3532 4361 3982 4417 Neooomensium
4033 4362 4380 4415 amanuensis
4433 4378 4599 4416 manu

2638 4439 2903 4507 seriptum
2948 4450 3071 4488 cnm
3118 4431 3327 4485 subscri
3368 4431 3518 4485 tione
3569 4430 3923 4501 autographa,
3976 4430 4076 4484 sed
4126 4447 4196 4484 ex
4246 4435 4408 4500 parte
4462 4445 4599 4500 prae

3028 4507 3304 4556 vetustate
3358 4516 3590 4554 acerum.
3632 4529 3694 4539 —
3732 4500 3943 4554 Perrot.
3982 4517 4034 4569 p.
4073 4497 4219 4566 133.)
