4900 6125
618 418 746 482 60⁷

615 602 823 669 lacum
865 608 1184 678 nostrum,
1229 620 1313 666 ne
1357 619 1651 683 unquam
1694 598 1980 667 scribere
2024 597 2357 664 desinatis.
2447 597 2589 662 Vix

617 686 881 754 creditis
939 693 1337 770 quantopere
1405 695 1661 752 vestras
1718 686 1943 751 literas
1997 682 2463 762 desideremus,
2520 693 2591 748 et

617 794 771 841 cum
840 772 1047 838 animi
1090 770 1500 857 gratitudine
1543 771 1960 856 accipiamus.
2052 770 2113 834 N
2116 791 2199 835 on
2237 766 2591 836 admodum

615 860 811 925 firma
854 879 1032 925 nunc
1076 878 1225 923 sum
1272 858 1650 924 valetudine
1693 866 1983 922 attamen
2034 854 2150 921 diu
2194 863 2261 921 et
2303 854 2591 920 multum

615 944 980 1030 perquisivi
1031 941 1189 1027 quid
1231 943 1509 1010 habeam
1554 965 1777 1010 rerum
1823 951 2106 1008 tuarum.
2201 942 2373 1007 Nam
2417 939 2590 1006 nihil

616 1029 890 1115 perinde
952 1029 1187 1095 vellem
1239 1051 1442 1113 quam
1498 1039 1572 1095 ut
1627 1027 1877 1112 aliquid
1918 1026 2347 1111 responderes
2396 1025 2586 1092 Stan-

616 1136 781 1183 οπο.
840 1114 978 1182 Sed
1014 1116 1327 1200 fatigatus
1350 1115 1653 1200 diligenti
1682 1114 2173 1198 perquisitione,
2212 1111 2375 1177 nihil
2407 1109 2590 1176 aliud

616 1202 847 1267 inveni
891 1221 1091 1287 quam
1135 1202 1308 1285 quod
1364 1202 1434 1267 in
1493 1202 1822 1286 praesenti
1882 1200 2086 1265 mitto.
2169 1197 2307 1266 Oro
2366 1207 2589 1264 autem

616 1297 693 1355 ut
754 1288 1072 1354 remittas.
1172 1287 1345 1353 Nam
1410 1297 1525 1353 tua
1583 1286 1745 1352 mihi
1799 1285 2283 1352 communicata
2338 1282 2589 1349 dudum

618 1375 860 1442 remisi.
961 1373 1152 1440 Tunc
1207 1372 1371 1440 haec
1418 1372 1843 1440 exscribenda
1903 1372 2149 1437 curavi.
2239 1369 2394 1435 Alia
2453 1388 2591 1434 non

619 1459 847 1541 habeo,
894 1480 1015 1525 nec
1059 1459 1192 1525 scio
1235 1456 1410 1543 quod
1443 1479 1738 1543 unquam
1774 1458 2127 1541 quidquam
2173 1454 2254 1521 de
2299 1454 2594 1522 Stancari

617 1545 815 1612 rebus
858 1544 1105 1629 aliquid
1147 1543 1232 1610 ad
1268 1566 1373 1610 me
1415 1544 1690 1611 miseris.
1749 1548 1854 1609 24.
1900 1542 2296 1609 Novembris
2341 1540 2592 1607 electus

620 1639 722 1698 est
767 1632 835 1696 in
872 1631 1129 1715 Regem
1182 1631 1634 1696 Romanorum
1682 1628 2197 1707 maximilianus,
2241 1637 2592 1694 coronatus

620 1721 703 1783 29
752 1716 1064 1782 eiusdem.
1156 1716 1367 1782 Missa
1401 1716 1642 1782 dicitur
1676 1737 1754 1782 eo
1801 1715 2041 1799 legatio
2087 1714 2385 1792 Tareina,
2423 1733 2591 1797 quae

618 1804 820 1869 iactat
862 1802 1228 1869 'furcarum
1278 1802 1753 1885 Imperatorem
1802 1800 2048 1867 auxilia
2096 1800 2388 1865 laturum
2431 1818 2593 1864 con-

622 1898 725 1954 tra
785 1886 1059 1954 rebelles
1104 1887 1378 1954 Galliae.
1458 1889 1605 1973 Ego
1664 1886 1829 1951 mihi
1871 1885 2233 1970 persuadeo
2288 1885 2405 1950 illa
2438 1904 2591 1950 con-

620 1976 777 2041 flata
834 1995 976 2040 esse
1030 1981 1173 2039 arte
1232 1973 1582 2053 Pontificis,
1635 1972 2082 2056 Imperatoris,
2142 1971 2589 2037 Ferrariensis

619 2068 689 2127 et
723 2060 1162 2143 Letharingii.
1230 2059 1559 2125 Dominus
1603 2059 1875 2142 dissipet
1922 2056 2199 2125 consilia
2235 2056 2589 2140 impiorum

621 2159 689 2213 et
744 2153 965 2212 servet
1024 2146 1408 2212 invocantes
1465 2166 1709 2212 nomen
1769 2144 1929 2211 eius.
2020 2143 2210 2221 Vale,
2258 2164 2391 2209 una
2434 2163 2589 2209 cum

622 2232 964 2299 Ionvillaeo
999 2241 1065 2297 et
1101 2231 1289 2297 bonis
1333 2230 1659 2298 omnibus.
1746 2228 2000 2297 Omnes
2042 2229 2255 2294 nostri
2300 2237 2367 2295 te
2411 2227 2588 2294 salu·

622 2325 787 2384 tant.
867 2315 1103 2383 Saluta
1179 2317 1377 2382 etiam
1444 2318 1679 2383 fratres
1745 2323 1811 2381 et
1875 2323 2275 2401 symmystas
2339 2335 2587 2380 omnes.

620 2403 851 2488 Tiguri
909 2406 1011 2469 31.
1059 2403 1444 2470 Decembris
1510 2407 1688 2469 1562.
1790 2402 1941 2468 Non
2009 2401 2230 2485 relegi.
2335 2399 2590 2467 Salvus

620 2490 708 2557 sit
757 2489 1018 2557 Trecius
1060 2489 1371 2556 Polonus.

1736 2625 1920 2691 rJJuus
1964 2624 2409 2710 Bullingerus.

1507 3139 1714 3213 3889.

1169 3293 1646 3363 GALVINUS
1689 3292 2057 3362 TREOIO.

804 3463 1084 3547 Roganti
1124 3469 1194 3530 ut
1248 3467 1335 3532 ad
1371 3486 1661 3547 proceres
1703 3466 2006 3549 quosdam
2055 3465 2324 3532 Polonos
2364 3465 2598 3531 scribat

627 3572 751 3634 quo
792 3551 864 3616 in
919 3554 1085 3617 recta
1133 3551 1259 3633 fide
1310 3552 1764 3633 confirmentur,
1819 3552 2140 3634 respondet
2182 3572 2248 3619 se
2296 3549 2596 3617 Poloniae

618 3643 979 3719 pertaesum
1022 3657 1147 3703 non
1188 3658 1321 3703 una
1360 3638 1437 3703 de
1479 3657 1675 3704 causa
1711 3636 1878 3704 nihil
1919 3637 2043 3704 tale
2081 3638 2419 3719 facturum.

631 3808 1025 3871 (Describimus
1079 3824 1232 3862 exem
1276 3809 1360 3862 lar
1417 3809 1702 3863 lonvillaei
1757 3809 1815 3862 in
1861 3808 1992 3864 eod.
2030 3807 2237 3863 Gener.
2293 3806 2442 3871 1072,
2500 3807 2594 3864 fol.

627 3876 714 3943 83,
750 3877 870 3931 coll.
907 3892 952 3931 c.
991 3876 1123 3932 Cod.
1164 3878 1184 3929 l
1264 3919 1279 3944 ,
1314 3878 1407 3932 fol.
1445 3877 1495 3945 9,
1532 3878 1662 3933 Cod.
1702 3877 1875 3932 Paris.
1915 3878 2113 3948 Dupuy
2152 3876 2266 3944 102,
2300 3877 2393 3931 fol.
2430 3874 2502 3930 25
2538 3894 2590 3930 v.

1282 3947 1416 4002 eod.
1453 3948 1619 4001 Bern.
1660 3947 1762 4003 VI.
1795 3946 1942 4013 364.)

624 4115 1064 4184 ornatissimo
1129 4118 1270 4185 viro
1329 4119 1413 4184 D.
1463 4118 1943 4203 christophoro
1980 4118 2214 4186 'Precio
2271 4118 2484 4184 amico
2527 4127 2595 4183 et

1247 4205 1439 4271 fratri
1488 4224 1635 4270 meo
1675 4203 1967 4272 colendo.

798 4373 871 4441 S.
908 4374 1161 4441 Literis
1206 4375 1358 4455 tuis,
1413 4376 1838 4461 integerrime
1892 4375 2115 4454 frater,
2181 4376 2427 4441 iterum
2473 4396 2589 4441 ex-

627 4458 972 4527 acerbatus
1050 4459 1173 4526 fuit
1242 4460 1425 4527 dolor
1488 4482 1682 4545 quem
1759 4482 1844 4527 ex
1904 4461 2209 4527 infaustis
2273 4459 2590 4528 Poloniae

626 4545 913 4612 dissidiis
935 4567 1381 4631 conceperam.
1434 4546 1833 4630 Quanquam
1858 4546 2159 4613 nonnihil
2183 4547 2347 4612 mihi
2371 4547 2590 4613 solatii

626 4631 849 4697 attulit
882 4631 1052 4715 quod
1086 4631 1385 4699 intellexi
1419 4654 1506 4700 ex
1541 4632 1858 4700 fratribus
1895 4655 2029 4699 non
2071 4633 2284 4713 malis,
2330 4632 2440 4716 qui
2488 4633 2588 4698 in-

624 4716 1032 4786 considerate
1077 4716 1160 4783 ad
1205 4718 1633 4784 defectionem
1678 4718 1966 4803 prolapsi
2012 4725 2221 4797 erant,
2269 4718 2588 4802 quosdam

627 4824 802 4870 nunc
859 4801 940 4868 de
1004 4804 1265 4887 integro
1326 4803 1685 4871 coalescere
1761 4806 1826 4869 in
1892 4806 2185 4871 sincerae
2252 4803 2588 4871 doctrinae

627 4910 1041 4957 consensum.
1124 4890 1489 4975 Rogandus
1527 4891 1712 4956 Deus
1767 4899 1845 4956 ut
1897 4891 2072 4956 malo
2129 4910 2406 4976 prorsus
2445 4892 2586 4956 exi-

625 4975 770 5041 tiali
814 4974 1178 5040 remedium
1221 4978 1536 5044 iuveniat.
1618 4976 1788 5042 Nam
1834 4984 1909 5042 ut
1951 4977 2072 5043 has
2116 4984 2333 5060 partes
2378 4977 2585 5044 susci-

627 5061 807 5145 piam
851 5059 1086 5126 adduci
1130 5083 1403 5145 nequeo.
1469 5061 1561 5126 Et
1583 5062 1890 5146 quoniam
1934 5063 2204 5148 propius
2247 5084 2352 5129 me
2386 5084 2586 5147 urges

629 5166 826 5229 cogor
868 5146 1071 5212 libere
1110 5160 1177 5212 et
1219 5148 1630 5213 familiariter
1674 5148 1790 5214 tibi
1827 5149 2061 5226 dicere,
2106 5148 2270 5215 satis
2304 5148 2586 5215 antehac

631 5231 1080 5297 molestiarum
1139 5233 1306 5298 mihi
1350 5255 1390 5299 a
1433 5234 1648 5318 patria
1687 5242 1906 5300 vestra
1947 5234 2149 5301 fuisse
2192 5233 2584 5300 exhibitum.

633 5314 849 5400 Saepe
926 5318 1126 5383 etiam
1189 5326 1465 5386 testatus
1528 5340 1697 5400 sum,
1782 5342 1986 5404 quum
2052 5341 2200 5388 mea
2264 5319 2586 5389 adversus

2117 407 2648 477 EPISTOLAE
2695 412 3124 476 asse—3890

4500 413 4600 474 608

2698 597 3077 664 Stanoarum
3120 599 3456 682 responsio
3489 598 3781 683 maligne
3814 605 3885 664 et
3919 597 4370 664 fraudulenter
4388 598 4604 681 sepulta

2691 684 2908 764 fuerit,
2931 689 2983 764 ¹)
3018 683 3189 749 nihil
3231 685 3452 750 minus
3486 692 4001 751 consentaneum
4036 705 4180 751 esse
4213 703 4408 767 quam
4439 685 4606 750 armis

2691 771 3044 854 spoliatum
3109 770 3181 834 in
3246 779 3581 838 certamen
3645 769 3838 837 trahi.
3927 770 4203 855 Ignosce
4252 771 4449 854 igitur
4482 771 4608 853 qnia

2691 857 2940 922 frustra
3004 877 3044 920 a
3096 877 3203 921 me
3273 855 3568 940 postulas
3624 855 3798 940 quod
3862 877 4201 940 nunquam
4245 855 4608 938 impetrabis.

2692 942 2923 1026 Neque
2969 951 3192 1008 tamen
3249 942 3503 1008 interea
3559 943 3820 1008 animus
3865 953 3967 1008 est
4021 941 4428 1007 orthodoxae
4465 941 4608 1020 fidei,

2690 1048 2886 1111 quam
2930 1028 3113 1111 impii
3162 1027 3521 1094 nebulones
3565 1027 3742 1112 apud
3788 1048 3905 1094 vos
3960 1029 4364 1106 concutiunt,
4427 1037 4612 1110 patro—

2690 1114 2937 1180 cinium
3004 1113 3325 1180 deserere.
3423 1112 3560 1180 Sed
3626 1114 3797 1180 ratio
3860 1134 4058 1197 quam
4125 1113 4292 1179 mihi
4357 1113 4613 1197 iniungis

2689 1200 2909 1267 nescio
2944 1198 3264 1284 quomodo
3309 1221 3351 1265 a
3384 1200 3677 1266 moribus
3720 1200 3884 1267 meis
3927 1207 3997 1265 et
4030 1197 4491 1267 consuetudine
4520 1198 4614 1264 ab·

2692 1287 2936 1352 horret.
3023 1285 3088 1350 N
3089 1306 3177 1350 on
3241 1285 3524 1352 libenter
3590 1285 3675 1352 ad
3728 1285 4026 1352 homines
4091 1287 4353 1369 ignotos
4416 1285 4616 1351 scribo.

2694 1371 2902 1454 Atqui
2967 1371 3336 1438 Lismanini
3352 1371 3409 1457 ²)
3485 1372 3986 1455 importunitate
4065 1372 4282 1438 victus
4363 1391 4500 1436 sum
4555 1381 4618 1434 ut

2693 1458 2867 1542 apud
2911 1456 3231 1542 plurimos
3273 1478 3538 1541 operam
3585 1456 3946 1542 perderem.
4027 1458 4238 1525 Porro
4279 1458 4431 1541 quia
4463 1477 4618 1521 meae

2693 1543 2988 1609 facilitati
3054 1544 3275 1610 minus
3336 1543 3614 1611 feliciter
3667 1544 3998 1622 successit,
4067 1542 4190 1608 hac
4243 1543 4618 1627 experientis

2693 1628 3012 1695 divinitus
3076 1629 3452 1696 admonitus
3498 1629 3742 1708 videor,
3806 1637 3883 1696 ut
3949 1629 4110 1695 mihi
4177 1630 4250 1693 in
4315 1639 4619 1712 posterum

2695 1722 3073 1800 temperem.
3162 1713 3354 1781 Adde
3396 1716 3590 1800 quod,
3649 1716 3707 1781 si
3750 1715 3835 1781 ad
3874 1737 3993 1782 sex
4036 1715 4146 1782 vel
4191 1715 4414 1782 decem
4445 1715 4620 1796 scrip-

2692 1821 2859 1879 sere,
2923 1800 3099 1886 apud
3157 1801 3321 1867 alios
3385 1801 3742 1867 aemulatio
3799 1813 4107 1868 nascetur
4160 1802 4273 1884 qui
4326 1799 4623 1884 putabunt

2692 1888 2837 1970 pari
2893 1909 2964 1953 se
3010 1888 3257 1953 honore
3299 1887 3502 1953 fuisse
3547 1887 3799 1972 dignos.
3888 1887 3998 1953 Ita
4040 1888 4097 1953 si
4143 1887 4331 1952 vobis
4386 1886 4624 1967 obsequi

2691 1971 2995 2039 studeam
3039 1972 3265 2039 nullus
3308 1974 3435 2038 erit
3479 1974 3653 2039 finis.
3742 1974 3848 2039 Ad
3904 1972 4068 2038 baec
4111 1992 4385 2057 corpore
4427 1971 4626 2037 debili-

2693 2066 2829 2125 tato
2873 2060 2967 2126 sic
3011 2060 3403 2125 imminutus
3462 2067 3564 2124 est
3621 2060 3825 2124 animi
3870 2059 4058 2143 vigor
4098 2069 4193 2137 ut,
4256 2059 4313 2123 si
4368 2058 4471 2124 vel
4509 2077 4628 2121 ma·

2692 2146 2870 2210 xime
2905 2144 3139 2222 enitar,
3181 2165 3317 2209 non
3355 2151 3574 2211 tamen
3603 2143 3685 2209 ad
3710 2145 4055 2212 subeunda
4089 2144 4422 2228 quaelibet
4454 2163 4628 2208 onera

2693 2230 2870 2296 vires
2914 2230 3262 2296 sufficiant.
3340 2230 3539 2311 Quod
3582 2230 3642 2296 si
3686 2241 3952 2298 vacaret
3992 2229 4292 2314 mihique
4338 2238 4410 2295 et
4449 2229 4628 2294 otium

2691 2326 2755 2381 et
2799 2316 3076 2384 facultas
3111 2325 3510 2400 suppeteret,
3555 2316 3852 2384 cavenda
3885 2324 4110 2382 tamen
4146 2324 4246 2382 est
4282 2314 4630 2380 ambitionis

2691 2402 2957 2485 species,
3021 2423 3151 2485 qua
3210 2402 3283 2466 in
3330 2410 3517 2485 parte
3575 2424 3706 2467 non
3765 2403 3926 2468 satis
3980 2403 4145 2468 forte
4203 2401 4632 2468 consideratus

2693 2488 2788 2553 fui
2859 2509 3062 2570 quum
3129 2487 3541 2572 indulgerem
3608 2488 3829 2571 potius
3895 2486 4176 2553 aliorum
4243 2490 4422 2553 votis
4462 2506 4632 2568 quam

2692 2574 3009 2639 iudicium
3056 2594 3279 2638 meum
3323 2594 3650 2657 sequerer.
3721 2575 3814 2639 Et
3856 2584 4032 2641 certe
4077 2575 4204 2640 nisi
4247 2572 4634 2640 satisfaciant

2693 2659 2924 2726 literae
2958 2680 3356 2736 communes,
3394 2680 3658 2726 causam
3697 2680 3917 2725 merae
3955 2662 4235 2725 vanitati
4269 2657 4632 2732 adscribam,

2695 2744 2957 2894 quando
3001 2766 3139 2810 rem
3184 2745 3397 2829 ipsam
3442 2743 3724 2812 dilucide
3773 2747 4116 2830 complecti
4160 2746 4392 2812 studui
4435 2755 4500 2810 et
4537 2740 4634 2809 ad·

2742 2831 2834 2896 ito
2877 2829 3355 2897 exhortationis
3412 2832 3679 2897 stimulo
3739 2853 3967 2898 omnes
4021 2832 4107 2897 ad
4160 2841 4441 2898 strenue
4492 2850 4637 2915 pug-

2696 2916 2991 2982 nandum
3036 2918 3331 2983 animare
3374 2928 3648 2983 conatus
3690 2938 3856 2983 sum.

2870 3002 3066 3085 Quod
3110 3003 3194 3070 ad
3239 3002 3678 3088 Despotam⁸)
3721 3013 3991 3088 spectat,
4061 3004 4220 3087 quid
4263 3003 4505 3071 coloris
4543 3001 4640 3067 ob-

2696 3088 2963 3154 tendam
3029 3111 3164 3156 non
3228 3088 3438 3166 video,
3504 3088 3614 3155 vel
3681 3111 3810 3174 quo
3876 3100 4223 3170 praetextu
4267 3089 4640 3155 temeritatis

2697 3185 2925 3240 notam
2990 3176 3319 3257 effugiam,
3384 3174 3470 3239 ad
3535 3196 3688 3241 eum
3753 3176 4098 3242 scribendo
4159 3177 4354 3243 cuius
4420 3194 4640 3241 nomen

2697 3281 2954 3344 quoque
3013 3262 3179 3327 mihi
3233 3269 3334 3327 est
3391 3260 3710 3346 ignotum.
3799 3259 4113 3327 Studium
4157 3261 4434 3345 quidem
4476 3274 4640 3326 tuum

2695 3346 2912 3425 laudo,
2974 3347 3090 3413 sed
3134 3367 3352 3412 meum
3396 3354 3499 3412 est
3552 3347 3870 3431 dispicere
3917 3369 3999 3413 ne
4042 3348 4290 3432 scripta
4335 3369 4490 3413 mea
4529 3366 4642 3411 non

2696 3434 2838 3498 sine
2905 3432 3187 3498 ludibrio
3231 3433 3302 3497 in
3347 3453 3565 3498 aerem
3611 3433 3969 3517 proiiciam.
4059 3433 4287 3514 Quare
4335 3455 4459 3518 pro
4499 3431 4642 3497 ami·

2695 3518 2854 3585 citia
2894 3526 3120 3585 nostra
3162 3539 3321 3603 rogo
3359 3525 3432 3583 ut
3475 3518 3653 3584 zelus
3699 3536 3850 3585 tuus
3894 3517 4183 3603 aliquem
4217 3540 4414 3585 meae
4449 3515 4643 3584 mode-

2696 3604 2934 3670 rationi
2977 3603 3196 3671 locum
3232 3603 3575 3687 relinquat.
3642 3604 3817 3670 Nam
3853 3624 3982 3688 quo
4020 3605 4270 3671 minore
4305 3602 4646 3688 prudentis

2693 3712 2840 3756 sum
2907 3688 3257 3773 praeditus,
3324 3709 3403 3755 eo
3467 3690 3759 3756 timidior
3821 3711 3972 3757 sum
4037 3699 4107 3756 et
4168 3691 4254 3757 ad
4292 3689 4644 3758 cavendum

2695 3776 3013 3842 attentior
3056 3795 3199 3841 esse
3244 3775 3465 3841 debeo.

2867 3862 3013 3927 Iam
3057 3882 3237 3939 vero,
3282 3863 3374 3926 mi
3426 3861 3626 3940 Treci,
3686 3881 3889 3944 quum
3933 3863 4215 3946 patriam
4263 3863 4494 3929 videas
4528 3861 4645 3926 luc-

2694 3954 2882 4013 tuoso
2975 3946 3282 4014 incendio
3360 3948 3644 4031 flagrare
3666 3997 3685 4026 ,
3786 3956 4048 4014 tuarum
4135 3948 4438 4032 partium
4521 3967 4646 4013 esso

2694 4032 3002 4099 existima
3055 4054 3188 4098 non
3232 4032 3532 4098 celeriter
3587 4041 3848 4097 tantum
3903 4054 4245 4100 accurrere
4299 4034 4422 4101 sed
4466 4034 4643 4100 etiam

2694 4117 3004 4184 advolare
3069 4119 3125 4184 si
3191 4119 3335 4184 fleri
3401 4118 3623 4202 possit.
3713 4118 4231 4185 ornatissimum
4294 4122 4520 4186 virum
4571 4115 4644 4182 D.

2694 4203 3108 4270 Ludovicum
3153 4203 3423 4270 Decium
3483 4224 3630 4269 meo
3685 4206 3951 4271 nomine
3993 4205 4364 4290 plurimum
4409 4205 4646 4273 salvere

2692 4289 2904 4372 cupio.
2994 4289 3179 4367 Vale,
3245 4290 3663 4356 ornatissime
3728 4291 3850 4369 vir,
3921 4298 3989 4357 et
4053 4290 4218 4356 mihi
4284 4314 4373 4358 ex
4444 4292 4646 4358 animo

2691 4373 2963 4442 colende
3008 4376 3230 4441 frater.
3312 4376 3637 4441 Dominus
3683 4384 3750 4441 te
3792 4377 4030 4459 spiritu
4074 4396 4194 4442 suo
4239 4398 4480 4463 regere
4513 4396 4646 4461 per·

2691 4472 2806 4545 gat
2848 4473 3041 4544 atque
3085 4462 3267 4525 omni
3312 4460 3628 4527 donorum
3677 4483 3918 4546 genere
3982 4463 4052 4528 in
4098 4460 4241 4528 dies
4304 4463 4646 4548 locupletet

2690 4568 2766 4614 ac
2809 4547 2994 4614 brevi
3038 4546 3434 4614 incolumem
3477 4546 3730 4632 patriae
3771 4547 4024 4614 reddat.
4114 4548 4457 4617 Genevae.
4477 4553 4534 4627 ⁴)

2685 4853 2867 4936 ΒΒῼΘ.
2893 4853 2952 4919 1)
3004 4852 3211 4909 Contra
3256 4851 3589 4910 &uncam-⁸
3657 4856 3980 4938 mesic-a.
4028 4854 4167 4911 1560
4201 4862 4268 4940 ,εἰ
4317 4856 4480 4913 1561.
4567 4852 4644 4910 D·

2684 4929 3483 5060 oww23uggrqggoquffis
3515 4929 3595 5049 Ξ*
3613 4924 4644 5065 Μ”ἅωεὲἦβῖαῗέῗ

2687 5060 2956 5116 Calvinus
2988 5060 3066 5115 ad
3234 5130 3246 5143 ι
3495 5061 3652 5116 sdan
3687 5065 3958 5119 scriberet.

2889 5128 3748 5270 {Hffoeaoes‘ms‘fflssm
3791 5200 4240 5270 nocem-um.-
4303 5200 4532 5271 Ssript-
4573 5200 4640 5253 vs-

2684 5267 2849 5322 dstur
2904 5286 2957 5322 a.
3015 5265 3150 5321 1554
3201 5267 3391 5323 eodem
3442 5274 3692 5340 tempore
3756 5286 3865 5339 qno
3901 5286 3990 5340 ep.
4037 5270 4112 5325 ad
4147 5270 4352 5339 Regem
4394 5270 4642 5326 Pom-h

2687 5337 2896 5406 scripta
2949 5352 3115 5406 quam
3167 5335 3572 5394 hicmcmorat.
3665 5337 3820 5409 Quae
3874 5338 4206 5404 οιένᾶοαυσ,
4253 5339 4514 5412 quiquis
4561 5337 4641 5393 an
