4900 6125
621 409 749 469 615

616 592 952 676 principes
1034 589 1423 655 autoritatis,
1515 589 1739 739 Atque
1803 610 1911 656 me
1979 591 2371 658 nominatim
2439 612 2587 675 per·

622 679 899 744 strinxit
963 673 1139 759 quod
1205 696 1286 740 ea
1338 674 1616 741 incensu
1646 685 1714 740 ta
1772 676 2083 742 auderem
2141 678 2391 743 contra*
2436 677 2589 742 reli-

624 785 901 848 quarum
946 760 1392 840 ecclesiarum,
1439 769 1638 843 atque
1681 762 1987 845 inprimis
2027 773 2256 829 contra
2280 764 2591 829 Lutetiae

620 869 896 926 morem,
956 848 1028 912 in
1087 847 1337 912 alienos
1404 848 1682 912 famulos
1738 849 1842 913 ius
1888 848 2124 915 dicere.
2216 850 2365 913 Non
2411 850 2588 915 enim

620 935 822 1002 licere
883 954 1280 1018 quemquam
1326 934 1638 998 Lutetiae
1703 935 1772 998 in
1836 946 2139 1001 senatum
2197 935 2589 1002 ecclesiasti-

622 1042 775 1089 cum
836 1041 1068 1086 vocare
1114 1020 1243 1084 nisi
1287 1018 1369 1084 de
1428 1020 1771 1085 voluntate
1830 1019 2271 1087 dominorum.
2361 1021 2590 1102 Quare

618 1128 727 1173 me
784 1107 1066 1172 multum
1128 1125 1436 1189 arrogare
1494 1105 1661 1170 mihi
1719 1107 1942 1189 quiin
2002 1106 2249 1172 alienos
2303 1107 2590 1173 famulos

622 1193 934 1258 ditionem
998 1211 1316 1273 usurpare
1389 1190 1718 1270 auderem,
1810 1212 1931 1258 nec
1988 1201 2211 1258 tantae
2269 1194 2587 1277 principis

618 1278 938 1345 familiam
984 1278 1347 1341 immunem
1395 1276 1723 1342 haberem.
1804 1277 1897 1344 Se
1932 1277 2193 1362 quidem
2235 1301 2443 1363 posse,
2512 1300 2590 1345 ac

622 1364 908 1449 reliquos
946 1363 1212 1440 aulicos,
1250 1362 1580 1429 Dominae
1616 1363 1785 1429 ferre
1821 1365 2191 1448 imperium,
2240 1365 2345 1431 vel
2384 1366 2587 1430 etiam

620 1453 955 1517 oeconomi
1017 1450 1121 1515 cui
1181 1469 1439 1514 summa
1498 1449 1786 1516 familiae
1846 1451 2096 1516 credita
2154 1451 2399 1517 fuerat:
2492 1460 2588 1515 tot

620 1547 844 1602 autem
893 1536 1178 1600 dominis
1222 1536 1469 1600 servire
1513 1537 1929 1619 periniquum
1968 1536 2228 1602 ducere.
2297 1538 2390 1602 Et
2425 1558 2585 1620 quo-

620 1623 803 1688 niam
863 1621 1267 1706 negligentia
1324 1622 1649 1687 seniorum
1711 1621 2069 1688 aulicorum
2115 1633 2424 1706 quartum
2471 1621 2585 1687 ad-

620 1707 776 1773 dere
821 1709 1037 1772 visum
1085 1717 1243 1785 erat,
1323 1708 1707 1792 priusquam
1799 1707 2013 1774 ublice
2057 1709 2370 1793 probatus
2410 1718 2588 1774 esset

618 1815 705 1860 ex
750 1794 1059 1859 instituto
1105 1793 1485 1860 Genevensi
1545 1793 1716 1877 quod
1752 1729 1868 1859 bic
1923 1795 2279 1878 sequimur,
2339 1794 2586 1860 calum-

618 1880 840 1945 niator
896 1879 1123 1945 intulit
1177 1879 1257 1943 de
1314 1880 1571 1945 seniore
1628 1880 1760 1957 illo,
1828 1902 2023 1962 quem
2079 1903 2115 1946 e
2173 1902 2293 1945 sua
2336 1879 2589 1945 familia

619 1976 925 2032 vocatum
974 1965 1056 2031 ad
1101 1964 1279 2029 aliud
1325 1966 1762 2031 ministerium
1801 1966 2145 2032 incusabat
2178 1967 2323 2049 ipsa
2356 1968 2583 2032 inscia.

618 2052 795 2119 Mihi
860 2072 1038 2129 vcro,
1107 2053 1230 2117 etsi
1295 2072 1429 2115 non
1496 2051 1867 2117 necessario
1934 2051 2282 2118 videbatur
2343 2054 2582 2117 iterum

620 2137 1014 2221 appellanda
1059 2137 1140 2201 de
1186 2158 1264 2202 ea
1305 2159 1377 2201 re
1435 2158 1633 2220 quam
1691 2138 1859 2203 mihi
1920 2137 2092 2203 ultro
2136 2138 2584 2217 concessisset,

621 2231 846 2289 tamen
892 2223 971 2288 ad
1020 2244 1166 2289 eam
1212 2223 1457 2288 referre
1501 2223 1989 2288 constitueram.
2081 2222 2219 2289 Sed
2260 2233 2587 2290 commota

618 2308 801 2375 illius
846 2309 1295 2393 sycophantae
1341 2309 1688 2375 calumniis
1745 2311 2123 2387 antevertit,
2193 2330 2585 2393 mecumque

618 2395 1096 2462 stomachosius
1154 2395 1571 2478 expostulare
1627 2394 1841 2478 coepit
1889 2416 1964 2462 ac
2017 2395 2239 2460 eadem
2301 2396 2584 2461 obiicere

614 2503 781 2564 quae
825 2481 1261 2547 calumniator
1297 2489 1740 2565 suggesserat.
1809 2481 2051 2547 Paucis
2088 2481 2298 2547 refelli
2335 2481 2583 2546 calum-

616 2569 815 2632 niam.
903 2568 1017 2632 Me
1076 2587 1210 2632 nou
1266 2565 1600 2632 discedere
1658 2566 1742 2632 ab
1809 2567 2113 2632 instituto
2171 2567 2582 2633 Gallicarum

613 2653 1061 2723 eeclesiarum:
1113 2653 1286 2736 quod
1324 2652 1669 2731 diceretur,
1717 2674 1851 2719 non
1894 2654 2025 2719 nisi
2070 2652 2424 2718 admonitis
2468 2651 2583 2718 do-

613 2740 819 2805 minis
863 2739 1143 2805 famulos
1188 2758 1322 2802 non
1383 2739 1593 2804 solere
1651 2739 1872 2805 vocari
1916 2740 2230 2805 Lutetiae
2273 2741 2346 2803 in
2389 2760 2583 2804 sena-

616 2837 759 2890 tum
796 2825 1335 2904 ecclesiasticum,
1371 2824 1613 2890 falsum
1654 2843 1826 2890 esse:
1871 2824 2373 2904 calumniosum,
2408 2822 2584 2908 quod

617 2911 700 2977 de
745 2910 1123 2994 usurpando
1160 2912 1231 2975 in
1256 2911 1585 2994 principes
1610 2910 1953 2975 dominatu
1974 2910 2384 2976 obiiceretur.
2446 2911 2583 2976 De-

616 2998 818 3082 nique
863 3007 1257 3081 conquestus
1303 3018 1450 3063 sum
1507 2994 1678 3079 quod
1721 3011 1982 3081 praeter
2028 2998 2582 3081 exspectationem

614 3105 854 3159 meam,
902 3096 969 3149 et
1014 3094 1472 3168 praeterquam
1527 3082 1699 3165 quod
1744 3084 2173 3166 promisisset,
2219 3104 2474 3148 moram
2519 3095 2587 3147 et

614 3169 1165 3254 impedimentum
1247 3170 1557 3235 obiiceret
1621 3169 2095 3235 ecclesiasticae
2179 3167 2582 3252 disciplinae,

616 3277 748 3339 qua
790 3277 1023 3321 eversa
1069 3275 1190 3319 nec
1233 3255 1583 3335 aedificari,
1641 3275 1763 3321 nec
1808 3253 2197 3335 adolescere,
2266 3276 2388 3320 nec
2429 3275 2583 3320 con-

616 3343 854 3407 sistere
911 3342 1022 3406 diu
1084 3350 1305 3424 posset
1360 3340 1651 3407 ecclesia.
1743 3339 1937 3420 Quod
1994 3341 2051 3405 si
2109 3341 2330 3406 animo
2383 3340 2585 3406 obfir-

615 3440 796 3492 mato
842 3426 1043 3494 vellet
1085 3447 1400 3494 censurae
1446 3440 1709 3492 nostrae
1743 3428 2079 3505 obsistere,
2124 3427 2294 3491 mihi
2328 3436 2585 3492 certum

617 3533 761 3579 esse
807 3512 1065 3598 regredi
1110 3513 1328 3596 potius
1386 3511 1564 3577 unde
1608 3533 1945 3592 veneram,
2016 3533 2215 3596 quam
2258 3512 2434 3578 ultro
2480 3531 2585 3577 sa-

615 3614 955 3666 eramenta
1032 3599 1440 3681 verbumque
1505 3599 1633 3664 Dei
1713 3597 1890 3682 apud
1953 3618 2148 3664 canes
2227 3618 2585 3681 porcosque

617 3686 931 3769 polluere.
1014 3684 1238 3766 Quum
1288 3685 1631 3768 aliquoties
1674 3685 1904 3750 eadem
1948 3684 2314 3749 obtestatus
2350 3704 2582 3762 essem,

617 3772 884 3837 tandem
931 3773 1093 3837 satis
1149 3772 1461 3837 iracunde
1520 3776 1838 3836 concessit
1892 3782 1969 3835 ut
2011 3792 2158 3834 meo
2202 3791 2385 3834 more
2429 3790 2582 3853 age·

615 3879 776 3923 rem.
859 3858 1130 3941 Arripui
1172 3854 1342 3939 quod
1388 3855 1798 3933 concedebat,
1859 3877 1944 3921 ne
1986 3877 2265 3922 nascens
2309 3854 2586 3921 ecclesia

616 3952 716 4009 tot
780 3943 1081 4026 procellis
1161 3942 1624 4007 minitantibus
1690 3941 2119 4007 disiiceretur.
2210 3940 2353 4007 Sub
2420 3941 2584 4006 haec

614 4030 906 4096 cooritur
969 4029 1451 4095 atrocissimum
1507 4027 1751 4093 bellum
1809 4029 2140 4111 scissaque
2196 4026 2423 4094 Gallia
2481 4036 2584 4091 est

616 4127 694 4182 ut
736 4115 1053 4199 cuiusque
1098 4114 1391 4180 studium
1437 4112 1604 4179 tulit.
1696 4114 2163 4180 Disserebatur
2206 4113 2456 4196 passim
2500 4110 2582 4176 de

612 4200 915 4267 horribili
977 4199 1175 4266 caede
1242 4220 1437 4283 quam
1511 4199 1785 4264 Guisius
1841 4199 2015 4283 apud
2056 4199 2375 4265 Vaccium
2444 4196 2583 4262 edi-

612 4287 818 4354 derat.
887 4285 1023 4354 Sed
1047 4307 1250 4370 quum
1286 4286 1368 4351 ab
1412 4286 1493 4350 iis
1530 4306 1696 4369 quos
1719 4286 1992 4351 minime
2028 4285 2299 4351 decebat
2333 4285 2580 4349 factum

612 4373 780 4440 illud
840 4372 1144 4439 excusari
1210 4372 1527 4449 viderem,
1594 4371 1986 4454 culpamque
2045 4380 2272 4437 tantae
2336 4370 2581 4454 stragis

613 4463 685 4524 in
723 4459 981 4543 plebem
1016 4461 1345 4523 insontem
1383 4455 1841 4541 indignissime
1876 4458 2181 4537 conferri,
2220 4479 2327 4522 me
2363 4458 2578 4538 ipsum

613 4547 953 4612 continere
1010 4566 1147 4609 non
1205 4544 1394 4629 potui
1451 4544 1611 4626 quin
1670 4543 2114 4623 admonerem,
2181 4542 2344 4607 diris
2404 4539 2578 4623 apud

610 4631 895 4697 Iesaiam
944 4630 1253 4697 devoveri
1319 4628 1434 4713 qui
1487 4629 1737 4694 malum
1798 4628 2042 4695 bonum
2102 4650 2244 4694 esse
2287 4627 2583 4692 dicerent

614 4728 739 4784 etc.
832 4718 1064 4801 Itaque
1102 4713 1512 4784 confidenter
1547 4714 1874 4780 nefarium
1917 4716 2169 4781 facinus
2191 4712 2579 4797 improbavi,

613 4802 953 4870 obtestans
1019 4825 1105 4868 ne
1173 4802 1321 4886 quis
1380 4810 1645 4866 tantum
1711 4802 2021 4885 sanguini
2089 4813 2206 4866 aut
2271 4799 2581 4865 affinitati

614 4889 915 4967 deferret,
984 4898 1058 4954 ut
1100 4889 1169 4953 in
1217 4889 1360 4955 eius
1403 4887 1685 4973 gratiam
1729 4897 1989 4953 sanctos
2033 4885 2283 4952 Christi
2327 4892 2581 5034 mart-iy-

614 4996 742 5055 res,
808 4995 1089 5059 quorum
1130 4975 1442 5040 iniuriam
1487 4972 1785 5037 misereri
1832 4972 2093 5038 deceret
2136 4973 2375 5057 potius,
2432 4974 2496 5035 fa
2524 4971 2579 5035 si

613 5061 910 5127 criminis
954 5058 1345 5126 traduceret.
1432 5058 1515 5124 In
1560 5058 1837 5126 caeteris
1878 5058 2273 5125 laudabilem
2319 5078 2464 5122 esse
2504 5056 2578 5121 in
2628 5100 2632 5117 .

616 5148 1019 5212 necessarios
1074 5149 1436 5221 caritatem,
1497 5144 1612 5210 sed
1669 5165 1872 5228 quum
1935 5144 2016 5209 de
2059 5145 2312 5210 Christi
2366 5143 2581 5227 gloria

618 5232 1065 5316 bonorumque
1110 5233 1486 5298 innocentia
1528 5240 1853 5315 ageretur,
1915 5251 2046 5295 non
2093 5232 2265 5295 tanti
2309 5228 2579 5312 sangui-

612 5336 773 5384 nem
814 5338 961 5385 esse
1003 5316 1256 5384 debere.
1343 5317 1526 5383 Tulit
1582 5337 1663 5382 ea
1702 5317 1908 5383 verba
1947 5317 2239 5383 Domina
2280 5314 2580 5383 acerbius

2200 404 2666 472 EPIS'POLA
2713 407 3139 471 3891-3892

4504 413 4605 477 610

2696 611 2893 674 quam
2973 595 3274 677 germani
3341 593 3711 660 Christiani
3775 593 4047 659 soleant.
4080 597 4133 671 ⁸)
4233 594 4440 661 Paulo
4489 607 4611 680 post

2695 698 2900 759 quum
2945 678 3269 745 Gennabo
3313 688 3625 763 occupato
3683 702 3724 745 a
3768 681 4015 745 nostris
4059 701 4299 745 manus
4344 683 4614 767 utrinque

2695 764 3259 846 contraherentur,
3328 765 3933 832 animadvertebam
3975 785 4168 831 voces
4212 768 4616 837 amarulentus

2692 849 2765 913 in
2801 852 3081 932 optimos
3104 872 3412 935 quosque,
3452 872 3615 935 quos
3639 873 3770 916 non
3797 852 3923 917 alio
3945 873 4142 936 quam
4179 851 4500 918 latronum
4520 865 4618 920 aut

2694 933 3099 1001 defectorum
3146 938 3288 1003 loco
3333 938 3633 1004 habebat.
3705 938 3838 1004 Hic
3883 959 4005 1022 ego
4048 959 4281 1003 rursus
4323 939 4617 1021 admonui,

2701 1019 3061 1087 Condacum
3104 1024 3367 1089 nunciis
3411 1024 3747 1107 literisque
3783 1026 4052 1109 reginae
4085 1033 4495 1104 commotum,
4528 1026 4618 1091 de-

2693 1106 2848 1171 inde
2893 1111 3226 1174 communi
3284 1109 3711 1176 ecclesiarum
3758 1111 4070 1193 pericu10,
4131 1109 4416 1193 denique
4454 1111 4622 1178 caede

2693 1194 2950 1274 piorum
2968 1193 3344 1260 lacessitum
3360 1215 3545 1260 arma
3560 1197 3835 1278 cepisse:
3862 1205 4280 1262 contumaces
4295 1209 4360 1259 et
4381 1197 4622 1264 rebelles

2694 1299 2837 1344 esse
2894 1282 3006 1363 qui
3060 1279 3272 1346 edicta
3328 1282 3512 1366 regia
3570 1291 3706 1346 tam
3763 1281 4137 1365 petulanter
4180 1282 4624 1362 conculcarent,

2692 1385 2827 1428 non
2873 1366 2985 1448 qui
3046 1364 3301 1450 placide
3359 1369 3441 1431 iis
3499 1378 3827 1452 parerent.
3915 1367 4043 1432 llla
4100 1377 4332 1432 contra
4389 1381 4624 1433 conten·

2692 1448 2869 1530 dere,
2929 1473 3036 1516 me
3093 1454 3441 1519 factiosum
3496 1474 3639 1519 esse
3696 1453 3807 1536 qui
3854 1452 4141 1519 Condaeo
4196 1453 4414 1535 potius
4457 1475 4628 1537 quam

2691 1536 2832 1620 regi
2876 1537 3228 1604 studerem.
3317 1539 3463 1623 Ego
3508 1560 3548 1604 a
3591 1561 3746 1622 rege
3774 1539 4135 1604 Condacum
4180 1559 4325 1604 esse
4369 1539 4628 1605 affirma-

2691 1620 2862 1700 bam,
2908 1644 3039 1687 nou
3085 1624 3196 1706 qui
3241 1646 3358 1707 per
3403 1625 3537 1691 vim
3584 1646 3807 1708 regem
3844 1632 4242 1707 occupasset.
4315 1624 4630 1690 Postremo

2692 1705 2935 1782 addidi,
3004 1719 3076 1773 ut
3119 1708 3377 1775 videret
3420 1711 3746 1793 quomodo
3801 1711 3964 1776 haec
4009 1721 4146 1775 tam
4193 1709 4458 1775 diversa
4498 1732 4630 1777 con·

2690 1793 2878 1877 iungi
2924 1807 3213 1878 possent,
3283 1796 3575 1861 studium
3622 1797 3887 1879 pietatis
3952 1816 4146 1879 quam
4216 1798 4632 1879 profiteretur,

2691 1888 2758 1944 et
2801 1882 3092 1945 studium
3138 1882 3508 1964 impiorum,
3574 1884 3683 1965 qui
3729 1883 3799 1947 in
3844 1882 4185 1948 ecclesiam
4229 1897 4632 1965 sanctumque

2694 1964 2948 2031 Christi
3002 1968 3422 2051 evangelium
3482 1969 3917 2045 incurrerent,
3963 1969 4076 2051 qui
4120 1966 4203 2032 de
4263 1969 4410 2033 eius
4453 1968 4634 2032 inter·

2691 2051 2964 2117 necione
3027 2053 3302 2118 consilia
3366 2055 3710 2136 cepissent,
3795 2055 4037 2137 quique
4101 2055 4170 2118 in
4236 2074 4314 2119 ea
4384 2053 4636 2118 delenda

2692 2158 2961 2219 prorsus
3014 2140 3312 2222 occupati
3371 2149 3613 2205 essent.
3719 2141 3820 2205 Ea
3879 2160 3986 2204 res
4044 2140 4257 2224 magis
4315 2141 4634 2222 magisque

2691 2222 3067 2306 Principem
3112 2223 3548 2300 exacerbavit,
3595 2225 3759 2290 adeo
3803 2234 3879 2290 ut
3924 2233 4061 2289 toto
4098 2226 4291 2291 vultu
4327 2225 4544 2290 odium
4579 2227 4636 2288 in

2687 2328 2796 2373 me
2840 2309 3183 2392 proferret.
3275 2309 3640 2394 Sperabam
3685 2325 3909 2375 tamen
3954 2313 4252 2376 animum
4303 2312 4452 2376 eius
4494 2323 4636 2374 tem·

2689 2414 2847 2476 pore
2907 2394 3096 2459 leniri
3156 2416 3376 2478 posse:
3447 2419 3522 2462 ac
3587 2398 3866 2462 fortasse
3933 2398 4182 2474 fuisset,
4251 2398 4387 2461 nisi
4451 2417 4642 2480 nuper

2694 2478 2992 2545 Subisius
3011 2486 3066 2555 ⁴)
3133 2479 3525 2559 advenisset,
3594 2504 3873 2566 quocum
3931 2503 4203 2567 gravem
4259 2480 4512 2547 iamdiu
4565 2483 4638 2546 si·

2690 2565 3040 2631 multatem
3107 2579 3388 2634 exercet.
3481 2568 3671 2649 Quae
3731 2589 3932 2652 quum
4002 2568 4292 2633 audisset
4349 2589 4458 2633 me
4507 2587 4640 2632 cum

2689 2652 2832 2735 ipso
2897 2651 3364 2735 colloquutum,
3445 2675 3687 2719 novam
3754 2655 3886 2719 odii
3960 2655 4306 2719 materiam
4381 2655 4638 2719 invenit.

2689 2738 2814 2804 Est
2856 2738 3034 2803 enim
3080 2737 3204 2804 hoc
3247 2740 3517 2824 ingenio
3562 2739 3862 2823 praedita
3905 2749 3983 2805 ut
4025 2760 4138 2805 eos
4182 2760 4420 2805 omnes
4453 2738 4640 2804 oderit

2690 2844 2853 2906 quos
2918 2832 3108 2906 putat
3180 2834 3296 2889 aut
3349 2826 3671 2891 affinitate
3731 2834 3848 2890 aut
3899 2824 4384 2892 necessitudine
4444 2825 4642 2908 aliqua

2690 2909 3072 2975 coniunctos
3118 2931 3267 2976 cum
3308 2911 3389 2976 iis
3433 2933 3594 2995 quos
3638 2932 3872 2995 perosa
3916 2923 4033 2976 est.
4125 2910 4260 2977 Sed
4306 2912 4445 2976 iam
4485 2909 4644 2974 aliud

2690 2994 2980 3059 simulat.
3058 2995 3291 3081 Fingit
3326 2996 3502 3063 euim
3549 3018 3657 3063 me
3723 3006 3910 3063 tanta
3952 2995 4206 3061 invidia
4247 2994 4435 3081 apud
4479 2996 4644 3080 oppi-

2690 3079 2899 3147 danos
2965 3082 3282 3160 laborare,
3350 3092 3426 3149 ut
3489 3085 3820 3150 incassum
3880 3083 4120 3149 abeant
4185 3104 4424 3149 omnes
4477 3103 4644 3147 meae

2689 3168 3048 3245 conciones,
3095 3190 3295 3252 quum
3356 3169 3597 3252 alioqui
3644 3191 3777 3234 non
3821 3168 4377 3235 contemnendam
4427 3168 4644 3234 doctri-

2690 3272 2843 3317 nam
2899 3264 3196 3318 nostram
3253 3275 3396 3320 esse
3448 3258 3747 3321 fateatur.
3847 3253 4042 3337 Quod
4097 3254 4180 3319 dc
4222 3255 4506 3337 papistis
4547 3253 4645 3318 de-

2690 3337 2967 3421 ploratis
3007 3359 3239 3404 verum
3286 3352 3403 3417 est,
3453 3340 3535 3406 de
3579 3341 3846 3424 reliquis
3892 3362 4027 3406 non
4072 3342 4251 3406 item.
4329 3340 4646 3406 causatur

2690 3425 2890 3489 etiam
2935 3445 3042 3490 me
3087 3446 3222 3490 non
3274 3426 3558 3492 libenter
3615 3427 3742 3494 sibi
3785 3447 4051 3509 operam
4097 3426 4274 3505 dare,
4336 3426 4514 3511 quod
4557 3447 4644 3490 se-

2687 3532 2804 3575 cus
2870 3511 3113 3576 habere
3189 3512 3337 3595 ipsa
3416 3534 3523 3578 res
3587 3533 3801 3595 nuper
3866 3533 4006 3577 com
4061 3511 4335 3577 robavit.
4437 3511 4646 3595 Quum

2689 3597 2866 3660 enim
2911 3595 3379 3663 Roohellenses
3409 3601 3461 3675 8)
3508 3597 3590 3662 ab
3633 3618 3714 3662 ea
3756 3608 3989 3664 conten
4043 3600 4266 3675 issent,
4325 3610 4398 3663 et
4455 3597 4645 3663 literis

2687 3690 2754 3746 et
2811 3683 3103 3759 nunciis,
3163 3699 3242 3747 ut
3298 3685 3608 3767 quoniam
3666 3684 3831 3748 duos
3891 3694 4152 3767 praeter
4204 3704 4314 3747 me
4377 3683 4644 3748 habebat

2686 3767 2800 3849 qui
2842 3767 3055 3833 officio
3090 3766 3370 3833 docendi
3415 3771 3850 3853 fungerentur
3886 3768 4170 3835 liberum
4205 3769 4377 3834 mihi
4415 3771 4644 3836 faceret

2687 3851 3071 3918 Rochellam
3131 3851 3436 3933 adeundi,
3491 3877 3621 3938 quo
3674 3856 3965 3920 maximo
4022 3875 4173 3920 cum
4229 3856 4458 3920 fructu
4511 3874 4644 3937 per·

2688 3939 2916 4004 venire
2958 3959 3239 4021 possem,
3296 3941 3637 4022 multoque
3680 3942 3892 4025 magis
3950 3941 4004 4005 si
4064 3940 4202 4006 illic
4246 3936 4644 4025 aliquamdiu

2685 4023 3105 4103 habitassem,
3143 4025 3325 4090 nolui
3351 4026 3731 4110 Principem
3759 4027 4148 4109 relinquere.
4207 4025 4406 4107 Quae
4428 4046 4642 4110 quam-

2685 4109 2788 4175 vis
2853 4110 3152 4175 tentandi
3218 4113 3434 4196 gratia
3498 4121 3886 4195 potestatem
3946 4110 4324 4177 discedendi
4388 4113 4642 4183 faceret.

2682 4197 3252 4279 suspicareturque
3330 4196 3646 4282 allegatos
3723 4219 3867 4263 esse
3933 4219 3973 4262 a
4034 4218 4144 4263 me
4221 4195 4642 4263 clandestinis

2683 4279 2896 4347 literis
2941 4280 3430 4361 Roohellenses,
3490 4294 3708 4349 tamen
3766 4305 3888 4349 nec
3932 4304 3972 4347 a
4014 4304 4122 4347 me
4175 4293 4394 4348 ortam
4457 4283 4641 4349 fuisse

2680 4368 2879 4434 istam
2917 4367 3332 4452 legationem,
3378 4388 3499 4434 nec
3535 4371 3698 4435 mihi
3735 4389 4026 4454 unquam
4071 4370 4143 4433 in
4180 4378 4484 4434 mentem
4525 4366 4643 4432 tale

2682 4453 3037 4537 quidquam
3107 4454 3365 4520 venisse
3430 4456 3835 4521 confirmavi.
3927 4455 4159 4538 Itaque
4217 4455 4442 4538 quoad
4508 4473 4640 4519 eam

2682 4539 2815 4604 mei
2894 4540 3092 4604 officii
3169 4560 3303 4605 non
3383 4541 3786 4624 poeniteret,
3865 4540 4220 4624 liceretque
4296 4560 4384 4605 ex
4457 4541 4643 4607 verbo

2682 4623 2936 4691 Christi
2981 4625 3322 4692 eeclesiam
3358 4647 3573 4712 agere,
3619 4647 3726 4692 me
3760 4627 3843 4692 ab
3881 4627 3998 4692 illa
4033 4647 4166 4692 non
4202 4626 4640 4693 diseeoeurum

2887 4914 2949 4982 3)
2993 4916 3228 4971 Gaiam
3259 4918 3380 4973 eius
3410 4933 3576 4987 vener
3610 4923 3748 4972 erat.

2887 4983 2946 5053 4)
2981 4987 3043 5040 in
3089 4989 3329 5040 tramites
3372 4991 3526 5056 puta,
3575 5002 3705 5040 nan
3749 5001 3818 5039 nt.
3867 4983 4009 5039 Iulio
4055 4982 4398 5053 Lugdunum·
4449 4988 4644 5039 niens

2681 5061 2762 5109 est
2795 5070 2832 5107 a
2873 5052 3130 5109 emano
3160 5054 3338 5123 (Hist.
3375 5057 3497 5112 eccl.
3539 5056 3636 5109 111.
3669 5054 3820 5118 224).

2887 5121 2950 5189 5>
2997 5126 3080 5178 De
3129 5124 3217 5178 lm
3262 5124 3398 5179 alibi
3445 5125 3598 5179 naehil.
3687 5123 3948 5189 Confert-i
3993 5127 4230 5189 possum
4279 5120 4360 5175 Η.
4409 5126 4535 5177 ced.
4577 5121 4642 5177 11.

2680 5190 2800 5245 824.
2853 5191 2971 5259 (De
3029 5192 3390 5259 Rectam-nd)
3442 5194 3673 5254 Orim‘uae
3728 5200 3778 5246 et
3828 5192 4061 5258 promes
4109 5190 4178 5243 de
4229 5190 4288 5244 la
4339 5190 4452 5257 res.
4487 5195 4526 5247 ὰ
4557 5191 4642 5245 Lo

2688 5261 2939 5384 {comae
2985 5259 3230 5383 ξέΊόΒΊῖ
3274 5278 3328 5331 p.
3377 5261 3474 5331 71,-
3511 5261 3754 5329 Delma,
3792 5258 3956 5329 Pqu.
3991 5256 4094 5325 re'f.
4140 5259 4209 5313 de
4243 5258 4336 5313 La
4383 5259 4644 5325 Reddit,
