4900 6125
314 338 402 405 3⁷
2139 336 2304 402 1563
2348 334 2533 406 IUN.

314 527 469 594 ticis
489 525 573 592 D.
603 523 939 593 Οαῖυίηαηο
972 526 1187 593 adhuc
1221 525 1543 610 torqueri:
1572 525 1623 607 ¹)
1647 525 1817 609 quod
1841 543 2039 608 quam
2076 543 2282 608 grave

313 620 384 678 et
441 612 749 679 morbum
806 612 972 677 mihi
1031 613 1136 692 sit,
1197 612 1398 678 nullis
1455 611 1678 678 verbis
1732 630 2004 695 possum
2065 609 2281 693 expri-

310 719 516 764 mere.
604 696 920 765 Dolorem
978 718 1135 765 vero
1191 718 1414 764 meum
1464 699 1672 776 auxit,
1728 717 1931 780 quum
1985 693 2279 762 viderem

310 783 788 868 permolestum
834 784 930 849 illi
974 805 1135 862 esse,
1181 782 1353 867 quod
1398 783 1481 848 ad
1526 791 1592 848 te
1637 781 1921 849 scribere
1954 802 2091 847 non
2126 781 2282 846 lice-

310 879 440 949 ret,
484 889 562 936 ac
605 891 689 937 ne
732 869 979 935 dictare
1023 868 1286 953 quidem
1328 869 1412 934 ob
1455 870 1669 934 morbi
1713 868 2123 953 gravitatem.
2190 866 2283 931 Et

309 956 456 1022 scio
497 956 727 1038 quanti
770 966 835 1020 te
876 956 1093 1035 faciat,
1161 965 1236 1020 ut
1291 953 1530 1038 dignus
1589 974 1680 1019 es.
1768 953 1956 1019 Haec
1999 953 2145 1019 sine
2187 951 2283 1018 la-

308 1042 566 1125 crymis
609 1042 723 1107 vix
789 1040 1020 1108 scribo.
1107 1041 1281 1107 Mihi
1348 1051 1525 1105 certe
1590 1039 1759 1104 nihil
1826 1038 2079 1122 gratius
2138 1058 2281 1103 esse

307 1135 553 1210 potest,
595 1148 795 1211 quam
840 1126 999 1193 dum
1062 1126 1174 1192 ille
1231 1133 1448 1209 potest
1502 1125 1751 1192 dictare
1795 1123 2063 1208 aliquid,
2108 1123 2281 1206 quod

308 1212 401 1277 ad
448 1223 513 1277 te
555 1213 895 1296 excipiam,
943 1213 1094 1295 quia
1136 1232 1493 1295 persuasus
1537 1233 1704 1290 sum,
1772 1217 1839 1275 te
1895 1211 2036 1276 eius
2075 1209 2281 1274 literis

306 1298 746 1363 vehementer
804 1298 1133 1364 oblectari.
1224 1298 1347 1374 Tu,
1408 1298 1512 1363 vir
1569 1296 2058 1372 humanissime,
2128 1295 2279 1359 Ion-

306 1384 542 1449 villaeo
606 1395 722 1450 tuo
786 1386 1106 1468 ignoscas,
1173 1383 1233 1449 si
1298 1383 1462 1449 haec
1526 1382 1743 1447 addat.
1835 1382 2007 1447 Nam
2073 1379 2279 1445 malui

305 1469 635 1552 quidquid
680 1470 806 1536 hoc
846 1478 949 1535 est
1006 1467 1360 1549 effundere,
1424 1488 1619 1552 quam
1673 1487 1969 1533 moerore
2012 1487 2279 1550 oppres-

305 1575 427 1621 sus
474 1555 649 1638 apud
694 1566 759 1620 te
803 1565 1038 1621 tacere.
1128 1556 1522 1633 Potuissem,
1589 1555 1815 1630 fateor,
1874 1573 2147 1635 prorsus
2190 1551 2278 1616 si·

303 1640 473 1718 lere,
540 1640 658 1706 sed
701 1650 815 1706 tua
868 1640 1280 1706 humanitate
1333 1639 1653 1724 singulari
1709 1647 1972 1705 coactus
2016 1658 2163 1703 sum
2209 1637 2279 1701 in

300 1727 477 1792 istos
521 1747 753 1793 versus
797 1747 1159 1810 erumpere.
1227 1726 1507 1791 Interim
1551 1726 1681 1790 tuis
1723 1724 2026 1807 precibus
2070 1733 2139 1788 et
2182 1729 2279 1787 to-

300 1812 450 1878 tius
488 1821 748 1878 vestrae
790 1813 1100 1879 ecclesiae
1143 1812 1315 1895 apud
1361 1810 1583 1876 Deum
1627 1807 2043 1875 commendes
2090 1807 2276 1872 illum

301 1908 383 1963 et
440 1919 562 1963 nos
640 1919 885 1964 omnes.
991 1897 1304 1964 Vicissim
1358 1905 1442 1978 xte
1500 1907 1568 1962 et
1624 1895 1912 1978 reliquos
1989 1894 2279 1959 Domino

298 1983 940 2050 commendabimus.
1031 1983 1220 2060 Vale,
1265 1985 1371 2048 vir
1476 1981 2010 2058 raestantissimc,
2055 1978 2277 2045 Deum

297 2091 428 2135 oro
474 2091 555 2134 ex
602 2071 840 2144 animo,
900 2077 977 2134 ut
1020 2077 1088 2134 te
1132 2068 1247 2134 diu
1291 2070 1439 2135 inco
1467 2088 1687 2133 umem
1732 2075 1971 2146 servet,
2041 2064 2279 2149 spiritu

296 2176 433 2220 suo
500 2165 707 2240 regat,
774 2164 841 2220 et
907 2156 1037 2221 tuis
1104 2154 1435 2221 laboribus
1501 2152 1862 2220 benedicat.
1968 2151 2280 2218 Budaeus

298 2242 521 2307 frater
562 2253 628 2306 te
670 2240 912 2307 salutat
954 2248 1351 2308 reverenter.
1417 2240 1495 2306 Si
1538 2240 1670 2304 iam
1717 2237 1950 2303 abierit
1979 2237 2281 2303 Thretius

296 2337 560 2404 noster,
578 2332 633 2402 ²)
678 2335 756 2392 ut
800 2325 971 2392 nihil
1015 2326 1098 2393 ad
1142 2347 1251 2393 me
1293 2326 1649 2408 scripserit,
1693 2323 2009 2389 mirabor:
2076 2343 2276 2406 quum

296 2414 699 2562 {russorum
765 2413 934 2479 nihil
1000 2412 1470 2497 posterioribus
1534 2410 1700 2476 meis
1757 2409 1968 2474 literis
2007 2428 2276 2491 respon·

356 2499 505 2565 erit.

488 2584 803 2651 Genevae
849 2583 1059 2668 pridie
1104 2584 1329 2650 Nonas
1371 2581 1554 2648 Iunii
1604 2584 1786 2646 1563.

1383 2717 1660 2785 Carolus
1704 2715 2104 2782 Ionvillaeus

1362 2805 1459 2870 tui
1492 2802 2129 2871 observantissimus.

1088 3100 1501 3110 -—--.——----

1207 3350 1406 3421 3963.

838 3527 1083 3594 BEZA
1116 3521 1755 3593 BULLINGERO.

491 3699 795 3767 Calvinum
833 3699 963 3781 fere
1003 3652 1352 3764 exhaustus
1392 3699 1500 3761 est.

294 3873 421 3943 (Ex
458 3870 799 3940 autographo
849 3870 983 3925 bibl.
1020 3866 1204 3922 Turio.
1238 3866 1302 3921 F.
1348 3865 1435 3933 62,
1480 3865 1612 3920 olim
1644 3865 1789 3935 Epp.
1824 3862 1909 3930 27,
1956 3863 2050 3919 fol.
2087 3860 2172 3915 10.
2207 3889 2275 3901 -

1041 3936 1241 3992 Simlcr
1275 3935 1396 3991 Vol.
1432 3932 1579 4004 107.)

485 4110 754 4177 Eximio
820 4106 1073 4175 Christi
1137 4125 1330 4174 servo
1396 4103 1481 4170 D.
1549 4104 1843 4173 Henrico
1885 4100 2276 4184 Bullingero

298 4196 581 4263 domino
625 4204 694 4262 et
734 4194 905 4279 patri
964 4192 1132 4258 mihi
1175 4191 1534 4276 plurimum
1593 4188 2023 4268 observande,
2069 4188 2272 4272 Tigu·

292 4283 500 4349 rinae
542 4280 852 4349 ecclesiae
895 4300 1053 4346 vere
1094 4278 1226 4345 fido
1270 4275 1535 4362 pastori.

1842 4380 2092 4469 Tiguri.

484 4557 674 4641 Legi,
718 4555 811 4621 mi
855 4560 1058 4638 pater,
1116 4572 1284 4637 quae
1340 4572 1554 4635 nuper
1609 4551 1694 4618 ad
1740 4551 2074 4623 Calvinum
2115 4575 2271 4622 nos-

292 4652 490 4710 trum
533 4641 870 4725 scripsisti,
898 4644 952 4717 ¹)
996 4659 1243 4724 proque
1301 4645 1420 4704 tua
1474 4638 1602 4703 ista
1661 4638 1743 4705 de
1801 4661 1908 4706 me
1950 4641 2271 4708 sollicitu-

298 4730 469 4796 dine
510 4748 668 4793 vere
710 4736 988 4810 paterna
1022 4745 1335 4809 magnam
1369 4724 1490 4789 tibi
1524 4726 1927 4810 caeterisque
1960 4727 2271 4794 fratribus

298 4814 595 4901 gratiam
642 4812 851 4879 habeo
894 4818 964 4877 et
1003 4810 1256 4877 habebo
1313 4807 1471 4876 dum
1527 4809 1755 4877 vivam
1798 4848 1882 4861 —
1926 4845 2011 4860 —-
2060 4850 2135 4861 —
2186 4850 2269 4861 —

305 4933 1391 4954 ————————
1439 4894 1745 4964 Calvinus
1785 4906 2012 4965 noster
2054 4920 2270 4984 nuper

296 5123 501 5179 8902.
521 5124 549 5176 1
614 5121 739 5176 vide
768 5119 1164 5188 praecedentes.

296 5124 581 5328 ...ἐξ
610 5189 677 5314 a:
710 5188 866 5313 ..aaz

4267 346 4360 410 38

2383 525 2764 593 concionem
2809 525 3059 606 habuit,
3106 533 3175 594 et
3218 526 3391 594 domi
3438 528 3830 608 deambulat,
3871 527 3987 596 sed
4031 529 4360 598 mirabili-

2384 618 2489 676 ter
2532 620 2634 677 est
2677 611 3060 679 exhaustus.
3151 613 3488 697 Respiciet
3531 635 3652 681 nos
3702 637 3932 681 omnes
3974 616 4043 680 iu
4087 636 4163 682 eo
4206 615 4352 683 Do·

2381 699 2619 774 minus,
2666 697 2861 782 idque
2906 719 2962 763 a·
2992 699 3181 765 nobis
3216 708 3493 779 avertat,
3539 721 3666 784 quo
3702 701 3871 766 nihil
3907 701 4164 768 tristius
4197 723 4352 786 poe·-

2383 782 2472 847 sit
2537 781 2695 850 huic
2760 785 3070 850 ecclesiae
3135 791 3202 850 et
3263 785 3490 851 multis
3554 787 3722 862 aliis,
3788 786 3894 853 his
3951 789 4342 870 praesertim

2382 870 2789 952 temporibus
2833 870 3144 937 accidere.
3222 871 3410 937 Bene
3447 872 3612 950 vale,
3659 871 3753 937 mi
3796 874 4044 957 optime
4087 881 4155 938 et
4196 874 4348 959 plu-

2383 954 2626 1019 rimum
2686 956 3095 1022 observande
3153 966 3360 1040 pater.
3422 994 4352 1010 ———————

2382 1073 2471 1087 ·—
2514 1077 2597 1089 —
2643 1041 2956 1108 Genevae
3020 1042 3253 1126 quinta
3319 1042 3516 1109 Iunii.
3578 1080 4352 1094 ——————

3760 1266 3942 1334 Tuus
3980 1266 4174 1334 Beza.

3275 1810 3468 1881 3964.

2796 1963 3269 2033 GALVINUS
3305 1964 3946 2033 BULLINGERO.

2553 2136 2921 2204 Admonitio
2964 2157 3162 2218 nuper
3202 2136 3289 2201 ad
3337 2135 3605 2202 Polonos
3646 2138 3882 2219 scripta
3924 2143 3982 2202 et
4022 2138 4192 2204 edita
4214 2159 4344 2220 pro

2380 2231 2652 2306 tempore
2695 2224 2782 2290 ad
2837 2222 3245 2305 mundandos
3287 2222 3807 2288 Antitrinitarios
3847 2224 4131 2304 sufficere
4171 2225 4342 2290 vide-

2377 2316 2501 2376 tur.
2613 2310 2912 2375 Taederet
2974 2308 3186 2389 ipsum
3248 2307 3445 2372 denuo
3519 2308 3590 2372 in
3653 2327 3915 2372 arenam
3978 2309 4344 2376 descendere

2379 2401 2437 2462 et
2493 2397 2770 2460 maxime
2830 2393 3099 2459 Patrum
3143 2392 3470 2476 perplexis
3525 2393 3984 2475 loqnutionibus
4038 2396 4344 2460 utentium

2378 2481 2718 2549 sententias
2763 2483 3057 2546 excutere.

2380 2653 2581 2721 (Manu
2614 2652 2821 2721 scripta
2864 2666 2974 2704 non
3018 2653 3215 2703 exstat.
3287 2649 3476 2704 Edidit
3510 2650 3654 2703 Besa
3689 2649 3890 2705 Genev.
3928 2667 3981 2719 p.
4016 2648 4139 2719 272,
4177 2651 4341 2704 Laus.

2377 2740 2435 2792 p.
2489 2720 2611 2790 562,
2645 2721 2860 2775 Hanov.
2908 2735 2961 2787 p.
2997 2716 3116 2784 631,
3153 2717 3368 2772 Ohouet
3409 2736 3464 2787 p.
3503 2717 3621 2784 373,
3657 2719 3832 2774 Amst.
3879 2736 3934 2787 p.
3973 2718 4075 2772 170
4137 2720 4229 2772 ubi
4272 2737 4342 2774 uo

2449 2796 2633 2845 tamen
2670 2788 2972 2857 Bullingeri
3009 2787 3230 2842 nomine
3265 2787 3449 2841 nescio
3487 2803 3598 2856 qua
3631 2786 3701 2841 de
3736 2805 3898 2842 causa
3932 2738 4273 2857 suppressos}

2553 2959 3050 3026 Nudiustertius
3115 2957 3237 3022 tibi
3298 2957 3548 3043 scripsi,
3575 2962 3628 3036 ¹)
3684 2957 4055 3024 venerande
4113 2960 4338 3039 frater,

2378 3069 2499 3131 per
2541 3046 2791 3113 Italum
2833 3044 2998 3111 mihi
3044 3042 3433 3109 familiarem
3480 3050 3548 3109 et
3590 3044 3897 3111 vicinum.
3977 3045 4146 3112 Heri
4189 3054 4340 3113 tuas

2379 3135 2598 3217 accepi
2665 3153 2813 3199 cum
2875 3130 3163 3197 Sarnicii
3226 3129 3552 3209 fasciculo,
3620 3129 3728 3196 ubi
3794 3130 4018 3198 literas
4082 3132 4340 3199 Thretio

2378 3219 2658 3303 scriptas
2692 3218 2938 3297 inveni,
2973 3235 3137 3299 quas
3169 3216 3453 3280 remitto.
3547 3216 3839 3282 Tametsi
3874 3225 4095 3284 autem
4130 3219 4342 3285 multa

2382 3304 2718 3371 Samicius
2760 3303 3034 3386 putabat
3076 3321 3185 3367 me
3230 3322 3314 3366 ex
3357 3301 3490 3367 illis
3525 3302 3966 3385 cogniturum,
4012 3304 4197 3369 nolui
4233 3314 4338 3371 ta-

2376 3411 2531 3455 men
2591 3390 2962 3473 resignare:
3025 3409 3100 3453 ac
3159 3385 3521 3470 praestabit
3577 3397 3653 3452 ut
3705 3388 3986 3455 intactas
4043 3389 4338 3474 recipiat.

2377 3474 2598 3542 Simul
2643 3484 2867 3541 autem
2911 3472 3298 3557 recuperavi
3341 3493 3729 3556 responsum
3765 3472 3929 3539 illud
3964 3474 4135 3559 quod
4171 3477 4338 3542 mihi

2422 3561 2681 3641 erierat,
2728 3561 2793 3624 in
2832 3579 2960 3643 quo
3002 3579 3134 3623 non
3171 3578 3408 3641 parum
3443 3558 3692 3642 placuit
3719 3559 3963 3625 Thetin·
3997 3561 4334 3629 sedulitas.

2442 3647 2613 3714 escio
2673 3668 2761 3711 an
2820 3666 2902 3710 ex
2949 3642 3124 3710 ediat
3189 3663 3430 3709 novam
3490 3644 4004 3711 lucubrationem
4064 3648 4338 3733 aggredi

2377 3743 2609 3799 contra
2651 3731 2900 3814 discipu
2930 3751 3002 3796 os
3037 3728 3454 3807 Blandratue,
3497 3729 3702 3796 donec
3738 3730 4142 3799 audierimus
4178 3755 4338 3817 quo·

2379 3818 2574 3884 modo
2621 3823 2894 3899 excepta
2939 3815 3137 3881 fuerit
3194 3813 3553 3881 admonitio
3607 3816 3738 3881 iam
3798 3816 3974 3883 edita
4017 3837 4169 3883 cum
4212 3840 4338 3887 sua

2379 3902 2828 3988 explicatione.
2915 3900 3226 3967 Brevitas
3267 3900 3443 3964 enim
3504 3900 3586 3965 ad
3631 3922 3825 3985 quam
3870 3924 3976 3968 me
4019 3905 4338 3971 restrinxi

2375 3990 2654 4057 obscura
2697 4009 2839 4054 esse
2883 4008 3017 4052 non
3063 3985 3342 4053 videtur.
3430 3986 3569 4054 Neo
3625 4007 3783 4055 vero
3828 3989 4186 4057 nebulones
4235 3990 4336 4055 illi

2378 4075 2734 4159 quidquam
2793 4073 3140 4149 obiectant,
3219 4069 3393 4155 quod
3465 4094 3593 4138 non
3654 4081 3808 4139 ante
3864 4075 4064 4140 fuerit
4128 4096 4167 4141 a
4227 4098 4332 4143 me

2377 4163 2754 4227 refutatum.
2822 4159 3028 4224 Forte
3072 4178 3278 4222 unum
3325 4155 3682 4223 desiderari
3717 4168 3944 4242 potest,
3991 4169 4068 4226 ut
4110 4170 4334 4244 patro-

2375 4249 2624 4314 cinium
2671 4244 2844 4330 quod
2888 4242 3013 4309 sibi
3055 4243 3379 4309 asciscunt
3442 4265 3524 4309 ex
3572 4245 3848 4310 vetustis
3905 4244 4331 4345 scriptoribus

2374 4333 2725 4400 excutiam.
2813 4330 2963 4396 Etsi
3012 4336 3234 4394 autem
3291 4338 3470 4395 certa
3527 4329 3652 4395 hac
3708 4351 3964 4414 quoque
4027 4353 4098 4396 1n
4144 4342 4333 4415 parte

2376 4418 2651 4486 victoria
2693 4424 2810 4496 est,
2855 4414 3041 4482 labor
3085 4426 3304 4480 tamen
3359 4414 3486 4480 erit
3543 4415 3779 4499 plenus
3838 4414 4032 4482 taedii
4077 4425 4147 4482 et
4188 4440 4332 4484 mo-

2374 4506 2625 4572 lestiae.
2713 4504 2814 4569 Ac
2852 4500 3148 4568 diabolus
3190 4520 3310 4582 per
3355 4500 3477 4565 has
3519 4500 3808 4567 salebras
3850 4522 3921 4567 se
3955 4502 4215 4582 iactare,
4264 4515 4332 4572 et

2372 4592 2440 4657 iu
2508 4590 2614 4655 his
2674 4587 2947 4654 latebris
3010 4606 3082 4652 se
3124 4584 3422 4651 volutare
3486 4587 3661 4670 ipsos
3724 4587 3961 4665 docuit,
4027 4595 4107 4653 ut
4181 4591 4328 4656 sine

2374 4696 2617 4761 magno
2661 4676 2879 4741 fructu
2939 4692 3059 4756 per
3101 4670 3330 4755 longos
3373 4672 3806 4738 certaminum
3849 4672 4162 4741 circuitus
4206 4696 4327 4742 nos

2373 4763 2730 4828 traherent.
2833 4758 2981 4826 Scis
3046 4775 3246 4841 quam
3323 4755 3528 4823 durus
3595 4757 3684 4822 sit
3740 4767 3806 4823 et
3862 4778 4053 4841 asper
4108 4781 4326 4827 sermo

2373 4846 2792 4913 Tertulliani:
2837 4854 3016 4911 certe
3051 4841 3286 4908 stridet
3318 4842 3548 4926 magis,
3595 4864 3793 4926 quam
3823 4842 4130 4928 loquitur.
4201 4847 4328 4912 At-

2416 4933 2487 4999 ui
2531 4932 2797 5017 longum
2842 4929 2997 4995 inde
3057 4928 3364 4994 volumen
3424 4938 3772 4994 contexere
3829 4950 4090 4996 necesse
4132 4931 4324 4998 foret.

2370 4956 2453 5085 fn
2509 5018 2766 5084 Hilario
2830 5035 2965 5081 non
3032 5022 3165 5080 tam
3234 5013 3519 5080 difficilis
3585 5015 3782 5094 ratio,
3850 5016 4034 5082 cuius
4099 5023 4332 5084 tamen.

2368 5258 2560 5313 8064.
2583 5258 2639 5325 1)
2674 5256 2808 5313 Non
2842 5261 3032 5312 emat.
3103 5254 3260 5310 Haec
3291 5270 3420 5312 vero
3449 5255 3742 5325 respondet
3775 5253 3868 5394 a}
3891 5254 3966 5310 N.
4002 5253 4158 5310 3957.

3879 5342 3912 5374 Ο
