4900 6125
291 422 401 486 281

288 617 424 674 tum
489 616 593 675 est
655 606 804 673 urbi
846 606 1137 690 equitum
1182 606 1585 690 praesidium
1610 658 1627 685 ,
1693 607 1807 691 qui
1851 608 2105 674 utinam
2152 610 2246 675 ita

286 717 354 760 se
395 701 633 778 gerant
671 702 753 759 ut
794 692 967 759 solos
1009 691 1217 758 malos
1260 694 1603 778 castigent.

454 777 827 846 Cardinalis
870 777 982 843 ille
1017 779 1185 844 alius
1225 777 1586 852 Granvezla.
1632 779 1758 846 sibi
1801 779 1873 844 in
1915 780 2242 847 inferiori·

288 865 406 931 bus
471 863 847 949 regionibns
924 873 1256 943 metuens,
1326 863 1700 931 Bisantium
1767 865 1898 930 iam
1955 865 2243 933 advenit.

282 950 624 1035 Hispanus
668 948 865 1017 Gallo
921 951 1259 1034 rescripsit
1321 947 1499 1033 qnod
1540 951 1804 1016 fecisset
1846 949 2100 1035 legatus
2142 952 2243 1035 ip·

284 1037 420 1103 sius
485 1037 828 1113 Lutetiae,
890 1054 1113 1120 regem
1184 1034 1267 1101 ad
1332 1036 1680 1101 concilium
1747 1037 2241 1121 approbandum

281 1121 486 1188 veluti
553 1121 705 1188 belli
771 1120 1278 1187 denunciatione
1342 1141 1576 1206 cogere
1638 1121 1868 1188 volens
1893 1173 1908 1200 ,
1987 1123 2242 1188 iniussn

282 1229 398 1274 suo
439 1208 688 1274 fecisse.
777 1204 1086 1284 Addidit,
1153 1228 1240 1271 ne
1304 1227 1378 1272 se
1432 1206 1694 1291 quidem
1739 1219 2043 1292 paratum
2089 1208 2240 1274 sub-

283 1292 582 1370 scribere,
603 1296 655 1366 ⁸)
700 1303 768 1357 et
811 1293 954 1376 regi
998 1291 1275 1359 suadere
1319 1304 1393 1357 ut
1437 1292 1724 1358 edictum
1767 1293 1930 1358 illud
1968 1293 2049 1358 de
2084 1313 2243 1378 pace

279 1378 745 1445 inviolabiliter
788 1377 1114 1444 observet.
1187 1378 1371 1444 Haec
1411 1379 1556 1444 heri
1591 1400 1678 1444 ex
1714 1378 1997 1463 quodam
2032 1379 2242 1446 amico

279 1464 753 1549 Lugdunensi‚
800 1484 1078 1549 magnae
1121 1465 1493 1530 autoritatis
1537 1465 1832 1543 homine,
1897 1475 1972 1530 ut
2014 1465 2242 1531 certis·

278 1551 445 1616 sima
484 1550 872 1634 accepimus.
961 1549 1110 1614 Rex
1167 1552 1468 1631 proxima
1524 1548 1927 1617 hebdomade
1994 1550 2241 1635 profec-

279 1647 468 1702 turus
533 1645 633 1702 est
687 1636 943 1712 Trecis,
1020 1634 1260 1701 celebri
1328 1635 1730 1719 Campaniae
1796 1637 1976 1702 urbe.
2078 1635 2242 1701 Inde

275 1733 597 1790 venturus
670 1725 790 1787 est‘
836 1720 1128 1787 Bai-rum
1192 1722 1264 1786 in
1315 1720 1575 1788 Galliae
1639 1734 1708 1787 et
1763 1722 2242 1807 Lotharingiae

275 1807 543 1882 finibus,
614 1826 903 1873 sororem
954 1805 1235 1873 visurus.
1323 1806 1490 1872 Inde
1535 1807 1807 1874 traiecta
1849 1807 2244 1893 Burgundia

275 1892 686 1977 Lugdunum
743 1892 970 1959 venire
1028 1894 1384 1958 constituit.
1475 1893 1928 1961 Provinciales
1971 1892 2241 1959 tandem

274 1980 571 2044 mitiores
614 1978 768 2044 facti
815 1986 1075 2043 nostros
1120 1977 1559 2058 admiserunt,
1618 1987 1686 2044 et
1727 2000 1905 2045 nunc
1950 1978 2039 2046 ibi
2081 1999 2240 2063 quo·

273 2085 401 2146 que
454 2065 947 2130 constituuntur
1000 2063 1325 2129 ecclcsiae.
1421 2064 1616 2147 Apud
1662 2063 2012 2132 Occitanos
2078 2086 2239 2131 non·

274 2150 431 2215 dum
477 2150 760 2216 coercita
802 2147 1174 2214 Danvillaei‘
1212 2150 1509 2230 rabies.⁴)
1590 2149 1726 2216 Sed
1773 2149 1998 2233 procul
2044 2148 2240 2216 dubio

271 2236 450 2321 regis
480 2233 817 2302 adventus
850 2234 1013 2300 haec
1049 2255 1324 2318 quoque,
1373 2245 1449 2300 ut
1470 2256 1827 2318 speramus,
1873 2243 2236 2320 componet.

269 2322 576 2404 Denique
639 2322 863 2386 omnia
929 2318 1290 2386 ostendunt
1329 2320 1575 2387 fractos
1633 2341 1776 2388 esse
1831 2320 2238 2387 adversario·

268 2428 422 2472 rum
468 2415 773 2485 conatus,
838 2405 1014 2489 quod
1059 2405 1143 2472 ad
1187 2406 1648 2473 Tridentinum
1693 2406 2041 2474 concilium
2085 2408 2239 2472 atti-

270 2502 415 2558 net:
480 2492 593 2576 qui
651 2491 708 2558 si
766 2511 1014 2558 novum
1077 2491 1421 2559 consilium
1487 2493 1760 2558 inierint
1802 2513 1994 2577 spero
2039 2493 2236 2558 etiam

267 2577 409 2644 fore
452 2588 532 2643 ut
574 2576 942 2661 dissipetur.

443 2663 651 2730 Recte
715 2663 960 2730 factum
1006 2670 1108 2729 est
1150 2661 1323 2747 quod
1366 2662 1600 2729 moniti
1642 2671 1800 2729 sunt
1843 2662 1927 2729 de
1969 2665 2233 2813 Augus·

272 2757 430 2815 tana
464 2747 876 2816 confessione
910 2750 1063 2814 boni
1098 2746 1197 2813 illi
1233 2748 1578 2832 principes.
1623 2748 1796 2814 Nam
1821 2748 1946 2816 hoc
1969 2749 2081 2833 qui
2129 2769 2235 2814 em

271 2835 485 2920 mag-is
522 2835 728 2900 metui
763 2855 956 2918 qnam
995 2833 1418 2900 Tridentinos
1454 2834 1758 2917 crepitus.
1819 2834 2234 2918 Quanquam,

267 2919 445 3007 quod
488 2919 574 2986 ad
617 2918 907 2986 Galliam
954 2921 1227 3000 attinet,
1291 2941 1429 2985 non
1483 2919 1709 2985 dubito
1764 2922 1925 3004 quin
1968 2940 2235 3003 operam

268 3026 538 3073 omnem
602 3005 839 3073 ludant
901 3005 1299 3090 Ubiqnitarii
1317 3056 1332 3084 ,
1392 3004 1709 3089 quidquid
1765 3004 2029 3072 tandem
2096 3026 2233 3072 mo-

265 3094 539 3160 liantur.

444 3178 656 3244 Dolae
700 3178 946 3244 factum
990 3185 1093 3242 est
1137 3184 1407 3243 senatus
1464 3176 1838 3243 consultum
1897 3196 2020 3260 pro
2060 3178 2147 3243 D.
2193 3198 2237 3241 a

266 3263 410 3331 Βία
432 3263 487 3349 ⁸)
529 3272 758 3330 contra
801 3262 1442 3346 Mompelqardensem
1484 3265 1809 3341 comitem,
1852 3282 2055 3346 super
2095 3283 2237 3330 cas-

267 3360 376 3416 tro
417 3347 590 3434 quod
628 3347 989 3415 Hericourt
1027 3358 1289 3414 vocant.
1379 3348 1558 3414 Hinc
1600 3347 1716 3412 illa
1760 3348 2070 3431 utrinqne
2111 3349 2236 3413 mi-

261 3436 463 3502 litnm
507 3435 830 3514 collectio,
875 3454 1040 3518 quae
1085 3436 1340 3499 utinam
1387 3455 1518 3499 non
1563 3434 1872 3516 praebeat
1914 3435 2235 3499 maiorum

261 3693 432 3759 bant)
467 3692 607 3744 alius
641 3691 793 3744 locus
828 3696 977 3744 esset
1010 3689 1295 3744 audiendis
1330 3689 1679 3744 concionibus
1711 3687 2044 3759 designatus.
2099 3686 2237 3742 Orta

259 3763 344 3817 ob
387 3776 508 3815 eam
553 3776 668 3814 rem
725 3760 848 3812 rixa
889 3760 1112 3812 suerunt
1159 3759 1369 3828 aliquot
1414 3759 1672 3827 utrinque
1708 3758 1979 3812 vulnerati
2023 3761 2082 3809 et
2126 3757 2236 3810 duo

261 3829 576 3894 interfecti,
627 3844 764 3881 unus
811 3827 1121 3898 pontificius
1155 3829 1298 3882 alter
1341 3844 1410 3881 ex
1456 3828 1676 3881 nostris.
1745 3826 1979 3907 Audito·
1998 3825 2234 3907 tumultu

261 3900 336 3954 D.
376 3899 446 3953 de
481 3897 751 3966 Gari-ages
799 3896 1107 3965 praefectus
1152 3897 1306 3950 urbis
1353 3896 1590 3950 accurrit
1633 3910 1754 3948 cnm
1801 3893 2132 3974 satellitibus
2177 3898 2236 3947 et

259 3978 387 4023 tres
425 3971 523 4020 aut
595 3974 795 4021 uatuor
841 3980 911 4018 ex
947 3964 1242 4034 pontificiis
1289 3966 1442 4019 rixae
1488 3964 1773 4018 autoribus
1819 3963 2125 4017 interfecit:
2176 3979 2233 4015 in

259 4037 516 4105 reliquos
591 4035 843 4104 'ligenter
877 4033 1192 4102 inquiritur.

478 4102 541 4185 β)
568 4103 930 4226 ΙΙιιιιιςιιιεείωιέ.
980 4100 1099 4156 293.
1178 4101 1391 4157 solda·-
1439 4102 1504 4156 11.
1557 4100 1657 4156 195
1699 4117 1769 4155 ss.
1856 4098 2075 4154 Gallim
2122 4114 2236 4152 non

515 4186 835 4309 favumi
879 4241 914 4294 ἱ.
963 4239 997 4292 1.
1049 4254 1107 4308 p.
1139 4236 1273 4292 289.-
1329 4239 1582 4293 Danvilla
1632 4240 1776 4293 filins
1829 4236 2233 4293 connestabilis

257 4310 578 4382 praefectus
616 4308 926 4379 provinciae
961 4306 1304 4377 languedoc,
1349 4322 1410 4361 se
1446 4308 1607 4376 paulo
1653 4306 2028 4361 inclementius
2062 4305 2235 4369 gessit

262 4397 406 4449 erga
451 4396 546 4432 eos
584 4380 675 4447 qni
722 4385 852 4431 sunt
896 4384 1114 4431 nostrae
1158 4376 1437 4444 religionis
1482 4384 1540 4429 et
1575 4392 1641 4430 eo
1686 4384 1770 4431 est
1813 4390 2135 4446 progreoeus
2170 4383 2233 4426 ut

261 4448 714 4530 concionatorem
760 4445 1123 4527 suspenderit·
1193 4443 1356 4499 Multi
1399 4445 1641 4525 fremunt
1686 4455 1743 4498 et
1787 4445 1889 4499 boc
1923 4443 2117 4525 ’fe-runt
2150 4442 2230 4495 in·

257 4518 729 4641 emmaus&
748 4530 1180 4664 prrsum?
1202 4512 2231 4663 .ae.;¹‘.::::;”2..†;;‘22.33‚.22m:s

257 4654 511 4710 voluisse
546 4654 597 4707 ei
635 4654 782 4706 iusta
816 4651 1176 4721 praecipienti
1208 4652 1621 4732 obtemperare:
1657 4650 1805 4732 quod
1838 4667 1908 4703 an
1944 4655 2019 4703 sit
2039 4664 2229 4704 verum

261 4726 276 4737 ’
401 4736 466 4777 ro
504 4761 518 4775 .
560 4760 575 4775 .
611 4761 627 4778 .
662 4761 675 4774 .
712 4720 853 4804 Sunt
886 4720 1135 4802 nonnulli
1170 4735 1238 4773 ex
1273 4720 1478 4773 nostris
1505 4721 1773 4801 ministris
1801 4735 1939 4801 qnos
1974 4732 2229 4786 cuperem

255 4788 2230 4984 ἓέξὲᾞῶᾟῖῗῧε’ἒοᾞὲἓᾞωᾝᾛῑὲῖᾘῗηίᾟὲἶ

468 4946 510 4982 ι·.

477 4996 538 5063 5)
577 4995 771 5051 mand.
812 4994 1019 5051 F'rane.
1056 4995 1125 5049 de
1165 4993 1285 5064 Rye
1318 5011 1368 5049 a.
1408 4993 1542 5048 1561
1579 4996 1781 5063 dandi·
1825 5011 1892 5051 es·
1934 4995 2231 5065 §mmm

250 5066 421 5134 {ado
455 5064 663 5131 potiano
706 5073 826 5120 erat
871 5063 1076 5133 oppido
1110 5063 1436 5129 Hei-decim,
1486 5063 1636 5134 quod
1682 5070 1869 5131 postea
1918 5064 2233 5133 predoctae

257 5132 805 5204 Heniochoi-deiicis
853 5134 966 5189 Veii
1005 5132 1228 5187 Hoeven
1261 5136 1320 5186 vs·
1361 5135 1712 5201 eaepuyuaei't.
1778 5132 1867 5188 Ab
1901 5148 1963 5188 eo
1998 5139 2232 5203 tenpore

255 5205 558 5259 musaeo·
589 5202 911 5259 dianetum
947 5204 1151 5256 iscam
1185 5207 1236 5256 et
1268 5216 1432 5256 sacra
1455 5203 1586 5255 sunt
1617 5200 1932 5261 reformate.
2015 5200 2229 5269 Satan,

259 5269 798 5409 w⁶ffilgvm⁸
836 5271 934 5327 lv.
973 5268 1076 5324 160
1109 5275 1160 5325 et
1197 5269 1349 5341 Beyl.
1382 5285 1440 5338 p.
1479 5267 1612 5336 167,·
1645 5269 1966 5341 Duronioy,
2051 5268 2227 5341 phin.

2027 423 2191 487 1564
2235 420 2550 488 APRIL.

4180 426 4306 490 282

2348 610 2692 710 turbarum
2736 609 3160 677 occasionem.
3250 607 3493 708 Noster
3554 608 3813 708 yicinus
3851 629 3970 675 sex
4012 610 4308 695 peditum

2347 692 4309 865 fflzisaggllegffoeffioeipszoaegngffitsmgicligi'ffoeuteng

2429 887 2496 931 m
2556 868 2851 932 futurum
2908 887 3099 932 suum
3159 877 3555 949 compatrem
3600 866 3671 930 in
3718 864 4001 931 transitu
4044 866 4304 936 salutet.

2411 954 2677 1019 ominus
2720 973 2870 1018 snos
2914 954 3259 1017 confirmet
3293 959 3362 1017 et
3403 950 3627 1017 omnia
3669 951 3845 1017 mala
3888 952 4161 1020 consilia
4202 955 4306 1021 in-

2343 1038 2612 1124 fringat.
2692 1037 2828 1104 Sed
2873 1037 2956 1104 de
2999 1038 3105 1104 his
3149 1037 3483 1103 hactenns.

2518 1124 2626 1190 Ex
2679 1132 2929 1208 septem
2983 1122 3297 1190 studiosis
3352 1142 3516 1205 quos
3570 1123 3762 1189 nobis
3813 1124 4306 1193 commendares

2345 1218 2480 1275 tres
2525 1216 2787 1276 tantum
2833 1208 2963 1276 huc
3019 1217 3368 1275 venerunt.
3458 1208 3772 1274 Caeteros
3825 1207 4128 1276 andimus
4168 1210 4304 1276 Ba-

2345 1296 2545 1361 sileae
2608 1293 3010 1375 substitisse,
3069 1295 3180 1361 ubi
3247 1293 3482 1360 saltem
3550 1293 3675 1360 hoc
3718 1293 4040 1361 commodi
4082 1316 4305 1363 conse-

2344 1389 2632 1464 quentur
2671 1379 2844 1462 quod
2873 1379 3298 1447 &stellionem
3344 1400 3474 1445 non
3519 1379 3877 1446 invenient.
3946 1380 4304 1448 Pecuniam

2344 1465 2428 1532 ad
2485 1486 2593 1533 me
2648 1465 2898 1532 nullam
2943 1464 3337 1542 attulerunt,
3385 1484 3507 1531 nec
3562 1485 3686 1549 ego
3741 1464 3826 1530 ab
3880 1466 3976 1530 eis
4019 1469 4301 1551 poposci.

2345 1552 2448 1617 'Pu
2494 1552 2741 1618 scribes
2781 1551 2955 1635 qnod
2997 1553 3241 1618 factum
3278 1550 3477 1616 voles.
3549 1551 3896 1622 Faciemus
3938 1552 4117 1617 enim
4156 1552 4302 1620 offi-

2345 1638 2520 1703 cinm
2537 1687 2553 1716 ,
2621 1647 2690 1702 et
2755 1638 2881 1704 hoc
2944 1638 3065 1702 tibi
3128 1638 3529 1720 caeterisque
3591 1635 3857 1721 collegis
3913 1658 4302 1722 persuasum

2344 1743 2491 1789 esse
2532 1723 2852 1806 cupimus.
2896 1743 3008 1789 eos
3050 1724 3163 1806 qui
3204 1724 3404 1788 istinc
3446 1722 3718 1788 venient
3762 1723 3949 1789 nobis
3993 1744 4126 1789 non
4176 1725 4302 1789 mi-

2343 1811 2490 1874 nori
2532 1829 2732 1874 curae
2774 1829 2972 1891 quam
3016 1818 3278 1874 nostros
3320 1809 3612 1893 ipsorum
3668 1808 3847 1875 cives
3888 1807 4045 1874 fore.
4135 1807 4301 1876 an-

2343 1906 2562 1960 terum
2610 1894 2739 1961 duo
2780 1894 2879 1960 illi
2924 1895 3039 1978 qui
3082 1915 3258 1961 nunc
3303 1896 3384 1959 ad
3431 1914 3548 1960 vos
3590 1894 3873 1959 veniunt
3912 1893 4018 1977 pie
4061 1903 4130 1960 et
4185 1894 4300 1962 ho-

2343 1989 2530 2047 neste
2572 1981 2890 2046 vixerunt
2931 1979 3105 2065 apud
3150 2001 3270 2046 nos
3287 2030 3302 2058 ‚
3347 1978 3518 2063 quod
3562 1978 3762 2045 etiam
3801 1999 4140 2062 speramns
4181 2001 4300 2048 vos

2340 2067 2696 2218 gmon
2646 2086 2911 2217 ‘’⁰¹5¹ssssss
2914 2078 3163 2218 ‘30‘3'13220
3186 2064 3756 2217 ῗὲρὲῗοίἓῗίἔεὲἲ
3760 2064 4300 2235 ἱῗέῗῶἐωωωῗ

2340 2259 2410 2304 se
2429 2288 2443 2312 ,
2509 2236 2681 2321 quod
2746 2247 2962 2304 certos
3017 2235 3331 2320 quosdam
3392 2235 3592 2302 libros
3658 2238 3952 2316 emisset,
4018 2238 4299 2320 pecnnia

2339 2342 2553 2408 egere,
2598 2325 2940 2389 numeravi
2985 2322 3081 2387 illi
3127 2324 3416 2406 quinque
3459 2329 3801 2388 coronatos
3836 2342 3996 2405 quos
4030 2322 4299 2406 pistole-

2339 2418 2445 2474 tos
2489 2418 2748 2474 vocant.
2820 2408 2956 2475 Eos
3000 2408 3291 2474 nondum
3331 2407 3499 2473 mihi
3538 2406 3810 2473 reddere
3852 2408 4080 2489 potuit,
4126 2406 4297 2491 quod

2337 2492 2459 2644 fibi
2528 2494 2702 2558 volui
2770 2494 3245 2577 significatum,
3312 2494 3519 2575 ipsius
3584 2494 3783 2558 etiam
3827 2492 4125 2560 Hmhm·
4181 2514 4298 2559 vo-

2366 2590 2616 2645 untate.

2512 2665 2786 2731 Fratres
2843 2687 3072 2732 omnes
3127 2663 3199 2731 te‘
3250 2675 3668 2747 caeterosque
3709 2663 3994 2748 collegas
4036 2684 4293 2730 mecum

2338 2748 2650 2816 salutant.
2722 2751 2912 2836 Rogo
2955 2762 3174 2817 antem
3220 2759 3298 2814 ut
3334 2751 3497 2816 hmo
3539 2769 3705 2834 quae
3747 2749 3830 2815 ad
3865 2761 3933 2816 te
3976 2749 4058 2815 de
4098 2749 4295 2816 rebus

2339 2834 2619 2936 Gallicis
2679 2837 2890 2937 scribo
2944 2857 3096 2902 cum
3134 2837 3217 2902 D.
3262 2835 3582 2902 Blaurero
3642 2835 3964 2919 imprimis
4005 2855 4296 2902 commu·

2338 2930 3010 3106 inim-{122033
3047 2920 3318 3075 gigffinlg.
3333 2933 3971 3090 quindecimnffiersob
3981 2919 4296 3074 811).ςῇἰῖ

2338 3114 2421 3158 ex
2479 3093 2785 3160 Picardia
2848 3095 3085 3179 accepi.
3189 3092 3614 3177 Scripsissem
3678 3100 3747 3159 et
3808 3114 3930 3176 ego
3993 3092 4078 3158 ad
4142 3114 4292 3158 eum

2337 3177 2621 3244 libenter
2676 3181 2805 3246 nisi
2861 3180 3059 3264 plane
3098 3181 3233 3246 iam
3289 3200 3500 3246 essem
3558 3177 3898 3245 scribendo
3940 3179 4290 3246 confectus.

2339 3261 2478 3330 Sed
2519 3263 2734 3344 brevi,
2793 3267 3055 3331 favente
3097 3266 3269 3344 Deo,
3336 3262 3650 3348 quidquid
3696 3265 3818 3331 hoc
3859 3276 3961 3330 est
4002 3266 4293 3331 iacturae

2338 3370 2491 3416 cnm
2532 3350 2800 3416 foenore
2842 3352 3210 3417 resarciam.
3300 3350 3399 3416 Mi
3443 3357 3663 3434 pater,
3725 3370 3883 3434 rogo
3926 3347 4291 3416 Dominum

2339 3434 2561 3500 Iesum
2627 3444 2704 3501 nt
2767 3457 2890 3502 vos
2952 3457 3180 3502 omnes
3244 3447 3437 3520 teque
3494 3436 3795 3519 inprimis
3836 3446 4184 3503 conservet
4224 3444 4294 3502 et

2338 3522 2584 3587 sanctis
2626 3523 2870 3588 vestris
2926 3522 3256 3589 laboribus
3299 3522 3512 3606 magis
3556 3541 3633 3587 ac
3675 3522 3889 3606 magis
3932 3521 4285 3589 benedicat.

2339 3605 2657 3672 Genevae
2703 3612 2760 3673 5.
2806 3607 3076 3691 Aprilis.

3703 3744 3885 3811 'l'uus
3926 3743 4121 3810 Beza.

3209 4255 3408 4325 4⁰⁹2.

2724 4407 3197 4477 OALVIN'US
3237 4406 3872 4476 BULLINGERO.

2501 4580 2605 4648 De
2634 4580 2807 4646 triae
2837 4599 2959 4646 sua
2978 4579 3335 4645 valetudine
3357 4580 3673 4663 morbiqiae‘
3703 4577 4082 4646 ΝΜ
4098 4598 4281 4661 ques·

2328 4664 2767 4734 memmallo
2823 4667 3045 4732 adiicit
3096 4665 3174 4730 de
3230 4666 3454 4732 itinere
3498 4664 3693 4751 Βορέα
3739 4663 4280 4746 Gallinacium

2327 4772 2559 4820 0016888.

2490 4922 2625 4981 Ood.
2672 4923 2876 4979 Gener.
2915 4920 3061 4990 lom,
3096 4921 3188 4977 fol.
3222 4919 3327 4976 289
3373 4920 3516 4976 unde
3570 4927 3919 4991 sumpserunt
3953 4920 4278 4976 Turretinus

2328 4923 2459 5047 Q.
2503 4990 2626 5058 ΗΒ,
2679 4992 2768 5046 fol.
2807 4988 2910 5045 188
2965 4995 3023 5045 et
3075 4989 3330 5044 librarius
3363 4989 3677 5071 ‘Beruensis
3725 4988 3890 5112 Epg.9
3919 4988 4012 5046 VI.
4048 5006 4100 5060 p.
4140 4987 4277 5044 1156

2705 5076 2866 5131 quem
2900 5066 3164 5129 sequutus
3198 5064 3285 5113 est
3319 5057 3583 5115 simlerus
3628 5059 3752 5116 Vol.
3788 5058 3817 5111 1
3892 5058 3933 5125 .)

2510 5229 2581 5297 S.
2625 5230 2946 5298 Diuturni
3002 5230 3246 5298 silentii
3313 5230 3575 5297 veniam
3638 5249 3773 5296 non
3814 5235 3964 5313 peto
3983 5280 3999 5308 ,
4056 5230 4276 5297 obser-

2331 5317 2549 5384 vande
2594 5316 2815 5399 stater,
2858 5317 3013 5403 quia
3052 5336 3173 5402 per
3206 5315 3368 5384 alios
3400 5314 3522 5383 tibi
3553 5315 3842 5382 innotuit
3875 5334 4068 5399 quam
4103 5315 4278 5384 iusta
