4900 6125
604 385 729 447 135

597 579 848 654 quanta
888 568 1307 635 observantia
1363 568 1575 634 nostri
1629 589 1741 635 eos
1782 579 2280 654 prosequantur.
2368 568 2552 635 Lite-

592 675 709 722 ras
748 663 1091 739 praeterea
1125 652 1636 721 humanissimas
1679 653 1812 722 huc
1851 656 2260 740 scripserunt
2304 653 2557 738 Rapina

594 751 832 818 mater,
886 761 1005 807 nec
1062 759 1198 805 non
1256 761 1377 806 rex
1424 739 1783 819 Novanus,
1835 741 2166 826 principes
2219 741 2379 808 item
2418 739 2554 806 Aa·

592 826 896 893 meolam
950 835 1020 891 et
1076 822 1441 904 condensis,
1497 847 1666 909 qnae
1714 827 1981 894 fuerunt
2034 827 2469 912 gratissimae.
2499 824 2556 910 ¹)

594 911 802 979 Dabit
857 911 1138 978 fortasse
1186 911 1512 978 Dominus
1568 925 1645 977 ιιι
1688 911 1895 978 animi
1935 912 2137 979 huius
2180 911 2363 978 urbis
2404 931 2558 977 cum

592 1017 798 1082 regno
843 995 1103 1064 Galliae
1148 995 1313 1064 bene
1357 1017 1434 1065 ac
1478 1008 1705 1063 sancte
1738 998 2128 1077 coalescant,
2170 997 2558 1082 praesertim

592 1084 652 1150 si
695 1085 912 1150 iustus
952 1083 1025 1149 in
1063 1082 1380 1166 religione
1415 1103 1772 1150 consensus
1807 1085 2271 1151 intercesserit.
2330 1082 2559 1165 Quum

590 1168 817 1253 itaque
873 1188 1102 1235 omnes
1160 1189 1455 1235 essemus
1512 1169 1717 1237 variis
1776 1168 1858 1236 de
1914 1171 2129 1237 causis
2186 1169 2362 1246 laeti,
2406 1189 2559 1236 ecce

592 1254 714 1320 tibi
760 1255 976 1320 tristia
1008 1253 1333 1338 quaedam
1366 1276 1453 1320 ex
1491 1253 1717 1322 Gallia
1758 1267 1919 1322 sunt
1950 1254 2171 1322 allata.
2230 1256 2557 1332 Primum,

844 1338 1222 1424 Philippum
1256 1361 1334 1407 eo
1355 1342 1699 1425 scripsisse
1728 1342 2205 1408 minacissimae
2239 1341 2560 1418 literas,’)

582 1426 823 1511 quibus
877 1447 1014 1493 non
1088 1435 1354 1511 rogaret
1378 1478 1395 1504 ,
1453 1426 1570 1493 sed
1647 1426 2124 1511 quodammodo
2184 1428 2563 1511 imperaret,

591 1521 671 1578 ιιι
725 1514 795 1578 in
839 1510 1082 1580 Galliis
1141 1514 1463 1579 autoritas
1506 1534 1717 1597 papae
1751 1521 1934 1579 sarta
1975 1521 2147 1580 tecta
2189 1526 2259 1580 et
2299 1515 2561 1595 integra

593 1608 992 1676 servaretur,
1028 1618 1247 1681 seque,
1294 1608 1369 1664 ιιι
1412 1599 1624 1674 aiunt,
1660 1598 1925 1665 disertis
1970 1597 2190 1666 verbis
2224 1598 2560 1684 professus

596 1697 700 1751 est
740 1683 1034 1750 omnium
1080 1683 1347 1750 illorum
1391 1695 1695 1768 apertum
1732 1685 1987 1751 hostem
2026 1686 2164 1752 fore
2208 1686 2323 1769 qui
2368 1704 2560 1752 secus

596 1770 849 1836 vellent
890 1779 1087 1853 atque
1132 1779 1519 1836 statuerent.
1607 1769 1872 1837 Deinde
1914 1771 2245 1838 adiectum
2288 1779 2408 1849 est,
2454 1791 2560 1835 re-

646 1858 705 1922 'o
786 1857 1054 1922 nomine
1166 1867 1536 1940 raeceptnm
1611 1857 1931 1941 episcopis
1995 1878 2138 1923 esse
2204 1866 2277 1923 ut
2343 1855 2558 1922 denuo

655 1943 992 2027 oysiacum
1034 1875 1251 2008 regis-e
1251 1952 1329 2006 nt
1372 1953 1571 2025 atque
1615 1942 1703 2008 ibi
1747 1943 2222 2010 confessionem
2260 1942 2558 2009 Gallica·

596 2047 833 2093 narum
879 2027 1305 2095 ecclesiarum
1341 2029 1773 2094 confutarent.
1854 2028 1990 2096 Sed
2036 2028 2161 2095 hoc
2196 2048 2332 2094 non
2366 2027 2560 2095 facile

595 2112 945 2191 credimus,
1013 2114 1140 2179 nisi
1207 2134 1247 2178 a
1310 2113 1655 2180 'l'heodoro
1715 2113 1924 2192 Besa,
1989 2115 2134 2180 viro
2193 2115 2559 2180 clarissimo

597 2198 1133 2283 doctissimoque,
1199 2220 1280 2264 ea
1348 2200 1430 2265 de
1496 2220 1569 2265 re
1634 2201 1945 2266 certiores
2007 2202 2261 2266 fiamus.
2372 2200 2558 2266 Deus

594 2305 762 2370 opus
817 2306 1013 2351 suum
1064 2295 1329 2351 tueatur
1389 2301 1457 2350 et
1523 2306 1600 2350 ea
1651 2284 2079 2352 fundamenta
2143 2286 2557 2353 constabiliat

594 2392 763 2455 qnae
784 2369 1096 2436 videntur
1140 2393 1273 2437 non
1296 2371 1647 2438 infeliciter
1677 2394 1823 2438 esse
1858 2373 2046 2439 iacta.
2127 2371 2326 2438 Oerte
2376 2373 2557 2438 fraus

595 2467 787 2535 esset,
842 2468 910 2522 et
966 2455 1233 2539 quidem
1291 2479 1422 2523 non
1483 2455 1777 2534 obseura,
1824 2459 2065 2523 nostris
2108 2458 2395 2525 dimissis
2438 2457 2553 2523 ad·

596 2543 921 2696 vm
981 2543 1093 2627 qui
1158 2543 1740 2695 ἱειιιιιιιιιίἑιέἕτίιιι
1801 2542 2017 2694 ἀῧιιιιο
2083 2564 2409 2696 rgvoctare,
2480 2552 2555 2608 ut

592 2648 633 2694 a
934 2627 1299 2694 damnaren
1669 2649 1783 2696 aec
1895 2651 2014 2697 eus
2055 2653 2122 2697 v1
2167 2651 2267 2695 en

764 2713 1187 2798 Cupivissem
1237 2714 1311 2779 in
1353 2715 1569 2780 reditu
1613 2735 1732 2781 vos
1775 2716 2079 2782 invisere.
2168 2714 2307 2781 Sed
2349 2736 2553 2799 quum

592 2800 726 2866 iam
770 2809 947 2866 esset
989 2800 1242 2884 hyems,
1302 2801 1555 2866 veritus
1598 2821 1747 2866 sum
1792 2822 1877 2866 ne
1922 2801 2164 2885 pluviis
2203 2810 2322 2866 aut
2362 2801 2555 2867 nubi-

588 2886 717 2952 bus
760 2885 1090 2966 obruerer,
1135 2887 1191 2952 si
1233 2886 1515 2970 longiori
1559 2887 1668 2951 via
1710 2884 1976 2952 domum
2019 2885 2322 2952 redirem.
2400 2885 2556 2967 Qua

590 2973 793 3040 etiam
848 2993 1047 3039 cansa
1095 2993 1247 3038 snm
1301 2971 1613 3039 inductus
1656 2981 1731 3037 ut
1773 2994 1860 3038 ne
1904 2992 2011 3037 me
2055 2972 2395 3040 comitatui
2438 2970 2555 3037 ad-

588 3058 1107 3230 &mm
978 3056 1496 3229 ”mffssffff
1517 3080 1624 3211 ιζ.
1650 3057 1977 3228 {iz-'2²33
2002 3058 2557 3211 ’38ῗωῖἕὲῗίΡὲ

590 3230 885 3309 modum,
929 3252 1131 3315 quum
1177 3230 1353 3315 apud
1396 3252 1507 3297 eos
1541 3251 1754 3297 essem
1790 3229 2127 3296 Blandini.
2217 3231 2558 3296 Assentiri

592 3316 795 3396 nolui,
850 3315 1027 3402 quod
1082 3318 1211 3382 iter
1269 3316 1353 3382 ad
1409 3317 1660 3400 aliquot
1716 3316 1856 3382 dies
1908 3316 2347 3382 animadverti
2408 3336 2555 3382 esse

593 3401 1053 3470 differendum.
1142 3401 1404 3468 Deinde
1448 3400 1837 3488 cogitabam,
1882 3423 2018 3468 non
2060 3403 2403 3487 permagni
2448 3422 2554 3467 re·

590 3492 785 3567 ferre,
830 3490 887 3555 si
922 3486 1384 3554 fraudaremur
1418 3489 1709 3573 corporis
1748 3490 2124 3573 praesentia
2166 3509 2370 3571 quum
2412 3489 2555 3553 ani-

590 3596 737 3641 mos
812 3584 879 3641 et
952 3594 1188 3641 sensus
1268 3574 1631 3641 habeamus
1706 3595 1903 3657 quam
1968 3573 2554 3640 coniunctissimos.

592 3659 787 3743 Quod
853 3661 1012 3727 satis
1078 3660 1325 3727 indicat
1386 3681 1466 3726 ea
1529 3661 1909 3726 firmissima
1964 3659 2311 3727 concordia
2356 3681 2556 3743 quam

586 3748 763 3813 inter
798 3767 917 3812 nos
957 3745 1278 3813 coluimus
1320 3747 1393 3812 in
1430 3745 1673 3823 Gallia,
1708 3756 2027 3831 quotquot
2060 3746 2372 3813 destinati
2407 3767 2554 3812 era-

588 3854 742 3901 mus
807 3831 1109 3898 habendo
1166 3832 1509 3917 colloquio,
1578 3831 1736 3898 dum
1800 3832 1873 3897 in
1941 3833 2169 3897 eadem
2226 3831 2417 3897 domo
2477 3852 2555 3898 ac

587 3939 819 3985 mensa
883 3937 1017 3983 una
1082 3917 1476 3995 viveremus,
1542 3917 1730 3984 cuius
1795 3917 2088 4002 placidae
2147 3938 2223 3984 ac
2287 3924 2554 3984 sanctae

588 4002 954 4071 sodalitatis
1010 4024 1347 4087 nunquam
1407 4002 1773 4070 obliviscar.
1864 4003 2091 4086 Quare
2145 4013 2209 4070 te
2264 4004 2552 4084 obsecro,

589 4112 699 4158 me
743 4090 987 4156 habeas
1021 4100 1427 4165 excusatum,
1472 4090 1531 4156 si
1573 4091 1787 4175 magis
1807 4088 2269 4174 compendioso
2315 4090 2553 4155 itinere

591 4176 865 4244 domum
924 4174 1104 4240 redii.
1210 4174 1419 4241 Velim
1478 4174 1908 4242 nihilominus
1965 4176 2222 4242 interea
2267 4175 2554 4260 collegas

589 4273 741 4329 tuos
786 4260 870 4327 ad
916 4282 1123 4327 unum
1158 4282 1385 4327 omnes
1429 4282 1576 4327 meo
1609 4261 1877 4328 nomine
1921 4262 2215 4341 salutari,
2252 4280 2550 4345 praeser-

590 4350 713 4415 tim
760 4348 1213 4415 doctissimum
1261 4348 1476 4412 virum
1504 4346 1865 4427 Merlinum,
1902 4346 2249 4414 hebraicae
2283 4347 2553 4431 linguae

587 4436 1045 4520 professorem²
1107 4434 1520 4498 carissimum
1576 4435 1865 4499 fratrem.
1956 4433 2144 4512 Vale,
2210 4442 2551 4518 praestan-

594 4522 847 4587 tissime
937 4519 1045 4584 vir
1134 4540 1210 4585 ac
1286 4518 1491 4583 frater
1557 4519 1627 4584 in
1695 4518 1985 4586 Domino
2071 4518 2549 4586 colendissime.

591 4607 779 4673 Deus
814 4604 946 4671 tuis
980 4605 1230 4672 sanctis
1264 4603 1596 4671 laboribus
1641 4606 2149 4673 clementissime
2184 4605 2548 4673 benedicat.

592 4690 859 4758 Salutes
903 4692 1083 4771 item,
1143 4711 1383 4776 quaeso
1429 4698 1510 4769 te,
1555 4701 1886 4775 pastorem
1928 4692 2176 4758 Italum
2221 4700 2418 4776 atque
2461 4692 2548 4758 D.

595 4776 1043 4843 marchionem.
1135 4777 1369 4863 Tiguri
1413 4781 1515 4841 25.
1563 4776 1958 4845 Novembris
2012 4782 2194 4843 1561.

797 4965 857 5033 2)
890 4966 1097 5088 Εάιεῧι
1270 4983 1395 5091 οῗ.
1433 4965 1619 5021 Bam
1654 4966 1724 5021 11.
1760 4966 1811 5019 Δ
1851 4982 1908 5036 p.
1937 4982 1995 5036 p.
2032 4965 2152 5019 101.
2192 4965 2297 5020 115
2331 4980 2472 5036 seqq.

797 5036 859 5171 ¹4³3
895 5035 1168 5161 insania...
1221 5036 1393 5160 ⁴5²oess
1428 5035 1699 5160 &231¹
1700 5034 1790 5174 22⁷
1799 5035 1944 5158 2⁷55.L
1982 5034 2161 5090 M

2126 377 2650 448 EPISTOLAB
2693 380 3121 446 asat—ssse

4483 380 4584 445 m

3538 565 3738 638 8080.

3104 719 3470 790 smso
3515 724 3580 787 A
3621 718 4160 790 OOLLADON.

2837 891 3016 961 Saite
3045 894 3124 961 ds
3155 913 3235 961 sa
3266 892 3436 961 ww
3467 893 3848 979 praedante.

2663 1063 3049 1135 (Autogrsphe
3083 1064 3152 1120 de
3187 1066 3244 1118 la
3278 1062 3661 1135 Bibliotheque
3695 1064 3766 1120 de
3805 1064 4030 1122 Geneve
4065 1064 4194 1120 Vol.
4232 1062 4351 1132 197,
4384 1064 4471 1119 fol.
4507 1062 4602 1133 18.)

2834 1240 2899 1303 A
2941 1257 3099 1303 mon
3141 1245 3277 1304 tres
3316 1236 3566 1304 honore
3609 1234 3936 1324 Seigneur
3976 1244 4047 1304 et
4088 1257 4245 1323 pere
4279 1236 4603 1304 Honsieur

2661 1321 2746 1390 N.
2793 1321 3131 1390 Oolladon.

3897 1408 4007 1474 En
4052 1429 4128 1475 sa
4170 1407 4446 1476 maison.

2834 1578 3092 1665 Depuis
3134 1601 3265 1664 que
3299 1582 3371 1664 ,io
3406 1601 3573 1647 vous
3617 1601 3702 1665 ay
3745 1579 3964 1658 escrit,
3988 1597 4146 1645 mon
4191 1587 4328 1646 tres
4374 1579 4606 1645 honore

2663 1666 2975 1752 seigneur
3026 1674 3094 1732 et
3145 1687 3321 1751 pere,
3372 1666 3507 1751 j’ay
3568 1675 3706 1732 este
3764 1665 4024 1732 adverti
4087 1685 4216 1748 que
4288 1664 4610 1732 Vnuoeodoe

2661 1765 2797 1820 sest
2861 1753 3063 1819 retire
3126 1772 3168 1816 a
3209 1751 3442 1819 Sarlac
3505 1770 3666 1818 avec
3731 1772 3807 1818 sa
3869 1751 4111 1817 femme
4167 1761 4235 1818 et
4278 1773 4392 1819 cro
4494 1771 4609 1836 qne

2661 1837 2764 1905 s’il
2824 1837 3038 1904 n'eust
3084 1847 3316 1903 trouve
3371 1837 3428 1904 si
3482 1838 3610 1903 bon
3654 1838 3828 1921 parti
3873 1835 4059 1903 selon
4101 1836 4166 1903 le
4209 1858 4369 1905 mon
4415 1860 4452 1903 e
4485 1834 4610 1920 qnil

2659 1924 2872 1991 n'eust
2929 1924 3141 2007 quitto
3195 1923 3259 1989 le
3315 1923 3657 1989 ministere
3713 1944 3903 2009 maye
3961 1924 4192 1989 voiant
4246 1922 4388 2007 qnil
4445 1922 4613 1988 avoit

2659 2010 2741 2076 de
2785 2029 2965 2095 quoy
3007 2009 3173 2075 faire
3194 2009 3608 2075 maintenant
3650 2009 3871 2076 bonne
3894 2007 4092 2076 chere
4134 2008 4183 2075 il
4228 2030 4268 2075 a
4309 2008 4436 2075 fait
4455 2029 4615 2075 sem·

2658 2096 2847 2163 blant
2880 2095 2962 2162 de
3006 2094 3266 2162 vouloir
3393 2095 3645 2162 uiesoer
3689 2115 3776 2160 au
3820 2094 4065 2161 conseil
4102 2097 4174 2180 ja
4216 2094 4380 2179 long
4413 2101 4613 2177 temps

2658 2202 2783 2267 par
2840 2201 3012 2248 nous
3078 2202 3119 2247 a
3174 2180 3289 2266 luy
3396 2189 3590 2246 onne.
3678 2179 3741 2245 Il
3798 2202 3838 2246 a
3883 2189 4178 2265 protecte
4232 2179 4434 2265 (ainsi
4499 2199 4615 2264 que

2657 2267 2788 2333 m'a
2830 2266 2929 2332 dit
2970 2288 3219 2334 monsr.
3265 2266 3512 2333 Bordd
3555 2287 3640 2331 en
3685 2266 3868 2350 plein
3904 2266 4292 2332 consistoire
4338 2265 4423 2331 de
4455 2265 4616 2331 Bra-

2657 2361 2884 2438 gerac)
2929 2374 3056 2436 que
3091 2352 3335 2436 jamais
3369 2351 3419 2416 il
3455 2356 3862 2435 n'acceptera
3905 2351 3972 2416 la
3990 2352 4236 2436 charge
4272 2351 4354 2418 de
4398 2351 4618 2416 minis-

2659 2450 2763 2504 tre
2809 2439 3006 2505 sinon
3215 2438 3277 2504 le
3322 2446 3818 2504 consentcment
3867 2436 3949 2503 de
3985 2447 4200 2503 tontes
4245 2437 4343 2504 les
4386 2436 4615 2522 eglises

2660 2546 2744 2591 en
2809 2545 2977 2610 gene
3144 2524 3257 2606 qui
3323 2532 3476 2590 sont
3536 2544 3621 2589 en
3677 2544 3751 2590 oe
3810 2522 4182 2608 Royaulme
4227 2529 4298 2589 et
4353 2523 4510 2590 hors
4559 2520 4619 2587 le

2659 2610 3051 2697 Royaulme.
3139 2609 3227 2676 Je
3285 2629 3446 2694 croy
3556 2630 3636 2674 ue
3682 2628 3853 2674 nous
3896 2629 4183 2675 sommes
4230 2613 4414 2676 aussi
4447 2608 4620 2692 loing

2660 2696 2743 2763 de
2787 2707 3009 2763 nostre
3055 2695 3272 2762 bonne
3298 2697 3633 2780 jntention
3671 2715 3923 2762 comme
3959 2694 4006 2759 i]
4044 2702 4148 2760 est
4181 2695 4263 2761 de
4299 2717 4376 2761 sa
4410 2695 4618 2760 fausse

2662 2782 3096 2867 protestation
3156 2801 3271 2847 car
3333 2781 3381 2846 il
3439 2778 3747 2846 voudroit
3809 2781 3971 2856 (afin
4028 2780 4109 2846 de
4163 2783 4500 2846 tousiours
4554 2798 4622 2844 se

2662 2869 2825 2934 faire
2882 2868 3126 2951 valoir)
3180 2888 3308 2951 que
3373 2865 3738 2933 seulement
3781 2887 3910 2932 une
3975 2866 4157 2932 seule
4198 2867 4522 2951 province
4563 2863 4621 2929 le

2660 2954 2987 3038 requerist
3038 2962 3107 3019 9ι
3175 2952 3580 3018 demandast.
3682 2950 3873 3018 Oeux
3929 2951 4011 3017 de
4068 2952 4407 3036 Bragerac
4459 2950 4622 3016 ainsi

2661 3063 2790 3126 que
2847 3041 2981 3106 m’a
3035 3037 3135 3105 dit
3178 3059 3422 3105 monsr.
3481 3037 3734 3105 Bordat
3789 3059 3873 3104 ne
3938 3037 4342 3105 vouleurent
4388 3037 4623 3123 jamais

2660 3127 2778 3213 luy
2813 3134 3117 3211 octroyer
3150 3146 3269 3192 son
3313 3132 3522 3210 conge
3566 3133 3635 3189 et
3676 3123 3741 3190 le
3763 3123 4103 3190 vouloient
4147 3126 4401 3191 retenir
4442 3136 4623 3190 outre

2660 3233 2784 3281 son
2841 3234 2978 3298 gre.
3067 3212 3224 3277 Afin
3280 3231 3409 3294 que
3467 3209 3589 3277 silz
3647 3219 3990 3277 retornent
4042 3229 4085 3275 a
4138 3232 4222 3277 en
4268 3208 4626 3277 demander

2706 3299 2859 3365 u’on
2903 3298 3050 3365 leur
3093 3304 3295 3363 mette
3352 3296 3492 3363 sela
3535 3296 3780 3362 devant
3821 3295 4001 3361 leurs
4047 3305 4212 3363 netz.
4303 3297 4411 3363 Le
4455 3296 4621 3362 frere

2705 3407 2742 3451 e
2795 3383 3052 3450 Bordac
3097 3391 3307 3449 certes
3355 3383 3600 3467 jamais
3648 3390 3751 3461 (ce
3800 3381 3939 3464 quil
3996 3401 4082 3446 en
4141 3404 4182 3448 a
4224 3381 4375 3453 fait)
4437 3404 4522 3448 ne
4563 3380 4626 3446 la

2657 3472 2777 3536 fait
2818 3490 2941 3555 par
2984 3468 3222 3536 malice
3265 3488 3518 3535 comme
3561 3467 3624 3533 le
3668 3466 3938 3533 voulant
3981 3476 4334 3552 supporter
4377 3489 4467 3534 en
4510 3488 4624 3533 son

2656 3555 2792 3622 mal
2847 3576 2970 3639 par
3027 3575 3223 3639 quoy,
3281 3554 3621 3619 monsieur
3673 3563 3740 3618 et
3796 3573 3970 3636 pere,
4019 3555 4089 3637 je
4148 3574 4312 3619 vous
4369 3553 4625 3638 supplic

2657 3664 2742 3708 ne
2785 3641 2881 3707 lui
2916 3641 3216 3725 jmputer
3263 3639 3432 3718 cela,
3491 3659 3747 3705 comme
3796 3639 3853 3704 si
3897 3638 4093 3704 d'une
4149 3640 4442 3705 sertaine
4488 3660 4622 3704 ms-

2653 3728 2779 3794 lice
2824 3738 2892 3793 et
2933 3725 3016 3792 de
3059 3725 3296 3791 liberte
3339 3725 3387 3790 il
3441 3725 3690 3791 s’estoit
3732 3723 3952 3791 bande
3995 3736 4222 3790 contre
4265 3746 4399 3791 une
4443 3724 4623 3808 oppi-

2657 3815 2814 3880 nion
2860 3822 2926 3879 9ι
2971 3815 3187 3878 sainct
3243 3809 3486 3876 conseil
3543 3819 3612 3875 et
3658 3808 3739 3875 de
3784 3819 3933 3877 tous
3974 3830 4141 3876 nous
4185 3816 4413 3877 autres
4459 3830 4625 3896 pour

2657 3901 2739 3967 de
2798 3919 2918 3982 par
2974 3897 3124 3965 dela
3179 3918 3435 3964 comme
3490 3904 3626 3962 sest
3679 3895 3741 3962 19
3798 3894 4131 3980 Seigneur
4184 3895 4297 3980 qui
4354 3918 4528 3962 nous
4587 3915 4626 3959 a

2657 3985 2910 4052 delivre
2965 3983 3048 4049 de
3103 3983 3191 4049 tel
3251 3989 3642 4067 garnement
3691 3990 3760 4046 et
3801 4002 3970 4047 nous
4025 3981 4245 4048 veulle
4291 3983 4626 4048 tousiours

2655 4090 3016 4222 preserfflz
3063 4068 3145 4220 dle
3204 4067 3613 4220 seglglsaltilles.
3695 4066 3903 4218 gone
3959 4089 4125 4168 nous
4175 4087 4466 4133 sommes
4504 4067 4626 4168 ’ysi

2657 4177 2869 4224 assem
3019 4206 3035 4235 ‚
3116 4176 3186 4221 es
3511 4175 3548 4219 9
3586 4174 3694 4220 ces
3851 4172 4138 4231 rovince,
4283 4175 4365 4219 nr
4409 4174 4628 4220 aviser

2657 4242 2749 4308 du
2815 4252 3033 4326 temps
3101 4241 3190 4307 du
3232 4179 3541 4325 JSynode.
3628 4239 3714 4305 Je
3772 4174 3849 4303 (1ιί>
3897 4259 3972 4304 99
4012 4241 4129 4322 jou
4217 4240 4334 4305 hui
4392 4243 4480 4304 25
4549 4237 4628 4303 de

2656 4328 3033 4407 novembre,
3078 4348 3246 4393 nous
3289 4347 3543 4393 navons
3576 4325 3762 4409 point
3793 4345 4027 4391 encore
4073 4324 4292 4391 resoln
4339 4326 4404 4392 le
4440 4328 4623 4410 jour:

2655 4417 2758 4483 Le
2824 4416 2998 4480 frere
3064 4420 3337 4497 present
3390 4419 3661 4494 portenr
3719 4431 3887 4475 vous
3955 4411 4101 4477 dira
4166 4411 4314 4494 plus
4371 4432 4484 4477 em
4532 4410 4627 4475 le-

2654 4509 2843 4568 ment
2901 4499 2983 4566 de
3041 4520 3159 4566 nos
3207 4497 3562 4564 nouvelles.
3632 4494 3865 4562 Adieu.
3935 4497 4036 4563 Le
4101 4498 4420 4581 seigneur
4523 4498 4620 4561 ’en

2655 4588 2781 4653 soit
2825 4607 2986 4653 avec
3029 4607 3192 4652 vous
3234 4595 3301 4652 et
3356 4604 3520 4650 vous
3563 4603 3877 4649 conserve
3921 4592 3986 4648 et
4042 4590 4224 4648 ιοιιι9
4267 4583 4335 4648 la
4377 4582 4626 4648 famille

2656 4672 3036 4740 assemblee.
3127 4671 3221 4738 Oe
3267 4674 3348 4734 25
3395 4669 3477 4735 (19
3521 4667 3876 4735 novembre
3919 4673 4103 4734 1561.

3132 4808 3373 4875 Vostre
3419 4805 3824 4904 treshumble
3868 4814 3936 4871 et
3979 4805 4309 4907 obeissant
4354 4804 4626 4889 disciple

3527 4901 4208 5044 ⁸⁰m‘05221303mm
