4900 6125
640 439 766 500 703

640 620 817 705 Quia
860 620 1040 686 hisce
1084 617 1313 686 diebus
1357 617 1746 684 mandatum
1793 622 1983 684 3718.

641 708 822 791 Quia
864 707 939 771 in
982 706 1108 770 hoo
1150 702 1485 788 praeclaro
1525 708 1712 766 2107.

641 794 820 876 Quia
862 794 1156 857 incertus
1199 811 1350 857 sum
1398 793 1586 855 3679.

642 879 823 962 Quia
864 876 1070 942 libelli
1114 877 1244 942 mei
1292 877 1477 940 2695.

643 964 821 1047 Quia
862 984 1058 1028 mane
1103 983 1144 1026 a
1186 960 1529 1028 scribendo
1578 966 1765 1028 2814.

644 1050 822 1131 Quia
865 1070 971 1114 me
1016 1049 1193 1132 eogit
1233 1049 1411 1112 iusta
1457 1051 1644 1112 2918.

641 1136 821 1219 Quia
863 1155 1046 1200 meas
1091 1135 1318 1199 literas
1367 1136 1557 1194 3243.

643 1222 819 1303 Quia
860 1220 1073 1285 multa
1117 1218 1202 1285 ad
1243 1227 1311 1284 te
1355 1218 1635 1303 legenda
1683 1222 1868 1283 2254.

644 1307 823 1388 Quia
866 1307 1086 1371 neseio
1129 1305 1367 1388 quibus
1412 1305 1858 1388 praepediaris
1910 1308 2093 1370 1022.

644 1393 823 1475 Quia
866 1413 1001 1458 non
1047 1392 1173 1456 fuit
1216 1390 1359 1455 heri
1406 1393 1596 1456 2471.

645 1478 824 1559 Quia
866 1499 1000 1543 non
1044 1478 1275 1561 ignoro
1324 1481 1509 1540 2985.

645 1564 825 1646 Quia
867 1584 999 1628 non
1043 1584 1163 1629 nos
1200 1563 1360 1627 latet
1413 1568 1593 1626 1709.

645 1650 824 1732 Quia
868 1647 1160 1714 nondum
1206 1668 1291 1712 ex
1336 1648 1649 1714 nundinis
1695 1651 1884 1712 2733.

645 1736 823 1818 Quia
867 1754 1046 1798 nuno
1090 1734 1423 1800 vobiscum
1471 1755 1665 1818 agere
1716 1738 1855 1798 121.

645 1821 823 1903 Quia
865 1841 1079 1903 nuper
1121 1820 1349 1884 literas
1397 1822 1585 1884 3225.

646 1906 825 1989 Quia
867 1926 1080 1988 nuper
1123 1926 1326 1989 quum
1377 1906 1543 1971 istae
1591 1909 1777 1969 2052.

648 1993 830 2073 Quia
873 2001 1146 2073 patruus
1191 1991 1456 2075 Aegidii
1506 1994 1690 2054 2202.

647 2078 824 2159 Quia
868 2097 987 2160 per
1029 2078 1237 2142 otium
1275 2081 1419 2140 684.

647 2163 825 2244 Quia
866 2163 1179 2246 permulti
1224 2165 1412 2223 4127.

648 2249 827 2331 Quia
869 2248 1143 2313 Petrum
1190 2248 1497 2313 Viretum
1549 2252 1731 2311 1286.

649 2334 827 2416 Quia
869 2335 1110 2417 premit
1154 2336 1467 2416 temporis
1511 2333 1820 2418 angustia
1855 2338 2044 2397 2111.

649 2420 828 2502 Quia
871 2420 1195 2502 prioribus
1239 2421 1370 2485 tuis
1423 2423 1611 2481 2405.

649 2507 825 2587 Quia
867 2507 1165 2588 proxime
1207 2505 1386 2569 intra
1429 2506 1629 2571 breve
1680 2510 1862 2572 1059.

649 2591 827 2673 Quia
870 2591 1159 2674 quotidie
1202 2592 1415 2655 multa
1462 2593 1648 2655 3234.

650 2678 831 2759 Quia
871 2679 1004 2743 seio
1048 2697 1178 2741 non
1217 2697 1405 2742 secus
1452 2680 1638 2740 2554.

652 2763 832 2845 Quia
874 2764 1008 2828 scio
1047 2773 1114 2826 te
1159 2783 1280 2845 pro
1326 2764 1513 2829 nobis
1562 2765 1746 2824 2713.

653 2849 831 2930 Quia
868 2849 1078 2914 serius
1120 2869 1349 2914 mense
1392 2869 1523 2913 uno
1561 2851 1747 2912 2944.

653 2934 830 3016 Quia
872 2934 1125 2999 tamdiu
1170 2955 1209 2997 a
1250 2934 1436 2999 vobis
1481 2934 1661 2998 abfui
1712 2937 1893 2999 1321.

652 3020 829 3103 Quia
873 3028 1007 3086 toto
1053 3019 1175 3086 hoe
1219 3022 1433 3104 sesqui
1474 3025 1658 3085 3174.

653 3107 829 3189 Quia
874 3116 988 3171 tua
1031 3106 1352 3173 celsitudo
1400 3108 1652 3190 priores
1702 3111 1842 3172 125.

653 3192 831 3274 Quia
871 3199 951 3257 ut
993 3191 1199 3258 literis
1240 3194 1374 3257 tuis
1432 3197 1612 3254 1187.

654 3278 829 3359 Quia
874 3277 1181 3342 Viretum
1229 3277 1549 3343 decanum
1604 3283 1782 3343 1286.

653 3363 833 3443 Quid
878 3374 1101 3429 aetum
1145 3364 1233 3428 sit
1275 3386 1428 3430 oum
1473 3364 1885 3447 Gamperello
1931 3369 2073 3427 716.

654 3447 834 3531 Quid
878 3449 961 3513 ad
1006 3460 1071 3515 te
1114 3449 1393 3514 scribam
1447 3455 1630 3515 1339.

656 3534 833 3615 Quid
879 3556 1038 3618 agas
1082 3545 1147 3600 et
1190 3545 1267 3600 ut
1309 3536 1500 3600 vivas
1551 3540 1696 3599 340.

656 3620 839 3702 Quid
883 3640 1044 3704 agas
1089 3621 1386 3686 homines
1434 3625 1625 3686 4257.

655 3705 836 3787 Quid
878 3706 1141 3771 Bernae
1185 3707 1432 3790 egerim
1489 3713 1668 3770 1044.

656 3791 835 3869 Quid
879 3813 1032 3857 eum
1077 3790 1356 3858 Serveto
1400 3801 1620 3857 aetum
1672 3796 1853 3858 1848.

655 3876 837 3957 Quid
882 3877 1092 3943 dieam
1139 3877 1475 3943 carissime
1521 3882 1707 3943 3690.

656 3962 839 4044 Quid
884 3961 1177 4029 dicemus
1220 3964 1346 4027 nisi
1394 3964 1694 4029 homines
1747 3968 1926 4028 1429.

656 4047 838 4129 Quid
882 4050 1140 4131 egerint
1182 4050 1512 4132 principes
1560 4054 1748 4115 2647.

656 4134 836 4214 Quid
882 4135 1299 4199 Hotomanus
1349 4139 1536 4199 2249.

655 4218 839 4300 Quid
884 4221 956 4284 in
998 4241 1195 4286 eausa
1239 4220 1543 4286 Maurisii
1590 4224 1772 4284 1532.

654 4305 835 4385 Quid
878 4307 950 4370 in
998 4307 1118 4371 hae
1163 4306 1565 4388 profectione
1612 4313 1753 4370 533.

656 4389 836 4471 Quid
882 4412 988 4456 me
1032 4392 1407 4474 impedierit
1453 4397 1594 4456 513.

657 4475 837 4557 Quid
882 4477 1069 4543 nobis
1113 4479 1496 4561 exposuerit
1540 4482 1723 4539 3047.

657 4562 835 4641 Quid
878 4563 1069 4629 nobis
1104 4564 1192 4628 sit
1235 4566 1666 4629 constitutum
1708 4566 1893 4626 2081.

656 4646 837 4728 Quid
881 4669 1095 4731 nuper
1137 4671 1178 4714 a
1221 4671 1325 4714 me
1373 4648 1806 4732 postulaverit
1850 4654 2036 4715 2345.

658 4733 837 4814 Quid
882 4757 1092 4817 nuper
1134 4735 1567 4802 instituissem
1620 4741 1802 4800 1134.

656 4818 836 4900 Quid
881 4821 1209 4887 obstiterit
1255 4823 1605 4904 quominus
1642 4827 1786 4886 999.

656 4904 837 4987 Quid
880 4915 1062 4989 optet
1105 4907 1306 4971 frater
1352 4911 1540 4972 2457.

656 4990 837 5072 Quid
882 4992 1103 5058 Orbae
1146 4993 1395 5076 egerim
1437 4999 1583 5059 574.

657 5075 835 5158 Quid
882 5080 1092 5161 prima
1135 5079 1390 5144 aetione
1437 5084 1623 5142 3526.

658 5163 840 5243 Quid
882 5165 1283 5229 Rastibonae
1327 5173 1564 5249 agatur
1612 5167 1753 5230 329.

659 5248 837 5327 Quid
881 5251 1160 5316 scribam
1206 5259 1324 5315 aut
1363 5249 1538 5316 unde
1586 5255 1771 5319 3834.

661 5333 843 5416 Quid
888 5335 1013 5401 sibi
1054 5335 1218 5402 velit
1258 5336 1456 5403 Iacob
1501 5338 1645 5401 925.

2103 429 2204 496 ΙΝ
2207 428 2485 497 DIOES
2532 429 3229 498 EPISTULARUM.

2719 617 2899 701 Quid
2946 619 3033 683 sit
3076 641 3116 685 a
3162 619 3348 685 nobis
3395 623 3582 683 4139.

2716 704 2898 787 Quid
2942 705 3308 771 Stanearus
3351 705 3701 788 profecerit
3747 709 3935 769 3561.

2717 791 2896 873 Quid
2940 800 3161 857 tecum
3207 801 3275 856 et
3307 812 3459 858 oum
3497 789 3778 857 Calvino
3832 795 4015 855 1683.

2717 877 3009 960 Quidam
3053 877 3170 960 qui
3212 876 3548 961 Lugduno
3599 881 3780 944 1372.

2717 962 3057 1047 Quidquid
3103 963 3308 1028 habui
3351 962 3605 1029 consilii
3652 967 3840 1026 2792.

2718 1051 2886 1132 Quis
2932 1049 3014 1114 de
3057 1057 3285 1115 nostra
3328 1048 3745 1131 expeditione
3792 1051 3976 1115 2965.

2717 1136 2885 1218 Quis
2927 1135 3128 1200 fuerit
3171 1143 3450 1200 eventus
3502 1138 3645 1199 452.

2716 1222 2884 1303 Quis
2927 1222 3050 1286 has
3095 1218 3382 1286 reddidit
3425 1220 3548 1284 tibi
3592 1223 3778 1286 3312.

2717 1308 3041 1390 Quisnam
3087 1307 3194 1371 hie
3237 1306 3326 1370 sit
3368 1306 3539 1370 malo
3587 1311 3730 1371 954.

2717 1395 3044 1474 Quisnam
3090 1393 3200 1458 ille
3244 1392 3332 1457 sit
3379 1396 3565 1456 2790.

2718 1480 2869 1561 Quo
2916 1478 3021 1544 die
3067 1477 3150 1543 ad
3194 1487 3260 1543 te
3304 1477 3589 1544 seribere
3639 1481 3824 1541 2420.

2719 1567 2870 1647 Quo
2916 1564 3021 1629 die
3063 1563 3179 1628 tibi
3225 1585 3342 1647 per
3385 1562 3731 1629 Nieolaum
3777 1567 3921 1626 426.

2719 1652 2869 1733 Quo
2915 1650 3161 1716 diutius
3207 1649 3614 1714 desideratae
3660 1653 3848 1715 3148.

2719 1737 2872 1819 Quo
2916 1736 3048 1800 iam
3095 1737 3166 1799 in
3209 1743 3389 1801 statu
3434 1736 3572 1800 sint
3617 1736 3804 1799 2297.

2720 1823 2869 1903 Quo
2914 1822 2983 1887 in
3028 1828 3206 1887 statu
3246 1842 3354 1887 res
3397 1827 3664 1886 nostrae
3711 1823 3898 1886 3233.

2719 1909 2868 1990 Quo
2912 1908 2978 1971 in
3026 1915 3205 1973 statu
3248 1908 3384 1972 sint
3429 1911 3614 1970 397-3.

2719 1994 2871 2075 Quo
2916 1992 3142 2058 literas
3182 2001 3335 2058 tuas
3378 1992 3592 2075 pretio
3643 1996 3826 2056 1398.

2719 2081 2871 2162 Quo
2915 2080 3129 2162 magis
3172 2077 3254 2143 de
3297 2086 3559 2143 vestrae
3605 2081 3748 2141 982.

2718 2164 2869 2245 Quo
2914 2165 3247 2247 pertineat
3288 2163 3700 2248 querimonia
3745 2168 3889 2229 871.

2717 2251 2867 2333 Quo
2911 2250 3182 2333 propius
3225 2249 3444 2316 studia
3491 2251 3679 2312 2974.

2718 2337 2867 2419 Quo
2913 2336 3197 2402 rariores
3241 2344 3393 2401 tuas
3438 2334 3684 2418 aoeipio
3732 2339 3918 2400 3572.

2718 2424 2868 2505 Quo
2912 2443 3017 2488 res
3063 2430 3332 2487 nostrae
3375 2420 3688 2486 eeclesiae
3734 2425 3919 2483 3575.

2716 2510 2867 2590 Quo
2914 2517 3207 2590 tempore
3249 2508 3477 2572 literas
3519 2514 3667 2572 tuas
3713 2509 3898 2569 3140.

2720 2593 2914 2677 Quod
2960 2613 3000 2659 a
3042 2592 3347 2659 fidelibus
3392 2592 3706 2659 eeclesiae
3752 2596 3896 2657 593.

2718 2679 2914 2762 Quod
2960 2701 3001 2744 a
3041 2678 3231 2745 nobis
3265 2679 3619 2762 postulatis
3664 2681 3850 2742 2736.

2719 2765 2913 2847 Quod
2952 2764 3214 2832 accedet
3258 2765 3401 2847 paci
3459 2769 3642 2827 1915.

2719 2849 2914 2934 Quod
2958 2851 3254 2916 acerbius
3298 2849 3541 2915 videris
3587 2848 3816 2915 tulisse
3862 2851 4046 2912 3257.

2719 2937 2914 3019 Quod
2958 2936 3042 3002 ad
3085 2938 3391 3020 ignotum
3437 2937 3648 3001 scribo
3697 2938 3840 3000 225.

2720 3022 2912 3107 Quod
2959 3022 3042 3088 ad
3086 3031 3377 3088 nostram
3424 3021 3747 3088 actionem
3794 3024 3939 3088 475.

2719 3109 2913 3192 Quod
2956 3109 3040 3174 ad
3083 3117 3329 3175 statum
3372 3110 3563 3191 regni
3611 3113 3795 3173 1415.

2719 3192 2915 3278 Quod
2960 3195 3043 3260 ad
3089 3205 3154 3261 te
3203 3202 3429 3277 aperte
3474 3198 3600 3256 374
3645 3194 3762 3259 bis.

2718 3280 2916 3363 Quod
2961 3281 3044 3346 ad
3087 3290 3156 3345 te
3200 3281 3541 3363 hueusque
3586 3282 3729 3342 274.

2719 3368 2916 3449 Quod
2963 3366 3045 3431 ad
3091 3377 3156 3431 te
3200 3367 3330 3431 iam
3376 3365 3631 3448 pridem
3680 3370 3868 3427 3114.

2719 3452 2915 3534 Quod
2951 3452 3165 3517 aliena
3209 3471 3410 3517 manu
3455 3452 3572 3516 tibi
3621 3456 3806 3514 3615.

2718 3538 2912 3620 Quod
2958 3538 3238 3604 antehae
3273 3537 3490 3603 nullas
3535 3537 3619 3602 ad
3663 3546 3730 3601 te
3777 3539 3961 3602 2045.

2719 3624 2912 3706 Quod
2956 3625 3193 3688 attinet
3238 3622 3321 3688 ad
3365 3624 3708 3708 negotium
3755 3626 3942 3688 4270.

2718 3709 2913 3792 Quod
2956 3710 3195 3774 attinet
3236 3728 3499 3774 eausam
3553 3713 3734 3772 1586.

2718 3795 2916 3877 Quod
2961 3796 3128 3861 bene
3173 3803 3392 3859 vertat
3435 3796 3620 3859 Deus
3667 3800 3810 3858 355.

2719 3880 2917 3962 Quod
2961 3881 3156 3946 binae
3200 3880 3397 3945 simul
3442 3879 3673 3945 literae
3722 3884 3909 3944 3533.

2720 3965 2914 4048 Quod
2960 3966 3225 4031 brevius
3270 3966 3478 4030 literis
3524 3968 3711 4030 4025.

2720 4052 2914 4132 Quod
2960 4051 3313 4117 Calvinum
3359 4052 3628 4115 fratrem
3678 4056 3822 4115 361.

2720 4136 2914 4220 Quod
2959 4135 3300 4203 Christum
3343 4137 3487 4202 ideo
3535 4141 3675 4200 897.

2722 4223 2920 4304 Quod
2963 4224 3158 4288 eitius
3201 4221 3284 4287 ad
3329 4231 3395 4287 te
3442 4226 3627 4284 3178.

2721 4308 2914 4389 Quod
2960 4308 3152 4374 eitius
3195 4307 3422 4374 literas
3466 4329 3507 4372 a
3550 4329 3655 4375 me
3701 4314 3889 4376 2130.

2722 4394 2915 4475 Quod
2963 4394 3157 4459 eitius
3200 4394 3335 4458 tuis
3387 4398 3567 4457 1243.

2721 4479 2913 4560 Quod
2959 4480 3360 4545 clarissimus
3401 4488 3674 4546 senatus
3719 4484 3861 4542 482.

2722 4565 2915 4646 Quod
2961 4565 3305 4631 eonsilium
3349 4587 3574 4630 meum
3626 4572 3807 4631 1657.

2723 4651 2920 4731 Quod
2963 4652 3150 4733 oupis
3196 4659 3519 4733 praestem
3567 4654 3709 4717 215.

2722 4737 2916 4818 Quod
2963 4736 3043 4801 de
3087 4757 3329 4802 aroana
3373 4741 3557 4801 2266.

2721 4821 2913 4903 Quod
2961 4822 3041 4888 de
3084 4822 3251 4888 bello
3295 4825 3804 4890 sacramentario
3853 4828 4034 4892 1985.

2721 4907 2917 4989 Quod
2964 4908 3044 4973 de
3086 4909 3377 4974 caritatis
3419 4920 3649 4975 mutuo
3695 4912 3879 4975 3562.

2721 4993 2921 5074 Quod
2965 4993 3045 5059 de
3089 5012 3286 5060 eausa
3328 4994 3500 5078 apud
3545 5018 3666 5063 vos
3716 5001 3899 5062 1759.

2722 5078 2916 5161 Quod
2963 5080 3044 5145 de
3086 5080 3292 5146 fratre
3336 5081 3630 5148 Heraldo
3685 5086 3866 5148 1560.

2723 5165 2917 5246 Quod
2963 5166 3044 5231 de
3086 5186 3234 5231 mea
3275 5166 3651 5234 valetudine
3693 5171 3875 5237 1926.

2723 5250 2919 5331 Quod
2965 5252 3044 5316 de
3089 5252 3326 5318 Mettio
3371 5256 3557 5316 3873.
3600 5259 3786 5319 3874.

2724 5337 2920 5419 Quod
2966 5338 3047 5403 de
3090 5360 3223 5403 non
3269 5339 3487 5404 missis
3532 5343 3720 5406 2290.
