4900 6125
585 401 722 468 547

583 608 949 674 «greoeurus
962 586 996 653 ?
1086 588 1197 655 An
1241 595 1382 655 tum
1440 607 1598 655 vero
1652 587 1934 674 spatium
1991 584 2396 654 deliberandi
2438 586 2553 653 da-

597 672 823 743 bitur?
928 673 1123 741 Oerte
1188 674 1298 740 vel
1362 675 1680 757 exiguum
1742 674 1855 741 vel
1918 672 2201 758 nullum,
2264 683 2332 739 et
2392 679 2555 740 tunc

595 761 743 827 iure
786 780 903 827 con
950 769 1265 826 uerentur
1306 759 1534 845 populi
1568 779 1712 827 sese
1742 759 2251 844 magistratuum
2284 759 2557 844 ignavia

597 860 671 912 et
713 866 862 912 seco
942 846 1004 910 ia
1045 847 1232 930 prius
1275 846 1550 930 periisse
1591 865 1792 930 quam
1843 844 2208 928 periculum
2253 845 2553 911 sensisse.

599 930 740 997 Sed
783 932 990 1008 nobis,
1035 933 1240 1009 aiunt,
1286 932 1514 997 foedus
1556 938 1660 997 est
1700 951 1850 996 cum
1883 931 2086 1015 Rege.
2151 929 2358 1011 Quasi
2392 950 2553 997 vero

599 1038 723 1083 nos
787 1038 921 1082 non
985 1037 1356 1101 pugnemus
1398 1037 1520 1101 pro
1563 1017 1767 1102 Rege,
1835 1015 1992 1082 dum
2062 1016 2204 1082 eius
2266 1014 2555 1082 edictum

593 1115 888 1168 tuemur.
965 1107 1102 1167 Aut
1146 1103 1335 1186 quasi
1375 1109 1627 1168 tutores
1672 1123 1791 1185 pro
1834 1123 1952 1168 suo
1996 1099 2264 1167 arbitrio
2297 1101 2557 1184 possint

599 1208 745 1254 rem
788 1186 1020 1271 pupilli
1054 1198 1355 1266 tractare,
1396 1200 1528 1265 aut,
1565 1190 1622 1253 si
1657 1187 1724 1253 id
1758 1187 2021 1267 faciant,
2112 1206 2186 1252 ro
2221 1186 2554 1253 tutoribus

598 1273 739 1339 sint
782 1272 1195 1358 agnoscendi.
1281 1275 1583 1357 Denique
1645 1274 1702 1340 si
1745 1273 1979 1339 nolunt
2086 1293 2123 1338 e
2164 1291 2365 1338 causa
2405 1292 2554 1355 pro-

598 1359 936 1436 nunciare,
1010 1360 1244 1424 saltem
1311 1380 1429 1426 cur
1490 1379 1602 1426 eos
1664 1380 1800 1423 non
1864 1367 2087 1424 movet
2149 1357 2320 1423 tanti
2361 1357 2554 1442 regni

597 1444 844 1511 ruina?
929 1443 1069 1511 Cur
1107 1445 1630 1512 conflictantibus
1672 1443 1844 1510 bello
1886 1443 2066 1510 civili
2108 1445 2320 1524 sociis,
2371 1443 2553 1529 lega-

598 1543 701 1597 tos
745 1529 980 1596 saltem
1022 1551 1159 1595 non
1203 1531 1477 1595 mittunt
1510 1530 1625 1614 qui
1662 1550 1734 1595 se
1774 1531 2203 1613 interponant
2235 1538 2302 1594 et
2335 1527 2554 1612 aliquo

598 1614 792 1682 modo
837 1617 999 1682 istos
1040 1617 1325 1699 impetus
1367 1616 1716 1682 autoritate
1782 1636 1903 1681 sua
1944 1614 2300 1698 frangant?
2378 1615 2552 1680 Nam

595 1711 675 1766 ut
717 1701 884 1766 nihil
930 1701 1111 1766 aliud
1154 1703 1458 1780 efficiant,
1502 1700 1627 1768 hoc
1670 1713 1894 1766 tamen
1937 1710 2434 1782 consequentur,
2478 1709 2557 1764 ut

595 1807 868 1853 causam
934 1794 1138 1853 totam
1197 1787 1435 1853 melius
1492 1785 1866 1872 intelligant
1907 1795 1974 1851 et
2016 1788 2261 1852 certius
2305 1784 2556 1869 aliquid

597 1881 823 1956 postea
864 1872 1269 1938 constituant
1333 1882 1528 1955 prout
1585 1893 1707 1938 sua
1748 1873 2067 1937 interesse
2110 1872 2553 1954 cognoverint.

595 1958 745 2024 Hoc
787 1965 886 2024 est
927 1958 1148 2056 igitur,
1204 1957 1297 2023 mi
1354 1969 1556 2041 pater,
1619 1959 1743 2023 hoc
1785 1966 1903 2036 est,
1948 1959 2039 2021 mi
2084 1957 2346 2022 domine
2392 1957 2556 2022 Buz-

595 2044 849 2128 linyere,
891 2065 983 2108 mi
1027 2043 1290 2110 domine
1338 2043 1680 2110 Guazthere
1736 2052 1803 2108 et
1857 2063 1979 2109 vos
2037 2042 2269 2127 reliqui
2318 2042 2556 2109 fratres

594 2130 671 2194 in
706 2150 833 2212 quo
868 2129 1055 2195 vobis
1103 2139 1170 2196 et
1214 2128 1565 2195 fortissime
1609 2138 1676 2193 et
1733 2128 2068 2194 celerrime
2118 2128 2555 2193 laborandum

557 2224 776 2298 puto,
836 2215 893 2280 si
946 2234 1099 2281 cara
1140 2215 1329 2282 vobis
1374 2224 1473 2280 est
1517 2214 1780 2281 Galliae
1833 2224 1900 2280 et
1940 2222 2308 2280 vestrorum
2353 2214 2555 2279 etiam

595 2300 775 2367 salus
817 2301 919 2366 uti
966 2321 1108 2366 esse
1152 2322 1287 2366 non
1338 2300 1581 2366 dubito.

767 2386 949 2469 Ergo
995 2387 1244 2451 interea
1285 2395 1463 2452 recta
1500 2386 1584 2451 ad
1617 2385 1995 2452 Andelotum
2030 2405 2250 2470 pergo,
2295 2393 2365 2450 et
2397 2383 2556 2450 inde

593 2492 983 2622 ffoeunque
1025 2471 1208 2537 volet
1248 2470 1598 2551 Dominus,
1642 2471 1747 2537 cui
1792 2493 1897 2537 me
1942 2480 2153 2537 totum
2196 2471 2552 2537 committo.

671 2577 784 2622 aec
828 2557 909 2622 ad
956 2565 1024 2622 te
1067 2558 1317 2641 scripsi,
1378 2558 1469 2622 mi
1513 2564 1719 2641 pater,
1777 2564 1853 2622 ut
1893 2577 2234 2640 nunquam
2276 2557 2554 2622 fortasse

593 2643 980 2727 scripturus.
1070 2643 1304 2726 Itaque
1346 2651 1499 2726 opto
1555 2642 1677 2709 has
1742 2642 1964 2708 literas
2023 2644 2140 2707 toti
2182 2642 2551 2708 carissimo-

593 2749 747 2794 rum
789 2728 1073 2794 fratrum
1117 2727 1388 2812 collegio
1430 2739 1652 2794 tecum
1695 2749 1838 2794 esse
1881 2749 2262 2795 communes
2304 2737 2371 2793 et
2403 2748 2552 2793 mu-

595 2825 752 2881 tuae
810 2823 1075 2881 nostrae
1139 2814 1221 2879 ad
1277 2823 1554 2880 mortem
1612 2834 1819 2896 usque
1861 2812 2246 2881 concordiae
2288 2823 2355 2879 et
2397 2833 2552 2880 con-

594 2900 918 2967 sensionis
963 2900 1087 2964 hoc
1128 2899 1340 2967 veluti
1383 2899 1855 2979 testimonium,
1912 2899 1971 2966 si
2014 2898 2171 2982 quid
2215 2899 2381 2964 mihi
2426 2898 2552 2965 hu·

592 2987 886 3052 manitus
930 2985 1280 3071 contigerit
1321 2995 1600 3052 exstare.
1687 2983 2017 3050 Dominus
2081 2992 2306 3050 noster
2361 2984 2552 3050 Iesus

593 3072 908 3139 Christus
950 3073 1140 3139 vobis
1181 3073 1395 3158 magis
1438 3092 1514 3138 ac
1555 3072 1767 3155 magis
1811 3071 2171 3150 benedicat,
2229 3071 2554 3138 carissimi

597 3166 666 3224 et
686 3157 1268 3225 observandissimi
1311 3159 1566 3237 fratres,
1608 3165 1679 3222 et
1728 3157 2035 3224 ecclesias
2078 3178 2233 3224 suas
2278 3157 2555 3223 afflictas

597 3244 923 3328 respiciat,
989 3263 1066 3310 ac
1129 3244 1296 3309 mihi
1359 3243 1556 3309 etiam
1614 3242 1815 3309 donet
1875 3244 1946 3307 in
2008 3244 2153 3328 ipso
2217 3243 2442 3309 vivere
2486 3250 2556 3308 et

595 3330 788 3397 mori.
877 3330 1141 3396 Bernae
1185 3333 1287 3395 24.
1333 3328 1666 3414 Septemb.
1718 3333 1903 3394 1562.

1541 3464 1775 3532 Vester
1817 3472 1998 3532 totus
2034 3485 2117 3531 ex
2161 3463 2382 3530 animo

1777 3552 1902 3618 Th.
1945 3551 2140 3617 Beza.

1377 3846 1786 3857 ——-—.———-

1480 4064 1688 4135 8859.

1087 4200 1562 4271 GALVINUS
1606 4199 2072 4268 VA'I'ELLO.

770 4375 1121 4459 Respondet
1163 4375 1250 4441 aa
1293 4375 1684 4456 quaestiones
1723 4394 1924 4457 ,ηιμ-ν
1949 4325 2343 4458 propositae

591 4547 816 4619 (Edidit
847 4548 992 4603 Besa
1025 4546 1165 4603 Gen.
1197 4544 1420 4685 ρμδέῗὲ
1421 4543 1878 4685 '1223’pr
1863 4544 2076 4679 gmon
2111 4561 2165 4614 p.
2203 4541 2321 4611 ⁷14,
2341 4542 2556 4598 Obouet

768 4787 1082 4888 Prolixae
1154 4796 1308 4888 tuae
1350 4785 1672 4887 epistolae·
1690 4788 1740 4863 ι)
1824 4784 2120 4884 breyiter
2159 4783 2555 4884 respondere

593 4878 2557 5055 ἓῗοίἩὲξῗὲὲῗἭὲῗὲἰῗιᾈ’ἵῗίῗᾞῗὲαἵὲἐὶἓξὲῗιὲ

597 5044 747 5112 fuit.
836 5043 1116 5110 Duabus
1159 5055 1307 5128 post
1366 5046 1545 5111 horis
1597 5043 1702 5143 ad·
1739 5063 2114 5110 consessum
2159 5040 2554 5108 ecclesiasti·

598 5148 754 5195 cum
775 5130 1102 5215 profectus
1123 5151 1289 5197 sum.
1331 5131 1530 5198 Illinc
1552 5139 1751 5195 tertia
1770 5149 1919 5195 sum
1941 5148 2267 5213 egressus.
2311 5126 2555 5194 Adhuc

591 5314 786 5369 sese.
806 5315 867 5383 1)
902 5315 967 5370 zv.
1000 5314 1154 5372 3853.

2103 397 2631 468 EPls'POLAE
2673 401 3101 466 3858-3860

4479 409 4593 470 548

2655 608 2808 656 cum
2846 587 3053 653 fratre
3094 592 3318 652 nostro
3378 585 3808 671 colloquebar,
3850 586 4011 653 dum
4051 585 4419 654 adveniunt
4458 610 4597 656 rur-

2655 692 2770 739 sus
2811 671 3114 758 collegae.
3180 672 3280 738 Er
3325 692 3365 738 o
3407 672 3719 740 brevitati
3759 694 3958 756 quam
3998 681 4349 758 extorquet
4384 696 4599 743 neees-

2655 758 2814 825 sitas
2869 758 3188 843 ignosces.
3376 757 3707 825 nsiliarios
3748 759 4139 844 Principum
4179 760 4277 826 ita
4314 763 4599 845 praecise

2654 844 2997 943 vobiscum
3019 846 3230 1012 egisse
3251 864 3385 944 non
3405 845 3635 945 miror:
3660 845 3813 929 quia
3833 865 4062 911 eorum
4081 864 4333 912 morem
4355 846 4603 930 pridem

2654 950 3065 1080 ffiffigwffit
3106 929 4308 1100 uegeffiocaffetgoedeeteagrrgdffia
4342 1016 4601 1084 factum.

2656 1100 3036 1182 Quamlibet
3073 1102 3250 1167 enim
3291 1102 3535 1167 morosi
3577 1102 3730 1180 sint,
3798 1099 3972 1185 apud
4030 1123 4141 1168 eos
4183 1102 4605 1185 periculosior

2655 1196 2757 1253 est
2790 1186 3121 1253 simulatio
3154 1207 3352 1271 quam
3386 1187 3674 1271 ingenua
3706 1185 3998 1253 libertas.
4053 1187 4356 1255 Articulo
4392 1201 4607 1256 autem

2657 1271 2739 1337 de
2781 1270 3144 1356 disciplina,
3187 1293 3353 1356 quae
3388 1271 3562 1354 apud
3596 1293 3715 1339 vos
3749 1272 3936 1338 nulla
3968 1280 4089 1352 est,
4133 1275 4295 1358 quin
4329 1275 4605 1341 subscri·

2653 1358 2811 1424 bere
2853 1358 3131 1438 licuerit,
3198 1380 3331 1423 non
3388 1356 3596 1425 video.
3681 1358 3766 1423 In
3824 1356 4152 1441 baptismo
4194 1380 4493 1426 crassum
4532 1361 4607 1426 il-

2653 1441 2795 1509 lum
2841 1444 3137 1520 abusum,
3202 1443 3320 1528 qui
3358 1444 3622 1509 nonnisi
3678 1464 3766 1510 ex
3808 1442 4009 1509 bruta
4057 1445 4435 1528 ignorantia
4476 1468 4609 1511 ma·

2656 1528 2846 1596 navit
2908 1539 2975 1594 et
3039 1530 3326 1613 obrepsit
3387 1530 3561 1595 inter
3623 1529 3869 1596 multas
3927 1550 4229 1595 errorum
4286 1532 4607 1608 tenebras,

2654 1615 3015 1699 improbari
3056 1616 3320 1680 omnino
3365 1635 3631 1681 necesse
3674 1615 3813 1680 fuit.
3905 1612 3984 1681 Si
4023 1616 4453 1698 acquievistis
4494 1617 4612 1682 im-

2655 1702 2856 1784 perio,
2900 1702 3187 1784 pessimo
3230 1700 3462 1784 laqueo
3509 1721 3623 1766 vos
3665 1699 3993 1766 induistis.
4072 1702 4379 1767 Primum
4425 1713 4615 1787 turpe

2656 1787 2787 1851 fuit
2831 1795 3080 1852 tacere:
3149 1786 3385 1852 deinde
3449 1785 3509 1851 si
3570 1786 3777 1851 libere
3839 1797 3920 1850 ut
3983 1794 4240 1870 oportet
4300 1788 4374 1852 in
4434 1788 4614 1854 illam

2657 1871 2964 1956 baptismi
3007 1872 3528 1956 profanationem
3569 1871 3816 1937 invecti
3859 1871 4096 1937 deinde
4138 1873 4421 1952 fueritis,
4508 1895 4615 1939 ves

2658 1959 2930 2024 crimine
2994 1958 3283 2025 levitatis
3326 1957 3618 2041 adeoque
3659 1956 3973 2040 perfidiae
4015 1957 4405 2024 onerabunt.
4498 1963 4616 2025 At-

2659 2044 2772 2126 qui
2838 2053 3052 2110 tacere
3111 2045 3296 2110 nefas
3353 2043 3500 2120 erit,
3566 2042 3803 2125 quibus
3859 2041 4233 2126 baptizandi
4291 2065 4543 2111 munus
4580 2065 4619 2110 a

2658 2128 2925 2195 Christo
2969 2131 3058 2195 sit
3100 2130 3485 2195 iniunctum.
3551 2127 3746 2193 Dixit
3763 2127 3929 2192 mihi
3955 2127 4178 2206 frater,
4224 2151 4345 2195 vos
4379 2131 4620 2196 iterum

2659 2216 2986 2298 professos
3029 2235 3190 2291 esse,
3234 2213 3417 2279 illam
3454 2212 3892 2297 corruptelam
3936 2235 4069 2280 non
4110 2236 4307 2297 posse
4351 2235 4392 2279 a
4438 2217 4619 2282 vobis

2658 2301 2835 2366 ferri.
2896 2299 3093 2366 Certe
3130 2298 3393 2366 silentio
3428 2306 3650 2365 vestro
3685 2320 3833 2365 eam
3854 2300 4075 2365 fovere
4098 2309 4619 2368 consentaneum

2661 2406 2795 2451 non
2840 2395 2974 2451 est:
3018 2407 3230 2469 neque
3264 2394 3491 2450 tamen
3525 2392 3759 2467 sponte
3794 2384 4067 2451 ecclesia
4100 2383 4473 2453 deserenda
4506 2399 4619 2466 est,

2660 2472 2790 2536 nisi
2845 2471 2945 2535 illi
2997 2492 3115 2537 vos
3162 2470 3484 2537 abdicent.
3555 2470 3828 2555 Pergite
3883 2470 3953 2534 in
4001 2491 4201 2536 cursu
4252 2473 4623 2539 vocationis

2658 2566 2939 2623 vestrae.
3029 2556 3103 2623 Si
3151 2555 3487 2622 tantillum
3531 2557 3669 2623 suis
3729 2557 4094 2640 tyrannicis
4137 2556 4373 2624 edictis
4417 2557 4621 2625 abdu-

2658 2664 2805 2708 cere
2848 2663 2971 2708 vos
3034 2653 3371 2719 conentur,
3436 2641 3764 2724 intrepide
3807 2641 4132 2707 ostendite
4179 2644 4369 2710 vobis
4412 2645 4623 2727 pluris

2657 2749 2799 2794 esse
2863 2729 2995 2794 Dei
3058 2729 3497 2794 autoritatem.
3609 2726 3687 2793 Si
3752 2725 3991 2793 deinde
4058 2750 4175 2794 vos
4240 2729 4621 2808 exturbent,

2657 2811 3022 2880 cedendum
3065 2814 3195 2880 erit
3228 2813 3590 2879 violentiae.
3679 2811 3927 2878 Danda
3967 2813 4235 2878 iuterim
4280 2835 4508 2898 oper-a,
4551 2827 4625 2882 ut

2656 2907 2966 2965 testatum
3032 2899 3165 2964 illis
3229 2900 3333 2977 sit,
3400 2920 3519 2967 vos
3570 2899 3804 2981 iugum
3867 2897 4042 2982 quod
4083 2899 4342 2966 Ohristi
4407 2902 4619 2968 servis

2658 3006 2793 3050 non
2829 2994 2929 3050 est
2971 2983 3330 3065 tolerabile,
3389 3004 3804 3069 nequaquam
3859 2984 4213 3051 subituros.
4302 2987 4621 3054 Pastores

2658 3073 2769 3155 qui
2811 3072 2944 3137 iam
2990 3071 3187 3139 certis
3227 3072 3517 3138 ecclesiis
3583 3068 3829 3136 addicti
3871 3079 4032 3136 sunt
4074 3070 4160 3137 ad
4201 3071 4367 3139 alias
4411 3096 4623 3140 novas

2659 3156 2916 3223 traduci
2959 3166 3212 3224 rectum
3254 3179 3388 3222 non
3428 3163 3620 3235 esset,
3665 3155 3799 3221 nisi
3841 3156 4073 3223 ordine
4110 3157 4184 3223 id
4224 3156 4364 3224 fiat.
4455 3158 4623 3227 an-

2659 3250 2895 3322 terum,
2962 3244 3019 3308 si
3081 3242 3153 3308 id
3215 3242 3379 3308 utile
3440 3242 3818 3309 censuerint
3880 3243 4141 3319 fratres,
4192 3244 4513 3323 seniores,
4556 3260 4625 3310 et

2660 3329 3052 3412 Principum
3093 3329 3467 3405 consiliarii,
3523 3327 3709 3394 nulla
3750 3327 3937 3405 ratio,
4002 3349 4149 3394 meo
4190 3328 4456 3409 iudicio,
4501 3332 4623 3396 im·

2660 3414 2859 3498 pedit,
2903 3414 3259 3497 quominus
3292 3415 3486 3481 novis
3521 3412 3879 3480 ditionibus
3901 3412 4175 3480 Ohristo
4196 3415 4623 3499 acquirendis

2659 3519 2925 3583 operam
2969 3521 3157 3565 suam
3201 3497 3588 3584 impendant
3629 3499 3742 3584 qui
3784 3499 4003 3565 vocati
4040 3499 4307 3567 fuerint.
4394 3502 4623 3586 Expo-

2659 3586 2794 3651 suit
2834 3584 3003 3650 mihi
3055 3586 3279 3664 frater,
3345 3584 3713 3651 timendum
3772 3605 3916 3651 esse
3958 3605 4046 3650 ne
4088 3596 4446 3685 respuatur
4490 3587 4625 3656 illic

2661 3670 2976 3749 doctrina,
3040 3671 3195 3754 quia
3247 3669 3318 3736 id
3371 3692 3503 3737 uno
3556 3670 3628 3736 in
3684 3668 3825 3737 loco
3877 3670 4015 3736 iam
4053 3673 4351 3756 contigit.
4442 3673 4625 3759 Ergo

2657 3755 2785 3822 hac
2850 3765 3108 3821 tantum
3149 3755 3297 3840 lege
3361 3756 3814 3840 experiamini.
3902 3756 4202 3823 Reiicere
4246 3759 4447 3837 enim,
4516 3761 4625 3842 qui

2660 3841 2919 3908 nullum
2963 3840 3181 3908 adhuc
3221 3842 3665 3909 contumaciae
3721 3862 3799 3909 ac
3853 3839 4312 3911 obstinationis
4356 3845 4624 3929 siguum

2660 3927 2998 4005 dederunt,
3043 3948 3180 3993 non
3221 3928 3381 3995 satis
3423 3926 3792 3993 humanum
3831 3927 4017 3994 foret.
4094 3926 4406 4013 Denique
4448 3931 4625 3996 eius·

2657 4013 2834 4079 modi
2879 4011 3112 4079 electio
3156 4033 3482 4097 peraeque
3522 4012 3820 4098 legitima
3872 4021 3992 4093 est,
4057 4034 4135 4081 ac
4178 4014 4235 4078 si
4279 4035 4403 4098 pro
4446 4036 4623 4082 com·

2596 4096 2602 4111 ⁴
2657 4099 2847 4164 muni
2889 4097 3176 4165 utilitate
3233 4100 3346 4182 qui
3409 4098 3481 4162 in
3523 4119 3692 4184 pago
3733 4098 4034 4164 minister
4086 4100 4215 4164 fuit
4270 4102 4357 4165 in·
4389 4101 4623 4167 urbem

2658 4185 3110 4250 transferatur.
3169 4183 3282 4250 Sic
3318 4185 3497 4249 enim
3531 4204 3652 4250 sua
3684 4185 3918 4268 cuique
3952 4185 4245 4251 tenenda
4277 4198 4385 4250 est
4405 4188 4623 4261 sntio.

2657 4291 2742 4335 ne
2776 4270 2983 4335 simus
3017 4269 3155 4336 loco
3191 4269 3394 4347 affixi,
3430 4268 3547 4334 ubi
3581 4269 3774 4336 aliter
3808 4269 3890 4335 de
3923 4271 4114 4337 nobis
4146 4272 4390 4337 statuit
4424 4272 4623 4339 eccle—

2658 4355 2759 4420 sia
2791 4356 2980 4421 cuius
3015 4355 3356 4422 autoritati
3389 4353 3757 4438 parendum
3791 4363 3910 4421 est.
3969 4356 4181 4421 Nemo
4217 4356 4501 4441 cupidus
4534 4360 4623 4423 sit

2656 4441 3072 4525 migrationis
3114 4462 3328 4525 neque
3369 4441 3620 4506 ambiat
3656 4462 3901 4508 novam
3934 4442 4370 4525 provinciam,
4406 4464 4623 4527 neque

2654 4535 2890 4608 sponte
2932 4526 3149 4592 locum
3188 4534 3420 4607 mutet,
3464 4547 3675 4611 neque
3713 4527 3912 4593 etiam
3948 4528 4355 4593 assentiatur
4389 4550 4623 4594 eorum

2655 4610 2917 4678 libidini
3022 4613 3091 4677 ui
3156 4612 3467 4679 ecclesiae
3530 4612 3829 4678 ordinem
3892 4613 4163 4679 turbare
4227 4614 4617 4680 moliuntur.

2656 4697 2911 4763 Verum
2952 4720 2997 4763 u
3044 4698 3066 4762 i
3101 4698 3256 4763 finis
3286 4698 3401 4764 ille
3435 4697 3809 4782 propositus
3844 4706 3948 4765 est
3979 4700 4393 4783 propagandi
4428 4700 4619 4785 regni

2657 4781 2932 4862 Christi,
2997 4794 3257 4867 praesto
3302 4784 3440 4849 sint
3480 4804 3708 4849 omnes
3751 4782 3836 4849 ad
3878 4784 4284 4867 obsequium.
4374 4785 4619 4853 Preca-

2657 4869 2854 4937 tionis
2895 4869 3193 4949 formula,
3238 4878 3318 4935 ut
3362 4870 3547 4936 Deus
3589 4870 3827 4936 bonam
3870 4880 3939 4936 et
3982 4871 4239 4936 felicem
4284 4890 4619 4938 resurree-

2654 4954 2899 5021 tionem
2943 4954 3057 5021 det
3095 4956 3396 5032 mortuis,
3439 4956 3594 5039 quia
3635 4954 3718 5020 ad
3755 4955 4056 5040 regulam
4098 4956 4267 5022 bene
4302 4956 4617 5040 precandi

2653 5060 2791 5106 non
2833 5040 3129 5125 quadrat,
3173 5039 3573 5126 repudietur.
3662 5040 3826 5107 'l'ale
3867 5041 4132 5127 quidem
4173 5054 4405 5108 votum
4446 5044 4615 5126 quin

2654 5128 2995 5211 concipere
3040 5127 3254 5207 liceat,
3311 5146 3444 5192 non
3496 5124 3835 5194 contendo.
3925 5126 4005 5193 Si
4047 5127 4299 5193 amicus
4340 5129 4615 5212 sepelia-

2655 5222 2784 5291 tur,
2830 5212 2939 5280 vel
2974 5212 3056 5281 de
3090 5213 3234 5279 eius
3274 5221 3485 5280 morte
3520 5212 3762 5279 allatus
3794 5213 3885 5279 sit
3917 5214 4218 5293 nuncius,
4262 5214 4501 5298 optabo
4536 5222 4617 5279 ut

2658 5299 2890 5365 ultimo
2955 5299 3061 5366 die
3123 5298 3420 5367 eoelestis
3485 5299 3731 5384 gloriae
3793 5319 4050 5367 mecum
4108 5301 4198 5366 sit
4258 5301 4609 5384 particeps.
