4900 6125
357 421 478 484 165

1228 604 1421 677 804⁶.

798 724 1366 810 sAmmAcus
1411 741 1853 810 oALvmo

525 895 2305 983 &madooabovanqdioazienumoeoeutcalvi-

341 1003 470 1050 m
524 983 888 1050 existimo
939 983 1204 1060 videtur,
1260 983 1519 1066 eiusque
1557 984 1782 1051 meritis
1821 983 2085 1065 publica
2125 984 2307 1052 docu-

339 1073 553 1138 menta
592 1069 883 1149 edidisse,
926 1069 1230 1151 conceptis
1269 1068 1475 1136 verbis
1516 1068 1822 1154 affirmat.

335 1240 539 1309 (lanu
573 1240 778 1311 scripta
810 1255 919 1294 nou
956 1244 1153 1295 exstat.
1221 1239 1412 1295 Edidit
1457 1242 1604 1295 Besa
1637 1239 1843 1296 Genev.
1879 1258 1933 1310 p.
1967 1238 2070 1293 261
2141 1240 2305 1294 Isana.

466 1327 524 1380 p.
565 1307 689 1379 541,
723 1308 931 1364 Hanov.
977 1327 1032 1379 p.
1066 1307 1187 1375 608,
1223 1308 1438 1365 Chouet
1479 1326 1533 1380 p.
1568 1307 1690 1377 858,
1725 1310 1901 1365 Amat.
1944 1325 2000 1379 p.
2037 1282 2187 1378 1133.)

519 1464 765 1531 Merito
810 1474 876 1530 te
920 1484 1086 1544 amo,
1131 1464 1237 1531 vir
1279 1463 1657 1544 clarissime,
1703 1463 1786 1529 de
1827 1463 1956 1530 ista
1997 1471 2115 1529 tua
2147 1484 2307 1549 erga

339 1570 453 1617 me
513 1550 946 1629 humanitate,
1010 1550 1124 1633 qui
1167 1572 1293 1630 me,
1359 1558 1436 1616 ut
1478 1551 1658 1634 pium
1701 1569 1778 1616 ac
1819 1548 2161 1616 cordatum
2204 1550 2306 1617 vi-

338 1656 498 1702 rum
557 1633 760 1714 decet,
804 1634 1004 1702 officii
1047 1637 1178 1701 mei
1220 1635 1353 1703 tuis
1397 1634 1481 1700 ad
1524 1657 1631 1702 me
1674 1635 1888 1701 literis
1930 1635 2303 1702 admoneas.

338 1720 540 1803 Quae
591 1723 732 1787 ista·
776 1728 893 1787 tua
948 1740 1109 1806 erga
1163 1743 1270 1787 me
1326 1721 1637 1788 voluntas
1691 1741 1829 1787 non
1886 1721 2110 1786 minus
2153 1740 2305 1805 pro-

337 1807 518 1874 fecto
573 1807 741 1873 mihi
798 1813 990 1892 grata
1044 1826 1189 1874 esse
1243 1807 1439 1874 debet
1486 1815 1681 1892 atque
1733 1806 2040 1885 iucunda,
2107 1827 2304 1891 quam

342 1913 387 1959 a
437 1912 701 1959 summa
756 1902 874 1959 tua
931 1912 1092 1978 erga
1134 1914 1242 1959 me
1284 1892 1744 1960 benevolentia
1786 1894 1926 1977 (qui
1962 1893 2141 1958 enim
2180 1913 2303 1977 ego

342 1977 542 2045 aliter
601 1977 684 2044 de
726 1986 795 2045 te
837 1978 1206 2044 existimem
1225 1977 1290 2064 ?)
1336 1998 1483 2046 eam
1540 2000 1684 2045 esse
1725 1978 2084 2062 profectam
2123 1988 2303 2045 certo

335 2064 493 2131 scio.
586 2062 723 2131 Sed
808 2062 972 2130 illud
1079 2064 1323 2131 rofecto
1385 2065 1746 2148 permirum
1809 2063 1978 2129 mihi
2046 2062 2301 2143 accidit,

337 2149 514 2234 quod
568 2170 704 2215 non
761 2170 950 2216 secus
1054 2171 1091 2215 e
1148 2170 1258 2215 me
1311 2150 1557 2217 sentire
1613 2149 1900 2229 videare,
1955 2171 2032 2216 ac
2086 2148 2167 2216 de
2226 2170 2304 2216 eo

337 2242 594 2302 statuas
636 2236 750 2319 qui
793 2236 1061 2301 omnino
1102 2255 1145 2300 a
1185 2235 1452 2302 Christo
1494 2236 1583 2301 sit
1622 2235 1897 2315 alienus,
1959 2244 2029 2301 et
2067 2255 2304 2319 perpe-

337 2330 525 2388 tuam
589 2322 1186 2406 propugnationem
1244 2341 1361 2405 pro
1402 2322 1685 2388 veritate
1727 2323 2059 2405 suscipere
2102 2320 2300 2387 nolit:

336 2427 548 2491 quum
612 2427 809 2473 nemo
872 2405 1089 2474 adhuc
1152 2428 1261 2473 me
1329 2406 1405 2472 in
1472 2407 2005 2474 adversariorum
2070 2407 2303 2474 castris

337 2494 534 2579 signa
575 2499 957 2576 sequentem
998 2492 1255 2559 videat:
1301 2512 1513 2576 neque
1555 2493 1915 2578 promissis,
1959 2514 2129 2576 quae
2174 2493 2301 2558 mi-

335 2582 595 2644 nimum
651 2577 826 2662 apud
880 2598 987 2644 me
1040 2579 1286 2659 valent,
1353 2578 1469 2645 sed
1525 2600 1608 2644 ne
1661 2578 1973 2662 periculis
2035 2578 2299 2662 quidem

337 2663 512 2742 ullis,
558 2664 796 2747 quibus
839 2671 1066 2729 tamen
1100 2673 1452 2730 moventur
1498 2664 1839 2730 fortissimi
1872 2663 2021 2743 viri,
2065 2663 2303 2731 adduci

336 2770 635 2834 unquam
666 2750 992 2834 potuerim
1028 2758 1106 2815 ut
1141 2750 1282 2832 ipse
1316 2771 1358 2814 a
1389 2769 1498 2815 me
1532 2748 1897 2830 deficerem,
1937 2756 2005 2815 et
2043 2749 2303 2817 deserto

335 2836 739 2919 imperatore
781 2834 1070 2914 Christo,
1131 2856 1208 2901 ac
1247 2836 1322 2900 in
1366 2836 1508 2902 acie
1550 2835 1779 2901 ordine
1821 2856 1986 2915 meo,
2053 2834 2137 2900 ad
2180 2836 2301 2901 ho·

335 2921 544 2987 stium
578 2928 798 2988 castra
832 2920 1215 3006 turpissime
1249 2931 1447 3004 atque
1481 2920 1992 3005 flagitiosissime
2015 2921 2301 2987 transfu-

567 3053 585 3071 .
652 3004 847 3089 Quod
886 3006 945 3075 si
989 3014 1064 3073 tu
1105 3026 1185 3072 eo
1227 3005 1502 3074 fortasse
1546 3028 1653 3073 me
1695 3006 1964 3074 nomine
2007 3007 2154 3073 iure
2196 3027 2299 3073 re-

335 3092 886 3177 prehendendum
944 3113 1088 3159 esse
1142 3101 1356 3177 putes,
1422 3113 1557 3158 non
1608 3092 1780 3176 quod
1838 3094 1980 3175 ipse
2036 3092 2300 3176 quidem

335 3178 724 3264 religionem
780 3180 1299 3264 oppugnaverim
1357 3185 1603 3262 (neque
1656 3178 1833 3243 enim
1888 3178 1954 3243 id
2007 3198 2167 3244 vere
2218 3177 2301 3245 de

335 3285 445 3331 me
480 3263 611 3332 dici
647 3285 837 3349 posse
871 3273 1058 3347 puto)
1091 3263 1209 3331 sed
1243 3285 1390 3330 eam
1410 3285 1615 3348 quum
1635 3283 1896 3347 possem
1919 3283 2054 3330 non
2077 3262 2300 3329 defen-

336 3349 571 3430 derim,
614 3349 917 3434 equidem
957 3348 1030 3416 id
1069 3349 1194 3417 hoc
1235 3350 1376 3418 loco
1418 3348 1591 3433 quod
1634 3370 1744 3416 res
1785 3357 1888 3414 est
1928 3348 2154 3430 paucis
2195 3370 2300 3414 re-

335 3435 707 3520 spondebo:
752 3456 861 3502 me
901 3435 975 3500 in
1021 3443 1206 3500 tanta
1248 3435 1618 3501 animorum
1663 3435 1745 3500 de
1788 3433 2105 3518 religione
2148 3442 2301 3501 con-

336 3523 634 3588 tentione
685 3528 754 3587 et
808 3519 1189 3605 opinionum
1247 3520 1673 3599 dissensione,
1736 3519 1848 3586 cui
1915 3518 2303 3606 simpliciter

335 3627 444 3673 me
502 3605 811 3672 dederem
866 3605 1083 3671 adhuc
1139 3607 1537 3673 constituere
1580 3626 1717 3671 non
1848 3605 2072 3671 tuisse.
2161 3605 2298 3671 Ou-

331 3689 1948 3860 ωε,ιιιιειοςῃιωιεοιςειιιπ

329 3883 480 3930 cam
522 3864 728 3930 fuisse
769 3861 1069 3947 legimus.
1141 3860 1278 3928 Sed
1314 3873 1598 3946 quantae
1641 3862 1832 3928 molis
1875 3863 1962 3928 sit
1995 3882 2032 3927 c
2121 3861 2134 3877 ‘
2175 3863 2300 3928 tia-

333 3969 489 4015 nam
549 3949 766 4015 denuo
830 3949 1113 4016 condere
1153 3954 1439 4033 gentem,
1506 3953 1623 4012 aut
1678 3948 1899 4030 potius
1962 3947 2297 4028 recudere,

374 4056 502 4102 uae
544 4042 647 4101 tot
685 4034 823 4100 iam
864 4053 1071 4100 annos
1113 4053 1155 4098 a
1197 4041 1380 4100 recta
1419 4033 1688 4100 virtutis
1730 4042 1800 4099 et
1841 4033 2143 4099 veritatis
2185 4035 2298 4102 via

379 4122 713 4187 eflexerit:
758 4128 827 4186 et
867 4119 1257 4203 praesertim
1299 4118 1477 4202 apud
1521 4125 1800 4195 nostros,
1847 4119 1960 4202 qui
2002 4117 2134 4183 αἰδὲ
2169 4118 2298 4183 κατ’

331 4203 482 4292 ὄναρ
539 4206 611 4272 id
654 4204 826 4290 quod
869 4212 1128 4271 rectum
1170 4213 1273 4270 est
1314 4213 1383 4271 et
1422 4225 1660 4271 verum
1698 4202 2017 4270 viderint:
2064 4212 2141 4270 tu
2186 4206 2296 4272 vel

331 4313 441 4359 me
482 4300 764 4372 tacente,
829 4290 941 4376 qui
983 4290 1160 4376 apud
1201 4311 1325 4358 nos
1367 4290 1459 4356 sis
1502 4300 1700 4357 natus
1742 4298 1809 4355 et
1850 4289 2183 4371 educatus,
2228 4302 2297 4357 et

330 4378 401 4444 in
467 4377 696 4445 Gallia
752 4385 982 4444 nostra
1041 4377 1259 4460 prima
1321 4376 1590 4445 virtutis
1644 4383 1799 4442 tuae
1862 4376 2296 4444 fundamenta

331 4483 595 4618 :3⁰:33
629 4465 892 4617 ‘¹13³AEssss
907 4461 1328 4632 Ἓὲὲῗῖοωῗ
1359 4461 1869 4633 ¹333?ssth
1899 4463 2295 4634 ἑῗέιῗῑὶἶῖἓ

332 4635 854 4722 Expeditissima
891 4636 1100 4720 igitur
1137 4633 1305 4699 mihi
1349 4634 1612 4719 quidem
1655 4633 1740 4700 ad
1781 4632 1956 4700 hanc
1996 4655 2138 4700 rem
2181 4636 2294 4702 via

333 4743 480 4790 esse
523 4719 806 4802 videtur,
849 4722 907 4788 si
950 4741 1086 4786 non
1124 4720 1492 4804 scripturae
1531 4727 1810 4785 tantum.
1875 4739 2041 4804 quae
2081 4720 2292 4805 pluri·

332 4830 522 4875 mum
576 4806 752 4892 apud
799 4807 944 4892 pios
1000 4805 1222 4874 valere
1274 4806 1527 4887 debeat,
1582 4804 1697 4871 sed
1753 4811 2055 4872 veterum
2090 4807 2291 4873 etiam

331 4894 708 4973 autoritate,
762 4914 932 4978 quae
985 4892 1261 4959 maximi
1313 4892 1396 4958 ab
1449 4887 1847 4957 adversariis
1896 4892 1995 4972 fit,
2050 4893 2291 4976 quibus

329 4980 570 5066 opibus
628 4980 918 5046 maxime
971 4979 1100 5045 tuti
1157 4999 1306 5045 esse
1357 4975 1586 5056 velint,
1643 4996 1725 5042 ea
1777 4976 2108 5061 praesidia
2157 4999 2292 5045 non

333 5067 497 5134 satis
539 5068 736 5133 firma
776 5086 919 5132 esse
960 5063 1338 5131 doceamus:
1385 5081 1679 5147 quaeque
1721 5060 1917 5128 hodie
1957 5064 2027 5129 in
2077 5065 2292 5150 pretio

333 5151 689 5232 habentur,
723 5159 794 5218 et
826 5149 1027 5237 vulgo
1060 5172 1103 5217 a
1134 5149 1309 5216 male
1342 5149 1521 5215 sanis
1554 5148 1932 5216 hominibus
1955 5149 2292 5232 docentur,

377 5247 662 5306 uantum
696 5258 739 5303 a
770 5237 1049 5305 veritate
1079 5236 1229 5322 ipsa
1261 5233 1635 5314 dissideant,
1656 5234 1930 5319 planum
1953 5236 2290 5304 faciamus.

533 5342 695 5390 sane
733 5323 804 5390 in
847 5344 921 5390 re
962 5323 1071 5406 (ιιι
1109 5322 1230 5388 otii
1271 5321 1467 5389 etiam
1510 5320 1725 5416 nostri
1767 5320 1940 5387 ratio
1983 5320 2101 5389 tibi
2136 5343 2292 5391 con-

611 5519 620 5530 α

2059 423 2217 486 1561
2267 410 2678 488 Dmmffl.

4248 422 4387 486 166

2414 614 2574 689 stet)
2620 607 2967 676 subcisivis
3009 606 3277 692 quidem
3312 608 3495 675 horis
3538 615 3725 686 (nam
3764 606 4123 686 meliorem,
4166 612 4244 672 ut
4275 625 4391 672 ae—

2412 715 2617 778 quum
2681 700 2797 774 est,
2867 693 2998 759 diei
3063 703 3322 778 partem
3384 693 3728 761 literarum
3773 713 4111 761 sacrarum
4152 690 4383 758 studio

2410 780 2794 857 tribuimus)
2850 778 3132 846 libenter
3173 802 3301 859 me,
3368 788 3692 864 quantum
3745 799 3867 864 per
3909 777 4379 864 occupationes

2410 865 2576 932 alias
2630 873 2699 931 et
2753 863 3198 932 valetudinem
3254 865 3429 945 licet,
3483 884 3773 932 exerceo.
3863 861 4060 947 Quod
4116 871 4194 929 ut
4250 863 4379 929 ali·

2453 950 2671 1018 nando
2728 971 2766 1016 e
2816 971 2891 1017 re
2942 951 3254 1019 ecclesiae
3296 958 3560 1018 nostrae
3603 972 3747 1018 esse
3786 950 4016 1036 possit,
4069 949 4378 1016 Psalmos

2408 972 2770 1104 {avidicos
2812 1035 3134 1117 hebraice,
3180 1045 3248 1102 et
3290 1036 3577 1121 reliquos
3611 1037 3918 1121 deinceps
3953 1035 4203 1101 veteris
4235 1035 4375 1100 foe-

2409 1121 2583 1190 deris
2645 1122 2864 1200 libros,
2909 1122 3293 1189 Kimhianis
3349 1123 3433 1190 ad
3488 1123 3752 1189 eosdem
3806 1120 4137 1189 adiunctis
4193 1140 4371 1187 com-

2407 1208 2768 1288 mentariis,
2810 1210 3080 1274 ineunte
3122 1206 3452 1287 Ianuario,
3497 1196 3571 1273 id
3615 1214 3842 1274 nostra
3878 1207 4004 1274 hac
4039 1204 4378 1273 academia

2409 1293 2667 1378 publice
2700 1293 3124 1377 explicandos
3161 1294 3246 1373 (si
3281 1292 3467 1360 Deus
3501 1292 3661 1378 Opt.
3701 1293 3882 1360 Max.
3908 1314 4033 1371 me,
4059 1299 4137 1358 ut
4157 1312 4377 1375 spero,

2406 1381 2778 1446 servaverit
2820 1400 2898 1446 ac
2939 1380 3213 1461 iuverit)
3254 1380 3546 1463 suscepi:
3591 1387 3668 1446 ut
3703 1378 3864 1444 dum
3898 1378 4141 1447 caeteri
4175 1377 4377 1444 Sata-

2408 1487 2564 1531 nam
2608 1464 2679 1530 vi
2721 1473 2790 1530 et
2846 1466 3281 1548 impressione
3324 1474 3618 1532 evertere
3675 1464 3865 1532 bonis
3906 1464 4212 1530 omnibus
4257 1483 4379 1547 ap-

2405 1549 2833 1634 probantibus
2869 1557 3210 1629 conantur,
3254 1572 3377 1637 ego
3419 1572 3541 1635 pro
3579 1550 3780 1628 virili,
3827 1557 3902 1615 ut
3944 1549 4114 1615 levis
4157 1568 4378 1614 arma-

2405 1644 2598 1703 turae
2655 1635 2877 1717 miles,
2929 1635 3221 1703 subsidio
3278 1638 3558 1704 veniam.
3650 1635 3849 1703 Miles
3903 1655 4063 1701 vero
4116 1633 4374 1701 Christi

2407 1744 2530 1807 ego
2574 1743 2743 1802 snm,
2786 1722 2974 1789 cuius
3008 1742 3351 1806 nunquam
3387 1744 3493 1789 me
3528 1722 3791 1807 pudeat.
3863 1721 4091 1805 Ecquo
4124 1738 4372 1803 quaeso

2406 1806 2601 1873 modo
2645 1808 2789 1874 eius
2831 1829 2937 1874 me
2971 1807 3237 1891 pudeat,
3282 1828 3402 1891 pro
3437 1811 3624 1875 cuius
3663 1806 3942 1874 decretis
3979 1807 4184 1872 vitam
4217 1824 4374 1890 pro-

2405 1892 2681 1960 fundere
2743 1914 2876 1959 non
2944 1893 3258 1972 dubitem,
3338 1892 3537 1977 idque
3603 1913 3902 1959 summae
3964 1892 4130 1957 mihi
4189 1890 4375 1958 laudi

2407 1999 2552 2046 esse
2595 1979 2850 2058 ducam,
2917 1987 3112 2063 atque
3169 1979 3469 2061 omnium
3523 1979 3881 2064 triumphis
3925 1976 4373 2061 anteponam?

2405 2065 2553 2151 Ego
2598 2085 2833 2150 nempe
2874 2075 3032 2131 ante
3065 2085 3328 2132 menses
3362 2072 3525 2145 octo,
3572 2074 3686 2131 aut
3722 2085 3799 2130 eo
3833 2065 4032 2130 etiam
4069 2063 4375 2146 amplius,

2403 2149 2775 2234 Prophetas
2820 2150 3066 2235 aliquot
3107 2172 3257 2217 cum
3290 2150 3674 2217 Kimhianis
3718 2148 4205 2217 commentariis
4248 2169 4375 2232 pu-

2405 2235 2572 2302 blice
2637 2256 2787 2302 sum
2850 2236 3344 2321 interpretatus,
3413 2235 3772 2320 eademque
3836 2234 3953 2301 illa
4017 2255 4183 2318 quae
4248 2254 4373 2301 vos

2451 2342 2769 2405 roponere
2813 2321 3056 2399 soletis,
3100 2321 3322 2389 docui:
3369 2322 3700 2388 auditores
3736 2342 3916 2387 meos
3950 2319 4034 2385 ab
4067 2320 4370 2387 externis

2403 2343 2513 2475 llis
2557 2414 2627 2473 et
2667 2406 3174 2492 aspectabilibus
3221 2408 3306 2473 ad
3347 2428 3579 2474 veram
3621 2407 4032 2491 religionem,
4092 2405 4369 2473 Christo

2404 2514 2542 2559 uno
2609 2513 2727 2579 per
2790 2514 2987 2577 quem
3053 2513 3399 2559 servemur
3460 2494 3817 2577 proposito,
3896 2491 4220 2571 revocavi,
4299 2496 4371 2558 et

2447 2578 2618 2646 uoad
2662 2579 2807 2644 eius
2848 2579 2992 2645 fieri
3034 2579 3266 2662 potuit,
3312 2576 3398 2644 ad
3441 2579 3757 2662 pietatem
3792 2599 4053 2661 semper
4085 2576 4375 2645 erudivi.

2403 2600 2654 2732 {ateor
2686 2662 2989 2749 equidem
3025 2668 3179 2744 (nec
3210 2685 3408 2731 causa
3445 2676 3545 2730 est
3578 2686 3697 2730 cur
3728 2662 3797 2729 id
3830 2670 4098 2749 negem)
4133 2662 4373 2729 falsam

2404 2752 2600 2817 istam
2647 2749 3012 2817 doctrinam
3056 2770 3196 2815 non
3237 2760 3373 2815 tam
3409 2751 3688 2815 fortasse
3722 2758 3965 2833 aperte,
4012 2769 4207 2833 quam
4241 2748 4373 2833 ipsi

2402 2837 2629 2905 facere
2684 2835 2926 2914 soletis,
2992 2836 3392 2903 confutasse:
3472 2834 3884 2922 Babylonem
3940 2842 4166 2901 tamen
4222 2842 4372 2900 tum

2405 2921 2749 3002 cuniculis,
2794 2928 2944 2986 tum
2977 2928 3204 3004 aperto
3239 2920 3442 2987 etiam
3474 2921 3713 3000 Marte,
3750 2928 3827 2987 ιιι
3860 2942 3967 2988 res
4002 2933 4072 2986 et
4104 2929 4373 3004 tempus

2402 3005 2675 3087 ferebat,
2738 3006 2835 3073 ita
2876 3025 3137 3091 semper
3179 3007 3573 3093 oppugnavi,
3617 3014 3695 3073 ut
3736 3013 3963 3074 noster
4003 3006 4131 3073 iste
4173 3004 4250 3072 in
4291 3026 4373 3074 eo

2402 3092 3590 3245 ffiffiffinffiffsssszozzssiffffizsffltff
3609 3113 3907 3246 :22:335
3962 3093 4375 3260 Pffll'ffffi

2402 3283 2528 3349 ego
2562 3264 2689 3329 sim
2723 3281 3112 3347 semperque
3146 3264 3386 3329 fuerim
3421 3265 3659 3344 animo,
3740 3263 3854 3331 uid
3886 3264 4051 3330 item
4076 3272 4373 3350 spectem

2402 3350 2700 3433 mihique
2734 3369 3114 3433 proponam,
3150 3359 3219 3415 et
3292 3371 3450 3416 uam
3485 3348 3682 3436 longe
3782 3359 3975 3434 teque
4004 3350 4369 3416 Dominum

2401 3456 2682 3519 regnare
2726 3437 3005 3518 cupiam,
3060 3434 3205 3517 ipsa
3295 3435 3388 3503 ‘es
3432 3439 3539 3520 (ιιι
3580 3457 3696 3520 spe
3738 3457 3889 3502 sum
3930 3437 4206 3519 optima)
4251 3434 4373 3501 do-

2401 3521 2594 3587 cebit.
2681 3521 2914 3604 Neque
2979 3541 3058 3587 eo
3122 3528 3299 3588 certe
3354 3521 3624 3588 consilio
3684 3522 3848 3588 haec
3904 3540 4369 3601 commemoro,

2403 3616 2597 3690 atque
2641 3605 2726 3671 ad
2765 3614 2831 3673 te
2866 3604 3095 3684 scribo,
3141 3628 3273 3691 quo
3307 3606 3477 3672 mihi
3522 3606 3876 3691 quidquam
3914 3604 4128 3674 laudis
4160 3606 4369 3673 tribui

2399 3690 2760 3774 postulem:
2791 3692 2934 3794 ‘sed-
2965 3701 3042 3792 ιιι
3081 3714 3205 3772 me,
3250 3691 3383 3796 Dei
3425 3693 3761 3793 beneficio,
3802 3714 3937 3759 non
3983 3693 4255 3794 omnino
4292 3693 4368 3758 in

2399 3777 3125 3948 {gt-eliliggffididllldugt
3157 3778 3656 3941 lneigfnutfisslittls
3677 3788 4262 3932 gffigttdrvogleror
4295 3875 4367 3931 et

2400 3968 2567 4029 amo,
2614 3948 2900 4015 redama.
2990 3949 3317 4030 Lutetiae,
3363 3947 3593 4016 Idibus
3636 3949 4022 4017 Decembris
4073 3954 4260 4017 1561.

3576 4086 3864 4155 Ioannes
3902 4085 3974 4155 S.
4015 4095 4190 4156 tuus.

3276 4616 3477 4687 8⁶47.

2947 4753 3307 4823 POLONI
3348 4752 3792 4823 OALVINO.

2568 4926 2865 4994 Minium
2933 4925 3208 4993 saniores
3268 4926 3566 5009 plurium
3626 4926 3971 4992 dioeceseon
4033 4925 4363 4993 vindicant

2391 5011 3412 5097 seamaepicioeaehderodooeiae
3452 5011 4364 5080 {naniculodetriaitateet

2389 5100 2583 5183 tidem
2628 5101 2983 5166 mmmm
3012 5103 3073 5165 d
3113 5098 3633 5166 Athana-sianum
3664 5096 3936 5164 candide
3956 5097 4357 5181 profitemur.

2389 5271 2541 5395 ἕζεο
2586 5273 2808 5326 munt
2849 5269 3105 5326 Genevae
3147 5269 3500 5340 exemplaria,
3542 5268 3775 5323 alterum
3819 5268 3878 5322 in
3922 5267 4057 5324 ond.
4094 5267 4215 5333 196,
4259 5268 4359 5325 fol.

2548 5341 2779 5395 ιιιοι-ιιω
2815 5339 2874 5393 in
2908 5338 3166 5394 ωοίωιο
3202 5337 3374 5408 ιοτιι,
3407 5337 3478 5393 ιι.
3511 5335 3597 5392 ss.
3668 5335 3731 5392 lu
3766 5336 3954 5478 prige
4001 5337 4225 5393 additur
4264 5338 4357 5394 in-
