4900 6125
240 380 363 441 621

1605 373 2067 441 ADDENDA
2110 374 2230 440 ΕΤ
2271 372 2912 444 GORRIGENDA.

489 567 680 647 jenone
720 566 975 642 honam,
1024 567 1193 632 mais
1232 562 1800 648 demptae,
1844 567 2043 647 ayant
2084 562 2209 628 est&

501 651 824 717 deoehaaee}
868 652 945 716 de
968 650 1337 726 Hordeum,
1383 651 1628 732 lorsque
1647 648 1930 714 Anaua
1952 647 2208 714 Monier

502 735 1795 818 etJoandecaaesyfurmaeeoeaoes.
1880 733 2205 802 Hoefao-

504 835 644 887 tum
710 833 809 888 ost
850 822 1064 888 Nonis
1108 822 1309 887 Maiis
1381 826 1545 885 1556
1604 829 1773 886 teste
1814 820 1991 886 Hist.
2050 820 2204 886 eool.

501 907 558 976 Ι.
645 914 784 975 109.
894 906 1082 973 Haeo
1172 907 1453 992 epistola
1527 927 1685 990 ergo
1763 905 1848 971 ad
1926 905 2205 971 eundem

500 1015 750 1059 annum
793 994 1084 1076 pertinet
1127 994 1210 1059 ad
1246 1014 1442 1077 quem
1477 993 1679 1058 etiam
1714 992 1831 1056 illa
1864 992 2207 1057 referenda

500 1080 629 1230 git
689 1101 905 1229 gaiam}
969 1101 1186 1229 ⁸3¹}
1234 1079 1761 1229 {aggoi-avimus,
1850 1076 2204 1143 Caeterum

645 1185 685 1228 a
778 1186 860 1229 en
908 1186 951 1229 a
1186 1213 1203 1229 .
1423 1215 1437 1228 .

496 1251 602 1315 De
645 1251 879 1316 Valleo
923 1250 1110 1315 nobis
1156 1249 1429 1316 dubium
1474 1250 1688 1314 movit
1723 1249 1807 1314 V.
1846 1249 1930 1314 D.
1960 1248 2206 1314 Paulus

501 1334 583 1402 de
626 1336 843 1402 Felice
886 1358 952 1401 v.
997 1335 1059 1401 d.
1106 1358 1193 1401 m.
1240 1337 1309 1400 in
1356 1337 1532 1410 Mer,
1578 1335 1693 1416 qui
1738 1334 2075 1418 speciatim
2122 1332 2204 1399 de

500 1423 771 1487 Danaeo
811 1421 1029 1487 studia
1070 1422 1254 1505 prelo
1288 1419 1695 1487 subiicienda
1727 1421 2007 1503 paravit.
2068 1419 2203 1485 Ge-

500 1507 743 1572 nabum
810 1507 1073 1590 quidem
1150 1519 1219 1573 et
1281 1508 1422 1590 ipse
1500 1528 1675 1572 nuno
1741 1506 1917 1572 Gien
1984 1505 2203 1572 vocari

497 1593 818 1676 perhibet,
864 1604 933 1657 et
976 1589 1400 1658 reiioiendam
1444 1593 1723 1657 aliorum
1758 1593 2201 1657 oonieoturam

496 1679 610 1760 qui
668 1678 835 1744 illud
882 1677 1195 1763 oppidum
1241 1699 1391 1745 oum
1437 1677 1711 1744 Aurelia
1768 1676 2199 1743 confundunt.

498 1762 813 1830 Valleum
858 1786 1036 1840 vero,
1087 1766 1201 1847 qui
1246 1753 1410 1829 alias
1453 1764 1597 1830 Nio.
1644 1764 1884 1828 Folion
1930 1773 2203 1828 vocatur

500 1849 591 1915 St.
634 1871 1034 1933 praenomen
1100 1871 1259 1933 prae
1303 1873 1373 1915 se
1432 1850 1606 1915 ferre
1650 1850 1937 1932 potuisse
1983 1859 2198 1932 negat.

496 1940 609 2002 An
654 1957 773 2001 nos
816 1936 1113 2000 fortassis
1154 1936 1227 2001 in
1272 1936 1617 2001 literatura
1642 1936 1895 2017 decepti
1925 1933 2198 2000 sumus?

230 2021 412 2089 3855
474 2023 578 2089 Le
600 2020 708 2087 Sr.
734 2022 816 2086 de
840 2021 1121 2087 Mavans
1140 2032 1243 2086 est
1261 2022 1325 2087 le
1361 2034 1575 2088 meme
1597 2042 1723 2104 que
1745 2021 1939 2105 oeluy
1963 2021 2073 2103 qui
2100 2027 2201 2085 est

228 2277 427 2345 3861.

208 3476 413 3541 3972.

496 2106 726 2191 appele
771 2107 851 2171 de
895 2106 1223 2173 Mauvans
1266 2129 1351 2172 au
1396 2108 1478 2172 N.
1531 2111 1728 2183 3831,
1772 2117 1841 2170 et
1884 2107 1966 2171 de
2012 2103 2199 2172 Mou-

492 2215 651 2258 vuns
692 2215 779 2257 au
820 2193 904 2256 N.
949 2193 1139 2257 3379.

496 2279 648 2344 Not.
688 2285 746 2343 5.
793 2279 1024 2343 Pierre
1047 2279 1300 2344 Besson
1326 2280 1489 2342 etait
1530 2289 1800 2361 pasteur
1843 2275 2198 2361 aBoudry,

578 2367 695 2428 tite
755 2364 911 2427 ville
966 2373 1009 2429 a
1066 2387 1195 2429 une
1252 2363 1628 2429 demi-liene
1690 2363 1771 2427 de
1816 2361 2196 2439 Cortaillod‚

492 2386 607 2536 FN.
658 2446 879 2535 3408}
970 2449 1096 2514 Ses
1153 2449 1329 2514 deux
1390 2451 1497 2514 fils
1539 2450 1833 2517 Jeremie
1888 2461 1955 2514 et
1998 2447 2198 2513 Esale

493 2534 852 2600 etudiaient
915 2541 957 2600 a
1008 2535 1176 2601 Bale
1241 2547 1310 2601 et
1381 2535 1530 2619 plus
1594 2534 1747 2600 tard
1813 2541 1855 2600 a
1900 2533 2192 2599 Geneve.

489 2621 781 2687 Jeremie
824 2620 1055 2685 devint
1098 2631 1364 2703 pasteur
1421 2629 1464 2686 a
1505 2620 1763 2685 Bevaix
1809 2629 1877 2684 et
2072 2641 2110 2684 e
2153 2627 2196 2684 a

488 2706 553 2771 la
598 2705 1197 2784 Chaux-de·fonds,
1243 2707 1391 2789 puis
1436 2713 1476 2771 a
1520 2705 1622 2772 St.
1668 2707 1937 2771 Mal-tin.
1994 2703 2195 2791 (Note

488 2792 570 2858 de
614 2793 744 2857 Mr.
792 2793 853 2857 le
898 2809 1165 2875 pasteur
1209 2792 1316 2858 Ga
1411 2792 1615 2869 ebin.)

484 2878 758 3030 tailllggt'
820 2883 879 2942 3.
961 2880 1071 2943 Au
1129 2878 1263 2943 lieu
1318 2814 1409 2944 ἕξ
1457 2878 1681 2944 Berne
1738 2885 1977 2942 mettez
2026 2875 2191 2942 θοι·-

485 3048 640 3115 Not.
698 3056 789 3115 14.
861 3049 1057 3116 Badii
1100 3048 1429 3116 stultifera
1484 3049 1674 3114 navis
1716 3048 2001 3115 imitatio
2045 3055 2193 3115 erat

486 3135 890 3201 celeberrimi
934 3137 1153 3219 operis
1197 3135 1348 3201 Seb.
1394 3136 1656 3200 Brantii
1702 3155 1744 3199 a
1778 3134 2017 3199 Iaeobo
2052 3136 2187 3200 Lo-

484 3220 682 3286 ehero
757 3243 814 3286 a.
892 3227 1048 3286 1497
1117 3222 1320 3287 latine
1384 3222 1579 3286 versi.
1665 3219 1947 3303 Saepius
2011 3218 2189 3287 edita

481 3306 639 3384 fuit,
685 3328 749 3372 V.
789 3306 1137 3385 Goedeke,
1206 3306 1575 3373 Grundriss
1616 3328 1736 3372 zur
1779 3306 2024 3373 Gesoh.
2070 3306 2188 3372 der

481 3391 841 3458 deutschen
890 3393 1239 3475 Dichtung
1280 3392 1337 3459 Ι.
1390 3396 1531 3457 142.

481 3476 565 3542 In
611 3480 774 3542 fine:
821 3477 935 3543 Sir
979 3479 1142 3544 Tho.
1180 3478 1425 3543 Wroth
1471 3490 1538 3543 et
1582 3476 1697 3545 Sir
1742 3477 1952 3544 Anth.
1997 3475 2185 3542 Cook

480 3564 614 3628 iam
655 3563 923 3628 aliunde
969 3564 1157 3630 nobis
1199 3566 1342 3629 noti
1386 3575 1561 3629 sunt.
1630 3564 1920 3629 Thomas
1963 3563 2184 3628 Baton

480 3648 763 3725 (Heton)
821 3660 1145 3716 mereator
1188 3648 1665 3727 Lonfflnensis,
1730 3650 1844 3732 qui
1911 3658 1980 3714 et
2044 3650 2185 3731 ipse

478 3735 669 3799 exsul
714 3735 927 3800 fuerat
970 3735 1420 3819 Argentorati‚
1466 3736 1729 3819 saepius
1765 3736 1890 3817 piis
1924 3734 2185 3801 afflictis

479 3818 560 3884 de
603 3841 723 3885 suo
765 3842 892 3903 quo
927 3842 999 3886 se
1034 3829 1486 3887 sustentarent
1520 3820 2000 3905 suppeditabat.
2069 3819 2184 3885 Sir

478 3904 756 4055 Eganois
800 3907 1079 3972 Knolles
1122 3908 1392 3990 reginae
1436 3929 1477 3972 a
1533 3907 1821 3972 oonsiliis
1878 3906 2180 3973 secretio-

480 4012 536 4055 r1
584 4014 660 4057 us
706 4004 865 4057 erat.

4153 379 4279 443 622

2309 561 2502 631 3984.
2570 563 2706 646 Qui
2753 565 2860 631 hio
2907 564 3212 630 Zikovius
3269 564 3512 630 dieitur
3566 565 3672 640 (ef.
3719 564 3801 629 N.
3864 569 4065 642 4025)
4109 565 4277 633 eitra

2310 818 2502 887 4001.

2310 990 2501 1060 4019.

2302 2276 2493 2342 4100.

2301 2363 2492 2427 4155.

2296 2961 2486 3028 4203.

2294 3134 2481 3199 4215.

2291 3305 2482 3370 4247.

2288 3818 2477 3883 4252.

2568 650 2844 717 dubium
2920 649 3096 714 idem
3175 665 3279 715 est
3357 671 3434 716 ao
3511 649 3626 714 ille
3697 670 3897 733 quem
3963 651 4045 715 N.
4107 655 4277 718 3649

2570 734 2889 803 Oioovium
2931 733 3240 801 habuisti.

2565 822 2716 886 Not.
2760 825 2816 888 2.
2865 821 3036 887 Vide
3071 842 3292 886 annon
3329 821 3548 905 potius
3569 821 3653 885 de
3673 820 3932 887 Gemite
3953 821 4035 887 de
4059 821 4276 889 Beau·

2571 908 2730 984 vais,
2771 907 3096 972 Amiraldi
3131 907 3335 972 statre
3369 906 3479 971 hie
3513 915 3766 990 agatur,
3809 906 3952 972 ooll.
3975 907 4059 972 N.
4084 914 4273 975 4007.

2569 993 2723 1058 Not.
2775 995 2831 1058 2.
2899 993 3004 1058 Ad
3051 991 3230 1058 hune
3273 992 3537 1076 quidem
3581 992 3755 1058 diem
3799 992 4092 1060 Musouli
4135 995 4275 1061 obi-

2569 1089 2713 1144 tum
2779 1079 3076 1143 referunt
3131 1077 3374 1143 Adami
3433 1077 3664 1154 Vitae,
3734 1077 3944 1144 Grote
4010 1090 4076 1144 et
4141 1079 4276 1146 alii.

2571 1164 2842 1314 Egel-,hat
2899 1185 3057 1230 vero
3101 1163 3291 1243 (VII.
3349 1169 3419 1242 8)
3480 1185 3536 1228 a.
3596 1163 3656 1229 d.
3715 1163 3824 1228 ΙΙΙ
3887 1162 4048 1231 Νοιι.
4095 1168 4274 1250 Aug.

2571 1273 2641 1314 m
2715 1267 2839 1315 eat.

2570 1335 2654 1401 In
2700 1335 3020 1401 natalium
3059 1334 3256 1399 huius
3293 1334 3605 1418 epistolae
3641 1333 4023 1400 definitione
4057 1335 4274 1419 qualis

2571 1422 2642 1486 in
2687 1421 3066 1487 authentieo
3111 1421 3353 1504 legitur
3395 1420 3640 1486 inoauti
3686 1442 3805 1485 nos
3851 1418 4060 1504 decipi
4097 1423 4272 1505 passi

2571 1529 2818 1572 sumus.
2906 1507 3209 1572 Pertinet
3251 1505 3334 1570 ad
3378 1527 3435 1571 a.
3491 1509 3649 1570 1562
3696 1506 4054 1573 seeundum
4097 1529 4272 1574 oom-

2572 1605 2807 1676 putum
2865 1592 3060 1658 hodie
3117 1593 3449 1657 usitatum.
3540 1591 3970 1677 Bullingerus
4012 1605 4086 1658 ut
4127 1615 4273 1660 oae-

2571 1681 2694 1743 teri
2739 1700 2980 1744 novum
3027 1698 3276 1744 annum
3320 1697 3362 1742 a
3403 1677 3753 1744 Natalibus
3797 1679 4066 1744 Domini
4106 1680 4272 1746 inei-

2567 1785 2722 1846 pere
2779 1763 3048 1830 solebat.
3159 1761 3347 1843 Quae
3406 1763 3488 1828 de
3547 1763 3719 1830 bello
3777 1763 3986 1848 deque
4043 1766 4269 1832 'Pretio

2567 1849 2768 1915 habet
2821 1851 2981 1915 satis
3035 1848 3193 1949 qnid
3246 1850 3340 1914 rei
3396 1850 3485 1914 sit
3544 1849 3995 1916 demonstrant
4037 1861 4104 1916 et
4147 1873 4268 1918 nos

2563 1956 2863 2090 m?
2898 1934 3544 2087 gendlgdnifffiltlildlde
3643 2021 3760 2120 illa
3836 2044 3898 2086 v.
3981 2022 4267 2104 Grenus,

2563 2107 2961 2191 Fragments
3006 2106 3164 2172 Deo.
3230 2109 3302 2167 12
3351 2119 3417 2171 et
3475 2109 3574 2171 21.
3659 2107 3881 2185 Pioot‚
3941 2107 4115 2174 Hist.
4184 2108 4266 2175 de

2563 2192 2841 2258 Geneve
2885 2192 2976 2257 Π.
3035 2196 3166 2257 113.

2560 2278 2713 2343 Not.
2763 2284 2820 2342 2.
2888 2277 2993 2343 De
3035 2278 3218 2344 obitu
3265 2278 3552 2344 Musouli
3594 2299 3658 2344 v.
3702 2277 3787 2343 ad
3831 2278 3912 2342 N.
3955 2283 4145 2344 4019.

2562 2364 2986 2438 Cael-wenka⁹
3035 2364 3292 2430 Unitati
3318 2365 3597 2429 fratrum
3619 2385 3660 2428 a
3681 2364 3973 2429 oonsiliis
3995 2365 4263 2447 intimis,

2561 2461 2904 2532 postquam
2955 2449 3050 2514 Io.
3107 2453 3412 2533 Augusta
3481 2450 3551 2515 in
3609 2449 3876 2515 vinnula
3931 2450 4263 2517 oonieetus

2557 2535 2688 2599 fuit
2729 2545 2798 2600 et
2841 2549 3100 2600 mortuo
3145 2535 3411 2601 Machio
3455 2557 3541 2601 m.
3586 2535 3783 2601 Iunio
3834 2541 3986 2599 1551
4041 2537 4263 2603 senior

2557 2643 2609 2686 s.
2677 2622 3021 2704 episcopus
3097 2621 3341 2686 eleotus
3417 2633 3520 2686 est
3596 2621 3985 2699 Ptol-aviae,
4059 2622 4262 2688 simul

2556 2727 2706 2771 oum
2753 2706 2847 2771 Io.
2894 2709 3175 2789 Ozerny.
3265 2706 3451 2772 Obiit
3501 2726 3558 2770 a.
3631 2711 3810 2772 1569.
3859 2730 3920 2772 v.
3966 2707 4260 2794 Gindely

2557 2791 2731 2940 6686Ν
2737 2793 2800 2857 h.
2858 2792 2976 2857 der
3019 2793 3331 2858 Biihmiso'
3334 2793 3464 2857 hen
3522 2792 3780 2858 Briider
3833 2791 3889 2858 Ῑ.
3938 2796 4083 2859 356.
4131 2797 4257 2858 368

2553 2889 2621 2943 et
2663 2878 2745 2942 N.
2795 2883 2939 2942 330.

2554 2960 2661 3028 De
2705 2963 3072 3046 originibus
3116 2963 3425 3030 eeclesiae
3462 2962 3816 3028 Alesianae
3860 2987 3924 3030 v.
3962 2963 4258 3031 Bulletin

2553 3048 2888 3115 XXVIII.
2943 3055 3082 3115 145.

2548 3156 2609 3218 p.
2638 3141 2762 3200 508
2799 3136 2842 3200 l.
2870 3140 2907 3199 6
2947 3157 2986 3199 a
3020 3137 3179 3200 fine:
3225 3135 3624 3219 aoaiynarde,
3672 3135 3883 3215 blotti,
3920 3137 4256 3221 engonrdi.

2557 3219 2896 3285 Idiotisme
2940 3222 3292 3287 Genevois.

2551 3306 2815 3371 L’Hist.
2854 3307 3007 3372 eool.
3048 3306 3102 3371 I.
3151 3312 3267 3371 112
3314 3307 3496 3390 parle
3535 3307 3692 3372 d’un
3737 3308 3988 3373 certain
4025 3310 4256 3377 Ambr.

2553 3392 2654 3457 Le
2679 3392 2951 3457 Balleur
2995 3391 3090 3457 dit
3129 3393 3233 3457 La
3261 3394 3500 3458 Plante
3545 3404 3802 3479 envoye
3843 3415 3927 3460 en
3971 3400 4132 3459 1557
4179 3394 4260 3462 de

2549 3478 2743 3543 Paris
2796 3485 2839 3542 a
2882 3476 3198 3553 Orleans,
3259 3488 3344 3543 ou
3399 3479 3444 3542 il
3506 3499 3741 3561 exerqa
3797 3479 3859 3545 le
3919 3481 4256 3547 ministere

2550 3584 2709 3627 aveo
2771 3566 3096 3646 beauooup
3155 3563 3236 3628 de
3293 3576 3534 3631 succes.
3627 3566 3737 3630 En
3790 3570 3954 3630 1560
4015 3567 4064 3630 il
4119 3566 4254 3631 alla

2547 3649 2828 3731 preoher
2870 3656 2912 3715 a
2956 3652 3219 3731 Angers
3277 3648 3462 3732 (ibid.
3508 3654 3664 3731 302)
3709 3660 3774 3716 et
3818 3672 3899 3716 en
3954 3655 4117 3716 1563
4163 3674 4249 3718 on

2547 3734 2611 3799 le
2655 3746 2964 3800 retrouve
3009 3736 3310 3799 ministre
3356 3742 3399 3800 a
3440 3736 3767 3802 Issoudun
3814 3737 3935 3819 (II.
3985 3740 4160 3819 507).

2547 3819 2658 3885 Un
2701 3822 2950 3885 certain
2995 3821 3186 3884 Pelet
3229 3823 3388 3885 etait
3431 3824 3730 3887 ministre
3776 3830 3816 3887 a
3853 3825 4046 3907 Lyon
4089 3842 4251 3889 aveo

2545 3906 2740 3969 Viret
2800 3906 3004 3983 (Hist.
3064 3907 3219 3973 ecel.
3283 3906 3407 3971 111.
3457 3912 3631 3991 245).
3721 3908 3996 3974 Valreas
4051 3920 4155 3975 est
4209 3915 4252 3973 a

2545 3992 2692 4055 huit
2736 3992 2940 4058 lienes
2985 3991 3339 4076 d'Orange.
