4900 6125
340 413 446 475 361

334 608 647 683 augentur
687 601 928 683 copiae.
1012 601 1175 668 Heri
1234 602 1500 668 demum
1543 623 1687 669 sese
1729 603 2071 669 nobiscum
2115 624 2268 669 con-

332 684 536 749 iunxit
604 683 1003 762 Posideum,
1091 688 1203 770 qui
1267 689 1524 754 utinam
1597 689 1791 754 citius
1869 686 2267 755 advenisset.

331 771 484 835 Cras
525 790 811 849 coenam,
869 773 1132 838 favente
1175 773 1339 851 Deo,
1390 773 1880 854 celebrabimus,
1923 774 2273 841 Andelotus

330 875 573 938 quoque
627 856 840 922 aderit
895 878 1048 923 cum
1101 880 1344 943 magna
1399 861 1611 941 turba,
1667 870 1735 926 et
1789 859 1951 927 alios
1992 858 2270 925 subinde

327 940 748 1009 adventantes
791 943 1210 1026 excipiemus.
1269 945 1514 1012 Hostes
1554 945 1782 1012 relicto
1825 946 1893 1010 in
1939 945 2102 1011 urbe
2136 967 2269 1012 non

326 1046 556 1111 magno
596 1028 936 1110 praesidio,
982 1030 1054 1095 in
1097 1029 1317 1096 aulam
1360 1030 1663 1098 abierunt
1680 1032 1741 1115 ²)
1785 1030 1958 1114 quod
2001 1030 2269 1098 difficile

326 1133 448 1178 non
491 1121 633 1178 erat
673 1124 742 1178 et
782 1116 1153 1198 prospicere
1195 1124 1265 1182 et
1306 1117 1643 1200 impedire.
1753 1115 1890 1184 Sed
1933 1117 2125 1183 aliter
2167 1117 2270 1184 vi·

325 1218 462 1262 sum
504 1207 607 1265 est
648 1200 848 1266 certis
890 1198 971 1264 de
1014 1202 1250 1282 causis,
1318 1223 1482 1287 quas
1525 1212 1749 1269 tamen
1792 1223 1916 1270 nec
1959 1202 2123 1268 satis
2165 1204 2293 1267 in·

324 1283 537 1369 telligo
589 1306 713 1352 nec
763 1286 983 1368 probo.
1071 1284 1407 1368 Quorsum
1447 1308 1569 1372 pro
1757 1288 1858 1354 uri
1901 1290 2110 1354 simus
2152 1287 2268 1353 ad-

323 1369 442 1435 huc
482 1370 811 1437 incertum
873 1393 1015 1437 esse
1070 1372 1280 1439 video.
1368 1374 1452 1440 In
1499 1396 1578 1439 ur
1699 1386 1990 1459 pergunt
2033 1375 2269 1440 fratres

320 1475 431 1521 suo
489 1477 693 1537 more,
719 1459 772 1533 ⁸)
856 1479 1069 1541 neque
1132 1459 1440 1525 existimo
1505 1461 1729 1526 hostes
1793 1460 1922 1525 nisi
1993 1460 2268 1527 rescisso

321 1539 524 1608 edicto
566 1542 705 1607 vim
751 1556 1046 1626 apertam
1089 1540 1519 1613 adhibituros.
1611 1546 1870 1612 Nostris
1913 1545 2103 1612 video
2146 1566 2268 1612 nec

320 1627 605 1693 animum
650 1627 876 1695 deesse
919 1649 1043 1696 nec
1084 1630 1284 1709 vires,
1328 1631 1445 1697 sed
1490 1631 1857 1715 praeclaras
1891 1631 2267 1698 occasiones

319 1721 534 1778 nostra
575 1716 991 1781 cunctatione
1033 1715 1168 1780 iam
1213 1717 1489 1783 amissas
1532 1737 1678 1784 esse
1711 1717 2073 1802 aegerrime
2106 1716 2264 1784 fero.

317 1798 548 1864 Parisii
598 1801 673 1865 in
731 1800 1077 1867 collatione
1135 1804 1468 1884 pecuniae,
1511 1803 1814 1886 quamvis
1851 1804 1926 1868 in
1968 1814 2266 1869 extremo

316 1894 388 1948 ut
448 1883 633 1951 vides
770 1886 996 1966 riculo,
1063 1907 1197 1953 non
1254 1899 1514 1954 tantum
1569 1887 1840 1974 frigidos
1897 1888 2014 1954 sed
2069 1888 2265 1972 plane

316 1969 504 2035 ctiam
550 1990 626 2036 so
712 1970 849 2037 'dos
892 1994 962 2038 se
1005 1973 1339 2054 praebent.
1420 1973 1696 2042 Utinam
1740 1974 1852 2040 alii
1894 1976 2029 2040 sint
2072 1973 2265 2040 dissi-

314 2055 511 2133 miles,
570 2078 650 2123 ac
708 2058 910 2123 vestri
968 2060 1349 2140 praesertim
1408 2060 1629 2127 vicini.
1731 2059 2017 2143 Alioqui,
2077 2060 2136 2124 si
2192 2061 2263 2124 in

314 2150 606 2223 apertum
668 2140 912 2208 bellum
968 2143 1098 2209 ista
1153 2165 1274 2211 eru
1359 2145 1514 2224 rint,
1582 2166 1847 2212 necesse
1900 2145 2103 2212 fuerit
2145 2167 2266 2211 nos

311 2226 571 2293 succisis
638 2229 866 2294 nervis
928 2229 1178 2296 collabi.
1332 2231 1405 2296 in
1468 2231 1686 2297 minus
1703 2282 1719 2311 ,
1784 2231 1896 2297 isti
1952 2232 2266 2296 nimirum

311 2326 658 2396 apparatus
683 2314 755 2377 in
799 2314 1014 2381 fumos
1058 2315 1351 2393 abibunt,
1397 2318 1723 2399 tantisper
1766 2316 1922 2382 dum
1963 2337 2264 2383 exarma-

310 2408 403 2464 tos
443 2398 824 2483 opprimant
867 2398 1243 2479 adversarii,
1306 2403 1434 2468 nisi
1478 2402 1807 2467 Dominus
1849 2402 2114 2487 frangat
2156 2423 2265 2467 eo-

310 2506 450 2549 rum
485 2484 780 2551 consilia.
872 2485 1124 2551 Iuliani
1139 2487 1197 2568 ⁴)
1242 2486 1584 2570 perfidiam
1625 2487 1788 2553 scito
1832 2488 2054 2553 omnia
2089 2497 2264 2554 vete·

309 2591 445 2635 rum
492 2569 801 2653 exempla
840 2591 1172 2654 superare.
1261 2572 1408 2656 Ego
1449 2574 1702 2639 interea
1743 2573 1901 2655 quid
1942 2594 2204 2658 agerem
2227 2573 2259 2637 ⁴?

309 2677 509 2739 neque
552 2656 736 2722 enim
780 2654 944 2721 mihi
989 2654 1262 2722 dubium
1306 2667 1409 2724 est
1484 2659 1599 2723 uin
1635 2658 1743 2725 vel
1777 2658 1908 2724 iam
1945 2659 2260 2726 interclu-

308 2762 412 2806 sae
433 2742 570 2807 sint
592 2742 764 2820 viae,
807 2742 915 2807 vel
957 2762 1111 2807 mox
1158 2743 1438 2810 interclu
1487 2757 1701 2810 antur.
1783 2744 2003 2829 Cogor
2042 2745 2263 2828 itaque

306 2848 427 2892 non
470 2834 737 2893 tantum
792 2835 1139 2911 spectator,
1204 2829 1319 2895 sed
1366 2832 1564 2897 etiam
1608 2841 1790 2896 actor
1831 2850 1978 2896 esse
2019 2830 2261 2897 tristis-

307 2912 501 2979 simae
546 2911 940 2997 tragoediae.
1028 2913 1321 2980 Uxorem
1380 2915 1451 2979 in
1517 2916 1642 2981 hac
1684 2913 1847 2981 urbe
1865 2917 1924 2991 ὁ)
1968 2914 2259 3000 deposui,

305 2995 501 3067 donec
565 2998 752 3065 aliud
810 2999 1156 3067 consilium
1214 3001 1488 3086 capiam.
1591 2999 1740 3084 Quo
1794 2999 1900 3067 die
1958 3024 2040 3068 ex
2094 3002 2260 3070 urbe

306 3084 723 3152 discessimus
765 3085 1069 3169 Pompeii
1102 3086 1479 3170 exemplum
1515 3088 1793 3171 sequuti,
1820 3088 2260 3155 Nomandius

304 3168 556 3238 diverso
611 3171 850 3236 itinere
904 3191 984 3237 eo
1039 3173 1244 3252 venit,
1319 3172 1490 3240 sicut
1534 3194 1614 3239 ex
1666 3173 1978 3241 Gimordo
2017 3174 2091 3239 in
2133 3172 2259 3241 hac

303 3257 458 3322 urbe
501 3256 806 3341 cognovi.
894 3256 1006 3323 Ita
1047 3258 1290 3325 factum
1332 3269 1409 3323 ut
1449 3261 1733 3325 amicum
1777 3279 1912 3324 non
1956 3258 2256 3337 viderim,

301 3362 486 3425 quem
548 3344 773 3409 nescio
825 3363 912 3408 an
968 3344 1094 3410 sim
1152 3364 1443 3427 unquam
1488 3357 1889 3428 aspecturus,
1954 3347 2257 3427 quamvis

299 3427 544 3510 placcat
565 3426 810 3494 melius
831 3429 1129 3495 ominari.
1189 3428 1408 3495 Audio
1451 3431 1650 3495 etiam
1694 3430 2094 3515 interceptas
2115 3432 2259 3498 eius

299 3534 562 3592 merces,
653 3513 852 3597 culpa
896 3514 1039 3580 eius
1081 3515 1198 3598 qui
1239 3513 1659 3582 advehendas
1699 3530 2096 3600 susceperat,
2183 3527 2259 3581 ut

300 3601 402 3682 qui
450 3599 704 3683 aliquot
745 3599 1066 3683 sclopetos
1087 3611 1154 3665 et
1196 3601 1498 3666 nonnihil
1520 3602 1812 3684 pulveris
1848 3603 2258 3670 tormentarii

299 3685 490 3751 simul
546 3706 702 3753 cum
761 3684 946 3751 libris
990 3685 1348 3764 incluserit,
1371 3687 1424 3770 ⁸)
1510 3707 1633 3754 nec
1693 3708 1953 3771 possum
2001 3688 2255 3766 absens,

495 3888 562 3955 2)
602 3892 667 3944 ἐκ
715 3887 1165 3945 Εῠηεαὲηώῐωιι.
1238 3890 1440 3947 Hostes
1491 3891 1627 3947 die-‘t
1673 3891 2075 3948 Navarrcnum.
2142 3893 2257 3961 (Of.

301 3956 458 4012 He'n.
495 3958 568 4012 de
606 3955 798 4014 eonas
829 3958 936 4013 111.
970 3956 1091 4012 216.

494 4025 558 4095 3)
599 4027 854 4096 Lan-quet
888 4028 922 4081 1.
959 4029 994 4082 1.
1013 4047 1033 4081 .·
1111 4046 1146 4081 n
1194 4028 1296 4082 hac
1331 4030 1465 4082 urbe
1514 4028 1801 4083 admodum
1855 4031 2164 4100 trepidatur
2199 4040 2256 4084 et

299 4103 420 4148 sunt
453 4097 676 4149 clausae
710 4112 900 4150 omnes
933 4103 1142 4166 portae,
1180 4099 1425 4167 exceptis
1443 4104 1679 4167 quatuor
1712 4105 1809 4152 aut
1839 4100 2079 4168 quinque
2114 4116 2255 4170 quae

295 4171 472 4218 tamen
525 4166 696 4219 etiam
751 4164 1026 4218 interdum
1080 4167 1424 4234 clauduntur,
1475 4171 1534 4219 et
1584 4170 1715 4221 sunt
1763 4167 2005 4221 munitae
2220 4186 2254 4223 o

298 4233 524 4287 militum
560 4234 855 4302 praesidio,
891 4241 948 4286 et
983 4234 1229 4303 quotidie
1265 4236 1450 4302 plures
1484 4233 1901 4289 conscribuntur
1934 4237 2015 4290 ita
2047 4243 2112 4290 ut
2142 4255 2254 4291 iam

296 4302 471 4355 omnia
523 4302 694 4356 armis
748 4309 1112 4372 perstrepant.
1185 4303 1376 4357 Nostri
1429 4311 1613 4357 tamen
1666 4304 1878 4358 interea
1920 4322 2029 4359 non
2083 4308 2253 4360 inter·

296 4370 518 4424 mittunt
565 4387 694 4424 suas
740 4371 1026 4426 conciones
1074 4388 1175 4426 nec
1208 4373 1280 4424 ad
1316 4389 1409 4426 eas
1443 4373 1624 4426 minor
1669 4372 1961 4428 multitudo
1996 4376 2254 4428 convenit

295 4454 454 4507 quam
505 4447 690 4494 antea.
761 4439 1053 4504 Navarrus,
1106 4440 1524 4504 Connestabilis‚
1570 4441 1787 4496 Guisius
1840 4448 1898 4495 et
1948 4443 2038 4497 alii
2090 4446 2252 4499 rebus

297 4523 393 4575 pro
443 4524 547 4562 suo
601 4507 833 4562 arbitrio
885 4509 972 4562 hic
1023 4510 1336 4565 constitutis
1387 4511 1670 4579 petierunt
1712 4527 1746 4563 a
1779 4510 1990 4634 Βθῗιια
2035 4518 2097 4564 ut
2146 4512 2252 4565 huc

301 4577 512 4630 veniret
555 4577 932 4631 deliberatura
977 4594 1096 4631 cum
1143 4579 1304 4648 ipsis,
1352 4579 1440 4631 vel
1475 4579 1660 4649 potius
1704 4595 1879 4648 appro
1918 4587 2075 4633 stura
2110 4597 2251 4651 quae

297 4644 398 4766 iffi
431 4646 850 4700 constituerant.
920 4645 1128 4716 Regina
1173 4663 1260 4701 res
1303 4646 1459 4702 ondit
1501 4664 1608 4701 non
1654 4664 1774 4702 esse
1810 4665 1946 4718 opus
1981 4665 2079 4703 suo
2122 4666 2249 4705 con-

365 4713 437 4767 'oz
485 4715 701 4769 monuit
747 4721 930 4768 tamen
974 4732 1043 4768 ne
1118 4716 1211 4769 uid
1372 4722 1498 4770 rent
1540 4718 1691 4769 cuius
1725 4733 1833 4771 non
1870 4725 2094 4785 possent
2127 4718 2253 4772 red-

297 4781 424 4862 dere
457 4785 730 4837 rationem
761 4784 894 4854 Regi
931 4785 1023 4837 ubi
1133 4786 1378 4840 oleverit.
1447 4788 1693 4867 Accepto
1726 4802 1793 4841 eo
1829 4801 2092 4856 responso
2125 4787 2253 4842 hinc

297 4850 666 4907 &acesserunt
697 4850 768 4905 26
803 4851 858 4905 1ι.
895 4871 966 4905 m.
1003 4863 1059 4907 et
1093 4859 1244 4908 recta
1280 4853 1349 4907 ad
1386 4855 1562 4908 aulam
1597 4861 1815 4908 iverunt
1848 4872 1988 4924 quae
2022 4857 2131 4909 iam
2167 4863 2254 4910 est

297 4919 362 4972 ad
396 4935 580 4974 arcem
617 4920 1065 4975 Fontainebleau.

599 5057 816 5114 Meldis.

497 4989 534 5042 4

498 4989 566 5194 g}
603 5127 866 5182 Fortasse
917 5129 1021 5182 hac
1073 5134 1318 5194 spectem
1362 5143 1503 5198 quae
1553 5129 1742 5184 scribit
1793 5128 2156 5200 caantmnay
2237 5167 2253 5182 .

301 5191 379 5274 Ἃ.
418 5194 652 5249 Moereii:
705 5196 782 5249 Le
827 5197 956 5265 jour
1002 5213 1108 5267 que
1159 5198 1212 5251 le
1249 5196 1447 5254 Princo
1492 5197 1562 5251 de
1599 5198 1824 5269 Condey
1863 5201 2034 5268 partit
2078 5199 2118 5253 il
2170 5199 2254 5253 fut

301 5264 1371 5402 ffl‘pifficaetgssudguffitlxchffiegaiez?
1404 5267 2036 5400 {ffemgradxzdzootggeeaff

596 4988 937 5045 Navem-cni.

2079 418 2241 477 1562
2286 416 2568 482 MART.

2069 5268 2306 5404 ffim·

4197 413 4323 475 362

2370 625 2443 670 re
2488 623 2743 687 quoque
2778 601 2941 667 mihi
2977 622 3109 667 non
3145 602 3304 667 satis
3338 601 3621 686 cognita,
3666 599 3855 665 illum
3892 601 4132 663 iuvare.
4218 599 4323 663 Ad

2369 689 2532 755 haec
2572 687 2748 754 mala
2790 697 2858 753 et
2896 686 3064 753 illud
3109 686 3394 786 accedit&
3456 684 3632 770 quod
3672 682 3901 752 deince
4022 704 4145 750 nec
4186 694 4323 784 tam

2369 778 3677 928 ggertpigrngerzamssetdltgagssffloegtsse
3687 769 3801 922 sig
3843 791 3917 920 ig
3957 791 4181 920 grsntiles
4216 875 4324 920 oc—

2369 947 2680 1026 casiones,
2725 966 2848 1011 nec
2890 944 3099 1010 ullam
3142 944 3328 1010 facile
3368 943 3910 1027 praetermittam.
3969 942 4323 1007 Caeterum

2368 1033 2634 1099 obsecro
2676 1041 2763 1113 te,
2806 1030 2899 1096 mi
2939 1035 3148 1114 pater,
3188 1052 3273 1095 ne
3316 1039 3385 1095 te
3428 1030 3704 1095 moerori
3749 1028 3981 1094 dedas:
4051 1028 4215 1093 vivit
4250 1028 4322 1092 in

2368 1117 2566 1185 coelis
2610 1116 2724 1202 qui
2766 1115 3051 1201 quotidie
3095 1138 3180 1183 cx
3235 1115 3471 1180 mediis
3531 1114 4030 1199 tempestatibus
4073 1114 4325 1180 sereni-

2368 1213 2575 1270 tatem
2616 1202 2811 1280 elicit,
2855 1213 2923 1268 et
2965 1223 3088 1268 nos
3130 1202 3355 1286 procul
3401 1199 3596 1267 dubio
3641 1199 3948 1266 tuebitur.
4032 1197 4323 1282 Amplis-

2366 1290 2534 1356 simo
2577 1288 2857 1368 senatui,
2900 1287 3184 1371 collegis,
3229 1287 3477 1365 amicis,
3520 1286 3644 1352 toti
3687 1285 3969 1368 denique
4012 1283 4323 1351 ecclesiae

2367 1375 2643 1441 multam
2707 1373 2985 1440 salutem
3041 1393 3291 1457 precor.
3379 1371 3708 1438 Dominus
3764 1371 3952 1437 Iesus
3992 1380 4060 1434 te
4105 1379 4322 1435 servet

2367 1461 2782 1540 incolumem,
2826 1460 2921 1525 mi
2955 1469 3161 1542 pater,
3208 1472 3277 1525 et
3310 1479 3536 1543 preces
3570 1470 3717 1524 tuas
3751 1455 4074 1523 exaudiat.
4158 1454 4321 1522 Mel-

2368 1546 2473 1613 dis
2509 1545 2724 1631 pridie
2762 1545 3076 1612 Paschae.
3100 1546 3155 1625 ⁷)

3730 1680 3914 1744 Tuus
3952 1680 4147 1744 Beza.

3250 2228 3448 2299 3756.

2515 2368 2948 2451 L’Ecmsss
3021 2384 3147 2449 DE
3214 2366 3908 2450 MONTELIMAR'P
3971 2379 4174 2448 on

2775 2484 3284 2553 Mmsmns
3330 2486 3457 2551 DE
3505 2470 3907 2552 GENE'VE.

2540 2658 2866 2726 Demande
2904 2659 2983 2724 de
3007 2663 3294 2740 postem,

2366 2831 2757 2901 (Autographe
2792 2831 2861 2883 dc
2898 2831 2952 2884 la
2977 2828 3365 2898 Bibliothetme
3397 2829 3464 2883 de
3483 2828 3719 2883 Geneve.
3762 2828 3880 2883 Vol.
3924 2828 4042 2895 196,
4075 2828 4167 2882 fol.
4209 2828 4321 2896 30.)

2539 3003 2602 3068 Δ
2646 3022 2768 3067 noz
2821 3001 3165 3086 seigneurs
3218 3010 3286 3068 ct
3339 3021 3527 3085 peres
3569 3000 3930 3067 Messieurs
3974 2999 4211 3067 Calvin
4253 3011 4319 3066 et

2615 3097 2834 3153 autres
2877 3087 3211 3153 ministres
3253 3086 3343 3152 du
3389 3088 3603 3153 sainct
3645 3086 4144 3239 evaniggimve·

2896 3343 3090 3411 Salut
3134 3367 3254 3431 par
3296 3346 3496 3413 Jesus
3541 3344 3788 3411 Christ.

2535 3483 2701 3548 Tres
2745 3484 3074 3549 honnorez
3119 3483 3457 3568 seigneurs
3501 3492 3566 3548 et
3610 3502 3816 3565 peres.
3906 3481 4317 3547 Laccroisse-

2361 3578 2546 3633 ment
2587 3568 2725 3653 quil
2780 3568 2979 3651 plaist
3021 3590 3062 3633 a
3103 3578 3328 3634 nostre
3372 3569 3498 3634 bon
3544 3568 3718 3633 Dieu
3774 3568 3937 3633 faire
3981 3566 4095 3632 des
4138 3567 4317 3633 siens

2360 3656 2466 3739 icy
2511 3674 2597 3719 en
2639 3664 2778 3721 cest
2819 3654 3060 3740 esglize
3083 3653 3135 3740 ¹)
3177 3663 3245 3719 et
3288 3655 3432 3720 leur
3474 3653 3684 3738 grand
3729 3653 4048 3719 necessite
4093 3652 4320 3718 davoir

2362 3760 2631 3806 encores
2711 3749 2896 3806 autre
2973 3740 3272 3805 ministre
3337 3762 3502 3806 nous
3567 3760 3607 3802 a
3670 3740 4069 3805 contrainctz
4133 3739 4318 3803 Vous

2406 3827 2542 3891 rier
2584 3848 2751 3891 nous
2794 3825 3048 3891 donner
3091 3826 3437 3891 Monsieur
3482 3824 3790 3909 Furyuon
3808 3827 3864 3906 ²)
3910 3825 4022 3908 qui
4067 3836 4167 3890 est
4200 3828 4317 3909 jcy

2403 3912 2515 3976 ien
2561 3911 2771 3978 desire
2816 3921 2882 3976 et
2923 3912 3159 3995 requis.
3250 3911 3504 3995 Lequel
3560 3910 3882 3994 cuydions
3925 3931 4091 3976 nous
4134 3912 4318 3976 avoir

2359 4005 2499 4063 este
2544 3997 2815 4065 accorde
2859 4006 2925 4063 et
2968 3997 3105 4080 quil
3149 3999 3347 4062 seroit
3381 3999 3495 4082 jcy
3538 4017 3578 4061 a
3620 4018 3728 4063 ces
3770 4016 4083 4080 pasques:
4150 3999 4316 4061 mais

2358 4093 2582 4149 estans
2624 4085 2902 4149 frustrez
2947 4083 3027 4148 de
3062 4093 3285 4149 nostre
3329 4093 3598 4161 attante,
3646 4103 3808 4148 vous
3830 4084 4087 4167 prirons
4123 4103 4313 4148 enco-

2356 4190 2466 4234 res
2522 4169 2602 4234 de
2660 4169 2887 4235 rechef
2934 4190 3017 4233 au
3072 4190 3228 4234 nom
3284 4169 3365 4233 de
3410 4169 3584 4234 Dieu
3629 4189 3796 4233 nous
3841 4168 4003 4233 faire
4046 4189 4120 4233 ce
4164 4169 4313 4232 bien

2357 4276 2551 4338 apres
2594 4265 2746 4321 tant
2783 4255 3050 4321 dautres
3093 4274 3389 4338 quavons
3456 4275 3650 4321 receu
3695 4255 3775 4320 de
3818 4265 4041 4319 vostre
4086 4253 4313 4338 benig·

2356 4340 2493 4407 nite
2540 4340 2621 4407 de
2664 4341 2829 4406 faire
2871 4363 2997 4425 que
3041 4362 3161 4407 son
3205 4362 3417 4426 envoy
3453 4344 3569 4425 jcy
3616 4349 3732 4426 ayt
3773 4340 3907 4405 lieu
3950 4351 4017 4404 et
4060 4349 4234 4405 sorte
4273 4359 4313 4403 a

2355 4427 2578 4492 effect:
2622 4429 2757 4492 afin
2802 4448 2928 4510 que
2969 4426 3034 4492 le
3076 4436 3440 4512 trouppeau
3483 4428 3596 4510 qui
3641 4437 3742 4491 est
3781 4424 3992 4512 grand
4035 4439 4102 4490 et
4127 4427 4311 4508 jour-

2355 4513 2715 4579 nellement
2737 4511 2909 4579 Dieu
2934 4513 3550 4578 miraculeusement
3578 4525 3929 4594 augmento
3962 4511 4089 4576 soit
4110 4531 4311 4594 repeu

2351 4852 2538 4935 svsc.
2559 4785 2625 4921 Ῥ)
2656 4786 3245 4936 ῗίῗὸἰνὲἶέῗῗβωει.
3317 4857 3394 4911 Le
3415 4855 3482 4936 s.
3521 4858 3669 4909 Anat
3713 4853 3844 4908 1562
3892 4857 3945 4907 ια
3978 4854 4307 4923 compagum

2354 4929 2504 4976 avalt
2535 4941 2771 4994 propose
2804 4923 2843 4980 a
2873 4919 2938 4980 l'e
2978 4927 3077 4980 iise
3111 4925 3575 5008 gie-Montehmart
3605 4923 3748 4978 deux
3782 4931 4035 5005 pastenrs
4068 4924 4164 4976 des
4201 4933 4307 4976 ter-

2353 4993 2549 5115 m:
2584 4994 2962 5132 asans&
2996 4993 3588 5118 ..assasse
3605 4991 3802 5115 3ae
3893 4992 4182 5114 aas&

2199 5130 2238 5184 d
2352 5146 2490 5184 nous
2524 5132 2876 5187 abominons“
2914 5132 3185 5199 (Au-nand
3214 5133 3258 5185 1.
3292 5130 3404 5198 82).

2561 5199 2622 5261 2)
2663 5200 2746 5254 M.
2784 5201 3027 5256 Amana
3070 5201 3128 5267 (1.
3164 5201 3238 5270 c.)
3280 5200 3368 5255 lit.-
3416 5199 3648 5270 Fulgon,
3694 5203 3746 5253 et
3790 5198 3874 5253 dit
3993 5199 4051 5252 ’a
4095 5201 4184 5264 tut
4215 5213 4305 5252 ac·

2355 5265 2533 5323 cordi.
2586 5269 2647 5323 ΙΙ
2676 5270 2862 5393 (Ἑῖοιιίο
2893 5271 3061 5341 qu'au
3094 5269 3146 5325 6.
3170 5270 3335 5352 asar-s
3370 5266 3504 5322 1562
3537 5285 3610 5324 oa
3644 5273 3837 5323 nonve
3870 5271 3907 5323 ὰ
3995 5266 4307 5324 autema

2355 5338 2404 5392 lc
2430 5341 2662 5406 panem
2910 5339 2988 5394 du
3038 5339 3270 5408 Vct-yser.
