<?xml version="1.0" encoding="UTF-8"?>
<!DOCTYPE html PUBLIC "-//W3C//DTD XHTML 1.0 Transitional//EN"
    "http://www.w3.org/TR/xhtml1/DTD/xhtml1-transitional.dtd">
<html xmlns="http://www.w3.org/1999/xhtml" xml:lang="en" lang="en">
 <head>
  <title>
</title>
<meta http-equiv="Content-Type" content="text/html;charset=utf-8" />
  <meta name='ocr-system' content='tesseract 3.04.00' />
  <meta name='ocr-capabilities' content='ocr_page ocr_carea ocr_par ocr_line ocrx_word'/>
</head>
<body>
  <div class='ocr_page' id='page_1' title='image "./ioanniscalvinio12unkngoog/ioanniscalvinio12unkngoog_0524.png"; bbox 0 0 4900 6125; ppageno 0'>
   <div class='ocr_carea' id='block_1_1' title="bbox 641 382 768 446">
    <p class='ocr_par' dir='ltr' id='par_1_1' title="bbox 641 382 768 446">
     <span class='ocr_line' id='line_1_1' title="bbox 641 382 768 446; baseline 0 -1"><span class='ocrx_word' id='word_1_1' title='bbox 641 382 768 446; x_wconf 83' lang='lat'>235</span> 
     </span>
    </p>
   </div>
   <div class='ocr_carea' id='block_1_2' title="bbox 628 565 2598 3144">
    <p class='ocr_par' dir='ltr' id='par_1_2' title="bbox 632 565 2598 1494">
     <span class='ocr_line' id='line_1_2' title="bbox 640 565 2594 653; baseline 0.001 -20"><span class='ocrx_word' id='word_1_2' title='bbox 640 567 955 636; x_wconf 79' lang='lat' dir='ltr'>discessit,</span> <span class='ocrx_word' id='word_1_3' title='bbox 1021 567 1452 634; x_wconf 86' lang='lat' dir='ltr'>Percontatus</span> <span class='ocrx_word' id='word_1_4' title='bbox 1496 587 1641 634; x_wconf 89' lang='lat' dir='ltr'>sum</span> <span class='ocrx_word' id='word_1_5' title='bbox 1678 587 1800 651; x_wconf 88' lang='lat' dir='ltr'>per</span> <span class='ocrx_word' id='word_1_6' title='bbox 1840 565 2007 634; x_wconf 87' lang='lat' dir='ltr'>alios</span> <span class='ocrx_word' id='word_1_7' title='bbox 2048 567 2132 635; x_wconf 91' lang='lat' dir='ltr'>ab</span> <span class='ocrx_word' id='word_1_8' title='bbox 2175 567 2432 653; x_wconf 77' lang='lat' dir='ltr'><strong>hospite</strong></span> <span class='ocrx_word' id='word_1_9' title='bbox 2476 587 2594 634; x_wconf 87' lang='lat' dir='ltr'>an-</span> 
     </span>
     <span class='ocr_line' id='line_1_3' title="bbox 638 651 2597 736; baseline 0 -16"><span class='ocrx_word' id='word_1_10' title='bbox 638 674 774 720; x_wconf 92' lang='lat' dir='ltr'>non</span> <span class='ocrx_word' id='word_1_11' title='bbox 816 673 1022 721; x_wconf 90' lang='lat' dir='ltr'>canus</span> <span class='ocrx_word' id='word_1_12' title='bbox 1073 651 1309 736; x_wconf 85' lang='lat' dir='ltr'>aliquis</span> <span class='ocrx_word' id='word_1_13' title='bbox 1365 674 1517 721; x_wconf 88' lang='lat' dir='ltr'>cum</span> <span class='ocrx_word' id='word_1_14' title='bbox 1564 651 1904 720; x_wconf 70' lang='lat' dir='ltr'><strong><em>cardinale</em></strong></span> <span class='ocrx_word' id='word_1_15' title='bbox 1957 652 2313 719; x_wconf 87' lang='lat' dir='ltr'>contulerit</span> <span class='ocrx_word' id='word_1_16' title='bbox 2354 653 2467 721; x_wconf 81' lang='lat' dir='ltr'>vel</span> <span class='ocrx_word' id='word_1_17' title='bbox 2508 674 2597 720; x_wconf 90' lang='lat' dir='ltr'>an</span> 
     </span>
     <span class='ocr_line' id='line_1_4' title="bbox 637 735 2597 823; baseline 0.001 -18"><span class='ocrx_word' id='word_1_18' title='bbox 637 738 792 807; x_wconf 87' lang='lat' dir='ltr'>talis</span> <span class='ocrx_word' id='word_1_19' title='bbox 830 738 940 805; x_wconf 78' lang='lat' dir='ltr'>vel</span> <span class='ocrx_word' id='word_1_20' title='bbox 985 737 1138 806; x_wconf 86' lang='lat' dir='ltr'>talis</span> <span class='ocrx_word' id='word_1_21' title='bbox 1181 735 1411 806; x_wconf 84' lang='lat' dir='ltr'>eadem</span> <span class='ocrx_word' id='word_1_22' title='bbox 1448 745 1641 806; x_wconf 84' lang='lat' dir='ltr'>nocte</span> <span class='ocrx_word' id='word_1_23' title='bbox 1678 759 1904 806; x_wconf 85' lang='lat' dir='ltr'>secum</span> <span class='ocrx_word' id='word_1_24' title='bbox 1945 738 2370 823; x_wconf 89' lang='lat' dir='ltr'>pernoctarit.</span> <span class='ocrx_word' id='word_1_25' title='bbox 2433 740 2597 807; x_wconf 81' lang='lat' dir='ltr'>Aie-</span> 
     </span>
     <span class='ocr_line' id='line_1_5' title="bbox 635 823 2598 909; baseline 0.001 -18"><span class='ocrx_word' id='word_1_26' title='bbox 635 824 751 891; x_wconf 89' lang='lat' dir='ltr'>bat</span> <span class='ocrx_word' id='word_1_27' title='bbox 792 844 865 890; x_wconf 87' lang='lat' dir='ltr'>se</span> <span class='ocrx_word' id='word_1_28' title='bbox 898 823 1059 891; x_wconf 83' lang='lat' dir='ltr'>talia</span> <span class='ocrx_word' id='word_1_29' title='bbox 1090 844 1225 890; x_wconf 93' lang='lat' dir='ltr'>non</span> <span class='ocrx_word' id='word_1_30' title='bbox 1257 824 1660 905; x_wconf 79' lang='lat' dir='ltr'>observasse,</span> <span class='ocrx_word' id='word_1_31' title='bbox 1704 823 1958 909; x_wconf 77' lang='lat' dir='ltr'><strong>aliquot</strong></span> <span class='ocrx_word' id='word_1_32' title='bbox 1989 824 2168 892; x_wconf 89' lang='lat' dir='ltr'>inter</span> <span class='ocrx_word' id='word_1_33' title='bbox 2198 824 2348 892; x_wconf 91' lang='lat' dir='ltr'>illos</span> <span class='ocrx_word' id='word_1_34' title='bbox 2391 825 2598 893; x_wconf 82' lang='lat' dir='ltr'>fuisse</span> 
     </span>
     <span class='ocr_line' id='line_1_6' title="bbox 634 907 2596 996; baseline -0.002 -16"><span class='ocrx_word' id='word_1_35' title='bbox 634 931 854 989; x_wconf 81' lang='lat' dir='ltr'>canos,</span> <span class='ocrx_word' id='word_1_36' title='bbox 913 929 1296 994; x_wconf 75' lang='lat' dir='ltr'>semperque</span> <span class='ocrx_word' id='word_1_37' title='bbox 1338 907 1504 978; x_wconf 88' lang='lat' dir='ltr'>duos</span> <span class='ocrx_word' id='word_1_38' title='bbox 1545 912 1614 977; x_wconf 91' lang='lat' dir='ltr'>in</span> <span class='ocrx_word' id='word_1_39' title='bbox 1661 910 2064 995; x_wconf 76' lang='lat' dir='ltr'>hypocausto</span> <span class='ocrx_word' id='word_1_40' title='bbox 2116 912 2437 996; x_wconf 86' lang='lat' dir='ltr'>spatiaese</span> <span class='ocrx_word' id='word_1_41' title='bbox 2492 912 2596 977; x_wconf 90' lang='lat' dir='ltr'>in·</span> 
     </span>
     <span class='ocr_line' id='line_1_7' title="bbox 635 995 2597 1081; baseline 0 -17"><span class='ocrx_word' id='word_1_42' title='bbox 635 1004 867 1080; x_wconf 81' lang='lat' dir='ltr'>terque</span> <span class='ocrx_word' id='word_1_43' title='bbox 901 1017 973 1064; x_wconf 87' lang='lat' dir='ltr'>se</span> <span class='ocrx_word' id='word_1_44' title='bbox 1004 995 1378 1076; x_wconf 72' lang='lat' dir='ltr'>contulisse,</span> <span class='ocrx_word' id='word_1_45' title='bbox 1423 1018 1495 1065; x_wconf 88' lang='lat' dir='ltr'>se</span> <span class='ocrx_word' id='word_1_46' title='bbox 1529 995 1783 1064; x_wconf 85' lang='lat' dir='ltr'>nescire</span> <span class='ocrx_word' id='word_1_47' title='bbox 1816 1017 1984 1081; x_wconf 87' lang='lat' dir='ltr'>quae</span> <span class='ocrx_word' id='word_1_48' title='bbox 2008 996 2118 1064; x_wconf 82' lang='lat' dir='ltr'>vel</span> <span class='ocrx_word' id='word_1_49' title='bbox 2155 996 2393 1081; x_wconf 85' lang='lat' dir='ltr'>qualia.</span> <span class='ocrx_word' id='word_1_50' title='bbox 2462 996 2597 1064; x_wconf 88' lang='lat' dir='ltr'>Hie</span> 
     </span>
     <span class='ocr_line' id='line_1_8' title="bbox 636 1081 2597 1167; baseline 0.001 -19"><span class='ocrx_word' id='word_1_51' title='bbox 636 1101 867 1148; x_wconf 82' lang='lat' dir='ltr'>omnes</span> <span class='ocrx_word' id='word_1_52' title='bbox 922 1101 1133 1166; x_wconf 86' lang='lat' dir='ltr'>paene</span> <span class='ocrx_word' id='word_1_53' title='bbox 1188 1081 1481 1167; x_wconf 80' lang='lat' dir='ltr'>hospites</span> <span class='ocrx_word' id='word_1_54' title='bbox 1534 1082 1813 1167; x_wconf 76' lang='lat' dir='ltr'>quaesiti</span> <span class='ocrx_word' id='word_1_55' title='bbox 1866 1089 2027 1149; x_wconf 89' lang='lat' dir='ltr'>sunt</span> <span class='ocrx_word' id='word_1_56' title='bbox 2080 1082 2471 1150; x_wconf 75' lang='lat' dir='ltr'>celebriores</span> <span class='ocrx_word' id='word_1_57' title='bbox 2513 1082 2597 1149; x_wconf 88' lang='lat' dir='ltr'>de</span> 
     </span>
     <span class='ocr_line' id='line_1_9' title="bbox 634 1166 2596 1253; baseline 0.001 -20"><span class='ocrx_word' id='word_1_58' title='bbox 634 1166 1010 1234; x_wconf 82' lang='lat' dir='ltr'>huiusmodi</span> <span class='ocrx_word' id='word_1_59' title='bbox 1045 1167 1326 1252; x_wconf 87' lang='lat' dir='ltr'>hospite,</span> <span class='ocrx_word' id='word_1_60' title='bbox 1368 1167 1484 1234; x_wconf 86' lang='lat' dir='ltr'>sed</span> <span class='ocrx_word' id='word_1_61' title='bbox 1526 1189 1718 1235; x_wconf 90' lang='lat' dir='ltr'>nemo</span> <span class='ocrx_word' id='word_1_62' title='bbox 1751 1167 2111 1253; x_wconf 86' lang='lat' dir='ltr'>quidquam</span> <span class='ocrx_word' id='word_1_63' title='bbox 2154 1168 2435 1235; x_wconf 87' lang='lat' dir='ltr'>recitare</span> <span class='ocrx_word' id='word_1_64' title='bbox 2478 1190 2596 1253; x_wconf 92' lang='lat' dir='ltr'>po-</span> 
     </span>
     <span class='ocr_line' id='line_1_10' title="bbox 635 1252 2595 1353; baseline 0.002 -35"><span class='ocrx_word' id='word_1_65' title='bbox 635 1253 784 1319; x_wconf 88' lang='lat' dir='ltr'>tuit.</span> <span class='ocrx_word' id='word_1_66' title='bbox 866 1252 1100 1353; x_wconf 83' lang='lat' dir='ltr'>Itaque</span> <span class='ocrx_word' id='word_1_67' title='bbox 1164 1253 1385 1321; x_wconf 90' lang='lat' dir='ltr'>nescio</span> <span class='ocrx_word' id='word_1_68' title='bbox 1449 1276 1536 1320; x_wconf 90' lang='lat' dir='ltr'>an</span> <span class='ocrx_word' id='word_1_69' title='bbox 1600 1253 1726 1322; x_wconf 85' lang='lat' dir='ltr'>hae</span> <span class='ocrx_word' id='word_1_70' title='bbox 1791 1275 1908 1338; x_wconf 87' lang='lat' dir='ltr'>per</span> <span class='ocrx_word' id='word_1_71' title='bbox 1965 1252 2443 1322; x_wconf 81' lang='lat' dir='ltr'>Schafhnsiam</span> <span class='ocrx_word' id='word_1_72' title='bbox 2508 1254 2595 1321; x_wconf 89' lang='lat' dir='ltr'>ad</span> 
     </span>
     <span class='ocr_line' id='line_1_11' title="bbox 634 1337 2596 1491; baseline 0.002 -87"><span class='ocrx_word' id='word_1_73' title='bbox 634 1337 922 1491; x_wconf 55' lang='lat' dir='ltr'>Rhaeulios</span> <span class='ocrx_word' id='word_1_74' title='bbox 984 1347 1110 1405; x_wconf 81' lang='lat' dir='ltr'>iter</span> <span class='ocrx_word' id='word_1_75' title='bbox 1165 1338 1392 1406; x_wconf 84' lang='lat' dir='ltr'>fecerit</span> <span class='ocrx_word' id='word_1_76' title='bbox 1453 1339 1728 1407; x_wconf 75' lang='lat' dir='ltr'>Ochinus</span> <span class='ocrx_word' id='word_1_77' title='bbox 1792 1349 1858 1405; x_wconf 88' lang='lat' dir='ltr'>et</span> <span class='ocrx_word' id='word_1_78' title='bbox 1910 1361 1999 1406; x_wconf 90' lang='lat' dir='ltr'>an</span> <span class='ocrx_word' id='word_1_79' title='bbox 2053 1361 2205 1406; x_wconf 87' lang='lat' dir='ltr'>cum</span> <span class='ocrx_word' id='word_1_80' title='bbox 2252 1338 2596 1407; x_wconf 75' lang='lat' dir='ltr'>Gardinale</span> 
     </span>
     <span class='ocr_line' id='line_1_12' title="bbox 632 1424 1906 1494; baseline -0.002 0"><span class='ocrx_word' id='word_1_81' title='bbox 632 1432 791 1494; x_wconf 87' lang='lat' dir='ltr'>cont</span> <span class='ocrx_word' id='word_1_82' title='bbox 860 1424 1000 1491; x_wconf 86' lang='lat' dir='ltr'>erit.</span> <span class='ocrx_word' id='word_1_83' title='bbox 1048 1459 1906 1476; x_wconf 85' lang='lat'><em>———————</em></span> 
     </span>
    </p>

    <p class='ocr_par' dir='ltr' id='par_1_3' title="bbox 628 1508 2595 2711">
     <span class='ocr_line' id='line_1_13' title="bbox 805 1508 2593 1593; baseline 0.001 -17"><span class='ocrx_word' id='word_1_84' title='bbox 805 1510 1017 1576; x_wconf 75' lang='lat' dir='ltr'>Fama</span> <span class='ocrx_word' id='word_1_85' title='bbox 1058 1508 1146 1578; x_wconf 88' lang='lat' dir='ltr'>ali</span> <span class='ocrx_word' id='word_1_86' title='bbox 1191 1510 1462 1577; x_wconf 84' lang='lat' dir='ltr'>uamdiu</span> <span class='ocrx_word' id='word_1_87' title='bbox 1503 1511 1629 1577; x_wconf 85' lang='lat' dir='ltr'>fuit</span> <span class='ocrx_word' id='word_1_88' title='bbox 1674 1510 2007 1578; x_wconf 73' lang='lat' dir='ltr'>Calvinum</span> <span class='ocrx_word' id='word_1_89' title='bbox 2050 1531 2192 1578; x_wconf 88' lang='lat' dir='ltr'>esse</span> <span class='ocrx_word' id='word_1_90' title='bbox 2237 1519 2593 1593; x_wconf 86' lang='lat' dir='ltr'>mortuum,</span> 
     </span>
     <span class='ocr_line' id='line_1_14' title="bbox 631 1595 2595 1682; baseline 0 -18"><span class='ocrx_word' id='word_1_91' title='bbox 631 1595 752 1664; x_wconf 84' lang='lat' dir='ltr'>sed</span> <span class='ocrx_word' id='word_1_92' title='bbox 809 1597 1080 1664; x_wconf 87' lang='lat' dir='ltr'>incerta.</span> <span class='ocrx_word' id='word_1_93' title='bbox 1231 1605 1260 1661; x_wconf 89' lang='lat' dir='ltr'>t</span> <span class='ocrx_word' id='word_1_94' title='bbox 1320 1597 1456 1664; x_wconf 86' lang='lat' dir='ltr'>iam</span> <span class='ocrx_word' id='word_1_95' title='bbox 1514 1596 1917 1664; x_wconf 86' lang='lat' dir='ltr'>concludam.</span> <span class='ocrx_word' id='word_1_96' title='bbox 2008 1595 2233 1679; x_wconf 79' lang='lat' dir='ltr'>Quum</span> <span class='ocrx_word' id='word_1_97' title='bbox 2290 1598 2595 1682; x_wconf 83' lang='lat' dir='ltr'>proxime</span> 
     </span>
     <span class='ocr_line' id='line_1_15' title="bbox 631 1681 2593 1762; baseline 0.002 -15"><span class='ocrx_word' id='word_1_98' title='bbox 631 1681 742 1749; x_wconf 88' lang='lat' dir='ltr'>hic</span> <span class='ocrx_word' id='word_1_99' title='bbox 784 1689 959 1748; x_wconf 86' lang='lat' dir='ltr'>esset</span> <span class='ocrx_word' id='word_1_100' title='bbox 1000 1681 1445 1749; x_wconf 80' lang='lat' dir='ltr'>Ambassador</span> <span class='ocrx_word' id='word_1_101' title='bbox 1489 1682 1728 1750; x_wconf 79' lang='lat' dir='ltr'>Gallus</span> <span class='ocrx_word' id='word_1_102' title='bbox 1753 1687 1812 1762; x_wconf 85' lang='lat'>⁴)</span> <span class='ocrx_word' id='word_1_103' title='bbox 1855 1682 2169 1754; x_wconf 83' lang='lat' dir='ltr'>invitavit</span> <span class='ocrx_word' id='word_1_104' title='bbox 2210 1704 2317 1749; x_wconf 91' lang='lat' dir='ltr'>me</span> <span class='ocrx_word' id='word_1_105' title='bbox 2375 1683 2593 1750; x_wconf 90' lang='lat' dir='ltr'>solum</span> 
     </span>
     <span class='ocr_line' id='line_1_16' title="bbox 632 1765 2591 1854; baseline 0.001 -21"><span class='ocrx_word' id='word_1_106' title='bbox 632 1765 719 1833; x_wconf 84' lang='lat' dir='ltr'>ad</span> <span class='ocrx_word' id='word_1_107' title='bbox 774 1765 1146 1852; x_wconf 87' lang='lat' dir='ltr'>prandium,</span> <span class='ocrx_word' id='word_1_108' title='bbox 1210 1768 1316 1835; x_wconf 91' lang='lat' dir='ltr'>cui</span> <span class='ocrx_word' id='word_1_109' title='bbox 1379 1768 1823 1835; x_wconf 78' lang='lat' dir='ltr'>interfuerunt</span> <span class='ocrx_word' id='word_1_110' title='bbox 1879 1776 2219 1836; x_wconf 77' lang='lat' dir='ltr'>senatores</span> <span class='ocrx_word' id='word_1_111' title='bbox 2273 1768 2591 1854; x_wconf 87' lang='lat' dir='ltr'>plerique,</span> 
     </span>
     <span class='ocr_line' id='line_1_17' title="bbox 631 1853 2593 1940; baseline 0 -20"><span class='ocrx_word' id='word_1_112' title='bbox 631 1853 1052 1920; x_wconf 74' lang='lat' dir='ltr'>centuriones</span> <span class='ocrx_word' id='word_1_113' title='bbox 1101 1860 1223 1920; x_wconf 89' lang='lat' dir='ltr'>eto.</span> <span class='ocrx_word' id='word_1_114' title='bbox 1311 1854 1456 1940; x_wconf 84' lang='lat' dir='ltr'>Ego</span> <span class='ocrx_word' id='word_1_115' title='bbox 1513 1856 1832 1921; x_wconf 87' lang='lat' dir='ltr'>interesse</span> <span class='ocrx_word' id='word_1_116' title='bbox 1884 1854 2042 1921; x_wconf 89' lang='lat' dir='ltr'>huic</span> <span class='ocrx_word' id='word_1_117' title='bbox 2093 1855 2400 1922; x_wconf 81' lang='lat' dir='ltr'>convivio</span> <span class='ocrx_word' id='word_1_118' title='bbox 2457 1875 2593 1921; x_wconf 91' lang='lat' dir='ltr'>non</span> 
     </span>
     <span class='ocr_line' id='line_1_18' title="bbox 630 1938 2592 2025; baseline 0.001 -20"><span class='ocrx_word' id='word_1_119' title='bbox 630 1938 846 2006; x_wconf 87' lang='lat' dir='ltr'>solum</span> <span class='ocrx_word' id='word_1_120' title='bbox 889 1959 1021 2005; x_wconf 92' lang='lat' dir='ltr'>non</span> <span class='ocrx_word' id='word_1_121' title='bbox 1064 1938 1265 2020; x_wconf 80' lang='lat' dir='ltr'>volui,</span> <span class='ocrx_word' id='word_1_122' title='bbox 1323 1938 1441 2007; x_wconf 88' lang='lat' dir='ltr'>sed</span> <span class='ocrx_word' id='word_1_123' title='bbox 1496 1960 1631 2006; x_wconf 91' lang='lat' dir='ltr'>non</span> <span class='ocrx_word' id='word_1_124' title='bbox 1689 1939 1877 2025; x_wconf 83' lang='lat' dir='ltr'>potui</span> <span class='ocrx_word' id='word_1_125' title='bbox 1920 1946 2188 2025; x_wconf 89' lang='lat' dir='ltr'>propter</span> <span class='ocrx_word' id='word_1_126' title='bbox 2229 1938 2592 2025; x_wconf 86' lang='lat' dir='ltr'>aegritudi-</span> 
     </span>
     <span class='ocr_line' id='line_1_19' title="bbox 630 2022 2590 2111; baseline 0.001 -20"><span class='ocrx_word' id='word_1_127' title='bbox 630 2044 806 2091; x_wconf 86' lang='lat' dir='ltr'>nem.</span> <span class='ocrx_word' id='word_1_128' title='bbox 863 2022 1094 2109; x_wconf 87' lang='lat' dir='ltr'>Neque</span> <span class='ocrx_word' id='word_1_129' title='bbox 1126 2025 1452 2110; x_wconf 83' lang='lat' dir='ltr'>expiscari</span> <span class='ocrx_word' id='word_1_130' title='bbox 1489 2025 1673 2110; x_wconf 84' lang='lat' dir='ltr'>potui</span> <span class='ocrx_word' id='word_1_131' title='bbox 1701 2047 1835 2111; x_wconf 89' lang='lat' dir='ltr'>qua</span> <span class='ocrx_word' id='word_1_132' title='bbox 1865 2025 1935 2092; x_wconf 88' lang='lat' dir='ltr'>id</span> <span class='ocrx_word' id='word_1_133' title='bbox 1968 2025 2219 2094; x_wconf 83' lang='lat' dir='ltr'>factum</span> <span class='ocrx_word' id='word_1_134' title='bbox 2253 2027 2344 2093; x_wconf 90' lang='lat' dir='ltr'>sit</span> <span class='ocrx_word' id='word_1_135' title='bbox 2378 2046 2590 2093; x_wconf 88' lang='lat' dir='ltr'>causa.</span> 
     </span>
     <span class='ocr_line' id='line_1_20' title="bbox 629 2109 2593 2192; baseline 0.001 -17"><span class='ocrx_word' id='word_1_136' title='bbox 629 2109 781 2176; x_wconf 82' lang='lat' dir='ltr'>Etsi</span> <span class='ocrx_word' id='word_1_137' title='bbox 823 2110 988 2178; x_wconf 89' lang='lat' dir='ltr'>bene</span> <span class='ocrx_word' id='word_1_138' title='bbox 1032 2109 1401 2192; x_wconf 83' lang='lat' dir='ltr'>valuissem,</span> <span class='ocrx_word' id='word_1_139' title='bbox 1458 2110 1852 2180; x_wconf 80' lang='lat' dir='ltr'>indicassem</span> <span class='ocrx_word' id='word_1_140' title='bbox 1907 2111 2075 2177; x_wconf 85' lang='lat' dir='ltr'>mihi</span> <span class='ocrx_word' id='word_1_141' title='bbox 2118 2111 2410 2178; x_wconf 89' lang='lat' dir='ltr'>eundum</span> <span class='ocrx_word' id='word_1_142' title='bbox 2452 2133 2593 2179; x_wconf 91' lang='lat' dir='ltr'>non</span> 
     </span>
     <span class='ocr_line' id='line_1_21' title="bbox 633 2195 2595 2283; baseline 0.001 -21"><span class='ocrx_word' id='word_1_143' title='bbox 633 2215 812 2262; x_wconf 88' lang='lat' dir='ltr'>esse:</span> <span class='ocrx_word' id='word_1_144' title='bbox 855 2195 1149 2263; x_wconf 88' lang='lat' dir='ltr'>incertus</span> <span class='ocrx_word' id='word_1_145' title='bbox 1190 2218 1339 2264; x_wconf 89' lang='lat' dir='ltr'>sum</span> <span class='ocrx_word' id='word_1_146' title='bbox 1382 2205 1624 2264; x_wconf 82' lang='lat' dir='ltr'>tamen.</span> <span class='ocrx_word' id='word_1_147' title='bbox 1691 2198 2065 2283; x_wconf 89' lang='lat' dir='ltr'>Percipiam</span> <span class='ocrx_word' id='word_1_148' title='bbox 2099 2196 2260 2283; x_wconf 90' lang='lat' dir='ltr'>quid</span> <span class='ocrx_word' id='word_1_149' title='bbox 2303 2206 2382 2263; x_wconf 86' lang='lat' dir='ltr'>tu</span> <span class='ocrx_word' id='word_1_150' title='bbox 2424 2198 2595 2263; x_wconf 89' lang='lat' dir='ltr'>mihi</span> 
     </span>
     <span class='ocr_line' id='line_1_22' title="bbox 630 2279 2591 2369; baseline 0.001 -21"><span class='ocrx_word' id='word_1_151' title='bbox 630 2279 1093 2350; x_wconf 85' lang='lat' dir='ltr'>consuluisses.</span> <span class='ocrx_word' id='word_1_152' title='bbox 1159 2281 1266 2349; x_wconf 89' lang='lat' dir='ltr'>Ita</span> <span class='ocrx_word' id='word_1_153' title='bbox 1306 2283 1655 2350; x_wconf 81' lang='lat' dir='ltr'>consilium</span> <span class='ocrx_word' id='word_1_154' title='bbox 1699 2291 1889 2350; x_wconf 88' lang='lat' dir='ltr'>tuum</span> <span class='ocrx_word' id='word_1_155' title='bbox 1944 2291 2186 2369; x_wconf 81' lang='lat' dir='ltr'>expeto</span> <span class='ocrx_word' id='word_1_156' title='bbox 2229 2292 2297 2349; x_wconf 83' lang='lat' dir='ltr'>et</span> <span class='ocrx_word' id='word_1_157' title='bbox 2338 2284 2412 2349; x_wconf 91' lang='lat' dir='ltr'>in</span> <span class='ocrx_word' id='word_1_158' title='bbox 2446 2284 2591 2350; x_wconf 89' lang='lat' dir='ltr'>hoc.</span> 
     </span>
     <span class='ocr_line' id='line_1_23' title="bbox 629 2366 2593 2437; baseline 0.002 -4"><span class='ocrx_word' id='word_1_159' title='bbox 629 2367 867 2434; x_wconf 79' lang='lat' dir='ltr'>Mense</span> <span class='ocrx_word' id='word_1_160' title='bbox 911 2366 1086 2435; x_wconf 90' lang='lat' dir='ltr'>Iulio</span> <span class='ocrx_word' id='word_1_161' title='bbox 1129 2368 1350 2435; x_wconf 81' lang='lat' dir='ltr'>futuro</span> <span class='ocrx_word' id='word_1_162' title='bbox 1390 2367 1646 2437; x_wconf 87' lang='lat' dir='ltr'>desinet</span> <span class='ocrx_word' id='word_1_163' title='bbox 1700 2367 1929 2436; x_wconf 84' lang='lat' dir='ltr'>foedus</span> <span class='ocrx_word' id='word_1_164' title='bbox 1970 2391 2122 2437; x_wconf 86' lang='lat' dir='ltr'>eum</span> <span class='ocrx_word' id='word_1_165' title='bbox 2167 2368 2384 2436; x_wconf 86' lang='lat' dir='ltr'>Gallo.</span> <span class='ocrx_word' id='word_1_166' title='bbox 2457 2369 2593 2436; x_wconf 87' lang='lat' dir='ltr'>Ve-</span> 
     </span>
     <span class='ocr_line' id='line_1_24' title="bbox 628 2452 2593 2554; baseline 0.002 -36"><span class='ocrx_word' id='word_1_167' title='bbox 628 2473 782 2519; x_wconf 85' lang='lat' dir='ltr'>reor</span> <span class='ocrx_word' id='word_1_168' title='bbox 821 2452 1066 2520; x_wconf 88' lang='lat' dir='ltr'>multos</span> <span class='ocrx_word' id='word_1_169' title='bbox 1109 2454 1456 2538; x_wconf 84' lang='lat' dir='ltr'>practicari</span> <span class='ocrx_word' id='word_1_170' title='bbox 1497 2462 1577 2521; x_wconf 93' lang='lat' dir='ltr'>ut</span> <span class='ocrx_word' id='word_1_171' title='bbox 1613 2476 1864 2522; x_wconf 82' lang='lat' dir='ltr'>novum</span> <span class='ocrx_word' id='word_1_172' title='bbox 1906 2456 2218 2554; x_wconf 83' lang='lat' dir='ltr'>erigatur.</span> <span class='ocrx_word' id='word_1_173' title='bbox 2284 2454 2432 2521; x_wconf 87' lang='lat' dir='ltr'>Iam</span> <span class='ocrx_word' id='word_1_174' title='bbox 2470 2475 2593 2540; x_wconf 89' lang='lat' dir='ltr'>ego</span> 
     </span>
     <span class='ocr_line' id='line_1_25' title="bbox 629 2537 2593 2625; baseline 0.001 -21"><span class='ocrx_word' id='word_1_175' title='bbox 629 2537 878 2606; x_wconf 87' lang='lat' dir='ltr'>multas</span> <span class='ocrx_word' id='word_1_176' title='bbox 919 2540 1215 2625; x_wconf 81' lang='lat' dir='ltr'>congessi</span> <span class='ocrx_word' id='word_1_177' title='bbox 1255 2541 1543 2608; x_wconf 90' lang='lat' dir='ltr'>rationes</span> <span class='ocrx_word' id='word_1_178' title='bbox 1584 2539 1822 2625; x_wconf 85' lang='lat' dir='ltr'>quibus</span> <span class='ocrx_word' id='word_1_179' title='bbox 1863 2542 2031 2607; x_wconf 76' lang='lat' dir='ltr'>mihi</span> <span class='ocrx_word' id='word_1_180' title='bbox 2072 2561 2181 2607; x_wconf 93' lang='lat' dir='ltr'>me</span> <span class='ocrx_word' id='word_1_181' title='bbox 2222 2540 2293 2607; x_wconf 92' lang='lat' dir='ltr'>id</span> <span class='ocrx_word' id='word_1_182' title='bbox 2336 2539 2593 2608; x_wconf 88' lang='lat' dir='ltr'>dissua-</span> 
     </span>
     <span class='ocr_line' id='line_1_26' title="bbox 629 2624 2592 2711; baseline 0.002 -21"><span class='ocrx_word' id='word_1_183' title='bbox 629 2644 863 2690; x_wconf 87' lang='lat' dir='ltr'>surum</span> <span class='ocrx_word' id='word_1_184' title='bbox 920 2624 1271 2693; x_wconf 83' lang='lat' dir='ltr'>videbatur</span> <span class='ocrx_word' id='word_1_185' title='bbox 1301 2628 1387 2706; x_wconf 82' lang='lat'>⁸):</span> <span class='ocrx_word' id='word_1_186' title='bbox 1451 2626 1605 2693; x_wconf 84' lang='lat' dir='ltr'>Rex</span> <span class='ocrx_word' id='word_1_187' title='bbox 1647 2646 1831 2711; x_wconf 86' lang='lat' dir='ltr'>puer.</span> <span class='ocrx_word' id='word_1_188' title='bbox 1877 2627 2106 2694; x_wconf 81' lang='lat' dir='ltr'>Missa.</span> <span class='ocrx_word' id='word_1_189' title='bbox 2195 2625 2592 2694; x_wconf 76' lang='lat' dir='ltr'>Maledictus</span> 
     </span>
    </p>

    <p class='ocr_par' dir='ltr' id='par_1_4' title="bbox 628 2709 2594 3144">
     <span class='ocr_line' id='line_1_27' title="bbox 674 2709 2589 2780; baseline 0.002 -4"><span class='ocrx_word' id='word_1_190' title='bbox 674 2709 745 2776; x_wconf 89' lang='lat' dir='ltr'>ui</span> <span class='ocrx_word' id='word_1_191' title='bbox 784 2710 857 2776; x_wconf 90' lang='lat' dir='ltr'>in</span> <span class='ocrx_word' id='word_1_192' title='bbox 891 2709 1159 2778; x_wconf 85' lang='lat' dir='ltr'>homine</span> <span class='ocrx_word' id='word_1_193' title='bbox 1201 2710 1485 2779; x_wconf 86' lang='lat' dir='ltr'>confidit.</span> <span class='ocrx_word' id='word_1_194' title='bbox 1555 2711 1901 2780; x_wconf 79' lang='lat' dir='ltr'>Gallorum</span> <span class='ocrx_word' id='word_1_195' title='bbox 1936 2711 2143 2778; x_wconf 88' lang='lat' dir='ltr'>animi</span> <span class='ocrx_word' id='word_1_196' title='bbox 2184 2722 2417 2779; x_wconf 86' lang='lat' dir='ltr'>contra</span> <span class='ocrx_word' id='word_1_197' title='bbox 2449 2734 2589 2780; x_wconf 88' lang='lat' dir='ltr'>nos.</span> 
     </span>
     <span class='ocr_line' id='line_1_28' title="bbox 703 2795 2594 2882; baseline 0.002 -20"><span class='ocrx_word' id='word_1_198' title='bbox 703 2795 1079 2863; x_wconf 85' lang='lat' dir='ltr'>raelitarum</span> <span class='ocrx_word' id='word_1_199' title='bbox 1157 2796 1433 2865; x_wconf 81' lang='lat' dir='ltr'>foedera.</span> <span class='ocrx_word' id='word_1_200' title='bbox 1541 2796 1868 2882; x_wconf 81' lang='lat' dir='ltr'>Exempla</span> <span class='ocrx_word' id='word_1_201' title='bbox 1929 2797 2120 2864; x_wconf 85' lang='lat' dir='ltr'>mala.</span> <span class='ocrx_word' id='word_1_202' title='bbox 2231 2797 2463 2865; x_wconf 87' lang='lat' dir='ltr'>Patria</span> <span class='ocrx_word' id='word_1_203' title='bbox 2525 2806 2594 2865; x_wconf 89' lang='lat' dir='ltr'>et</span> 
     </span>
     <span class='ocr_line' id='line_1_29' title="bbox 787 2882 2592 2964; baseline 0.002 -16"><span class='ocrx_word' id='word_1_204' title='bbox 787 2889 938 2949; x_wconf 88' lang='lat' dir='ltr'>ntes</span> <span class='ocrx_word' id='word_1_205' title='bbox 1001 2891 1123 2949; x_wconf 87' lang='lat' dir='ltr'>etc.</span> <span class='ocrx_word' id='word_1_206' title='bbox 1212 2882 1350 2950; x_wconf 80' lang='lat' dir='ltr'>Sed</span> <span class='ocrx_word' id='word_1_207' title='bbox 1415 2890 1606 2950; x_wconf 85' lang='lat' dir='ltr'>tuum</span> <span class='ocrx_word' id='word_1_208' title='bbox 1671 2883 1937 2951; x_wconf 83' lang='lat' dir='ltr'>audiam</span> <span class='ocrx_word' id='word_1_209' title='bbox 2001 2883 2366 2964; x_wconf 86' lang='lat' dir='ltr'>consilium,</span> <span class='ocrx_word' id='word_1_210' title='bbox 2434 2906 2592 2951; x_wconf 91' lang='lat' dir='ltr'>nam</span> 
     </span>
     <span class='ocr_line' id='line_1_30' title="bbox 675 2968 2588 3055; baseline 0.001 -22"><span class='ocrx_word' id='word_1_211' title='bbox 675 2968 1011 3053; x_wconf 79' lang='lat' dir='ltr'>ypocritae</span> <span class='ocrx_word' id='word_1_212' title='bbox 1053 2968 1488 3054; x_wconf 90' lang='lat' dir='ltr'>praetendent</span> <span class='ocrx_word' id='word_1_213' title='bbox 1531 2989 1762 3037; x_wconf 82' lang='lat' dir='ltr'>veram</span> <span class='ocrx_word' id='word_1_214' title='bbox 1803 2969 2208 3055; x_wconf 84' lang='lat' dir='ltr'>religionem.</span> <span class='ocrx_word' id='word_1_215' title='bbox 2253 3007 2338 3018; x_wconf 87' lang='lat'>—-</span> <span class='ocrx_word' id='word_1_216' title='bbox 2374 3006 2460 3016; x_wconf 91' lang='lat'>—</span> <span class='ocrx_word' id='word_1_217' title='bbox 2506 3008 2588 3020; x_wconf 95' lang='lat'><strong>—</strong></span> 
     </span>
     <span class='ocr_line' id='line_1_31' title="bbox 628 3051 2348 3144; baseline 0.001 -22"><span class='ocrx_word' id='word_1_218' title='bbox 628 3089 712 3105; x_wconf 88' lang='lat'><strong>—</strong></span> <span class='ocrx_word' id='word_1_219' title='bbox 761 3091 846 3103; x_wconf 85' lang='lat'>—·</span> <span class='ocrx_word' id='word_1_220' title='bbox 887 3051 1331 3123; x_wconf 78' lang='lat' dir='ltr'>Sohafhusiae</span> <span class='ocrx_word' id='word_1_221' title='bbox 1376 3061 1432 3123; x_wconf 89' lang='lat'>5.</span> <span class='ocrx_word' id='word_1_222' title='bbox 1482 3054 1697 3123; x_wconf 89' lang='lat' dir='ltr'>idibus</span> <span class='ocrx_word' id='word_1_223' title='bbox 1738 3053 2033 3123; x_wconf 88' lang='lat' dir='ltr'>Ianuarii</span> <span class='ocrx_word' id='word_1_224' title='bbox 2083 3059 2267 3144; x_wconf 76' lang='lat'>1564.</span> <span class='ocrx_word' id='word_1_225' title='bbox 2294 3059 2348 3136; x_wconf 81' lang='lat'>⁸)</span> 
     </span>
    </p>
   </div>
   <div class='ocr_carea' id='block_1_3' title="bbox 1765 3177 2415 3261">
    <p class='ocr_par' dir='ltr' id='par_1_5' title="bbox 1765 3177 2415 3261">
     <span class='ocr_line' id='line_1_32' title="bbox 1765 3177 2415 3261; baseline 0 -20"><span class='ocrx_word' id='word_1_226' title='bbox 1765 3177 2043 3243; x_wconf 87' lang='lat' dir='ltr'>Iacobus</span> <span class='ocrx_word' id='word_1_227' title='bbox 2086 3177 2415 3261; x_wconf 86' lang='lat' dir='ltr'>Riigerus.</span> 
     </span>
    </p>
   </div>
   <div class='ocr_carea' id='block_1_4' title="bbox 1148 3686 2073 3911">
    <p class='ocr_par' dir='ltr' id='par_1_6' title="bbox 1148 3686 2073 3911">
     <span class='ocr_line' id='line_1_33' title="bbox 1509 3686 1706 3758; baseline -0.015 0"><span class='ocrx_word' id='word_1_228' title='bbox 1509 3686 1706 3758; x_wconf 68' lang='lat'><strong>4⁰⁶⁹.</strong></span> 
     </span>
     <span class='ocr_line' id='line_1_34' title="bbox 1148 3841 2073 3911; baseline 0.003 -3"><span class='ocrx_word' id='word_1_229' title='bbox 1148 3841 1393 3909; x_wconf 77' lang='lat' dir='ltr'>BEZA</span> <span class='ocrx_word' id='word_1_230' title='bbox 1433 3842 2073 3911; x_wconf 82' lang='lat' dir='ltr'>BULLINGERO.</span> 
     </span>
    </p>
   </div>
   <div class='ocr_carea' id='block_1_5' title="bbox 624 4010 2592 4251">
    <p class='ocr_par' dir='ltr' id='par_1_7' title="bbox 624 4010 2592 4251">
     <span class='ocr_line' id='line_1_35' title="bbox 801 4010 2591 4096; baseline 0.002 -17"><span class='ocrx_word' id='word_1_231' title='bbox 801 4010 1019 4079; x_wconf 75' lang='lat' dir='ltr'>Multa</span> <span class='ocrx_word' id='word_1_232' title='bbox 1040 4013 1290 4095; x_wconf 65' lang='lat' dir='ltr'>paucis.</span> <span class='ocrx_word' id='word_1_233' title='bbox 1368 4012 1622 4080; x_wconf 68' lang='lat' dir='ltr'>Genava</span> <span class='ocrx_word' id='word_1_234' title='bbox 1650 4015 1938 4095; x_wconf 68' lang='lat' dir='ltr'>per-‘aulo</span> <span class='ocrx_word' id='word_1_235' title='bbox 1970 4020 2200 4096; x_wconf 74' lang='lat' dir='ltr'>erepta.</span> <span class='ocrx_word' id='word_1_236' title='bbox 2278 4010 2591 4082; x_wconf 76' lang='lat' dir='ltr'>Calvinus</span> 
     </span>
     <span class='ocr_line' id='line_1_36' title="bbox 624 4096 2592 4251; baseline 0.002 -87"><span class='ocrx_word' id='word_1_237' title='bbox 624 4102 938 4251; x_wconf 45' lang='lat' dir='ltr'>aaz.</span> <span class='ocrx_word' id='word_1_238' title='bbox 1013 4096 1235 4165; x_wconf 59' lang='lat' dir='ltr'>Gauda</span> <span class='ocrx_word' id='word_1_239' title='bbox 1275 4097 1525 4166; x_wconf 74' lang='lat' dir='ltr'>diabolo</span> <span class='ocrx_word' id='word_1_240' title='bbox 1566 4101 1946 4184; x_wconf 76' lang='lat' dir='ltr'>mancipata.</span> <span class='ocrx_word' id='word_1_241' title='bbox 2023 4100 2400 4167; x_wconf 72' lang='lat' dir='ltr'>Balduinus</span> <span class='ocrx_word' id='word_1_242' title='bbox 2440 4120 2592 4185; x_wconf 73' lang='lat' dir='ltr'>ape-</span> 
     </span>
    </p>
   </div>
   <div class='ocr_carea' id='block_1_6' title="bbox 925 4352 2277 4424">
    <p class='ocr_par' dir='ltr' id='par_1_8' title="bbox 925 4352 2277 4424">
     <span class='ocr_line' id='line_1_37' title="bbox 925 4352 2277 4424; baseline 0.004 -17"><span class='ocrx_word' id='word_1_243' title='bbox 925 4354 1037 4423; x_wconf 79' lang='lat' dir='ltr'>(Ex</span> <span class='ocrx_word' id='word_1_244' title='bbox 1073 4352 1413 4424; x_wconf 76' lang='lat' dir='ltr'>autographo</span> <span class='ocrx_word' id='word_1_245' title='bbox 1444 4353 1572 4410; x_wconf 85' lang='lat' dir='ltr'>Cod.</span> <span class='ocrx_word' id='word_1_246' title='bbox 1610 4354 1812 4409; x_wconf 64' lang='lat' dir='ltr'>Gener.</span> <span class='ocrx_word' id='word_1_247' title='bbox 1852 4354 1972 4418; x_wconf 86' lang='grc'><strong>118,</strong></span> <span class='ocrx_word' id='word_1_248' title='bbox 2007 4356 2097 4410; x_wconf 77' lang='lat' dir='ltr'>fol.</span> <span class='ocrx_word' id='word_1_249' title='bbox 2136 4355 2277 4424; x_wconf 84' lang='lat'>152.)</span> 
     </span>
    </p>
   </div>
   <div class='ocr_carea' id='block_1_7' title="bbox 625 4524 2591 4870">
    <p class='ocr_par' dir='ltr' id='par_1_9' title="bbox 625 4524 2591 4870">
     <span class='ocr_line' id='line_1_38' title="bbox 800 4524 2590 4614; baseline 0.001 -22"><span class='ocrx_word' id='word_1_250' title='bbox 800 4526 1071 4593; x_wconf 81' lang='lat' dir='ltr'>Eximio</span> <span class='ocrx_word' id='word_1_251' title='bbox 1120 4524 1378 4592; x_wconf 80' lang='lat' dir='ltr'>Christi</span> <span class='ocrx_word' id='word_1_252' title='bbox 1446 4547 1638 4593; x_wconf 84' lang='lat' dir='ltr'>servo</span> <span class='ocrx_word' id='word_1_253' title='bbox 1697 4524 1783 4592; x_wconf 89' lang='lat' dir='ltr'>D.</span> <span class='ocrx_word' id='word_1_254' title='bbox 1841 4526 2137 4594; x_wconf 88' lang='lat' dir='ltr'>Henrico</span> <span class='ocrx_word' id='word_1_255' title='bbox 2204 4526 2590 4614; x_wconf 88' lang='lat' dir='ltr'>Bullingero</span> 
     </span>
     <span class='ocr_line' id='line_1_39' title="bbox 626 4610 2591 4700; baseline 0.002 -23"><span class='ocrx_word' id='word_1_256' title='bbox 626 4612 802 4695; x_wconf 85' lang='lat' dir='ltr'>patri</span> <span class='ocrx_word' id='word_1_257' title='bbox 832 4610 999 4677; x_wconf 87' lang='lat' dir='ltr'>mihi</span> <span class='ocrx_word' id='word_1_258' title='bbox 1040 4610 1402 4696; x_wconf 86' lang='lat' dir='ltr'>plurimum</span> <span class='ocrx_word' id='word_1_259' title='bbox 1443 4613 1512 4678; x_wconf 90' lang='lat' dir='ltr'>in</span> <span class='ocrx_word' id='word_1_260' title='bbox 1536 4612 1823 4679; x_wconf 88' lang='lat' dir='ltr'>Domino</span> <span class='ocrx_word' id='word_1_261' title='bbox 1855 4611 2260 4681; x_wconf 82' lang='lat' dir='ltr'>observando</span> <span class='ocrx_word' id='word_1_262' title='bbox 2299 4621 2367 4680; x_wconf 90' lang='lat' dir='ltr'>et</span> <span class='ocrx_word' id='word_1_263' title='bbox 2387 4614 2591 4700; x_wconf 75' lang='lat' dir='ltr'>&#39;Pigu-</span> 
     </span>
     <span class='ocr_line' id='line_1_40' title="bbox 625 4697 2413 4870; baseline 0.001 -107"><span class='ocrx_word' id='word_1_264' title='bbox 625 4699 815 4763; x_wconf 87' lang='lat' dir='ltr'>rinae</span> <span class='ocrx_word' id='word_1_265' title='bbox 857 4697 1166 4765; x_wconf 88' lang='lat' dir='ltr'>ecclesiae</span> <span class='ocrx_word' id='word_1_266' title='bbox 1211 4718 1368 4763; x_wconf 84' lang='lat' dir='ltr'>vere</span> <span class='ocrx_word' id='word_1_267' title='bbox 1409 4697 1541 4764; x_wconf 85' lang='lat' dir='ltr'>fido</span> <span class='ocrx_word' id='word_1_268' title='bbox 1585 4697 1849 4781; x_wconf 88' lang='lat' dir='ltr'>pastori.</span> <span class='ocrx_word' id='word_1_269' title='bbox 2165 4786 2413 4870; x_wconf 39' lang='lat' dir='ltr'>Tiguri-</span> 
     </span>
    </p>
   </div>
   <div class='ocr_carea' id='block_1_8' title="bbox 623 4870 1032 4883">
    <p class='ocr_par' dir='ltr' id='par_1_10' title="bbox 623 4870 1032 4883">
     <span class='ocr_line' id='line_1_41' title="bbox 623 4870 1032 4883; baseline 0 0"><span class='ocrx_word' id='word_1_270' title='bbox 623 4870 1032 4883; x_wconf 95' lang='lat' dir='ltr'> </span> 
     </span>
    </p>
   </div>
   <div class='ocr_carea' id='block_1_9' title="bbox 628 5019 2589 5227">
    <p class='ocr_par' dir='ltr' id='par_1_11' title="bbox 628 5019 2589 5227">
     <span class='ocr_line' id='line_1_42' title="bbox 628 5019 2589 5227; baseline 0.001 -83"><span class='ocrx_word' id='word_1_271' title='bbox 628 5087 797 5145; x_wconf 68' lang='lat' dir='ltr'>vido·</span> <span class='ocrx_word' id='word_1_272' title='bbox 832 5020 1071 5227; x_wconf 56' lang='grc' dir='ltr'>ἓιῖἴέ</span> <span class='ocrx_word' id='word_1_273' title='bbox 1083 5019 1561 5147; x_wconf 45' lang='lat' dir='ltr'>&amp;amn-&amp;212⁰</span> <span class='ocrx_word' id='word_1_274' title='bbox 1586 5027 1757 5092; x_wconf 57' lang='grc' dir='ltr'><em>Μ</em></span> <span class='ocrx_word' id='word_1_275' title='bbox 1789 5024 2589 5096; x_wconf 59' lang='lat' dir='ltr'>mmmmm.-</span> 
     </span>
    </p>
   </div>
   <div class='ocr_carea' id='block_1_10' title="bbox 930 5157 2585 5233">
    <p class='ocr_par' dir='ltr' id='par_1_12' title="bbox 930 5157 2585 5233">
     <span class='ocr_line' id='line_1_43' title="bbox 930 5157 2585 5233; baseline -0.002 -10"><span class='ocrx_word' id='word_1_276' title='bbox 930 5157 1480 5223; x_wconf 62' lang='lat' dir='ltr'>Mun-uatus</span> <span class='ocrx_word' id='word_1_277' title='bbox 1674 5161 2585 5233; x_wconf 56' lang='grc' dir='ltr'>οαϊρῦαιιὸακοορωοῖωησὸ-</span> 
     </span>
    </p>
   </div>
   <div class='ocr_carea' id='block_1_11' title="bbox 2154 377 3152 447">
    <p class='ocr_par' dir='ltr' id='par_1_13' title="bbox 2154 377 3152 447">
     <span class='ocr_line' id='line_1_44' title="bbox 2154 377 3152 447; baseline 0 -3"><span class='ocrx_word' id='word_1_278' title='bbox 2154 377 2679 447; x_wconf 77' lang='lat' dir='ltr'>EPISTOLAE</span> <span class='ocrx_word' id='word_1_279' title='bbox 2724 381 3152 447; x_wconf 79' lang='lat'>4068-4070</span> 
     </span>
    </p>
   </div>
   <div class='ocr_carea' id='block_1_12' title="bbox 2631 567 2658 5336">
    <p class='ocr_par' dir='ltr' id='par_1_14' title="bbox 2631 567 2658 5336">
     <span class='ocr_line' id='line_1_45' title="bbox 2631 567 2658 5336; baseline 0 0"><span class='ocrx_word' id='word_1_280' title='bbox 2631 567 2658 5336; x_wconf 95' lang='lat' dir='ltr'> </span> 
     </span>
    </p>
   </div>
   <div class='ocr_carea' id='block_1_13' title="bbox 4508 382 4614 447">
    <p class='ocr_par' dir='ltr' id='par_1_15' title="bbox 4508 382 4614 447">
     <span class='ocr_line' id='line_1_46' title="bbox 4508 382 4614 447; baseline 0 -2"><span class='ocrx_word' id='word_1_281' title='bbox 4508 382 4614 447; x_wconf 71' lang='lat'>236</span> 
     </span>
    </p>
   </div>
   <div class='ocr_carea' id='block_1_14' title="bbox 2692 565 4641 3395">
    <p class='ocr_par' dir='ltr' id='par_1_16' title="bbox 2693 565 4633 1684">
     <span class='ocr_line' id='line_1_47' title="bbox 2869 565 4621 652; baseline 0 -18"><span class='ocrx_word' id='word_1_282' title='bbox 2869 565 2942 634; x_wconf 79' lang='lat' dir='ltr'>S.</span> <span class='ocrx_word' id='word_1_283' title='bbox 2988 566 3284 633; x_wconf 78' lang='lat' dir='ltr'>&#39;l&#39;andsm</span> <span class='ocrx_word' id='word_1_284' title='bbox 3324 566 3695 652; x_wconf 87' lang='lat' dir='ltr'>aliquando,</span> <span class='ocrx_word' id='word_1_285' title='bbox 3742 575 3816 633; x_wconf 87' lang='lat' dir='ltr'>ut</span> <span class='ocrx_word' id='word_1_286' title='bbox 3858 587 4065 652; x_wconf 85' lang='lat' dir='ltr'>spero,</span> <span class='ocrx_word' id='word_1_287' title='bbox 4109 566 4385 634; x_wconf 69' lang='lat' dir='ltr'>Lina-us</span> <span class='ocrx_word' id='word_1_288' title='bbox 4424 575 4621 634; x_wconf 81' lang='lat' dir='ltr'>noster</span> 
     </span>
     <span class='ocr_line' id='line_1_48' title="bbox 2697 652 4621 737; baseline 0 -17"><span class='ocrx_word' id='word_1_289' title='bbox 2697 653 2784 720; x_wconf 83' lang='lat' dir='ltr'>ad</span> <span class='ocrx_word' id='word_1_290' title='bbox 2816 674 2936 720; x_wconf 83' lang='lat' dir='ltr'>vos</span> <span class='ocrx_word' id='word_1_291' title='bbox 2971 654 3288 737; x_wconf 80' lang='lat' dir='ltr'>pervenit.</span> <span class='ocrx_word' id='word_1_292' title='bbox 3353 652 3621 720; x_wconf 89' lang='lat' dir='ltr'>Interea</span> <span class='ocrx_word' id='word_1_293' title='bbox 3653 652 3897 720; x_wconf 81' lang='lat' dir='ltr'>alteras</span> <span class='ocrx_word' id='word_1_294' title='bbox 3931 675 3972 720; x_wconf 90' lang='lat' dir='ltr'>a</span> <span class='ocrx_word' id='word_1_295' title='bbox 4004 659 4070 720; x_wconf 85' lang='lat' dir='ltr'>te</span> <span class='ocrx_word' id='word_1_296' title='bbox 4094 655 4145 733; x_wconf 80' lang='grc' dir='ltr'>ι)</span> <span class='ocrx_word' id='word_1_297' title='bbox 4189 673 4307 737; x_wconf 91' lang='lat' dir='ltr'>per</span> <span class='ocrx_word' id='word_1_298' title='bbox 4347 661 4621 720; x_wconf 64' lang='lat' dir='ltr'>nostum</span> 
     </span>
     <span class='ocr_line' id='line_1_49' title="bbox 2695 737 4622 824; baseline -0.001 -18"><span class='ocrx_word' id='word_1_299' title='bbox 2695 740 2879 806; x_wconf 86' lang='lat' dir='ltr'>hunc</span> <span class='ocrx_word' id='word_1_300' title='bbox 2929 739 3205 805; x_wconf 82' lang='lat' dir='ltr'>fratrem</span> <span class='ocrx_word' id='word_1_301' title='bbox 3261 739 3502 824; x_wconf 86' lang='lat' dir='ltr'>accepi,</span> <span class='ocrx_word' id='word_1_302' title='bbox 3558 739 3795 823; x_wconf 88' lang='lat' dir='ltr'>quibus</span> <span class='ocrx_word' id='word_1_303' title='bbox 3852 758 3987 805; x_wconf 92' lang='lat' dir='ltr'>non</span> <span class='ocrx_word' id='word_1_304' title='bbox 4042 738 4231 824; x_wconf 86' lang='lat' dir='ltr'>potui</span> <span class='ocrx_word' id='word_1_305' title='bbox 4270 747 4429 805; x_wconf 83' lang='lat' dir='ltr'>ante</span> <span class='ocrx_word' id='word_1_306' title='bbox 4466 737 4622 805; x_wconf 73' lang='lat' dir='ltr'>hunc</span> 
     </span>
     <span class='ocr_line' id='line_1_50' title="bbox 2696 823 4623 908; baseline 0.001 -18"><span class='ocrx_word' id='word_1_307' title='bbox 2696 824 2875 891; x_wconf 88' lang='lat' dir='ltr'>diem</span> <span class='ocrx_word' id='word_1_308' title='bbox 2939 823 3333 908; x_wconf 80' lang='lat' dir='ltr'>respondere</span> <span class='ocrx_word' id='word_1_309' title='bbox 3348 874 3365 904; x_wconf 92' lang='lat'>,</span> <span class='ocrx_word' id='word_1_310' title='bbox 3429 845 3566 891; x_wconf 92' lang='lat' dir='ltr'>non</span> <span class='ocrx_word' id='word_1_311' title='bbox 3629 825 3944 892; x_wconf 86' lang='lat' dir='ltr'>offerente</span> <span class='ocrx_word' id='word_1_312' title='bbox 4005 845 4078 891; x_wconf 87' lang='lat' dir='ltr'>se</span> <span class='ocrx_word' id='word_1_313' title='bbox 4141 823 4477 891; x_wconf 84' lang='lat' dir='ltr'>tabellario</span> <span class='ocrx_word' id='word_1_314' title='bbox 4532 823 4623 892; x_wconf 82' lang='lat' dir='ltr'>cui</span> 
     </span>
     <span class='ocr_line' id='line_1_51' title="bbox 2698 909 4625 978; baseline 0 -2"><span class='ocrx_word' id='word_1_315' title='bbox 2698 917 2845 977; x_wconf 88' lang='lat' dir='ltr'>tuto</span> <span class='ocrx_word' id='word_1_316' title='bbox 2888 931 3073 976; x_wconf 88' lang='lat' dir='ltr'>meas</span> <span class='ocrx_word' id='word_1_317' title='bbox 3114 910 3612 978; x_wconf 85' lang='lat' dir='ltr'>committerem.</span> <span class='ocrx_word' id='word_1_318' title='bbox 3679 910 3783 977; x_wconf 91' lang='lat' dir='ltr'>De</span> <span class='ocrx_word' id='word_1_319' title='bbox 3817 911 4014 978; x_wconf 88' lang='lat' dir='ltr'>rebus</span> <span class='ocrx_word' id='word_1_320' title='bbox 4057 911 4331 977; x_wconf 86' lang='lat' dir='ltr'>nostris:</span> <span class='ocrx_word' id='word_1_321' title='bbox 4372 909 4625 976; x_wconf 72' lang='lat' dir='ltr'>mirifica</span> 
     </span>
     <span class='ocr_line' id='line_1_52' title="bbox 2698 994 4627 1074; baseline -0.001 -10"><span class='ocrx_word' id='word_1_322' title='bbox 2698 1018 2818 1064; x_wconf 91' lang='lat' dir='ltr'>nos</span> <span class='ocrx_word' id='word_1_323' title='bbox 2881 996 3187 1064; x_wconf 83' lang='lat' dir='ltr'>liberavit</span> <span class='ocrx_word' id='word_1_324' title='bbox 3241 996 3571 1064; x_wconf 89' lang='lat' dir='ltr'>Dominus</span> <span class='ocrx_word' id='word_1_325' title='bbox 3633 994 3966 1064; x_wconf 84' lang='lat' dir='ltr'>excubans</span> <span class='ocrx_word' id='word_1_326' title='bbox 4066 1016 4141 1062; x_wconf 89' lang='lat' dir='ltr'>ro</span> <span class='ocrx_word' id='word_1_327' title='bbox 4196 994 4416 1074; x_wconf 86' lang='lat' dir='ltr'>nobis,</span> <span class='ocrx_word' id='word_1_328' title='bbox 4482 995 4627 1063; x_wconf 65' lang='lat' dir='ltr'>siat</span> 
     </span>
     <span class='ocr_line' id='line_1_53' title="bbox 2697 1081 4629 1168; baseline -0.001 -20"><span class='ocrx_word' id='word_1_329' title='bbox 2697 1082 2806 1150; x_wconf 87' lang='lat' dir='ltr'>hic</span> <span class='ocrx_word' id='word_1_330' title='bbox 2861 1091 3087 1149; x_wconf 88' lang='lat' dir='ltr'>noster</span> <span class='ocrx_word' id='word_1_331' title='bbox 3138 1082 3260 1148; x_wconf 83' lang='lat' dir='ltr'>tibi</span> <span class='ocrx_word' id='word_1_332' title='bbox 3315 1081 3570 1167; x_wconf 87' lang='lat' dir='ltr'>copiose</span> <span class='ocrx_word' id='word_1_333' title='bbox 3628 1081 3936 1148; x_wconf 83' lang='lat' dir='ltr'>narrabit.</span> <span class='ocrx_word' id='word_1_334' title='bbox 4086 1102 4263 1168; x_wconf 86' lang='lat' dir='ltr'>onga</span> <span class='ocrx_word' id='word_1_335' title='bbox 4314 1081 4495 1147; x_wconf 87' lang='lat' dir='ltr'>enim</span> <span class='ocrx_word' id='word_1_336' title='bbox 4546 1089 4629 1147; x_wconf 60' lang='lat' dir='ltr'>en</span> 
     </span>
     <span class='ocr_line' id='line_1_54' title="bbox 2697 1165 4630 1253; baseline -0.002 -18"><span class='ocrx_word' id='word_1_337' title='bbox 2697 1169 2990 1235; x_wconf 87' lang='lat' dir='ltr'>historia.</span> <span class='ocrx_word' id='word_1_338' title='bbox 3014 1171 3071 1247; x_wconf 81' lang='lat'>²)</span> <span class='ocrx_word' id='word_1_339' title='bbox 3136 1165 3277 1235; x_wconf 81' lang='lat' dir='ltr'>Sed</span> <span class='ocrx_word' id='word_1_340' title='bbox 3317 1167 3443 1235; x_wconf 89' lang='lat' dir='ltr'>hoc</span> <span class='ocrx_word' id='word_1_341' title='bbox 3478 1167 3672 1252; x_wconf 88' lang='lat' dir='ltr'>plane</span> <span class='ocrx_word' id='word_1_342' title='bbox 3714 1166 4066 1253; x_wconf 87' lang='lat' dir='ltr'>indignum</span> <span class='ocrx_word' id='word_1_343' title='bbox 4108 1174 4211 1235; x_wconf 88' lang='lat' dir='ltr'>est</span> <span class='ocrx_word' id='word_1_344' title='bbox 4242 1166 4418 1252; x_wconf 86' lang='lat' dir='ltr'>quod</span> <span class='ocrx_word' id='word_1_345' title='bbox 4462 1187 4630 1233; x_wconf 81' lang='lat' dir='ltr'>nemo</span> 
     </span>
     <span class='ocr_line' id='line_1_55' title="bbox 2696 1252 4631 1339; baseline -0.001 -18"><span class='ocrx_word' id='word_1_346' title='bbox 2696 1253 2964 1321; x_wconf 82' lang='lat' dir='ltr'>videtur</span> <span class='ocrx_word' id='word_1_347' title='bbox 3019 1255 3207 1339; x_wconf 87' lang='lat' dir='ltr'>prius</span> <span class='ocrx_word' id='word_1_348' title='bbox 3270 1253 3638 1321; x_wconf 87' lang='lat' dir='ltr'>crediturus</span> <span class='ocrx_word' id='word_1_349' title='bbox 3692 1274 3813 1320; x_wconf 90' lang='lat' dir='ltr'>nos</span> <span class='ocrx_word' id='word_1_350' title='bbox 3876 1255 3947 1319; x_wconf 91' lang='lat' dir='ltr'>in</span> <span class='ocrx_word' id='word_1_351' title='bbox 4005 1261 4298 1320; x_wconf 87' lang='lat' dir='ltr'>extremo</span> <span class='ocrx_word' id='word_1_352' title='bbox 4360 1252 4631 1336; x_wconf 81' lang='lat' dir='ltr'>periculo</span> 
     </span>
     <span class='ocr_line' id='line_1_56' title="bbox 2696 1336 4632 1424; baseline -0.002 -17"><span class='ocrx_word' id='word_1_353' title='bbox 2696 1349 2995 1407; x_wconf 83' lang='lat' dir='ltr'>versatos</span> <span class='ocrx_word' id='word_1_354' title='bbox 3036 1340 3245 1408; x_wconf 85' lang='lat' dir='ltr'>fuisse</span> <span class='ocrx_word' id='word_1_355' title='bbox 3286 1347 3357 1406; x_wconf 90' lang='lat' dir='ltr'>et</span> <span class='ocrx_word' id='word_1_356' title='bbox 3396 1340 3532 1406; x_wconf 87' lang='lat' dir='ltr'>iam</span> <span class='ocrx_word' id='word_1_357' title='bbox 3572 1339 3773 1405; x_wconf 88' lang='lat' dir='ltr'>etiam</span> <span class='ocrx_word' id='word_1_358' title='bbox 3806 1340 4075 1420; x_wconf 80' lang='lat' dir='ltr'>versari,</span> <span class='ocrx_word' id='word_1_359' title='bbox 4119 1359 4317 1424; x_wconf 84' lang='lat' dir='ltr'>quam</span> <span class='ocrx_word' id='word_1_360' title='bbox 4355 1336 4632 1404; x_wconf 69' lang='lat' dir='ltr'>maditus</span> 
     </span>
     <span class='ocr_line' id='line_1_57' title="bbox 2693 1423 4633 1510; baseline -0.001 -18"><span class='ocrx_word' id='word_1_361' title='bbox 2693 1426 3104 1510; x_wconf 87' lang='lat' dir='ltr'>perierimus.</span> <span class='ocrx_word' id='word_1_362' title='bbox 3193 1424 3388 1492; x_wconf 82' lang='lat' dir='ltr'>Vivit</span> <span class='ocrx_word' id='word_1_363' title='bbox 3431 1433 3651 1491; x_wconf 88' lang='lat' dir='ltr'>tamen</span> <span class='ocrx_word' id='word_1_364' title='bbox 3693 1425 4025 1493; x_wconf 84' lang='lat' dir='ltr'>Dominus</span> <span class='ocrx_word' id='word_1_365' title='bbox 4074 1425 4147 1490; x_wconf 90' lang='lat' dir='ltr'>in</span> <span class='ocrx_word' id='word_1_366' title='bbox 4188 1445 4317 1509; x_wconf 89' lang='lat' dir='ltr'>quo</span> <span class='ocrx_word' id='word_1_367' title='bbox 4358 1423 4633 1510; x_wconf 62' lang='lat' dir='ltr'>sperabi·</span> 
     </span>
     <span class='ocr_line' id='line_1_58' title="bbox 2694 1509 4633 1597; baseline -0.001 -19"><span class='ocrx_word' id='word_1_368' title='bbox 2694 1533 2846 1578; x_wconf 89' lang='lat' dir='ltr'>mus</span> <span class='ocrx_word' id='word_1_369' title='bbox 2889 1513 3091 1578; x_wconf 87' lang='lat' dir='ltr'>etiam</span> <span class='ocrx_word' id='word_1_370' title='bbox 3134 1511 3397 1578; x_wconf 87' lang='lat' dir='ltr'>mortui.</span> <span class='ocrx_word' id='word_1_371' title='bbox 3465 1511 3558 1576; x_wconf 85' lang='lat' dir='ltr'>Et</span> <span class='ocrx_word' id='word_1_372' title='bbox 3589 1509 3721 1577; x_wconf 92' lang='lat' dir='ltr'>Dei</span> <span class='ocrx_word' id='word_1_373' title='bbox 3764 1511 3982 1597; x_wconf 88' lang='lat' dir='ltr'>gratia</span> <span class='ocrx_word' id='word_1_374' title='bbox 4012 1517 4238 1578; x_wconf 88' lang='lat' dir='ltr'>nostro</span> <span class='ocrx_word' id='word_1_375' title='bbox 4278 1530 4471 1577; x_wconf 83' lang='lat' dir='ltr'>more</span> <span class='ocrx_word' id='word_1_376' title='bbox 4508 1530 4633 1595; x_wconf 56' lang='lat' dir='ltr'>pau·b</span> 
     </span>
     <span class='ocr_line' id='line_1_59' title="bbox 2693 1599 3830 1684; baseline 0 -21"><span class='ocrx_word' id='word_1_377' title='bbox 2693 1599 2915 1684; x_wconf 88' lang='lat' dir='ltr'>gimus</span> <span class='ocrx_word' id='word_1_378' title='bbox 2958 1605 3043 1676; x_wconf 88' lang='lat' dir='ltr'>et,</span> <span class='ocrx_word' id='word_1_379' title='bbox 3087 1604 3165 1662; x_wconf 83' lang='lat' dir='ltr'>ut</span> <span class='ocrx_word' id='word_1_380' title='bbox 3205 1617 3417 1682; x_wconf 88' lang='lat' dir='ltr'>spero,</span> <span class='ocrx_word' id='word_1_381' title='bbox 3461 1616 3830 1682; x_wconf 84' lang='lat' dir='ltr'>pergemus.</span> 
     </span>
    </p>

    <p class='ocr_par' dir='ltr' id='par_1_17' title="bbox 2694 1679 4639 1923">
     <span class='ocr_line' id='line_1_60' title="bbox 2871 1679 4639 1766; baseline -0.002 -15"><span class='ocrx_word' id='word_1_382' title='bbox 2871 1682 3174 1751; x_wconf 64' lang='lat' dir='ltr'>Calvinus</span> <span class='ocrx_word' id='word_1_383' title='bbox 3214 1691 3440 1751; x_wconf 91' lang='lat' dir='ltr'>noster</span> <span class='ocrx_word' id='word_1_384' title='bbox 3482 1703 3632 1750; x_wconf 85' lang='lat' dir='ltr'>cum</span> <span class='ocrx_word' id='word_1_385' title='bbox 3685 1683 3824 1750; x_wconf 83' lang='lat' dir='ltr'>suis</span> <span class='ocrx_word' id='word_1_386' title='bbox 3866 1680 4114 1749; x_wconf 88' lang='lat' dir='ltr'>morbis</span> <span class='ocrx_word' id='word_1_387' title='bbox 4155 1687 4479 1766; x_wconf 84' lang='lat' dir='ltr'>perpetuo</span> <span class='ocrx_word' id='word_1_388' title='bbox 4516 1679 4639 1748; x_wconf 83' lang='lat' dir='ltr'>lnc-</span> 
     </span>
     <span class='ocr_line' id='line_1_61' title="bbox 2697 1763 4637 1921; baseline -0.001 -86"><span class='ocrx_word' id='word_1_389' title='bbox 2697 1776 2901 1850; x_wconf 85' lang='lat' dir='ltr'>tatur,</span> <span class='ocrx_word' id='word_1_390' title='bbox 2942 1777 3043 1921; x_wconf 49' lang='lat' dir='ltr'>ege</span> <span class='ocrx_word' id='word_1_391' title='bbox 3052 1763 3443 1853; x_wconf 82' lang='lat' dir='ltr'>responsum</span> <span class='ocrx_word' id='word_1_392' title='bbox 3476 1790 3517 1835; x_wconf 90' lang='lat' dir='ltr'>a</span> <span class='ocrx_word' id='word_1_393' title='bbox 3552 1777 3619 1835; x_wconf 91' lang='lat' dir='ltr'>te</span> <span class='ocrx_word' id='word_1_394' title='bbox 3652 1775 4010 1853; x_wconf 85' lang='lat' dir='ltr'>exspectat,</span> <span class='ocrx_word' id='word_1_395' title='bbox 4055 1766 4379 1852; x_wconf 87' lang='lat' dir='ltr'>simulque</span> <span class='ocrx_word' id='word_1_396' title='bbox 4417 1776 4491 1832; x_wconf 87' lang='lat' dir='ltr'>te</span> <span class='ocrx_word' id='word_1_397' title='bbox 4528 1765 4637 1834; x_wconf 69' lang='lat' dir='ltr'>nl·</span> 
     </span>
     <span class='ocr_line' id='line_1_62' title="bbox 2694 1856 3089 1923; baseline -0.003 -1"><span class='ocrx_word' id='word_1_398' title='bbox 2694 1876 2850 1923; x_wconf 84' lang='lat' dir='ltr'>vere</span> <span class='ocrx_word' id='word_1_399' title='bbox 2892 1856 2961 1921; x_wconf 89' lang='lat' dir='ltr'>iu</span> <span class='ocrx_word' id='word_1_400' title='bbox 3045 1863 3089 1921; x_wconf 82' lang='lat' dir='ltr'>t.</span> 
     </span>
    </p>

    <p class='ocr_par' dir='ltr' id='par_1_18' title="bbox 2693 1936 4641 2351">
     <span class='ocr_line' id='line_1_63' title="bbox 2866 1936 4637 2008; baseline -0.003 0"><span class='ocrx_word' id='word_1_401' title='bbox 2866 1941 2973 2008; x_wconf 90' lang='lat' dir='ltr'>De</span> <span class='ocrx_word' id='word_1_402' title='bbox 3031 1939 3288 2007; x_wconf 87' lang='lat' dir='ltr'>Gallia:</span> <span class='ocrx_word' id='word_1_403' title='bbox 3357 1938 3606 2006; x_wconf 85' lang='lat' dir='ltr'>diceres</span> <span class='ocrx_word' id='word_1_404' title='bbox 3664 1959 3799 2006; x_wconf 90' lang='lat' dir='ltr'>una</span> <span class='ocrx_word' id='word_1_405' title='bbox 3854 1959 4007 2008; x_wconf 86' lang='lat' dir='ltr'>eum</span> <span class='ocrx_word' id='word_1_406' title='bbox 4054 1936 4390 2005; x_wconf 62' lang='lat' dir='ltr'>Gan-dina&amp;</span> <span class='ocrx_word' id='word_1_407' title='bbox 4454 1956 4637 2004; x_wconf 76' lang='lat' dir='ltr'>novo-</span> 
     </span>
     <span class='ocr_line' id='line_1_64' title="bbox 2693 2023 4637 2110; baseline -0.001 -18"><span class='ocrx_word' id='word_1_408' title='bbox 2693 2047 2845 2092; x_wconf 92' lang='lat' dir='ltr'>rum</span> <span class='ocrx_word' id='word_1_409' title='bbox 2923 2025 3331 2094; x_wconf 88' lang='lat' dir='ltr'>diabolorum</span> <span class='ocrx_word' id='word_1_410' title='bbox 3406 2027 3672 2110; x_wconf 86' lang='lat' dir='ltr'>agmina</span> <span class='ocrx_word' id='word_1_411' title='bbox 3746 2026 3881 2091; x_wconf 87' lang='lat' dir='ltr'>iam</span> <span class='ocrx_word' id='word_1_412' title='bbox 3952 2023 4212 2092; x_wconf 89' lang='lat' dir='ltr'>Galliae</span> <span class='ocrx_word' id='word_1_413' title='bbox 4288 2023 4637 2090; x_wconf 61' lang='lat' dir='ltr'>imminuo.</span> 
     </span>
     <span class='ocr_line' id='line_1_65' title="bbox 2701 2108 4639 2196; baseline -0.002 -17"><span class='ocrx_word' id='word_1_414' title='bbox 2701 2111 3013 2179; x_wconf 72' lang='lat' dir='ltr'>Gaia-iani</span> <span class='ocrx_word' id='word_1_415' title='bbox 3054 2112 3429 2180; x_wconf 88' lang='lat' dir='ltr'>instaurant</span> <span class='ocrx_word' id='word_1_416' title='bbox 3463 2132 3617 2178; x_wconf 88' lang='lat' dir='ltr'>suas</span> <span class='ocrx_word' id='word_1_417' title='bbox 3651 2111 3970 2196; x_wconf 83' lang='lat' dir='ltr'>querelas,</span> <span class='ocrx_word' id='word_1_418' title='bbox 4014 2108 4379 2177; x_wconf 81' lang='lat' dir='ltr'>adversarii</span> <span class='ocrx_word' id='word_1_419' title='bbox 4424 2109 4639 2176; x_wconf 61' lang='lat' dir='ltr'>eriam</span> 
     </span>
     <span class='ocr_line' id='line_1_66' title="bbox 2694 2192 4641 2351; baseline -0.002 -88"><span class='ocrx_word' id='word_1_420' title='bbox 2694 2199 2976 2351; x_wconf 62' lang='lat' dir='ltr'>gigunt.</span> <span class='ocrx_word' id='word_1_421' title='bbox 3054 2197 3484 2296; x_wconf 37' lang='lat' dir='ltr'>Iam-excisa,</span> <span class='ocrx_word' id='word_1_422' title='bbox 3500 2204 3646 2347; x_wconf 81' lang='lat' dir='ltr'>laut</span> <span class='ocrx_word' id='word_1_423' title='bbox 3686 2217 3841 2264; x_wconf 90' lang='lat' dir='ltr'>mox</span> <span class='ocrx_word' id='word_1_424' title='bbox 3885 2193 4245 2348; x_wconf 53' lang='lat' dir='ltr'>(minut)</span> <span class='ocrx_word' id='word_1_425' title='bbox 4289 2192 4641 2346; x_wconf 61' lang='lat' dir='ltr'>exmdenda‘m</span> 
     </span>
    </p>

    <p class='ocr_par' dir='ltr' id='par_1_19' title="bbox 2765 2302 3918 2363">
     <span class='ocr_line' id='line_1_67' title="bbox 2765 2302 3918 2363; baseline 0 -15"><span class='ocrx_word' id='word_1_426' title='bbox 2765 2304 2993 2363; x_wconf 81' lang='lat' dir='ltr'>eneva,</span> <span class='ocrx_word' id='word_1_427' title='bbox 3052 2303 3348 2349; x_wconf 90' lang='lat' dir='ltr'>ommum</span> <span class='ocrx_word' id='word_1_428' title='bbox 3389 2303 3501 2348; x_wconf 86' lang='lat' dir='ltr'>ma</span> <span class='ocrx_word' id='word_1_429' title='bbox 3526 2303 3715 2349; x_wconf 89' lang='lat' dir='ltr'>orum</span> <span class='ocrx_word' id='word_1_430' title='bbox 3757 2302 3918 2350; x_wconf 82' lang='lat' dir='ltr'>cave</span> 
     </span>
    </p>

    <p class='ocr_par' dir='ltr' id='par_1_20' title="bbox 2692 2363 4641 3294">
     <span class='ocr_line' id='line_1_68' title="bbox 2695 2363 4641 2453; baseline -0.002 -18"><span class='ocrx_word' id='word_1_431' title='bbox 2695 2369 3207 2453; x_wconf 87' lang='lat' dir='ltr'>Lotharingiam</span> <span class='ocrx_word' id='word_1_432' title='bbox 3272 2375 3340 2434; x_wconf 93' lang='lat' dir='ltr'>et</span> <span class='ocrx_word' id='word_1_433' title='bbox 3398 2366 3805 2435; x_wconf 78' lang='lat' dir='ltr'>Cardinalem</span> <span class='ocrx_word' id='word_1_434' title='bbox 3863 2368 4082 2433; x_wconf 90' lang='lat' dir='ltr'>animo</span> <span class='ocrx_word' id='word_1_435' title='bbox 4146 2366 4432 2451; x_wconf 81' lang='lat' dir='ltr'>respicit.</span> <span class='ocrx_word' id='word_1_436' title='bbox 4521 2363 4641 2432; x_wconf 67' lang='lat' dir='ltr'>sd</span> 
     </span>
     <span class='ocr_line' id='line_1_69' title="bbox 2696 2451 4639 2538; baseline -0.003 -16"><span class='ocrx_word' id='word_1_437' title='bbox 2696 2455 2828 2522; x_wconf 91' lang='lat' dir='ltr'>Dei</span> <span class='ocrx_word' id='word_1_438' title='bbox 2880 2454 3196 2521; x_wconf 84' lang='lat' dir='ltr'>beneficio</span> <span class='ocrx_word' id='word_1_439' title='bbox 3251 2454 3461 2521; x_wconf 87' lang='lat' dir='ltr'>nostri</span> <span class='ocrx_word' id='word_1_440' title='bbox 3516 2473 3653 2519; x_wconf 90' lang='lat' dir='ltr'>non</span> <span class='ocrx_word' id='word_1_441' title='bbox 3709 2451 4055 2522; x_wconf 87' lang='lat' dir='ltr'>discedunt</span> <span class='ocrx_word' id='word_1_442' title='bbox 4095 2471 4138 2518; x_wconf 89' lang='lat' dir='ltr'>a</span> <span class='ocrx_word' id='word_1_443' title='bbox 4180 2452 4379 2538; x_wconf 58' lang='lat' dir='ltr'>Regis</span> <span class='ocrx_word' id='word_1_444' title='bbox 4431 2451 4639 2528; x_wconf 75' lang='lat' dir='ltr'>latere,</span> 
     </span>
     <span class='ocr_line' id='line_1_70' title="bbox 2698 2536 4637 2626; baseline -0.003 -19"><span class='ocrx_word' id='word_1_445' title='bbox 2698 2548 2766 2607; x_wconf 90' lang='lat' dir='ltr'>et</span> <span class='ocrx_word' id='word_1_446' title='bbox 2808 2541 3109 2626; x_wconf 80' lang='lat' dir='ltr'>quamvis</span> <span class='ocrx_word' id='word_1_447' title='bbox 3172 2560 3402 2606; x_wconf 87' lang='lat' dir='ltr'>recens</span> <span class='ocrx_word' id='word_1_448' title='bbox 3466 2540 3558 2605; x_wconf 88' lang='lat' dir='ltr'>sit</span> <span class='ocrx_word' id='word_1_449' title='bbox 3612 2538 3790 2606; x_wconf 88' lang='lat' dir='ltr'>edita</span> <span class='ocrx_word' id='word_1_450' title='bbox 3845 2536 4168 2624; x_wconf 84' lang='lat' dir='ltr'>quaedam</span> <span class='ocrx_word' id='word_1_451' title='bbox 4357 2537 4372 2552; x_wconf 84' lang='lat'><strong>&#39;</strong></span> <span class='ocrx_word' id='word_1_452' title='bbox 4602 2537 4637 2552; x_wconf 84' lang='grc'>’“</span> 
     </span>
     <span class='ocr_line' id='line_1_71' title="bbox 2697 2622 4641 2709; baseline -0.003 -16"><span class='ocrx_word' id='word_1_453' title='bbox 2697 2624 2894 2694; x_wconf 88' lang='lat' dir='ltr'>edicti</span> <span class='ocrx_word' id='word_1_454' title='bbox 2950 2624 3301 2692; x_wconf 87' lang='lat' dir='ltr'>declaratio</span> <span class='ocrx_word' id='word_1_455' title='bbox 3358 2625 3520 2692; x_wconf 89' lang='lat' dir='ltr'>satis</span> <span class='ocrx_word' id='word_1_456' title='bbox 3576 2624 3817 2709; x_wconf 88' lang='lat' dir='ltr'>iniqua,</span> <span class='ocrx_word' id='word_1_457' title='bbox 3839 2627 3893 2703; x_wconf 83' lang='lat'>⁸)</span> <span class='ocrx_word' id='word_1_458' title='bbox 3936 2629 4161 2691; x_wconf 87' lang='lat' dir='ltr'>tamen</span> <span class='ocrx_word' id='word_1_459' title='bbox 4201 2623 4396 2690; x_wconf 87' lang='lat' dir='ltr'>amici</span> <span class='ocrx_word' id='word_1_460' title='bbox 4441 2622 4641 2689; x_wconf 77' lang='lat' dir='ltr'>adbuc</span> 
     </span>
     <span class='ocr_line' id='line_1_72' title="bbox 2697 2708 4639 2796; baseline -0.003 -16"><span class='ocrx_word' id='word_1_461' title='bbox 2697 2732 2817 2780; x_wconf 88' lang='lat' dir='ltr'>nos</span> <span class='ocrx_word' id='word_1_462' title='bbox 2872 2710 3104 2778; x_wconf 89' lang='lat' dir='ltr'>iubent</span> <span class='ocrx_word' id='word_1_463' title='bbox 3153 2711 3402 2796; x_wconf 89' lang='lat' dir='ltr'>optima</span> <span class='ocrx_word' id='word_1_464' title='bbox 3443 2732 3742 2795; x_wconf 90' lang='lat' dir='ltr'>quaeque</span> <span class='ocrx_word' id='word_1_465' title='bbox 3784 2730 4069 2794; x_wconf 83' lang='lat' dir='ltr'>sperare.</span> <span class='ocrx_word' id='word_1_466' title='bbox 4157 2709 4307 2795; x_wconf 79' lang='lat' dir='ltr'>Ego</span> <span class='ocrx_word' id='word_1_467' title='bbox 4348 2708 4639 2795; x_wconf 73' lang='lat' dir='ltr'>precibu</span> 
     </span>
     <span class='ocr_line' id='line_1_73' title="bbox 2697 2793 4640 2884; baseline -0.001 -20"><span class='ocrx_word' id='word_1_468' title='bbox 2697 2818 2863 2884; x_wconf 88' lang='lat' dir='ltr'>opus</span> <span class='ocrx_word' id='word_1_469' title='bbox 2906 2818 3050 2865; x_wconf 88' lang='lat' dir='ltr'>esse</span> <span class='ocrx_word' id='word_1_470' title='bbox 3093 2796 3305 2876; x_wconf 83' lang='lat' dir='ltr'>video,</span> <span class='ocrx_word' id='word_1_471' title='bbox 3362 2797 3421 2864; x_wconf 93' lang='lat' dir='ltr'>si</span> <span class='ocrx_word' id='word_1_472' title='bbox 3463 2816 3755 2881; x_wconf 87' lang='lat' dir='ltr'>unquam</span> <span class='ocrx_word' id='word_1_473' title='bbox 3797 2795 3983 2876; x_wconf 88' lang='lat' dir='ltr'>alias,</span> <span class='ocrx_word' id='word_1_474' title='bbox 4038 2802 4114 2861; x_wconf 90' lang='lat' dir='ltr'>ut</span> <span class='ocrx_word' id='word_1_475' title='bbox 4155 2803 4490 2862; x_wconf 81' lang='lat' dir='ltr'>extremos</span> <span class='ocrx_word' id='word_1_476' title='bbox 4530 2793 4640 2861; x_wconf 63' lang='lat' dir='ltr'>Su·</span> 
     </span>
     <span class='ocr_line' id='line_1_74' title="bbox 2696 2880 4639 2967; baseline -0.002 -17"><span class='ocrx_word' id='word_1_477' title='bbox 2696 2892 2892 2950; x_wconf 86' lang='lat' dir='ltr'>tanae</span> <span class='ocrx_word' id='word_1_478' title='bbox 2945 2890 3220 2951; x_wconf 87' lang='lat' dir='ltr'>conatus</span> <span class='ocrx_word' id='word_1_479' title='bbox 3272 2882 3604 2948; x_wconf 91' lang='lat' dir='ltr'>Dominus</span> <span class='ocrx_word' id='word_1_480' title='bbox 3668 2882 4017 2967; x_wconf 83' lang='lat' dir='ltr'>infringat:</span> <span class='ocrx_word' id='word_1_481' title='bbox 4084 2880 4326 2965; x_wconf 88' lang='lat' dir='ltr'>alioqui</span> <span class='ocrx_word' id='word_1_482' title='bbox 4385 2900 4639 2948; x_wconf 61' lang='lat' dir='ltr'>neceas</span> 
     </span>
     <span class='ocr_line' id='line_1_75' title="bbox 2694 2967 4639 3057; baseline -0.002 -21"><span class='ocrx_word' id='word_1_483' title='bbox 2694 2971 2905 3057; x_wconf 65' lang='lat' dir='ltr'>isateor</span> <span class='ocrx_word' id='word_1_484' title='bbox 2968 2975 3192 3036; x_wconf 87' lang='lat' dir='ltr'>tantas</span> <span class='ocrx_word' id='word_1_485' title='bbox 3255 2967 3666 3036; x_wconf 82' lang='lat' dir='ltr'>calamitates</span> <span class='ocrx_word' id='word_1_486' title='bbox 3718 2967 3908 3034; x_wconf 90' lang='lat' dir='ltr'>nobis</span> <span class='ocrx_word' id='word_1_487' title='bbox 3970 2967 4321 3033; x_wconf 88' lang='lat' dir='ltr'>imminere</span> <span class='ocrx_word' id='word_1_488' title='bbox 4374 2975 4639 3050; x_wconf 68' lang='lat' dir='ltr'>quantu</span> 
     </span>
     <span class='ocr_line' id='line_1_76' title="bbox 2693 3051 4637 3123; baseline -0.002 0"><span class='ocrx_word' id='word_1_489' title='bbox 2693 3054 2873 3123; x_wconf 86' lang='lat' dir='ltr'>haud</span> <span class='ocrx_word' id='word_1_490' title='bbox 2916 3056 3051 3122; x_wconf 87' lang='lat' dir='ltr'>scio</span> <span class='ocrx_word' id='word_1_491' title='bbox 3096 3076 3185 3121; x_wconf 91' lang='lat' dir='ltr'>an</span> <span class='ocrx_word' id='word_1_492' title='bbox 3227 3052 3311 3121; x_wconf 90' lang='lat' dir='ltr'>ab</span> <span class='ocrx_word' id='word_1_493' title='bbox 3352 3054 3509 3121; x_wconf 89' lang='lat' dir='ltr'>orbe</span> <span class='ocrx_word' id='word_1_494' title='bbox 3548 3052 3808 3120; x_wconf 89' lang='lat' dir='ltr'>condito</span> <span class='ocrx_word' id='word_1_495' title='bbox 3851 3052 4242 3120; x_wconf 88' lang='lat' dir='ltr'>sustinuerit</span> <span class='ocrx_word' id='word_1_496' title='bbox 4273 3053 4407 3120; x_wconf 89' lang='lat' dir='ltr'>Dei</span> <span class='ocrx_word' id='word_1_497' title='bbox 4449 3051 4637 3121; x_wconf 79' lang='lat' dir='ltr'>eecle-</span> 
     </span>
     <span class='ocr_line' id='line_1_77' title="bbox 2694 3139 4637 3225; baseline -0.002 -17"><span class='ocrx_word' id='word_1_498' title='bbox 2694 3141 2812 3208; x_wconf 87' lang='lat' dir='ltr'>sia.</span> <span class='ocrx_word' id='word_1_499' title='bbox 2883 3139 3020 3209; x_wconf 88' lang='lat' dir='ltr'>Det</span> <span class='ocrx_word' id='word_1_500' title='bbox 3060 3141 3264 3225; x_wconf 88' lang='lat' dir='ltr'>igitur</span> <span class='ocrx_word' id='word_1_501' title='bbox 3304 3141 3493 3207; x_wconf 91' lang='lat' dir='ltr'>nobis</span> <span class='ocrx_word' id='word_1_502' title='bbox 3536 3140 3863 3206; x_wconf 88' lang='lat' dir='ltr'>Dominus</span> <span class='ocrx_word' id='word_1_503' title='bbox 3905 3139 4467 3223; x_wconf 74' lang='lat' dir='ltr'>perseverantiam</span> <span class='ocrx_word' id='word_1_504' title='bbox 4508 3146 4637 3205; x_wconf 78' lang='lat' dir='ltr'>tun</span> 
     </span>
     <span class='ocr_line' id='line_1_78' title="bbox 2692 3224 4004 3294; baseline 0 -1"><span class='ocrx_word' id='word_1_505' title='bbox 2692 3229 2763 3293; x_wconf 91' lang='lat' dir='ltr'>in</span> <span class='ocrx_word' id='word_1_506' title='bbox 2806 3226 3111 3294; x_wconf 86' lang='lat' dir='ltr'>secundis</span> <span class='ocrx_word' id='word_1_507' title='bbox 3153 3234 3296 3292; x_wconf 84' lang='lat' dir='ltr'>tum</span> <span class='ocrx_word' id='word_1_508' title='bbox 3338 3227 3410 3291; x_wconf 92' lang='lat' dir='ltr'>in</span> <span class='ocrx_word' id='word_1_509' title='bbox 3451 3224 3748 3293; x_wconf 84' lang='lat' dir='ltr'>adversis</span> <span class='ocrx_word' id='word_1_510' title='bbox 3792 3225 4004 3293; x_wconf 90' lang='lat' dir='ltr'>rebus.</span> 
     </span>
    </p>

    <p class='ocr_par' dir='ltr' id='par_1_21' title="bbox 2864 3307 4635 3395">
     <span class='ocr_line' id='line_1_79' title="bbox 2864 3307 4635 3395; baseline -0.003 -16"><span class='ocrx_word' id='word_1_511' title='bbox 2864 3313 3161 3379; x_wconf 86' lang='lat' dir='ltr'>Remitto</span> <span class='ocrx_word' id='word_1_512' title='bbox 3204 3309 3291 3377; x_wconf 88' lang='lat' dir='ltr'>ad</span> <span class='ocrx_word' id='word_1_513' title='bbox 3329 3317 3399 3377; x_wconf 89' lang='lat' dir='ltr'>te</span> <span class='ocrx_word' id='word_1_514' title='bbox 3449 3309 3640 3379; x_wconf 65' lang='lat' dir='ltr'>Wisb.</span> <span class='ocrx_word' id='word_1_515' title='bbox 3686 3309 4050 3395; x_wconf 89' lang='lat' dir='ltr'>epistolam.</span> <span class='ocrx_word' id='word_1_516' title='bbox 4069 3312 4127 3388; x_wconf 86' lang='lat'>⁴)</span> <span class='ocrx_word' id='word_1_517' title='bbox 4219 3307 4635 3377; x_wconf 61' lang='lat' dir='ltr'>Uectem-n·</span> 
     </span>
    </p>
   </div>
   <div class='ocr_carea' id='block_1_15' title="bbox 2694 3487 3107 3497">
    <p class='ocr_par' dir='ltr' id='par_1_22' title="bbox 2694 3487 3107 3497">
     <span class='ocr_line' id='line_1_80' title="bbox 2694 3487 3107 3497; baseline 0 2628"><span class='ocrx_word' id='word_1_518' title='bbox 2694 3487 3107 3497; x_wconf 95' lang='lat' dir='ltr'> </span> 
     </span>
    </p>
   </div>
   <div class='ocr_carea' id='block_1_16' title="bbox 2692 3582 4629 3723">
    <p class='ocr_par' dir='ltr' id='par_1_23' title="bbox 2692 3582 4629 3723">
     <span class='ocr_line' id='line_1_81' title="bbox 2692 3582 4629 3723; baseline -0.003 -12"><span class='ocrx_word' id='word_1_519' title='bbox 2692 3582 3932 3723; x_wconf 50' lang='lat' dir='ltr'>msswffiwffl&#39;a</span> <span class='ocrx_word' id='word_1_520' title='bbox 3981 3650 4115 3707; x_wconf 79' lang='lat'><strong>1563</strong></span> <span class='ocrx_word' id='word_1_521' title='bbox 4148 3652 4191 3707; x_wconf 80' lang='lat' dir='ltr'>u</span> <span class='ocrx_word' id='word_1_522' title='bbox 4241 3652 4429 3707; x_wconf 68' lang='lat' dir='ltr'>miv·</span> <span class='ocrx_word' id='word_1_523' title='bbox 4462 3670 4531 3707; x_wconf 73' lang='lat' dir='ltr'>u</span> <span class='ocrx_word' id='word_1_524' title='bbox 4560 3654 4629 3706; x_wconf 73' lang='grc' dir='ltr'>ἰ-</span> 
     </span>
    </p>
   </div>
   <div class='ocr_carea' id='block_1_17' title="bbox 2687 3720 4631 5373">
    <p class='ocr_par' dir='ltr' id='par_1_24' title="bbox 2687 3720 4631 5373">
     <span class='ocr_line' id='line_1_82' title="bbox 2692 3720 4631 3813; baseline -0.003 -34"><span class='ocrx_word' id='word_1_525' title='bbox 2692 3724 2880 3779; x_wconf 86' lang='lat' dir='ltr'>cident</span> <span class='ocrx_word' id='word_1_526' title='bbox 2923 3728 3257 3806; x_wconf 69' lang='lat' dir='ltr'>surprenant</span> <span class='ocrx_word' id='word_1_527' title='bbox 3299 3725 3337 3779; x_wconf 62' lang='lat' dir='ltr'>a</span> <span class='ocrx_word' id='word_1_528' title='bbox 3366 3722 3615 3805; x_wconf 34' lang='lat' dir='ltr'>‘Ge-neve.</span> <span class='ocrx_word' id='word_1_529' title='bbox 3662 3721 3779 3803; x_wconf 37' lang='lat' dir='ltr'>‘U&#39;n</span> <span class='ocrx_word' id='word_1_530' title='bbox 3817 3721 3984 3813; x_wconf 69' lang='lat' dir='ltr'>jeune</span> <span class='ocrx_word' id='word_1_531' title='bbox 4029 3720 4269 3803; x_wconf 47' lang='lat' dir='ltr'>nomme·</span> <span class='ocrx_word' id='word_1_532' title='bbox 4293 3721 4390 3791; x_wconf 80' lang='lat' dir='ltr'>qui</span> <span class='ocrx_word' id='word_1_533' title='bbox 4424 3722 4459 3774; x_wconf 72' lang='grc' dir='ltr'><strong>ὀ</strong></span> <span class='ocrx_word' id='word_1_534' title='bbox 4491 3736 4631 3776; x_wconf 61' lang='lat' dir='ltr'>ene</span> 
     </span>
     <span class='ocr_line' id='line_1_83' title="bbox 2691 3789 4627 3872; baseline -0.002 -25"><span class='ocrx_word' id='word_1_535' title='bbox 2691 3793 2763 3848; x_wconf 89' lang='lat' dir='ltr'>de</span> <span class='ocrx_word' id='word_1_536' title='bbox 2795 3809 2884 3847; x_wconf 85' lang='lat' dir='ltr'>ses</span> <span class='ocrx_word' id='word_1_537' title='bbox 2917 3792 3225 3847; x_wconf 80' lang='lat' dir='ltr'>debauches</span> <span class='ocrx_word' id='word_1_538' title='bbox 3258 3797 3410 3872; x_wconf 77' lang='lat' dir='ltr'>avoit</span> <span class='ocrx_word' id='word_1_539' title='bbox 3442 3796 3532 3872; x_wconf 73' lang='lat' dir='ltr'>ete</span> <span class='ocrx_word' id='word_1_540' title='bbox 3566 3791 3745 3861; x_wconf 76' lang='lat' dir='ltr'>obligo</span> <span class='ocrx_word' id='word_1_541' title='bbox 3779 3790 3901 3844; x_wconf 87' lang='lat' dir='ltr'>den</span> <span class='ocrx_word' id='word_1_542' title='bbox 3934 3794 4103 3844; x_wconf 61' lang='grc' dir='ltr'><strong>σοι-ιιι·</strong></span> <span class='ocrx_word' id='word_1_543' title='bbox 4135 3805 4196 3843; x_wconf 83' lang='lat' dir='ltr'>ee</span> <span class='ocrx_word' id='word_1_544' title='bbox 4229 3790 4307 3844; x_wconf 75' lang='lat' dir='ltr'>lia</span> <span class='ocrx_word' id='word_1_545' title='bbox 4340 3806 4479 3845; x_wconf 73' lang='lat' dir='ltr'>avec</span> <span class='ocrx_word' id='word_1_546' title='bbox 4500 3789 4627 3861; x_wconf 69' lang='lat' dir='ltr'>qu}-</span> 
     </span>
     <span class='ocr_line' id='line_1_84' title="bbox 2690 3857 4623 3984; baseline -0.002 0"><span class='ocrx_word' id='word_1_547' title='bbox 2690 3878 2830 3984; x_wconf 59' lang='lat' dir='ltr'>guas</span> <span class='ocrx_word' id='word_1_548' title='bbox 2875 3878 2983 3984; x_wconf 49' lang='lat' dir='ltr'>tut?</span> <span class='ocrx_word' id='word_1_549' title='bbox 2994 3862 3139 3984; x_wconf 55' lang='lat' dir='ltr'>vi‘ffe⁸</span> <span class='ocrx_word' id='word_1_550' title='bbox 3189 3861 3226 3913; x_wconf 71' lang='lat' dir='ltr'>b</span> <span class='ocrx_word' id='word_1_551' title='bbox 3249 3946 3280 3981; x_wconf 94' lang='lat' dir='ltr'>r</span> <span class='ocrx_word' id='word_1_552' title='bbox 3329 3945 3393 3982; x_wconf 87' lang='lat' dir='ltr'>su</span> <span class='ocrx_word' id='word_1_553' title='bbox 3438 3876 3573 3983; x_wconf 49' lang='lat' dir='ltr'><strong>‹1¹21oe</strong></span> <span class='ocrx_word' id='word_1_554' title='bbox 3584 3858 4146 3982; x_wconf 41' lang='lat' dir='ltr'>siligengurundssoqunogot</span> <span class='ocrx_word' id='word_1_555' title='bbox 4177 3874 4321 3928; x_wconf 59' lang='lat' dir='ltr'>pou</span> <span class='ocrx_word' id='word_1_556' title='bbox 4354 3857 4465 3983; x_wconf 49' lang='grc' dir='ltr'>..Β</span> <span class='ocrx_word' id='word_1_557' title='bbox 4496 3928 4623 3982; x_wconf 67' lang='lat' dir='ltr'>eho.</span> 
     </span>
     <span class='ocr_line' id='line_1_85' title="bbox 2692 3945 4623 4078; baseline -0.002 -26"><span class='ocrx_word' id='word_1_558' title='bbox 2692 3946 2905 4054; x_wconf 53' lang='lat' dir='ltr'>hfaisoeil</span> <span class='ocrx_word' id='word_1_559' title='bbox 2940 4014 3011 4054; x_wconf 84' lang='lat' dir='ltr'>en</span> <span class='ocrx_word' id='word_1_560' title='bbox 3056 4002 3151 4053; x_wconf 86' lang='lat' dir='ltr'>eut</span> <span class='ocrx_word' id='word_1_561' title='bbox 3224 3945 3499 4051; x_wconf 53' lang='lat' dir='ltr'>orrenrqzt</span> <span class='ocrx_word' id='word_1_562' title='bbox 3532 4012 3602 4050; x_wconf 83' lang='lat' dir='ltr'>no</span> <span class='ocrx_word' id='word_1_563' title='bbox 3676 3946 3739 4050; x_wconf 74' lang='lat' dir='ltr'>dt</span> <span class='ocrx_word' id='word_1_564' title='bbox 3772 3994 4103 4078; x_wconf 64' lang='lat' dir='ltr'>s’empecber</span> <span class='ocrx_word' id='word_1_565' title='bbox 4135 3995 4206 4049; x_wconf 87' lang='lat' dir='ltr'>de</span> <span class='ocrx_word' id='word_1_566' title='bbox 4240 3996 4294 4050; x_wconf 88' lang='lat' dir='ltr'>le</span> <span class='ocrx_word' id='word_1_567' title='bbox 4328 3995 4623 4067; x_wconf 49' lang='lat' dir='ltr'>flium</span> 
     </span>
     <span class='ocr_line' id='line_1_86' title="bbox 2692 4063 4621 4148; baseline -0.002 -26"><span class='ocrx_word' id='word_1_568' title='bbox 2692 4069 2799 4122; x_wconf 86' lang='lat' dir='ltr'>Les</span> <span class='ocrx_word' id='word_1_569' title='bbox 2832 4072 3019 4122; x_wconf 86' lang='lat' dir='ltr'>autres</span> <span class='ocrx_word' id='word_1_570' title='bbox 3033 4106 3048 4133; x_wconf 86' lang='lat'>,</span> <span class='ocrx_word' id='word_1_571' title='bbox 3099 4065 3516 4148; x_wconf 76' lang='lat' dir='ltr'>apprehendant</span> <span class='ocrx_word' id='word_1_572' title='bbox 3548 4063 3637 4136; x_wconf 88' lang='lat' dir='ltr'>qu’</span> <span class='ocrx_word' id='word_1_573' title='bbox 3714 4081 3791 4147; x_wconf 44' lang='grc' dir='ltr'>ορ.</span> <span class='ocrx_word' id='word_1_574' title='bbox 3826 4065 3909 4119; x_wconf 79' lang='lat' dir='ltr'>les</span> <span class='ocrx_word' id='word_1_575' title='bbox 3950 4064 4236 4146; x_wconf 72' lang='lat' dir='ltr'>decouvrit</span> <span class='ocrx_word' id='word_1_576' title='bbox 4269 4066 4323 4119; x_wconf 85' lang='lat' dir='ltr'>le</span> <span class='ocrx_word' id='word_1_577' title='bbox 4358 4066 4521 4120; x_wconf 61' lang='lat' dir='ltr'>arent</span> <span class='ocrx_word' id='word_1_578' title='bbox 4548 4080 4621 4118; x_wconf 77' lang='grc' dir='ltr'>ει-</span> 
     </span>
     <span class='ocr_line' id='line_1_87' title="bbox 2690 4132 4619 4217; baseline -0.002 -27"><span class='ocrx_word' id='word_1_579' title='bbox 2690 4138 2846 4191; x_wconf 82' lang='lat' dir='ltr'>lever</span> <span class='ocrx_word' id='word_1_580' title='bbox 2899 4142 2959 4190; x_wconf 87' lang='lat' dir='ltr'>et</span> <span class='ocrx_word' id='word_1_581' title='bbox 3011 4151 3389 4217; x_wconf 69' lang='lat' dir='ltr'>emprisonner</span> <span class='ocrx_word' id='word_1_582' title='bbox 3441 4137 3476 4190; x_wconf 74' lang='lat' dir='ltr'>a</span> <span class='ocrx_word' id='word_1_583' title='bbox 3509 4133 3968 4215; x_wconf 50' lang='lat' dir='ltr'>Hontmehanfln</span> <span class='ocrx_word' id='word_1_584' title='bbox 4019 4132 4233 4217; x_wconf 71' lang='lat' dir='ltr'>Savqia.</span> <span class='ocrx_word' id='word_1_585' title='bbox 4302 4132 4353 4187; x_wconf 91' lang='lat' dir='ltr'>n</span> <span class='ocrx_word' id='word_1_586' title='bbox 4385 4150 4447 4188; x_wconf 78' lang='lat' dir='ltr'>ee</span> <span class='ocrx_word' id='word_1_587' title='bbox 4478 4148 4619 4187; x_wconf 65' lang='lat' dir='ltr'>nnn</span> 
     </span>
     <span class='ocr_line' id='line_1_88' title="bbox 2692 4202 4617 4327; baseline -0.002 -69"><span class='ocrx_word' id='word_1_588' title='bbox 2692 4205 2762 4287; x_wconf 72' lang='lat' dir='ltr'>de</span> <span class='ocrx_word' id='word_1_589' title='bbox 2798 4204 2867 4272; x_wconf 60' lang='lat' dir='ltr'>li,</span> <span class='ocrx_word' id='word_1_590' title='bbox 2902 4208 3099 4259; x_wconf 79' lang='lat' dir='ltr'>conrut</span> <span class='ocrx_word' id='word_1_591' title='bbox 3130 4221 3164 4256; x_wconf 78' lang='lat' dir='ltr'>a</span> <span class='ocrx_word' id='word_1_592' title='bbox 3199 4203 3437 4286; x_wconf 60' lang='lat' dir='ltr'>Genera,</span> <span class='ocrx_word' id='word_1_593' title='bbox 3471 4207 3531 4256; x_wconf 83' lang='lat' dir='ltr'>et</span> <span class='ocrx_word' id='word_1_594' title='bbox 3564 4202 3832 4284; x_wconf 67' lang='lat' dir='ltr'>demanda</span> <span class='ocrx_word' id='word_1_595' title='bbox 3864 4219 3899 4255; x_wconf 81' lang='lat' dir='ltr'>a</span> <span class='ocrx_word' id='word_1_596' title='bbox 3930 4203 4115 4272; x_wconf 75' lang='lat' dir='ltr'>parler</span> <span class='ocrx_word' id='word_1_597' title='bbox 4147 4219 4182 4255; x_wconf 82' lang='lat' dir='ltr'>a</span> <span class='ocrx_word' id='word_1_598' title='bbox 4272 4218 4617 4327; x_wconf 56' lang='lat' dir='ltr'>mum:</span> 
     </span>
     <span class='ocr_line' id='line_1_89' title="bbox 2690 4270 4613 4432; baseline -0.001 -35"><span class='ocrx_word' id='word_1_599' title='bbox 2690 4277 2936 4424; x_wconf 52' lang='grc' dir='ltr'>Ξᾞῗιῗζ</span> <span class='ocrx_word' id='word_1_600' title='bbox 2949 4273 3255 4411; x_wconf 52' lang='lat' dir='ltr'>:iffiqssgffr</span> <span class='ocrx_word' id='word_1_601' title='bbox 3268 4270 4063 4432; x_wconf 50' lang='lat' dir='ltr'>ssmdmmffmissfflssfriffiu</span> <span class='ocrx_word' id='word_1_602' title='bbox 4071 4271 4238 4393; x_wconf 49' lang='lat'>¹312?</span> <span class='ocrx_word' id='word_1_603' title='bbox 4272 4340 4381 4395; x_wconf 68' lang='grc' dir='ltr'>ια</span> <span class='ocrx_word' id='word_1_604' title='bbox 4396 4339 4613 4408; x_wconf 57' lang='lat' dir='ltr'>enum</span> <span class='ocrx_word' id='word_1_605' title='bbox 4583 4338 4593 4351; x_wconf 90' lang='lat'><strong>·</strong></span> 
     </span>
     <span class='ocr_line' id='line_1_90' title="bbox 2691 4409 4615 4560; baseline 0.006 -26"><span class='ocrx_word' id='word_1_606' title='bbox 2691 4409 3032 4547; x_wconf 37' lang='lat' dir='ltr'>2¹:21,wa</span> <span class='ocrx_word' id='word_1_607' title='bbox 3065 4409 4345 4560; x_wconf 44' lang='lat' dir='ltr'>{ztffleqazszssszew‘aessae</span> <span class='ocrx_word' id='word_1_608' title='bbox 4368 4424 4615 4545; x_wconf 49' lang='lat' dir='ltr'>aa</span> 
     </span>
     <span class='ocr_line' id='line_1_91' title="bbox 2691 4544 4613 4672; baseline -0.003 -69"><span class='ocrx_word' id='word_1_609' title='bbox 2691 4564 2871 4672; x_wconf 49' lang='lat' dir='ltr'>gnua</span> <span class='ocrx_word' id='word_1_610' title='bbox 2917 4549 2973 4602; x_wconf 86' lang='lat' dir='ltr'>le</span> <span class='ocrx_word' id='word_1_611' title='bbox 3007 4548 3126 4629; x_wconf 74' lang='lat' dir='ltr'>Duc</span> <span class='ocrx_word' id='word_1_612' title='bbox 3175 4546 3246 4600; x_wconf 87' lang='lat' dir='ltr'>de</span> <span class='ocrx_word' id='word_1_613' title='bbox 3291 4545 3489 4629; x_wconf 57' lang='lat' dir='ltr'>Savoie</span> <span class='ocrx_word' id='word_1_614' title='bbox 3541 4544 3748 4601; x_wconf 78' lang='lat' dir='ltr'>d&#39;avoir</span> <span class='ocrx_word' id='word_1_615' title='bbox 3804 4544 3893 4600; x_wconf 70' lang='lat' dir='ltr'>dte</span> <span class='ocrx_word' id='word_1_616' title='bbox 3938 4545 4049 4601; x_wconf 84' lang='lat' dir='ltr'>d’m</span> <span class='ocrx_word' id='word_1_617' title='bbox 4383 4560 4509 4600; x_wconf 76' lang='lat' dir='ltr'>aveo</span> <span class='ocrx_word' id='word_1_618' title='bbox 4550 4545 4613 4597; x_wconf 72' lang='lat' dir='ltr'>l-</span> 
     </span>
     <span class='ocr_line' id='line_1_92' title="bbox 2888 4614 4613 4806; baseline -0.002 -67"><span class='ocrx_word' id='word_1_619' title='bbox 2888 4616 3161 4750; x_wconf 40' lang='lat' dir='ltr'>’afflig</span> <span class='ocrx_word' id='word_1_620' title='bbox 3182 4614 3700 4740; x_wconf 35' lang='lat' dir='ltr'>&amp;affin-vage?</span> <span class='ocrx_word' id='word_1_621' title='bbox 3709 4615 4325 4806; x_wconf 52' lang='lat' dir='ltr'>Dsolaffiggggiortnt</span> <span class='ocrx_word' id='word_1_622' title='bbox 4342 4656 4613 4754; x_wconf 56' lang='lat' dir='ltr'>regi-</span> 
     </span>
     <span class='ocr_line' id='line_1_93' title="bbox 2690 4750 4611 4824; baseline -0.002 -16"><span class='ocrx_word' id='word_1_623' title='bbox 2690 4771 2832 4824; x_wconf 88' lang='lat' dir='ltr'>pour</span> <span class='ocrx_word' id='word_1_624' title='bbox 2873 4752 3197 4808; x_wconf 83' lang='lat' dir='ltr'>l&#39;oxecution</span> <span class='ocrx_word' id='word_1_625' title='bbox 3240 4753 3313 4808; x_wconf 87' lang='lat' dir='ltr'>de</span> <span class='ocrx_word' id='word_1_626' title='bbox 3353 4754 3493 4808; x_wconf 90' lang='lat' dir='ltr'>celle</span> <span class='ocrx_word' id='word_1_627' title='bbox 3534 4751 3610 4806; x_wconf 90' lang='lat' dir='ltr'>du</span> <span class='ocrx_word' id='word_1_628' title='bbox 3656 4750 3739 4806; x_wconf 79' lang='lat'>19.</span> <span class='ocrx_word' id='word_1_629' title='bbox 3782 4752 3931 4806; x_wconf 69' lang='lat' dir='ltr'>nnn</span> <span class='ocrx_word' id='word_1_630' title='bbox 3979 4751 4009 4805; x_wconf 93' lang='lat'>1</span> <span class='ocrx_word' id='word_1_631' title='bbox 4159 4750 4355 4817; x_wconf 72' lang='lat'><strong>(1563)</strong></span> <span class='ocrx_word' id='word_1_632' title='bbox 4390 4753 4481 4823; x_wconf 71' lang='lat' dir='ltr'>qni</span> <span class='ocrx_word' id='word_1_633' title='bbox 4510 4767 4611 4804; x_wconf 72' lang='lat' dir='ltr'>eu·-</span> 
     </span>
     <span class='ocr_line' id='line_1_94' title="bbox 2691 4818 4611 4903; baseline -0.002 -26"><span class='ocrx_word' id='word_1_634' title='bbox 2691 4838 2852 4878; x_wconf 81' lang='lat' dir='ltr'>cerne</span> <span class='ocrx_word' id='word_1_635' title='bbox 2902 4823 2959 4876; x_wconf 86' lang='lat' dir='ltr'>la</span> <span class='ocrx_word' id='word_1_636' title='bbox 3009 4822 3352 4891; x_wconf 76' lang='lat' dir='ltr'>pacification</span> <span class='ocrx_word' id='word_1_637' title='bbox 3405 4822 3503 4902; x_wconf 74' lang='lat' dir='ltr'>des</span> <span class='ocrx_word' id='word_1_638' title='bbox 3553 4820 3799 4876; x_wconf 84' lang='lat' dir='ltr'>troubles</span> <span class='ocrx_word' id='word_1_639' title='bbox 3849 4819 3925 4874; x_wconf 88' lang='lat' dir='ltr'>du</span> <span class='ocrx_word' id='word_1_640' title='bbox 3986 4820 4267 4903; x_wconf 72' lang='lat' dir='ltr'>pranme</span> <span class='ocrx_word' id='word_1_641' title='bbox 4318 4820 4407 4885; x_wconf 76' lang='lat'>(14</span> <span class='ocrx_word' id='word_1_642' title='bbox 4460 4818 4611 4883; x_wconf 58' lang='lat' dir='ltr'>Db.)-</span> 
     </span>
     <span class='ocr_line' id='line_1_95' title="bbox 2688 4886 4611 5041; baseline -0.002 -25"><span class='ocrx_word' id='word_1_643' title='bbox 2688 4890 2937 5016; x_wconf 56' lang='lat' dir='ltr'>{w</span> <span class='ocrx_word' id='word_1_644' title='bbox 2829 4886 4611 5041; x_wconf 45' lang='lat' dir='ltr'>„sssmffsfflffssfflmffzma</span> 
     </span>
     <span class='ocr_line' id='line_1_96' title="bbox 2687 5025 4611 5166; baseline -0.003 -13"><span class='ocrx_word' id='word_1_645' title='bbox 2687 5029 3212 5153; x_wconf 49' lang='lat' dir='ltr'>assam</span> <span class='ocrx_word' id='word_1_646' title='bbox 3238 5025 4047 5166; x_wconf 44' lang='lat' dir='ltr'>stararias·</span> <span class='ocrx_word' id='word_1_647' title='bbox 4070 5042 4243 5150; x_wconf 61' lang='lat'>:⁰⁸-</span> <span class='ocrx_word' id='word_1_648' title='bbox 4284 5027 4327 5109; x_wconf 48' lang='grc' dir='ltr'>ε’</span> <span class='ocrx_word' id='word_1_649' title='bbox 4372 5027 4457 5098; x_wconf 65' lang='lat'>=³</span> <span class='ocrx_word' id='word_1_650' title='bbox 4476 5030 4611 5149; x_wconf 65' lang='lat' dir='ltr'>a:</span> 
     </span>
     <span class='ocr_line' id='line_1_97' title="bbox 2888 5114 2926 5168; baseline 0 0"><span class='ocrx_word' id='word_1_651' title='bbox 2888 5114 2926 5168; x_wconf 73' lang='lat' dir='ltr'>q</span> 
     </span>
     <span class='ocr_line' id='line_1_98' title="bbox 2687 5161 4607 5291; baseline -0.003 -70"><span class='ocrx_word' id='word_1_652' title='bbox 2687 5165 3044 5291; x_wconf 48' lang='grc' dir='ltr'>33,ὶοῖιέἐὲ</span> <span class='ocrx_word' id='word_1_653' title='bbox 3058 5165 3261 5236; x_wconf 82' lang='lat' dir='ltr'>permis</span> <span class='ocrx_word' id='word_1_654' title='bbox 3294 5165 3366 5221; x_wconf 86' lang='lat' dir='ltr'>de</span> <span class='ocrx_word' id='word_1_655' title='bbox 3400 5167 3482 5221; x_wconf 78' lang='lat' dir='ltr'>les</span> <span class='ocrx_word' id='word_1_656' title='bbox 3516 5170 3768 5220; x_wconf 85' lang='lat' dir='ltr'>enterrer</span> <span class='ocrx_word' id='word_1_657' title='bbox 3784 5164 3854 5220; x_wconf 88' lang='lat' dir='ltr'>de</span> <span class='ocrx_word' id='word_1_658' title='bbox 3872 5165 4027 5219; x_wconf 79' lang='lat' dir='ltr'>nuict</span> <span class='ocrx_word' id='word_1_659' title='bbox 4046 5181 4155 5219; x_wconf 71' lang='lat' dir='ltr'>aux</span> <span class='ocrx_word' id='word_1_660' title='bbox 4188 5166 4501 5222; x_wconf 68' lang='lat' dir='ltr'>cuncticr-</span> <span class='ocrx_word' id='word_1_661' title='bbox 4529 5161 4607 5215; x_wconf 73' lang='lat' dir='ltr'>d-</span> 
     </span>
     <span class='ocr_line' id='line_1_99' title="bbox 2934 5300 3423 5373; baseline -0.002 -15"><span class='ocrx_word' id='word_1_662' title='bbox 2934 5307 2959 5373; x_wconf 89' lang='lat'><strong>)</strong></span> <span class='ocrx_word' id='word_1_663' title='bbox 2994 5300 3094 5358; x_wconf 71' lang='lat' dir='ltr'>An</span> <span class='ocrx_word' id='word_1_664' title='bbox 3134 5301 3206 5358; x_wconf 80' lang='lat' dir='ltr'>N.</span> <span class='ocrx_word' id='word_1_665' title='bbox 3248 5300 3382 5357; x_wconf 71' lang='lat'>4047</span> <span class='ocrx_word' id='word_1_666' title='bbox 3395 5302 3423 5357; x_wconf 71' lang='lat' dir='ltr'>&#39;e&#39;</span> 
     </span>
    </p>
   </div>
   <div class='ocr_carea' id='block_1_18' title="bbox 4200 6002 4806 6112">
    <p class='ocr_par' dir='ltr' id='par_1_25' title="bbox 4200 6002 4806 6112">
     <span class='ocr_line' id='line_1_100' title="bbox 4200 6002 4806 6112; baseline 0 13"><span class='ocrx_word' id='word_1_667' title='bbox 4200 6002 4806 6112; x_wconf 95' lang='lat' dir='ltr'> </span> 
     </span>
    </p>
   </div>
   <div class='ocr_carea' id='block_1_19' title="bbox 4786 5 4817 6052">
    <p class='ocr_par' dir='ltr' id='par_1_26' title="bbox 4786 5 4817 6052">
     <span class='ocr_line' id='line_1_101' title="bbox 4786 5 4817 6052; baseline 0 0"><span class='ocrx_word' id='word_1_668' title='bbox 4786 5 4817 6052; x_wconf 95' lang='lat' dir='ltr'> </span> 
     </span>
    </p>
   </div>
  </div>
 </body>
</html>
