4900 6125
282 416 387 482 261

280 601 472 669 vomit
514 602 825 681 convicia,
869 610 949 669 ιιι
989 602 1124 670 iam
1167 601 1358 669 facile
1378 604 1622 687 possim
1644 609 1854 670 totam
1877 603 2051 670 hano
2071 623 2225 690 par-

280 697 400 754 tem
444 687 696 755 duabus
737 689 1003 773 paginis
1047 688 1407 756 absolvere.
1493 688 1629 756 Sed
1674 689 1756 756 de
1799 689 1998 756 rebus
2042 689 2222 773 ipsis,

277 794 499 858 nempe
563 773 644 840 de
708 775 1037 857 scriptura
1098 783 1169 841 et
1230 775 1696 842 traditionibus
1714 826 1729 853 ,
1798 776 2087 859 itemque
2146 775 2227 841 de

277 869 485 926 nostro
552 861 951 940 ministerio,
1019 868 1217 945 atque
1272 860 1434 928 adeo
1489 861 1572 928 de
1629 861 2023 945 quibusdam
2079 860 2227 927 aliis

278 965 436 1029 quae
478 946 722 1028 passim
767 947 1142 1029 permiscet,
1212 968 1288 1013 ac
1346 947 1652 1030 inprimis
1696 947 1779 1013 ad
1824 968 1903 1013 ea
1945 968 2113 1030 quae
2156 947 2226 1012 in

275 1031 655 1099 Possiaceno
696 1031 813 1096 illo
856 1049 1189 1098 conventu
1232 1053 1274 1098 a
1317 1053 1425 1099 me
1470 1033 1765 1116 quaesita
1807 1041 1874 1099 et
1907 1051 2227 1116 responsa

275 1138 400 1182 non
443 1117 663 1182 minus
705 1117 874 1183 falso
917 1139 1114 1202 quam
1159 1117 1581 1202 impudenter
1623 1119 1958 1204 confingit,
2004 1118 2222 1202 copio-

272 1204 431 1280 sius,
474 1212 548 1268 ut
591 1223 802 1287 spero,
848 1202 1271 1289 respondebo,
1291 1208 1347 1282 ⁸)
1390 1205 1601 1288 quue
1643 1205 1774 1270 iam
1820 1213 1995 1271 esset
2036 1224 2226 1287 prae-

272 1289 499 1354 stitum
579 1289 706 1355 nisi
781 1309 890 1356 me
968 1290 1212 1373 partim
1277 1291 1761 1357 Annotationes
1824 1291 1895 1355 in
1959 1289 2224 1356 Novum

274 1375 764 1440 Testamentum
808 1396 1013 1452 meae,
1060 1395 1220 1459 quas
1263 1396 1535 1460 prorsus
1577 1375 1851 1455 recudo,
1871 1374 1930 1460 ⁴)
1983 1376 2226 1459 partim

270 1461 460 1525 etiam
544 1459 916 1543 duplicatus
1000 1461 1431 1528 concionandi
1496 1471 1565 1527 et
1623 1461 1977 1545 profitendi
2044 1460 2228 1527 labor

271 1554 477 1611 totum
541 1546 809 1629 penitus
875 1548 1255 1613 retinerent.
1367 1548 1541 1613 Nam
1621 1548 1863 1615 abhinc
1927 1567 2223 1613 mensem

268 1632 358 1696 ita
423 1631 671 1698 uotidie
713 1633 1190 1716 ingravescunt
1210 1641 1281 1699 et
1312 1633 1579 1717 plurimi
1614 1633 1713 1698 illi
1748 1645 1816 1700 et
1849 1632 2225 1718 gravissimi

267 1736 407 1782 mor
450 1719 473 1783 i
518 1718 754 1800 quibus
799 1718 1088 1801 optimus
1132 1718 1245 1784 ille
1287 1739 1478 1785 meus
1521 1739 1762 1803 parens
1799 1717 1888 1784 D.
1917 1717 2227 1786 Calvinus

266 1801 725 1869 miserabiliter
766 1813 1066 1884 vexatur,
1112 1814 1186 1869 ut
1228 1826 1363 1870 non
1409 1805 1602 1871 modo
1647 1803 1818 1888 quod
1862 1802 2100 1887 alioqui
2145 1804 2225 1869 li-

265 1889 649 1955 bentissime
715 1889 995 1956 facimus
1060 1899 1125 1955 et
1188 1890 1322 1957 iam
1386 1888 1641 1975 pridem
1697 1891 2108 1970 fecissemus,
2170 1891 2226 1955 si

262 1975 587 2058 potuisset
639 1975 721 2041 ab
780 1995 857 2041 eo
914 1975 1291 2060 impetrari,
1358 1978 1569 2043 vicem
1628 1975 1809 2043 illius
1867 1974 2050 2041 obire
2102 1996 2226 2042 nos

263 2069 578 2143 oporteat,
622 2059 738 2126 sed
782 2061 982 2126 etiam
1024 2062 1207 2128 luctu
1252 2076 1321 2127 et
1353 2082 1652 2128 moerore
1687 2082 1894 2145 paene
1929 2061 2229 2128 conficia-

259 2166 428 2212 mur.
507 2145 648 2213 Nec
692 2147 872 2213 enim
916 2147 1111 2214 video
1155 2147 1311 2231 quid
1355 2147 1545 2215 nobis
1587 2148 1823 2231 possit,
1868 2147 1995 2212 hoc
2037 2167 2224 2230 prae-

259 2234 495 2301 sertim
553 2241 878 2317 tempore,
938 2234 1237 2301 acerbius
1293 2233 1606 2300 accidere.
1695 2232 1831 2300 Sed
1873 2232 2046 2298 vivit
2087 2231 2226 2299 Do-

259 2321 486 2386 minus
531 2321 715 2386 Deus
758 2328 1001 2396 noster,
1046 2320 1163 2403 qui
1206 2319 1395 2385 nobis
1437 2319 1707 2386 calicem
1752 2327 2050 2384 nostrum
2092 2320 2226 2384 iam

259 2406 414 2473 olim
465 2406 889 2488 temperavit,
957 2426 1079 2470 nec
1144 2405 1317 2471 sinet
1379 2416 1555 2472 certe
1612 2427 1731 2471 nos
1789 2425 1991 2489 supra
2047 2404 2225 2470 vires

253 2493 489 2576 premi.
580 2490 766 2557 Haec
820 2511 957 2555 una
1011 2511 1161 2574 spes
1218 2510 1340 2556 nos
1398 2491 1685 2557 sustinet
1738 2501 1832 2568 et,
1891 2500 1969 2556 ut
2010 2509 2222 2573 spero,

252 2578 333 2643 ad
379 2585 757 2644 extremum
802 2596 1009 2659 usque
1052 2576 1419 2642 sustinebit.

427 2662 536 2728 De
578 2663 776 2729 rebus
822 2661 1117 2728 Gallicis.
1197 2661 1534 2728 Ecclesiae
1576 2661 1906 2745 plerisque
1949 2663 2018 2727 in
2064 2662 2222 2730 locis

249 2748 630 2815 felicissime
687 2755 1066 2831 emergunt:
1128 2747 1239 2813 ubi
1293 2759 1517 2813 autem
1573 2758 1734 2814 sunt
1774 2757 2221 2832 repugnantes

249 2835 571 2918 praefecti
619 2833 1019 2900 incredibilis
1076 2843 1181 2899 est
1236 2833 1766 2899 adversariorum
1810 2836 2223 2901 contumacia

249 2922 471 3006 regias
493 2940 724 2986 omnes
767 2919 995 2986 literas
1015 2922 1068 2994 ὅ)
1111 2918 1548 2984 irridentium.
1614 2919 1850 3002 Itaque
1887 2938 2019 2984 non
2048 2941 2225 2986 vana

249 3018 352 3073 est
395 3006 706 3090 suspicio,
749 3005 1048 3074 submitti
1090 3004 1261 3073 clam
1306 3003 1618 3071 mandata
1650 3005 1914 3090 privata
1991 3005 2224 3072 ublieis

248 3094 606 3159 contraria.
691 3092 1010 3176 Lugduni
1030 3095 1083 3163 ⁶)
1126 3092 1409 3159 feliciter
1450 3093 1675 3157 omnia
1717 3102 1788 3157 et
1827 3091 1900 3156 in
2054 3092 2224 3177 lphi-

245 3192 446 3244 natu:
466 3180 527 3256 Ἴ)
566 3176 1230 3259 sedProvinciales⁸)
1276 3177 1572 3243 nondum
1617 3185 1780 3243 sunt
1821 3178 2091 3243 omnino
2116 3176 2224 3243 do-

244 3265 417 3330 miti.
531 3261 734 3347 Apud
797 3263 1168 3346 Aquitanos
1255 3262 1718 3348 gubernatoris
1805 3272 2142 3347 apostatae
2165 3268 2221 3340 ⁹)

241 3351 438 3415 furor
481 3369 564 3415 eo
605 3369 813 3432 nsque
855 3349 1079 3432 erupit
1120 3357 1199 3413 ut
1238 3348 1491 3433 legatos
1535 3370 1576 3413 a
1610 3350 1857 3415 nostris
1893 3350 1962 3413 in
2000 3348 2224 3415 aulam

244 3446 488 3501 eontra
542 3436 760 3517 ipsum
813 3435 1047 3500 missos
1102 3444 1172 3499 et
1236 3456 1387 3500 cum
1431 3434 1701 3517 optimis
1743 3432 2075 3500 mandatis
2118 3456 2221 3501 re-

239 3542 482 3587 versos
519 3540 781 3587 carcere
814 3519 1176 3597 incluserit,
1222 3530 1297 3585 ut
1330 3539 1371 3584 a
1390 3520 1622 3586 scortis
1647 3520 2223 3587 Avenionensibus

239 3607 518 3673 rediens
538 3627 744 3673 unum
777 3627 863 3672 ex
897 3605 1212 3671 fratribus
1246 3604 1494 3671 indicta
1528 3626 1727 3672 causa
1747 3614 1816 3670 et
1848 3616 2080 3672 eontra
2105 3628 2221 3671 ex-

240 3713 554 3777 pressum
577 3698 1111 3775 recuperatorum
1135 3691 1448 3769 edictum,
1471 3692 1583 3774 qui
1605 3691 1784 3774 pacis
1819 3692 2222 3758 constituen-

240 3778 368 3844 dae
429 3798 636 3846 eausa
685 3779 754 3842 in
809 3778 1136 3860 satrapias
1189 3777 1485 3861 singulas
1529 3778 1714 3842 missi
1759 3784 1951 3854 sunt,
1997 3777 2218 3843 virum

237 3866 423 3931 inter
446 3864 616 3930 alios
649 3864 977 3947 insignem
1001 3861 1536 3947 suspendendum
1558 3869 1627 3927 et
1660 3861 2218 3946 strangulandum

237 3957 533 4017 curaret.
605 3947 850 4016 Statim
895 3948 1103 4032 igitur
1144 3950 1444 4031 primarii
1477 3947 1672 4013 multi
1708 3948 2004 4013 omnium
2041 3948 2218 4014 ordi·

237 4058 410 4101 num
474 4035 607 4100 viri
663 4036 733 4100 in
793 4033 1013 4101 aulam
1064 4034 1342 4117 profecti
1388 4042 1561 4100 sunt.
1636 4034 2056 4116 Responsum
2099 4056 2217 4100 ex-

235 4131 586 4205 spectatur
606 4131 675 4185 et
706 4120 974 4186 omnino
1002 4140 1268 4186 necesse
1302 4128 1405 4186 est
1432 4119 1540 4186 vel
1575 4120 1647 4184 in
1679 4119 1869 4184 illum
1902 4120 2216 4187 insanum

231 4216 619 4291 apostatam
663 4204 910 4289 aliquid
955 4207 1173 4283 statui,
1219 4204 1328 4270 vel
1363 4206 1558 4271 novis
1601 4204 1996 4272 tumultibus
2029 4226 2213 4273 occa·

231 4294 506 4360 donem
541 4292 860 4376 praeberi,
902 4292 1213 4375 quoniam
1248 4291 1658 4358 intolerabile
1693 4300 1796 4357 est
1830 4304 1965 4356 tam
2001 4292 2214 4357 mani-

232 4380 491 4445 festum
525 4389 891 4463 tyrannum
914 4388 983 4442 et
1009 4378 1187 4461 regis
1222 4376 1431 4461 ipsius
1466 4385 1982 4460 contemptorem
2018 4377 2210 4444 ferre.

417 4464 504 4530 In
551 4463 705 4530 aula
747 4461 1148 4529 adventante
1176 4461 1514 4529 Cardinali
1553 4482 1781 4529 omnes
1826 4464 1961 4530 fere
2003 4464 2214 4529 nostri

233 4550 524 4617 domum
568 4548 922 4615 redierunt.
989 4548 1110 4614 Bis
1151 4549 1418 4632 scripsit
1437 4547 1847 4617 Admiralius
1887 4570 1971 4616 ne
2012 4550 2215 4616 offen-

457 4721 524 4859 ἐξ
555 4720 910 4872 m
930 4734 1059 4871 x:
1085 4724 1550 4870 mer
1837 4857 1849 4870 ,

461 4858 521 4923 5>
555 4845 690 4913 ιιιιιι
740 4858 812 4913 «ιο
849 4857 1191 4928 paumannos
1236 4855 1321 4911 19.
1363 4857 1537 4911 Mare.
1571 4854 1708 4911 1563
1745 4840 1878 4910 ιιιιιι
1912 4857 1982 4912 (ιο
2018 4858 2214 4913 manr-

423 4927 670 4985 nisa
748 4927 823 4996 .(
961 4925 1313 4988 alaudam).

461 4994 523 5061 6)
562 4996 638 5051 N.
673 4942 1315 5060 ἔθισἭαοωΙ-ΠῘ,
1349 4991 1472 5048 243.
1529 4990 2212 5051 Hmdescbomndn.

225 5083 270 5138 Ρ
461 5129 1438 5199 ηΝ.ιοοι.Ληωια.ι.ι88ω.

461 5202 523 5263 s)
557 5202 822 5259 Lan-tere
875 5200 1026 5256 Hm.
1061 5200 1159 5256 aa
1188 5213 1416 5270 qums
1448 5199 1517 5255 ae
1548 5199 1646 5255 ra.
1677 5198 1722 5254 1.
1759 5198 1858 5254 191
1895 5214 1968 5254 ω.

463 5244 1160 5339 ”medena-auc.
1226 5266 1634 5339 ofinoepouoe
1685 5267 2208 5324 eustanum

225 5343 469 5414 poium
503 5340 639 5395 dont
673 5357 747 5396 ou
780 5340 850 5394 l’a
882 5333 1694 5409 excusemur-lenonium
1725 5334 2211 5406 flammeo.)

229 4931 422 4985 matio

2031 416 2199 482 1564
2239 414 2524 483 mm.

4162 416 4290 482 262

2327 602 2667 682 deremur,
2733 624 2805 671 se
2848 603 3026 670 enim
3074 602 3247 686 quod
3288 603 3518 670 fecerit
3558 604 3822 689 optimis
3864 604 4155 673 consiliis
4194 604 4296 672 fis-

2327 689 2514 756 eisse.
2544 693 2629 770 ¹⁰)
2717 688 2885 755 Mihi
2929 699 3183 767 tamen,
3240 697 3318 755 ιιι
3357 689 3564 757 libere
3607 689 3857 770 dicam,
3901 691 4119 759 aulica
4158 691 4296 759 ista

2327 775 2681 860 prudentia
2699 823 2714 854 ,
2772 773 2945 842 sicut
2985 795 3247 859 semper
3289 775 3653 859 displicuit,
3713 776 3928 843 adhuc
3971 776 4075 843 dis
4117 775 4293 858 lieet,

2328 870 2396 927 et
2439 861 2565 928 hoc
2607 883 2763 930 vere
2807 862 2970 941 scio,
3043 881 3174 926 non
3219 859 3605 927 dissimilem
3647 882 3937 930 errorem
3981 798 4154 930 beffa
4196 864 4295 930 oi·

2325 947 2448 1013 vili
2515 948 2924 1015 occasionem
3006 944 3406 1030 praebuisse.
3517 946 3788 1014 Interea
3850 956 4109 1016 certum
4170 955 4293 1029 est,

2326 1031 2498 1098 nihil
2555 1053 2700 1099 esse
2753 1041 2980 1099 nostro
3037 1032 3152 1098 illo
3209 1040 3279 1098 et
3334 1033 3542 1117 ipsius
3584 1032 3906 1100 tratribus
3947 1034 4291 1135 integrius,

2325 1117 2438 1184 vel
2479 1119 2778 1201 ipsorum
2822 1120 3023 1184 etiam
3068 1118 3355 1184 hostium
3399 1119 3824 1187 confessione.
3916 1118 4295 1188 caramaze

2327 1204 2516 1271 initio
2558 1206 2656 1270 ita
2698 1202 2937 1270 blande
2979 1206 3049 1270 in
3093 1203 3247 1270 aula
3289 1224 3371 1270 ex
3496 1213 3606 1271 tus
3629 1206 3717 1289 ¹¹)
3759 1205 4069 1272 Lutetiae
4101 1206 4293 1291 quin·

2326 1311 2453 1374 que
2519 1299 2636 1356 aut
2696 1311 2819 1358 sex
2881 1289 3112 1357 diebus
3179 1290 3319 1355 fuit.
3474 1291 3617 1356 enit
3656 1291 3727 1356 in
3770 1299 4075 1358 senatum
4090 1343 4107 1370 ,
4173 1289 4291 1358 sed

2327 1376 2637 1460 quoniam
2682 1376 2776 1442 ibi
2810 1375 3086 1442 offendit
3119 1375 3626 1442 Polemarchum
3650 1378 3736 1456 ¹²)
3776 1375 4290 1457 honorantium,

2326 1460 2721 1545 prudentem
2764 1469 2832 1528 et
2874 1461 3079 1545 ipsius
3121 1461 3411 1528 consiliis
3452 1461 3799 1528 inimicum
3823 1512 3839 1540 ‚
3903 1462 4124 1546 palam
4167 1484 4290 1530 nec

2329 1549 2474 1615 sine
2538 1548 2777 1614 rubore
2842 1546 3190 1613 obmutuit.
3292 1547 3459 1613 Inde
3523 1547 3595 1612 in
3660 1548 3883 1613 aulam
3960 1569 4289 1627 reversus,

2327 1653 2497 1716 quae
2542 1643 2686 1699 tum
2721 1632 2996 1699 Lutetia
3038 1632 3240 1702 distat
3281 1631 3627 1716 sesquidiei
3673 1633 3927 1712 itinere,
3972 1633 4290 1719 paulatim

2327 1720 2596 1802 irrepsit
2637 1719 2710 1784 in
2754 1719 2894 1785 eius
2936 1720 3252 1803 gratiam,
3304 1720 3410 1784 cui
3454 1738 3652 1784 nemo
3695 1717 3957 1784 dubitat
3998 1720 4161 1803 quin
4204 1721 4293 1785 sit

2328 1806 2731 1872 carissimus.
2818 1804 3155 1871 Vicesima
3195 1803 3485 1871 secunda
3527 1804 3877 1871 Februarii
3919 1807 3990 1870 in
4032 1806 4293 1888 privato

2328 1889 2502 1973 quod
2547 1899 2788 1958 vocant
2820 1889 3127 1970 oonsilio,
3174 1888 3258 1955 ad
3313 1888 3488 1975 quod
3545 1890 3746 1956 etiam
3802 1892 4059 1958 evocati
4101 1900 4293 1958 erant

2329 1976 2727 2043 Parisiensis
2782 1975 3182 2060 parlamenti
3239 1974 3577 2060 praesides
3634 1983 3704 2042 et
3745 1976 3857 2041 alii
3915 1975 4166 2061 aliquot
4205 1995 4290 2042 ex

2327 2061 2559 2127 eodem
2600 2070 2806 2141 coetu,
2874 2060 3238 2127 orationem
3283 2061 3518 2127 habuit
3558 2081 3678 2145 pro
3720 2061 4090 2128 Tridentini
4134 2083 4290 2129 oon-

2327 2147 2620 2215 ciliabuli
2663 2148 2960 2213 decretis.
3050 2147 3188 2214 Res
3232 2158 3379 2215 acta
3421 2155 3523 2213 est
3583 2167 3832 2232 magna
3873 2148 4291 2220 contentione

2328 2242 2399 2299 et
2444 2232 2840 2304 cancellario
2883 2232 3143 2300 fortiter
3207 2245 3442 2317 agente
3467 2231 3552 2317 ¹⁸)
3601 2230 3979 2300 Gardinalis
4019 2253 4097 2299 eo
4140 2254 4290 2299 eru-

2325 2319 2425 2403 pit
2471 2328 2549 2385 ut
2605 2316 2879 2394 diceret.
2936 2339 3087 2385 eum
3139 2339 3180 2384 o
3263 2326 3440 2385 rtere
3483 2316 3751 2384 tandem
3796 2318 4053 2386 larvam
4096 2318 4292 2404 depo-

2325 2426 2503 2470 nere.
2571 2403 2941 2489 Respondit
2983 2339 3438 2482 Oancefflzn'us,
3484 2425 3557 2470 se
3601 2405 3731 2469 Dei
3773 2404 3990 2490 gratia
4030 2405 4099 2470 in

2326 2509 2591 2574 semper
2633 2511 2752 2557 suo
2796 2509 3074 2556 munere
3116 2491 3451 2555 functum:
3510 2489 3768 2556 videret
3808 2491 3949 2574 ipse
3993 2491 4140 2573 quis

2326 2577 2541 2641 nuarii
2586 2575 2874 2642 edictum
2934 2573 3109 2659 apud
3152 2576 3505 2642 Vasseium
3558 2574 3869 2642 violasset
3882 2627 3898 2654 ,
3962 2575 4137 2642 unde
4195 2583 4293 2650 tot

2500 2794 2594 2864 10)
2626 2796 2924 2851 L’admiral
2970 2813 3031 2850 se
3077 2798 3249 2851 retira
3294 2813 3362 2851 en
3410 2812 3475 2851 sa
3509 2798 3717 2852 maison
3754 2795 4086 2864 (Chamon)
4121 2801 4290 2851 avant

2325 2864 2381 2919 la
2427 2881 2603 2920 venue
2647 2866 2721 2919 du
2757 2866 3012 2920 cardinal
3059 2866 3130 2920 de
3166 2865 3475 2933 Lorrayne,
3523 2872 3582 2920 et
3608 2865 3920 2920 d’Andelot
3953 2873 4041 2920 est
4071 2864 4109 2921 a
4140 2865 4289 2920 Meta

2327 2940 2387 2988 et
2440 2947 2549 2988 aux
2602 2933 2894 2989 frontieres
2947 2934 3018 2988 de
3071 2950 3133 2988 ee
3186 2941 3374 2990 eouste
3426 2934 3495 2988 la.
3582 2933 3642 2988 Ie
3693 2951 3829 2988 vous
3880 2934 4042 2989 laisse
4160 2950 4289 2989 nser

2327 3003 2803 3128 mediat.-
2825 3073 2852 3140 ‚
2875 3002 3115 3143 aas
3136 3002 3465 3128 *m
3502 3001 3833 3129 em
3956 3040 3973 3067 ‚
4022 3001 4295 3139 ..w

2331 3139 2649 3209 Guillemin,
2684 3142 2734 3197 le
2771 3140 2939 3196 Oard.
2974 3140 3042 3196 de
3228 3181 3242 3194 .
3282 3140 3351 3195 P.
3384 3138 3538 3196 184⁷.
3613 3181 3625 3195 .
3660 3139 3764 3195 889
3797 3156 3872 3196 ss.

2500 3209 2593 3275 11)
2633 3208 2887 3280 Lanquet
2919 3208 2973 3264 d.
3018 3209 3075 3265 d.
3111 3211 3163 3265 3.
3200 3209 3363 3266 Febr.
3397 3226 3455 3280 p.
3611 3232 3630 3262 .-
3698 3209 4002 3265 Cardinalis
4062 3209 4287 3264 tandem

2325 3275 2410 3330 29.
2458 3278 2575 3332 Ian.
2624 3279 2778 3333 venit
2821 3280 2878 3333 in
2924 3279 3105 3333 aulam
3152 3294 3294 3349 quae
3335 3279 3531 3333 aberat
3574 3279 3632 3332 in
3676 3279 3939 3333 coenobio
3982 3278 4041 3331 S.
4090 3278 4290 3335 Mauri.

2324 3346 2610 3416 Exceptus
2658 3355 2746 3401 est
2790 3347 3100 3403 humaniter
3143 3365 3176 3402 a
3216 3348 3370 3470 330
3417 3352 3477 3402 et
3518 3346 3731 3417 Regina
3774 3347 3871 3401 sed
3925 3363 4048 3401 cum
4104 3347 4287 3401 nrinus

2323 3416 2618 3470 ambitiosa
2682 3414 3095 3473 benevolentiae
3148 3416 3287 3486 sign‘
3330 3416 3546 3471 catione
3616 3432 3779 3486 quam
3832 3416 4285 3471 existimaremus.

2322 3484 2444 3538 Rex
2462 3484 2729 3554 postridie
2790 3485 3031 3540 retectus
3065 3490 3151 3539 est
3187 3485 3244 3538 in
3279 3501 3459 3538 arcem
3478 3483 3925 3539 Fontainebleau.
3980 3482 4286 3539 cardinalis

2323 3561 2505 3607 autem
2554 3555 2707 3607 venit
2791 3570 2885 3621 uc,
2945 3554 3038 3608 nbi
3081 3554 3189 3608 iam
3236 3569 3337 3623 per
3379 3553 3590 3622 aliquot
3635 3552 3751 3607 dies
3795 3551 4023 3608 deorum
4077 3553 4286 3623 templa

2319 3621 2519 3690 fatigat
2564 3626 2624 3674 et
2665 3622 2743 3676 ait
2782 3638 2843 3676 se
2888 3622 3109 3692 quidem
3154 3637 3504 3676 reversurum
3538 3621 3610 3675 ad
3642 3621 3883 3691 Regem,
3934 3621 4035 3675 sed
4066 3626 4284 3677 tantum

2323 3697 2386 3743 ut
2419 3690 2471 3743 ei
2506 3688 2781 3745 valedicat
2815 3697 2874 3745 et
2907 3707 2969 3745 se
3002 3690 3243 3745 Bbemos
3290 3691 3535 3760 recipiat.
3584 3715 3650 3729 -
3687 3689 3905 3745 San-o·
3949 3689 4028 3745 du
4059 3688 4131 3744 24
4164 3690 4201 3746 1.
4234 3706 4282 3747 ο.

2364 3798 2377 3811 .
2418 3758 2552 3813 190.-
2584 3759 2663 3813 Le
2699 3759 2956 3815 cardinal
2992 3764 3079 3814 est
3112 3761 3516 3829 presentement
3547 3775 3615 3812 en
3637 3765 3809 3814 court.
3861 3759 3913 3812 A
3932 3774 4032 3813 son
4066 3759 4284 3815 arrive'e

2318 3774 2425 3881 fon
2463 3828 2518 3881 le
2555 3826 2652 3882 seit
2688 3827 2948 3882 actendre
2985 3828 3213 3883 environ
3249 3825 3285 3881 2
3318 3828 3517 3882 heures
3538 3832 3707 3881 avant
3723 3843 3830 3908 que
3848 3828 4082 3896 pouvoir
4098 3828 4283 3897 parler

2319 3913 2389 3975 au
2425 3896 2549 3967 Roy
2587 3902 2646 3950 et
2679 3896 2712 3950 a
2746 3897 2800 3950 la
2833 3897 3039 3977 Boyne,
3077 3896 3319 3966 lesquelz
3353 3897 3466 3951 l’on
3500 3897 3651 3950 avoit
3682 3895 3813 3950 sanet
3846 3911 4138 3964 permener
4160 3902 4285 3951 tout

2317 3983 2353 4018 a
2385 3981 2449 4019 ee
2483 3981 2586 4034 pro
2661 3984 2708 4018 s.
2779 3964 2828 4019 n
2861 3966 2963 4019 seit
2997 3981 3103 4020 une
3137 3966 3251 4020 sort
3282 3966 3427 4020 belle
3471 3964 3749 4034 barengne
3790 3965 3827 4019 a
3869 3964 3925 4019 la
3958 3964 4149 4037 Boyne
4182 3982 4280 4019 sur

2317 4033 3343 4089 lestroubesetafl'airesdeeeRo
3525 4033 4277 4089 eetmlnmortdou.

2932 4103 3044 4156 rler
3162 4120 3229 4157 ur
3274 4119 3336 4157 ee
3378 4119 3410 4157 e
3443 4103 3548 4157 sois
3581 4101 3680 4156 des
3714 4101 3928 4157 affaires
3962 4102 4035 4156 du
4070 4103 4277 4157 concile

2859 4178 3094 4240 ‘'mm‘’
3135 4169 3832 4295 ¹⁶⁸“J‘1’2251203133v3-03t
3846 4168 4274 4310 ¹5?ss³}ssthss

2316 4102 2386 4156 de
2422 4102 2634 4172 Guyse,
2686 4119 2813 4156 sans

2318 4170 2446 4241 qu'il
2484 4172 2709 4226 remeist
2743 4172 2777 4224 a

2316 4238 2496 4309 apres,
2548 4246 2606 4293 et
2658 4246 2839 4293 estant
2873 4238 2930 4295 la
2961 4240 3015 4293 le
3049 4239 3249 4294 Oardin

2314 4314 2444 4379 port
2478 4308 2665 4436 {g'ste
2678 4309 2695 4362 l
2801 4309 2933 4363 tion.

2314 4445 2704 4596 multuffi)spei
2738 4530 2795 4569 ιιι
2830 4443 3610 4594 ιοέωᾶοξιᾱῌῖξξιιξήξὲιθί
3624 4442 4275 4594 egoluttallfiizlsle'dbffimgt

2313 4589 2578 4705 phxceptus
2610 4599 2670 4636 ιιι
2708 4583 2832 4636 aula
2864 4599 2985 4664 cum
3020 4598 3121 4636 suo
3156 4580 3481 4662 Tridentino
3514 4581 3741 4635 oonmho
3749 4584 4061 4703 gapenum
4080 4586 4270 4703 ιἲοιιιιιι

2311 4667 2534 4774 ἒιοὲἱῗ
2559 4651 3439 4800 ιῖἓῗωῗέῗέἒέζῃὲἲωωῗῖ
3467 4664 3533 4771 :2
3565 4664 3848 4773 38332020
3883 4664 4109 4787 ,tm
4122 4668 4272 4775 ‘53:¹3

2311 4790 2460 4844 vicia
2507 4795 2846 4871 erumperet,
2889 4788 3035 4858 qnod
3074 4787 3448 4858 indignissime
3482 4786 3730 4840 tulerunt
3761 4802 3950 4840 omnes
3983 4802 4269 4856 proceres:

2311 4873 2415 4912 nec
2447 4864 2632 4911 tamen
2668 4856 2725 4911 id
2761 4858 2983 4927 impune
3016 4856 3162 4910 tulit.
3234 4856 3376 4910 Nam
3409 4855 3775 4912 cancellarius
3808 4855 4109 4925 respondit,
4144 4873 4269 4911 eum

2311 4926 2454 4981 velle
2489 4926 2749 4995 practicis
2780 4925 3044 4996 perficere
3061 4924 3209 4995 quod
3244 4924 3412 4979 armi·
3445 4940 3557 4978 non
3590 4928 3860 4994 potuerat.
3909 4923 4271 4981 Oonnestabi·

2311 4994 2380 5048 lis
2413 4993 2573 5062 dixit,
2609 5010 2670 5049 se
2704 5010 2813 5049 non
2847 4995 3130 5064 disputare
3164 4993 3234 5048 de
3267 4992 3534 5061 doctrina,
3570 4992 3668 5046 sed
3702 4993 3846 5047 velle
3877 4994 4269 5063 tranquillitati

2309 5064 2469 5133 regui
2503 5063 2805 5127 consulere,
2839 5068 2899 5118 et
2930 5063 3091 5117 valde
3124 5062 3316 5116 mirari
3348 5062 3525 5133 ipsum
3561 5077 3725 5131 agere
3757 5078 3975 5116 eausam
3992 5062 4267 5131 pontificis

2309 5133 2521 5187 romani
2555 5133 2820 5187 adversus
2853 5148 3057 5203 regem,
3092 5132 3245 5185 ouius
3278 5130 3542 5185 beneflcio
3559 5136 3618 5185 et
3639 5130 3973 5185 liberalitate
3988 5130 4268 5201 possideat

2308 5214 2492 5282 annua
2524 5202 2757 5325 tgngints
2787 5208 2885 5284 ant
2915 5200 3282 5326 auadnginta
3304 5200 3487 5283 millia
3518 5200 3844 5282 meorum.
3896 5197 4269 5327 &Demeznoedt

3743 5418 3863 5478 17·
