4900 6125
388 402 498 465 3⁷3

381 610 556 756 3²:¹5.
570 585 920 687 ..mgna
938 585 1334 737 ·““εὲἔίἓέιῖ“’
1380 589 1610 734 ‘’2¹:⁶ss
1633 583 2317 753 qffiffiffi'ffiffi

621 695 705 740 ex
759 694 990 740 vicinis
1283 692 1363 737 us

379 760 681 842 experior.
747 758 809 824 Ν
810 779 920 824 am
962 778 1068 823 me
1109 758 1243 822 mei
1285 691 1956 839 laborisagpsoeniteret
2003 754 2131 822 nisi
2215 755 2316 821 ui-

379 845 516 911 dam
559 843 712 910 boni
760 844 883 909 viri
926 841 1434 921 consolarentur,
1494 840 1608 926 qui
1651 840 1775 906 sibi
1818 842 2059 907 mirum
2106 840 2174 905 vi
2220 842 2318 907 eri

379 931 606 1011 dicunt,
671 951 779 995 me
823 952 906 996 ex
954 938 1087 994 tam
1133 928 1484 994 durissima
1507 947 1695 1010 rupe
1739 935 1835 994 tot
1878 925 2127 1011 lapides
2168 935 2316 992 tan-

376 1015 503 1083 tulo
544 1019 755 1100 spatio
797 1035 1026 1082 eruere
1123 1013 1387 1081 otuisse.

533 1102 667 1169 Sed
714 1102 796 1168 de
852 1101 959 1167 his
1017 1121 1089 1165 re
1134 1121 1214 1166 us
1260 1100 1454 1184 plura
1495 1119 1625 1164 non
1673 1097 1929 1178 addam,
1996 1119 2199 1183 quum
2231 1120 2315 1165 ex

372 1197 584 1255 nostro
644 1186 1037 1255 Nonnandio
1100 1186 1360 1271 plenius
1424 1185 1645 1250 omnia
1697 1185 1789 1251 sis
1841 1183 2312 1252 intellecturus.

372 1275 647 1341 'l'antum
689 1273 993 1359 precibus
1033 1273 1275 1339 vestris
1316 1270 1623 1339 ecclesias
1663 1280 1923 1338 nostras
1979 1289 2314 1336 commen-

372 1359 548 1428 datas
603 1381 747 1428 esse
798 1359 1118 1443 cupimus,
1181 1377 1384 1443 quum
1439 1364 1544 1423 tot
1595 1356 1774 1423 mala
1830 1356 2021 1422 nobis
2063 1357 2314 1439 impen-

370 1445 573 1526 deant,
638 1445 770 1513 nisi
828 1443 1156 1511 Dominus
1207 1443 1736 1510 adversariorum
1789 1442 2075 1509 furorem
2133 1462 2310 1509 com·

367 1533 699 1617 poscuerit.
790 1531 978 1609 Vale,
1046 1531 1294 1616 optime
1336 1541 1542 1614 pater.
1633 1526 1952 1595 Dominus
1995 1542 2063 1594 te
2104 1528 2310 1595 eccle·

365 1619 520 1685 siam
564 1640 649 1686 ue
706 1618 1212 1685 Gebennensem
1278 1616 1455 1681 omni
1521 1635 1765 1699 genere
1840 1613 2311 1681 benedictionis

363 1638 718 1791 locupletet.
781 1704 1057 1770 Fratres
1091 1711 1353 1770 nostros
1385 1700 1843 1768 ornatissimos
1875 1699 2076 1766 etiam
2115 1708 2310 1784 atque

360 1791 549 1944 betham
593 1791 956 1875 plurimum
999 1788 1232 1855 saluto.
1301 1788 1407 1853 Ex
1441 1786 1676 1852 Monte
1707 1787 1867 1871 Argi
1910 1784 1993 1851 ad
2037 1785 2309 1853 tertium

475 1927 491 1944 .
527 1876 800 1962 Aprilis.

1220 2012 1349 2077 'I'ui
1393 2009 2006 2077 observantissimus
2047 2007 2222 2076 filius

1287 2096 1685 2164 Franciscus
1728 2094 2155 2162 Motellanus.

1238 2642 1436 2712 37⁶2.

703 2796 1271 2868 BLAURERUS
1315 2796 1954 2865 BULLINGERO.

519 2972 834 3054 Affirmat
883 2992 952 3038 se
1002 2970 1252 3037 nihile
1297 2959 2087 3052 Calvino'noviaooepisse
2137 2970 2306 3052 quod

356 3053 2305 3161 nonjamflmeaexBeaeaeliteriecoynitacumillocom-

355 3318 461 3379 (Fax
505 3316 851 3388 autographo
886 3316 1054 3370 Arch.
1092 3315 1270 3369 Turio.
1305 3314 1453 3368 Plut.
1492 3313 1588 3367 VI.
1625 3313 1742 3367 Vol.
1792 3311 1909 3379 163,
1958 3313 2090 3368 olim
2135 3312 2307 3369 Scrin.

573 3387 638 3441 B.
675 3386 816 3456 Epp.
852 3385 1006 3442 Tem.
1041 3382 1123 3438 28.
1161 3383 1256 3439 fol.
1288 3380 1405 3438 616.
1443 3412 1509 3421 ——
1550 3382 1750 3436 Simler
1786 3382 1905 3436 Vol.
1944 3382 2090 3450 104.)

517 3556 904 3625 Clarissimo
948 3555 1093 3621 viro
1139 3553 1222 3620 D.
1270 3554 1586 3620 Heinrico
1611 3554 1997 3639 Bullingero
2043 3553 2308 3621 domino

354 3659 416 3708 et
459 3645 646 3709 fratri
705 3663 824 3710 suo
867 3655 934 3708 et
986 3639 1445 3707 colendissimo
1511 3648 1578 3705 et
1621 3640 1917 3705 omnium
1964 3639 2156 3725 longe
2199 3662 2307 3706 ca·

354 3731 627 3796 rissimo.

1882 3811 2129 3895 Tiguri.

351 4109 424 4117 —
486 4073 684 4155 Quod
751 4070 1109 4154 suspicaris
1168 4069 1486 4146 nonnihil,
1552 4071 1639 4133 mi
1700 4068 1938 4145 anime,
2003 4069 2074 4133 in
2128 4090 2304 4134 com-

351 4158 764 4227 municandis
806 4177 972 4240 quae
1031 4156 1277 4238 accipio
1319 4156 1508 4221 novis
1549 4154 1748 4220 rebus
1788 4174 1893 4219 me
1938 4174 2073 4218 non
2118 4155 2304 4237 paria

351 4260 563 4311 tecum
609 4243 846 4323 facere,
907 4263 1026 4308 nec
1071 4262 1107 4305 e
1191 4261 1230 4305 a
1274 4249 1341 4306 te
1404 4261 1483 4306 ea
1526 4263 1630 4305 me
1673 4239 1986 4306 facilitate
2031 4241 2132 4305 uti
2172 4262 2302 4325 qua

351 4336 418 4395 tu
462 4353 621 4416 erga
668 4350 792 4407 mo,
838 4348 973 4393 non
1018 4348 1126 4393 cre
1172 4346 1265 4402 as,
1312 4346 1510 4410 quam
1551 4326 1778 4391 istuc*
1822 4346 1928 4391 me
1969 4325 2298 4405 afflixerit,

349 4438 542 4501 quum
589 4413 760 4481 nihil
816 4432 1102 4496 unquam
1169 4410 1496 4478 ullicunde
1538 4432 1577 4475 a
1620 4431 1944 4495 quoquam
1990 4411 2301 4494 accipiam

350 4504 528 4569 cuius
550 4524 686 4568 non
732 4523 768 4565 e
792 4498 1069 4583 vestigio
1115 4508 1180 4563 te
1225 4498 1478 4581 cupiam
1518 4498 1730 4563 facere
1765 4498 2126 4563 certiorem.
2193 4497 2299 4563 De

353 4586 602 4653 Caluini
646 4606 804 4651 vero
847 4583 1075 4663 literis,
1155 4582 1329 4649 unde
1372 4584 1537 4651 haec
1578 4581 1808 4648 oborta
1853 4582 1971 4648 tibi
2016 4583 2300 4668 suspicio

349 4686 461 4752 est,
505 4674 602 4739 sic
660 4671 876 4738 habet.
967 4668 1248 4753 Scripsit
1288 4667 1372 4735 ad
1417 4690 1523 4735 me
1569 4667 1710 4735 Oal.
1739 4669 1971 4735 Martii
2011 4668 2236 4737 literas
2246 4669 2298 4755 ¹)

349 4782 506 4843 quas
570 4778 695 4841 ego
750 4755 1068 4840 Sangallo
1131 4777 1282 4821 cum
1345 4755 1571 4821 Lineri
1641 4754 1854 4820 nostri
1919 4754 2126 4822 literis
2193 4759 2297 4822 27.

350 4844 570 4911 Martii
628 4844 865 4927 accepi,
930 4844 1000 4907 in
1059 4841 1294 4924 quibus
1351 4841 1516 4906 nihil
1561 4862 1793 4923 prosus
1850 4840 2061 4907 inerat
2126 4842 2297 4924 quod

350 4951 466 5015 ego
530 4952 667 4996 non
734 4929 860 4993 iam
930 4939 1126 4992 antea
1190 4947 1270 4992 ex
1318 4926 1531 4993 Betae
1595 4929 1805 4993 nostri
1872 4926 1954 4992 ad
2021 4940 2089 4992 te
2146 4927 2301 4994 data

348 5016 634 5099 epistola,
709 5035 784 5079 ac
829 5011 1064 5078 deinde
1108 5011 1269 5077 mihi
1314 5033 1573 5097 quoquc
1617 5011 1731 5079 abs
1776 5024 1840 5079 te
1887 5016 2102 5091 missa,
2147 5035 2298 5099 cog-

349 5104 691 5169 novissem.
779 5098 1113 5181 Quorsum
1159 5099 1365 5183 igitur
1408 5100 1540 5165 iam
1587 5098 1708 5164 tibi
1752 5110 1982 5165 vetera
2022 5120 2139 5183 pro
2182 5122 2296 5167 no-

348 5323 524 5379 870².
547 5326 606 5390 1)
644 5322 970 5392 deperditas.

2139 395 2302 459 1562
2345 395 2630 463 MART.

2346 5133 2568 5188 ‚quun
2618 5118 2731 5172 iam
2775 5121 2944 5171 antea
2992 5132 3049 5172 sc
3099 5116 3214 5172 εον·

4250 400 4375 463 374

2420 584 2524 651 vis
2565 585 3032 653 nunciassem?
3090 583 3225 652 Sed
3267 584 3494 653 Linon*
3535 585 3910 672 epistolium
3951 587 4166 668 mitto,
4200 585 4378 656 unde

2417 669 2618 753 plane
2662 671 2990 757 intelliges
3032 670 3244 738 nihilo
3286 693 3391 738 me
3434 674 3891 757 tempestivius
3939 670 4195 749 Gabini
4226 673 4379 741 lite-

2417 778 2527 823 ras
2593 758 2935 842 accepisse.
3033 756 3291 824 Danum
3352 758 3509 825 lassi
3561 779 3804 826 Μανῆ
3860 758 4043 828 bosen

2457 843 4077 927 symmirfallensoirsechtdaseuchdes
4288 846 4375 912 ‘i

2411 863 2711 1011 grieffin
2751 929 2891 995 dem
2933 930 4040 1016 erderminenchenktfiinfftay
4080 930 4157 1000 eh
4197 932 4374 999 donn

2413 1015 2546 1080 mir
2586 1015 2690 1081 die
2742 1017 2953 1083 minen
3009 1015 3367 1083 nckommen
3409 1017 3573 1083 sind.
3684 1014 3884 1083 Certo
3929 1037 4085 1086 vero
4128 1019 4374 1085 certius

2415 1100 2535 1166 tibi
2603 1101 2995 1184 persuadeas
3047 1100 3266 1183 velim,
3332 1102 3499 1168 nihil
3554 1125 3663 1169 me
3717 1101 4035 1170 hactenus
4091 1104 4173 1170 ab
4240 1104 4374 1171 ullo

2413 1186 2792 1252 mortalium
2838 1207 3159 1254 novarum
3205 1208 3427 1254 rerum
3473 1188 3799 1273 accepisse
3843 1188 4018 1273 quod
4054 1210 4191 1256 non
4214 1210 4372 1258 mox

2414 1280 2481 1337 te
2535 1293 2794 1357 quoque
2848 1274 3089 1340 rescire
3146 1273 3301 1341 totis
3354 1274 3592 1341 animis
3651 1275 3847 1341 etiam
3912 1283 4107 1360 atque
4171 1276 4373 1342 etiam

2412 1358 2713 1441 optarim,
2781 1380 2901 1426 nec
2954 1379 3149 1443 porro
3193 1360 3393 1427 etiam
3633 1367 3860 1427 turum
3906 1397 3986 1407 ——
4034 1398 4117 1409 -
4162 1398 4248 1410 —
4288 1400 4371 1411 —-

2438 1531 2494 1595 is
2583 1536 2620 1594 5
2711 1582 2725 1596 .

3645 1670 3721 1736 Τ.
3769 1670 4053 1737 Ambros
4088 1669 4192 1736 Bl.

3226 1962 3595 1970 -—-—-——-—--—

3289 2213 3488 2286 8768.

2507 2350 2873 2419 PANcUs
2903 2356 2951 2426 ¹)
2994 2349 3483 2418 MINIS'I'RIS
3530 2353 4275 2422 GENEVENSIBUS.

2526 2522 2979 2675 vgmmendat
3041 2523 3132 2589 iis
3195 2543 3470 2589 sororem
3526 2544 3715 2591 suam
3769 2526 3944 2609 falsa
4009 2528 4366 2607 minione

2403 2630 2524 2696 yra
2672 2631 2752 2675 m.

2672 2781 2783 2846 (Ex
2820 2779 3158 2850 autographo
3193 2781 3321 2836 cod.
3358 2779 3695 2836 Genevensis
3730 2781 3849 2847 110,
3886 2784 3977 2837 sol.
4013 2781 4125 2848 88.)

2952 2955 3012 3018 Δ
3056 2971 3200 3017 mes
3240 2952 3407 3017 bons
3451 2952 3830 3037 seigneurs.

2412 3122 2878 3223 ornatissimis
2938 3124 3102 3223 viris
3161 3124 3272 3222 D..
3293 3125 3384 3190 Io.
3417 3123 3717 3226 ‚Calvino
3774 3127 4042 3209 eiusque
4105 3128 4375 3230 collegis

2412 3210 2727 3277 ecclesiae
2784 3220 2851 3274 et
2904 3207 3090 3274 verbi
3148 3209 3280 3274 Dei
3342 3223 3666 3277 ministris
3705 3210 3784 3278 F.
3830 3212 4095 3280 Pancus
4137 3214 4374 3282 Pome-

2729 3315 2931 3361 sonus
2975 3295 3259 3378 gratiam
3303 3306 3373 3360 et
3414 3315 3642 3379 pacem
3688 3297 4057 3380 plurimam.

2584 3466 2812 3550 Nuper
2869 3466 2953 3532 ad
3013 3489 3127 3534 vos
3183 3466 3508 3533 scribendi
3566 3476 4034 3552 argumentum
4099 3470 4372 3538 dederat

2409 3573 2727 3638 germana
2782 3572 2987 3629 soror,
3044 3554 3115 3617 in
3172 3557 3359 3618 cuius
3416 3553 3697 3636 gratiam
3756 3574 3987 3620 verum
4044 3575 4120 3623 ac
4178 3556 4372 3624 fidele

2407 3638 2714 3722 perhibui
2792 3638 2872 3703 ad
2943 3658 3062 3705 vos
3135 3639 3603 3717 testimonium,
3690 3641 3819 3705 viri
3886 3640 4370 3717 humanissimi.

2407 3723 2580 3807 quod
2605 3725 2819 3789 virum
2864 3746 3016 3789 eum
3059 3723 3326 3790 admisit
3361 3736 3430 3789 et
3472 3725 3783 3810 cognovit
3827 3727 3932 3792 cui
3967 3728 4260 3812 legitimo
4304 3742 4374 3796 et

2407 3810 2664 3875 liberali
2706 3811 3007 3894 coniugio
3051 3819 3225 3875 esset
3266 3809 3574 3877 devincta
3614 3812 4040 3895 copulataque
4083 3824 4150 3878 et
4185 3816 4266 3881 ab
4289 3836 4369 3882 eo

2405 3896 2657 3979 prolem
2718 3897 3025 3980 suscepit.
3117 3895 3435 3962 Eiusdem
3495 3902 3873 3981 argumenti
3915 3920 4044 3964 non
4090 3902 4368 3969 verebor

2407 3982 2581 4048 hanc
2624 4002 2884 4065 quoque
2928 3981 3269 4064 epistolam
3317 3981 3399 4047 ad
3447 4003 3566 4048 vos
3610 3983 3887 4061 mittere,
3933 3985 4194 4068 quando
4229 3998 4368 4053 tam

2405 4068 2576 4133 fidus
2620 4069 2907 4133 occurrit
2950 4069 3246 4134 nuncius.
3317 4066 3397 4132 Id
3443 4080 3521 4133 ut
3561 4068 3798 4134 faciam
3845 4082 4037 4154 urget
4071 4072 4364 4139 eiusdem

2404 4155 2781 4219 carissimae
2838 4154 3080 4219 sororis
3137 4163 3399 4219 nostrae
3445 4152 3628 4218 dolor
3670 4166 3738 4219 et
3779 4156 4097 4234 molestia,
4162 4179 4362 4241 quam

2402 4238 2632 4304 multis
2699 4239 2917 4305 verbis
2983 4248 3050 4306 et
3113 4239 3505 4306 clamoribus
3570 4258 3703 4305 non
3767 4241 4040 4307 obscure
4098 4243 4360 4310 indicat.

2404 4322 2958 4409 Quandoquidem
3022 4327 3309 4391 maxime
3365 4326 3491 4390 sibi
3535 4327 3726 4391 timet
3770 4348 3854 4392 ne
3898 4349 3939 4393 a
3982 4337 4201 4394 vestro
4243 4331 4359 4396 eii-

2397 4412 2611 4478 ciatur
2679 4411 3028 4487 consortio,
3095 4418 3446 4496 propterea
3505 4410 3681 4495 quod
3748 4412 3833 4478 ad
3896 4434 4017 4479 vos
4077 4415 4357 4498 gravida

2403 4498 2664 4562 venerit
2708 4499 2955 4580 absque
3013 4499 3269 4569 marito.
3338 4517 3553 4579 neque
3598 4498 4117 4580 desponsationis
4160 4501 4358 4567 fidem

2684 4672 2775 4679 —

2396 4769 2581 4827 8768.
2608 4773 2663 4838 1)
2700 4771 2916 4826 Nomen
2947 4771 3055 4840 leui
3082 4772 3503 4841 pounPoucns,
3539 4777 3591 4829 et
3623 4771 3729 4827 huc
3759 4788 3792 4826 r
3846 4771 4107 4827 erendum
4140 4773 4357 4831 videm

2398 4840 2548 4912 quod
2580 4840 2735 4895 habet
2778 4840 2921 4895 Hier.
2957 4840 3078 4896 eccl.
3114 4842 3160 4895 1.
3189 4839 3320 4894 765.-
3360 4840 3567 4896 stunc.
3604 4841 3671 4895 de
3703 4840 3762 4896 la
3834 4857 3970 4910 unae
4003 4840 4356 4900 adnexos-eo

2399 4913 2452 4964 et
2485 4923 2625 4977 spec.
2646 4908 3003 4963 Iuliodunam
3036 4908 3334 4993 (Lmdun)
3364 4911 3564 4965 miuus
3596 4916 3678 4965 est
3710 4926 3777 4964 m.
3808 4909 3950 4978 Sept.
3978 4907 4131 4964 1561.
4184 4911 4354 4970 Hm

2399 4982 2543 5033 enim
2592 4984 2838 5034 autorem
2888 4979 3054 5033 huius
3108 4995 3187 5047 ep.
3226 4977 3402 5045 tuente
3452 4978 3739 5035 crodium.
3818 4977 3977 5047 Quod
4019 4978 4098 5034 ad
4137 4981 4355 5038 maleo

2397 5047 2595 5103 atti-od
2642 5064 2757 5103 can
2798 5047 3005 5116 primis
3046 5049 3162 5115 fore
3206 5048 3481 5103 muethus
3513 5064 3567 5103 a.
3610 5046 3741 5103 1562
3785 5048 4048 5117 scriptam
4088 5055 4353 5117 putam

3189 5118 3388 5186 »paim
3437 5116 3588 5173 dicct
3664 5123 3717 5172 et
3760 5131 3953 5173 versus
3993 5116 4158 5185 fiam
4192 5118 4357 5177 Iunii

2400 5184 2517 5242 voti
2559 5186 2654 5241 sui
2684 5190 2977 5254 compotem
3009 5187 3219 5251 {adun
3252 5185 3507 5252 affirmet.
3555 5257 3563 5265 ·
3589 5157 3791 5267 θυμω
3823 5185 3961 5267 αῖξὺί
3991 5184 4245 5267 distincte
4276 5186 4348 5245 le-

2972 5255 3435 5380 '.·..·⁶2..‘{¹‘'1’6.‘“2'22‘5
3465 5254 3861 5381 Ξῗῗιζέξῶῗ.
3874 5253 4127 5379 '‘Qu“
4159 5273 4227 5313 “⁶
4264 5257 4353 5313 ‘³¹⁶

3823 5407 3892 5461 24
3908 5408 3934 5435 ·

2396 5255 2553 5325 fitur
2576 5254 2806 5323 Pancns,
2840 5271 2880 5309 n

2399 5324 2501 5394 qui
2532 5322 2921 5378 Porrussonins
