4900 6125
592 390 673 455 ⁷0
2103 382 2630 454 EPISTOLAB
2673 384 3100 450 3587—3590
4511 387 4591 452 80

590 593 875 641 summes
939 570 1087 656 plus
1153 575 1391 639 stenus
1454 591 1581 655 que
1658 592 1699 637 a
1774 593 1942 639 nous
2000 592 2271 657 propres
2348 593 2539 658 peres

588 658 887 725 nsturelz
920 655 1262 741 snlxquelz
1298 677 1420 741 pst
1453 656 1518 723 le
1551 656 2055 725 comandement
2089 658 2178 725 du
2207 658 2541 744 Seigneur

586 745 766 812 Βίου
802 742 1089 810 debvous
1125 742 1378 809 honour
1411 751 1481 809 et
1512 744 1922 829 obyssansse,
1969 745 2135 811 mais
2168 764 2332 811 vous
2365 752 2540 812 estes

802 827 882 895 de
925 836 1074 895 tous
1130 828 1226 894 les
1280 837 1614 915 crestyens
1666 851 1914 915 organe
1971 836 2039 895 et
2095 830 2398 897 ministre
2456 830 2540 897 de

586 851 746 983 m
814 914 1049 979 vivant
1132 934 1251 997 par
1328 913 1396 979 la
1473 914 1805 982 Influxion
1889 913 1976 981 du
2055 916 2263 982 sainct
2334 917 2540 999 sperit

589 1008 657 1067 et
719 1020 841 1084 par
903 1006 1161 1066 vostres
1225 998 1490 1066 lsbeurs
1555 1008 1622 1065 et
1693 1010 2047 1068 noteurnes
2092 1000 2538 1069 lucubratione

587 1105 746 1152 aves
810 1104 1126 1170 regenero
1168 1105 1288 1150 nos
1353 1086 1561 1170 speris
1603 1085 1936 1153 ensamble
1975 1107 2140 1152 nous
2183 1109 2339 1154 aves
2376 1087 2536 1153 tires

589 1170 671 1237 de
713 1170 782 1237 la
834 1170 1162 1238 mandicte
1204 1179 1271 1238 et
1315 1170 1663 1238 damnsble
1706 1171 2080 1257 Idolstryee
2123 1180 2191 1239 et
2246 1173 2537 1260 superis·

584 1256 783 1324 tition
837 1255 1071 1341 papale
1113 1277 1198 1322 en
1241 1256 1521 1341 laquelle
1564 1278 1729 1324 nous
1772 1267 1839 1324 et
1881 1280 2049 1325 nous
2092 1278 2282 1342 peres
2327 1279 2536 1325 avons

584 1341 745 1428 long
796 1349 1007 1426 temps
1060 1342 1370 1409 demeare
1427 1349 1491 1408 et
1547 1364 1669 1426 par
1722 1342 1792 1410 la
1893 1365 2040 1411 racc
2097 1344 2183 1410 du
2228 1344 2537 1429 seigneur

588 1426 739 1494 dieu
795 1447 959 1494 vous
1017 1448 1184 1494 nous
1227 1449 1386 1495 aves
1430 1428 1724 1515 conduys
1768 1450 1809 1494 a
1960 1429 2192 1514 droyte
2234 1430 2536 1515 bergerie

586 1512 677 1580 du
731 1514 1038 1599 seigneur
1091 1512 1245 1579 dieu
1300 1522 1367 1581 et
1424 1523 1818 1580 mantenant
1870 1534 2032 1582 vous
2089 1535 2365 1582 asurons
2407 1537 2535 1600 que

583 1617 801 1666 eomes
842 1618 1094 1666 comme
1137 1619 1376 1683 povres
1419 1600 1665 1667 evelles
1707 1621 2006 1686 esgsrees
2049 1621 2202 1666 sans
2244 1610 2533 1685 postcur-

577 1683 677 1751 les
719 1684 952 1751 enfans
1006 1683 1405 1752 demandent
1456 1685 1521 1752 1ο
1565 1687 1718 1770 pain
1763 1688 1868 1752 vif
1903 1687 2069 1753 mais
2114 1708 2204 1773 ny
2248 1706 2289 1751 a
2331 1708 2535 1771 gnere

580 1791 860 1856 persone
905 1791 1033 1854 que
1077 1769 1222 1836 leur
1264 1792 1350 1837 sn
1394 1790 1622 1855 coupe.
1710 1772 1776 1837 la
1818 1792 2092 1857 moysen
2136 1781 2241 1838 est
2281 1773 2536 1857 grande

582 1864 651 1922 et
682 1877 908 1923 meurs
961 1855 1347 1940 Depardcsa
1389 1865 1457 1923 et
1516 1877 1684 1940 pour
1726 1877 1799 1924 ce
1844 1877 2005 1924 vous
2048 1855 2240 1942 subpl
2289 1878 2411 1924 ons
2454 1859 2536 1926 de

582 1941 712 2008 bon
769 1963 974 2009 cueur
1037 1961 1165 2026 que
1227 1950 1380 2027 soyt
1444 1953 1668 2009 vostre
1734 1941 1866 2009 bon
1920 1943 2171 2030 playsir
2272 1964 2310 2009 ο
2366 1966 2536 2012 nous

583 2027 903 2114 vouloyer
964 2048 1260 2113 envoyer
1323 2049 1463 2113 ung
1528 2027 1658 2094 bon
1721 2037 1989 2112 pasteur
2050 2039 2118 2095 et
2197 2051 2323 2114 que
2387 2039 2539 2116 soyt

584 2133 734 2181 aces
788 2114 919 2180 fort
970 2134 1137 2197 pour
1194 2134 1364 2180 nous
1421 2133 1663 2197 couper
1719 2136 1791 2181 ce
1846 2136 1971 2182 vra
2071 2114 2228 2198 pain
2276 2115 2374 2182 vif
2410 2137 2537 2201 que

582 2207 734 2266 nest
796 2199 1009 2265 aultre
1068 2198 1262 2266 chose
1327 2219 1452 2283 que
1516 2200 1582 2265 la
1638 2199 1884 2284 parolle
1993 2221 2030 2267 e
2075 2201 2249 2267 Dieu
2305 2211 2374 2267 et
2430 2223 2538 2269 ses

583 2286 828 2352 saincte
861 2305 1235 2352 sacremens
1270 2295 1337 2351 et
1373 2284 1455 2352 de
1490 2307 1565 2353 ce
1600 2284 1933 2353 derechief
1969 2306 2139 2353 vous
2175 2286 2538 2373 subplyons

584 2391 627 2436 a
667 2370 941 2437 lonneur
984 2369 1065 2437 de
1107 2377 1332 2439 nostre
1376 2371 1505 2437 bon
1549 2370 1698 2438 dieu
1741 2379 1809 2437 et
1851 2392 2007 2455 pere
2048 2372 2265 2457 lequel
2311 2375 2537 2456 prions

584 2465 731 2522 tous
766 2456 849 2522 de
888 2457 1014 2523 bon
1060 2477 1264 2524 cueur
1296 2464 1367 2558 οι
1400 2457 1616 2525 bonne
1651 2458 1957 2524 affection
1990 2479 2117 2542 que
2151 2478 2318 2525 vous
2354 2459 2541 2526 doint

584 2551 1003 2694 ἲωξΐοέοξὲ
1038 2543 1605 2728 mmm
1626 2542 2352 2730 ιζ’ἓῃῖιξὶῗωὲἱῗξῗοῗε
2368 2545 2539 2697 ¹22³:

589 2733 752 2780 vous
794 2712 1040 2780 bonnes
1072 2734 1322 2797 pueros
1365 2722 1433 2781 et
1473 2734 1757 2782 oresons.
1839 2714 1945 2781 De
1979 2715 2202 2781 Mean
2244 2737 2326 2783 en
2364 2716 2538 2784 Gas-

587 2801 871 2885 conye²)
915 2818 989 2865 ce
1033 2802 1142 2864 26·
1177 2802 1333 2884 jour
1375 2798 1463 2865 du
1506 2800 1701 2887 Moys
1744 2801 1826 2867 de
1868 2798 2202 2868 Octoubre
2244 2805 2425 2868 1561.

946 2937 1085 3002 Par
1123 2945 1380 3003 vostros
1422 2936 1826 3025 hobeyssans
1869 2938 1976 3005 filz
2018 2937 2107 3004 du
2152 2941 2536 3008 consistoire

1352 3022 1434 3090 de
1477 3022 1542 3090 la
1582 3023 1910 3093 seurdicte
1952 3024 2128 3093 ville.

849 3141 1097 3208 Michel
1128 3141 1454 3227 lesgiradz
1490 3143 1708 3212 diacre
1836 3144 2194 3213 Delabalut
2226 3147 2539 3216 survelan

1001 3228 1106 3295 Dc
1149 3227 1441 3295 maidrus
1484 3229 1704 3298 diacre

1579 3315 1922 3403 Francoys
1964 3316 2335 3404 gennsrdes

1961 3403 2342 3471 surveium.

730 4213 1199 4286 OOLONIUS
1242 4217 1363 4285 m·
1405 4218 1869 4289 'PAF'FINUS
1914 4220 2397 4291 mms'rms

1193 4319 1937 4393 GENEVENSIBUS.

766 4487 895 4555 Res
970 4489 1281 4559 Mam&
1356 4492 1501 4560 bene
1552 4494 1790 4563 habent
1896 4494 2187 4582 1'11001092‘
2250 4498 2536 4566 scamelli

584 4574 928 4660 manici
959 4597 1002 4675 ⁰,
1039 4576 1379 4678 Novarroe
1411 4601 1552 4681 repe
1583 4581 1869 4649 arcessiti
1905 4580 2097 4650 Mutis
2126 4585 2531 4682 transformat.

593 4659 839 4746 1109αηί
889 4662 1045 4744 Μ
1097 4683 1265 4731 coroa
1317 4665 1693 4751 baptmm
1734 4688 1778 4734 α
1816 4668 2073 4751 privato
2126 4668 2374 4737 nomm
2422 4670 2537 4735 od·

590 4747 1016 4815 mmmm
1046 4748 1403 4830 sociandum
1434 4754 1536 4819 sit.
1563 4752 1611 4839 ¹)

893 4918 1005 4985 (Ex
1042 4920 1380 4992 autographo
1413 4921 1545 4979 cod.
1576 4923 1779 4980 Gcnsv.
1816 4922 1936 4987 196,
1969 4923 2061 4979 tol.
2094 4921 2247 4992 218.)

2822 567 3163 637 Fidelibus
3205 571 3462 640 Christi
3505 574 3717 642 servis
3760 576 4135 660 pastoribus
4179 581 4249 642 et
4281 574 4589 642 ministris

2643 656 2952 724 ecclesiae
3004 656 3438 726 Genevensis.
4086 747 4422 814 oenum

2813 912 2962 978 Etsi
3041 913 3211 996 qnod
3286 915 3410 982 hoc
3475 925 3769 1000 tempore
3833 914 3917 980 ad
3984 937 4101 984 vos
4165 917 4590 985 scriberemus

2643 997 2983 1083 singulare
3026 998 3198 1064 nihil
3256 1011 3419 1080 erat,
3497 1001 3898 1067 ornatissimi
3962 1003 4110 1080 viri,
4189 1002 4592 1070 occasionem

2640 1090 2864 1148 tamen
2928 1085 3106 1149 nacti
3170 1106 3318 1151 eam
3356 1089 3883 1171 praetermittere
3947 1088 4297 1154 noluimus.
4387 1088 4591 1155 Intel-

2639 1168 2880 1234 lexisse
2940 1189 3056 1235 vos
3113 1171 3245 1236 ism
3304 1172 3722 1252 arbitramur,
3786 1172 4004 1239 locum
4061 1173 4253 1239 nobis
4311 1175 4380 1239 in
4435 1174 4591 1241 urbe

2641 1252 2958 1320 habendis
2999 1256 3418 1323 concionibus
3462 1257 3876 1343 designatum
3919 1268 3987 1325 et
4028 1279 4432 1339 conoessum,
4484 1261 4592 1342 qui

2640 1340 3000 1423 parietibus
3078 1342 3370 1426 undique
3446 1344 3701 1409 cinctus
3777 1353 3951 1410 tecto
4028 1363 4149 1411 suo
4262 1344 4594 1428 ropediem

2639 1428 2976 1492 vestietur.
3055 1425 3194 1492 Iter
3238 1427 3362 1495 hac
3405 1429 3700 1495 fecerunt
3742 1429 4034 1496 Dium-s
4074 1438 4144 1496 et
4186 1366 4594 1514 {mmo

2639 1531 2680 1575 a
2742 1511 3066 1589 Palatino,
3134 1512 3411 1581 Iacobus
3477 1516 3772 1581 Andreae
3829 1536 3980 1582 cum
4039 1514 4294 1583 duobus
4348 1515 4498 1582 aliis
4554 1536 4593 1581 s

2639 1595 3192 1680 Wirtembergico
3227 1599 3432 1680 missi,
3465 1621 3672 1683 quum
3708 1601 3834 1668 hac
3869 1599 3950 1666 de
3984 1622 4058 1667 re
4083 1598 4424 1667 Novar-rae
4456 1623 4592 1679 rex,

2638 1690 2715 1746 ut
2750 1681 3215 1762 intelleximus,
3261 1704 3380 1768 per
3424 1686 3643 1751 virum
3677 1686 3963 1752 nobilem
3997 1706 4111 1752 eos
4159 1687 4590 1754 sollicitasset.

2811 1767 3280 1850 Superioribus
3333 1770 3546 1837 literis
3602 1771 3948 1837 consilium
3990 1779 4288 1838 vestrum
4345 1773 4593 1857 expoli-

2638 1872 2947 1919 veramus
3006 1875 3207 1937 super
3270 1855 3594 1940 baptismo
3658 1857 4117 1923 administrato
4182 1859 4263 1925 ab
4329 1857 4596 1923 homine

2638 1938 2916 2022 privato.
3025 1939 3178 2005 Non
3264 1940 3639 2008 dubitamus
3727 1943 4129 2025 baptismum
4215 1940 4594 2010 huiusmodi

2639 2045 2758 2108 pro
2792 2023 2997 2089 nihilo
3032 2025 3410 2092 habendum
3450 2047 3624 2094 esse:
3671 2026 3789 2094 sed
3828 2028 4393 2096 circumstantiam
4437 2038 4598 2095 tem·

2638 2110 3827 2282 Kssfflhffnffiffiiss'mvffissss‘
3860 2112 4599 2284 ffffifflsssm

2639 2281 2964 2346 infantem
3001 2281 3084 2346 ad
3120 2281 3485 2367 legitimam
3520 2285 4160 2350 administrationem
4193 2306 4596 2362 revoeemus,

2638 2366 3002 2433 multorum
3045 2367 3170 2434 hoc
3211 2377 3438 2434 nostro
3480 2369 3649 2435 facto
3684 2370 4110 2438 vulneremus
4144 2371 4599 2449 conscientias,

2641 2453 2755 2535 qui
2806 2473 3008 2536 quum
3067 2472 3199 2518 non
3259 2452 3454 2519 aliter
3511 2454 3825 2538 baptizati
3880 2456 4132 2522 fuerint
4186 2458 4255 2523 in
4313 2456 4596 2523 dubium

2641 2538 2972 2604 vocabunt
3031 2559 3226 2605 suum
3291 2539 3710 2623 baptismum.
3831 2542 4101 2608 Etenim
4176 2543 4247 2607 in
4325 2553 4591 2627 papatu.

2641 2623 2902 2690 etiamsi
2945 2624 3230 2690 infantes
3284 2624 3408 2691 hoc
3463 2624 3655 2692 modo
3709 2627 4016 2710 baptizati
4061 2626 4146 2693 sd
4191 2627 4598 2712 baptismum

2641 2709 3034 2788 deferantur,
3073 2729 3206 2775 non
3229 2719 3450 2776 tamen
3473 2733 3704 2778 rursus
3724 2734 3834 2778 eos
3857 2713 4145 2796 baptizat
4165 2712 4594 2790 sacrificulus,

2641 2792 2758 2860 sed
2822 2803 3080 2860 tantum
3159 2794 3458 2862 sordibus
3536 2798 3673 2863 suis
3750 2809 4154 2883 conspurcat.
4262 2798 4598 2865 Iudicium

2643 2887 2934 2947 vestrum
2985 2891 3460 2964 exspectamus.

2814 2965 3244 3050 Magistratus
3287 2987 3444 3050 pars
3486 2966 3695 3033 altera
3726 2968 4037 3036 ecclesiae
4070 2979 4334 3036 nostrae
4367 2970 4598 3035 iuncte

2644 3059 2765 3129 est,
2810 3071 2888 3118 ac
2929 3050 3310 3135 propediem
3353 3064 3744 3137 sequuturos
3796 3053 4141 3140 plerosque
4182 3077 4268 3123 ex
4321 3055 4598 3140 reliquis

2643 3157 3003 3220 speramus.
3093 3137 3172 3203 Si
3215 3138 3371 3222 quid
3414 3139 3496 3206 de
3538 3140 3681 3207 eius
3738 3143 4199 3209 reformatione
4251 3162 4326 3209 ac
4384 3142 4599 3209 chris-

2642 3224 2825 3287 tiana
2867 3223 3336 3289 constitutione
3378 3223 3462 3289 ad
3506 3244 3624 3291 nos
3661 3225 4068 3310 perscribere
4109 3248 4245 3293 non
4279 3247 4597 3313 gravare-

2641 3308 2823 3384 mini,
2903 3309 3354 3393 gratissimum
3431 3310 3620 3377 nobis
3682 3311 3754 3377 id
3816 3322 4006 3379 esset.
4117 3312 4350 3398 Neque
4417 3315 4600 3379 enim

2641 3414 2882 3478 urgere
2923 3393 3245 3460 audemus
3303 3394 3475 3478 quod
3517 3396 3722 3463 variis
3762 3398 4292 3481 occupationibus
4334 3396 4600 3464 distric-

2643 3489 2745 3544 tos
2785 3498 2909 3546 vos
2961 3500 3107 3545 esse
3149 3498 3283 3545 non
3327 3481 3722 3565 ignoremus,
3807 3482 4139 3550 Dominus
4195 3505 4314 3550 vos
4356 3484 4600 3567 spiritu

2641 3572 3103 3717 ἰιίιὲᾱῑειτῧῒέςῧε
3134 3564 3487 3717 xlmlbssl
3495 3587 3576 3632 ue
3609 3587 3768 3633 suae
3802 3567 3919 3633 diu
3953 3577 4176 3635 servet
4208 3567 4596 3637 incolumes.

2972 3702 2986 3716 .
3097 3672 3133 3718 c
3248 3701 3261 3716 .
3478 3700 3494 3718 .

3740 3788 3947 3856 Vobis
3994 3787 4430 3857 addictissimi

3789 3873 4034 3942 Petrus
4069 3874 4383 3943 Colonius

3774 3959 4055 4027 Ioannes
4091 3961 4406 4029 Tsffinus.

3511 4485 3718 4563 8580.

2961 4639 3711 4710 VENDROGOVIUS
3749 4644 3797 4720 ¹)
3842 4641 4277 4713 OALVINO.

2817 4809 3147 4878 Μ’
3349 4818 3407 4878 d
3467 4811 3922 4880 wammam
3999 4834 4152 4900 crya
4213 4818 4595 4903 mom

2639 4897 3139 4980 finesic-statar.

2639 5219 2823 5347 m
2847 5151 4114 5362 ssffimm
4141 5224 4592 5364 mm
