<?xml version="1.0" encoding="UTF-8"?>
<!DOCTYPE html PUBLIC "-//W3C//DTD XHTML 1.0 Transitional//EN"
    "http://www.w3.org/TR/xhtml1/DTD/xhtml1-transitional.dtd">
<html xmlns="http://www.w3.org/1999/xhtml" xml:lang="en" lang="en">
 <head>
  <title>
</title>
<meta http-equiv="Content-Type" content="text/html;charset=utf-8" />
  <meta name='ocr-system' content='tesseract 3.04.00' />
  <meta name='ocr-capabilities' content='ocr_page ocr_carea ocr_par ocr_line ocrx_word'/>
</head>
<body>
  <div class='ocr_page' id='page_1' title='image "./ioanniscalvinio12unkngoog/ioanniscalvinio12unkngoog_0186.png"; bbox 0 0 4900 6125; ppageno 0'>
   <div class='ocr_carea' id='block_1_1' title="bbox 561 369 4568 441">
    <p class='ocr_par' dir='ltr' id='par_1_1' title="bbox 561 369 4568 441">
     <span class='ocr_line' id='line_1_1' title="bbox 561 369 4568 441; baseline 0 0"><span class='ocrx_word' id='word_1_1' title='bbox 561 374 696 441; x_wconf 69' lang='lat' dir='ltr'><strong>m</strong></span> <span class='ocrx_word' id='word_1_2' title='bbox 2243 369 2715 441; x_wconf 65' lang='lat' dir='ltr'><strong>EPISOEOLA</strong></span> <span class='ocrx_word' id='word_1_3' title='bbox 2754 375 2922 438; x_wconf 78' lang='lat'><strong>3744</strong></span> <span class='ocrx_word' id='word_1_4' title='bbox 4462 377 4568 441; x_wconf 73' lang='lat'><strong>340</strong></span> 
     </span>
    </p>
   </div>
   <div class='ocr_carea' id='block_1_2' title="bbox 561 559 4577 1334">
    <p class='ocr_par' dir='ltr' id='par_1_2' title="bbox 561 559 4577 1334">
     <span class='ocr_line' id='line_1_2' title="bbox 561 559 4565 661; baseline -0 -28"><span class='ocrx_word' id='word_1_5' title='bbox 561 559 1770 647; x_wconf 71' lang='lat' dir='ltr'><strong>maioribusquamareditumeo.</strong></span> <span class='ocrx_word' id='word_1_6' title='bbox 1858 559 2194 627; x_wconf 73' lang='lat' dir='ltr'><strong>Namme</strong></span> <span class='ocrx_word' id='word_1_7' title='bbox 2085 560 4565 661; x_wconf 58' lang='lat' dir='ltr'><strong>mabsmeffmqpmferretamenmihineoessefnit.</strong></span> 
     </span>
     <span class='ocr_line' id='line_1_3' title="bbox 565 645 4571 735; baseline 0 -18"><span class='ocrx_word' id='word_1_8' title='bbox 565 646 2150 733; x_wconf 57' lang='lat' dir='ltr'><strong>Amrmirasoxoimveratmssoedinds</strong></span> <span class='ocrx_word' id='word_1_9' title='bbox 2183 645 2535 731; x_wconf 86' lang='lat' dir='ltr'><strong>disciplina</strong></span> <span class='ocrx_word' id='word_1_10' title='bbox 2632 646 4571 735; x_wconf 62' lang='lat' dir='ltr'><strong>Intereagraviterangebanquianequcincansamin·</strong></span> 
     </span>
     <span class='ocr_line' id='line_1_4' title="bbox 565 728 3241 819; baseline -0 -16"><span class='ocrx_word' id='word_1_11' title='bbox 565 728 2819 819; x_wconf 58' lang='lat' dir='ltr'><strong>annm-mumanaenoquibmqmm13nffi</strong></span> <span class='ocrx_word' id='word_1_12' title='bbox 3092 756 3241 801; x_wconf 77' lang='lat' dir='ltr'><strong>eam</strong></span> 
     </span>
     <span class='ocr_line' id='line_1_5' title="bbox 564 817 4571 923; baseline 0 -36"><span class='ocrx_word' id='word_1_13' title='bbox 564 817 2585 923; x_wconf 29' lang='lat' dir='ltr'><strong>qumdmetalienadoceresstmultpsbmosvhcsw.</strong></span> <span class='ocrx_word' id='word_1_14' title='bbox 2628 820 3260 904; x_wconf 74' lang='lat' dir='ltr'><strong>porronullaerat,</strong></span> <span class='ocrx_word' id='word_1_15' title='bbox 3334 821 4571 907; x_wconf 82' lang='lat' dir='ltr'><strong>quianequeagnoveratullamcul·</strong></span> 
     </span>
     <span class='ocr_line' id='line_1_6' title="bbox 565 902 4411 990; baseline -0.001 -17"><span class='ocrx_word' id='word_1_16' title='bbox 565 860 2787 1015; x_wconf 69' lang='lat' dir='ltr'><strong>mminmodumssenhnliemvitseuioeoenihil}pnm</strong></span> <span class='ocrx_word' id='word_1_17' title='bbox 3314 908 3331 921; x_wconf 73' lang='lat'>⁶</span> <span class='ocrx_word' id='word_1_18' title='bbox 4394 910 4411 923; x_wconf 77' lang='lat'>⁸</span> 
     </span>
     <span class='ocr_line' id='line_1_7' title="bbox 561 989 4577 1093; baseline 0 -33"><span class='ocrx_word' id='word_1_19' title='bbox 561 1012 673 1061; x_wconf 85' lang='lat' dir='ltr'><strong>me</strong></span> <span class='ocrx_word' id='word_1_20' title='bbox 714 989 987 1093; x_wconf 80' lang='lat' dir='ltr'><strong>absente</strong></span> <span class='ocrx_word' id='word_1_21' title='bbox 1031 1011 1303 1059; x_wconf 88' lang='lat' dir='ltr'><strong>monere</strong></span> <span class='ocrx_word' id='word_1_22' title='bbox 1345 990 1696 1071; x_wconf 76' lang='lat' dir='ltr'><strong>audebant,</strong></span> <span class='ocrx_word' id='word_1_23' title='bbox 1759 992 1916 1075; x_wconf 81' lang='lat' dir='ltr'><strong>qnia</strong></span> <span class='ocrx_word' id='word_1_24' title='bbox 1955 1002 2202 1058; x_wconf 77' lang='lat' dir='ltr'><strong>norm</strong></span> <span class='ocrx_word' id='word_1_25' title='bbox 2241 989 2583 1057; x_wconf 73' lang='lat' dir='ltr'><strong>hminis</strong></span> <span class='ocrx_word' id='word_1_26' title='bbox 2574 1030 2583 1075; x_wconf 81' lang='lat'>;</span> <span class='ocrx_word' id='word_1_27' title='bbox 2630 991 3875 1072; x_wconf 75' lang='lat' dir='ltr'><strong>miserantdesententiasuasemores,</strong></span> <span class='ocrx_word' id='word_1_28' title='bbox 3911 993 4087 1079; x_wconf 86' lang='lat' dir='ltr'><strong>qnod</strong></span> <span class='ocrx_word' id='word_1_29' title='bbox 4118 995 4577 1079; x_wconf 66' lang='lat' dir='ltr'><strong>episcopusin</strong></span> 
     </span>
     <span class='ocr_line' id='line_1_8' title="bbox 561 1074 4575 1229; baseline 0.001 -85"><span class='ocrx_word' id='word_1_30' title='bbox 561 1077 933 1179; x_wconf 73' lang='lat' dir='ltr'><strong>ingenium.</strong></span> <span class='ocrx_word' id='word_1_31' title='bbox 980 1076 2292 1178; x_wconf 35' lang='lat' dir='ltr'><strong>necmtumoeratipeumadorhssm</strong></span> <span class='ocrx_word' id='word_1_32' title='bbox 2161 1074 2531 1229; x_wconf 48' lang='lat' dir='ltr'><strong>n&#39;n&#39;m</strong></span> <span class='ocrx_word' id='word_1_33' title='bbox 2632 1077 4327 1165; x_wconf 55' lang='lat' dir='ltr'><strong>venetamgnrogtmmhoesdexnemum</strong></span> <span class='ocrx_word' id='word_1_34' title='bbox 4499 1102 4575 1148; x_wconf 82' lang='lat' dir='ltr'><strong>uc</strong></span> 
     </span>
     <span class='ocr_line' id='line_1_9' title="bbox 562 1161 2930 1248; baseline -0.001 -15"><span class='ocrx_word' id='word_1_35' title='bbox 562 1161 806 1233; x_wconf 89' lang='lat' dir='ltr'><strong>muniti</strong></span> <span class='ocrx_word' id='word_1_36' title='bbox 847 1172 1044 1248; x_wconf 83' lang='lat' dir='ltr'><strong>atque</strong></span> <span class='ocrx_word' id='word_1_37' title='bbox 1087 1163 1392 1231; x_wconf 86' lang='lat' dir='ltr'><strong>instructi</strong></span> <span class='ocrx_word' id='word_1_38' title='bbox 1437 1172 1674 1231; x_wconf 80' lang='lat' dir='ltr'><strong>essent.</strong></span> <span class='ocrx_word' id='word_1_39' title='bbox 1761 1161 1998 1247; x_wconf 81' lang='lat' dir='ltr'><strong>Itaque</strong></span> <span class='ocrx_word' id='word_1_40' title='bbox 2034 1162 2192 1230; x_wconf 84' lang='lat' dir='ltr'><strong>dum</strong></span> <span class='ocrx_word' id='word_1_41' title='bbox 2913 1166 2930 1181; x_wconf 74' lang='lat'><em>⁶</em></span> 
     </span>
     <span class='ocr_line' id='line_1_10' title="bbox 564 1248 2491 1334; baseline -0.001 -18"><span class='ocrx_word' id='word_1_42' title='bbox 564 1248 1323 1334; x_wconf 84' lang='lat' dir='ltr'><strong>omniaquamvisind</strong></span> <span class='ocrx_word' id='word_1_43' title='bbox 1517 1248 2360 1334; x_wconf 66' lang='lat' dir='ltr'><strong>faremluermtqnam</strong></span> <span class='ocrx_word' id='word_1_44' title='bbox 2474 1250 2491 1263; x_wconf 83' lang='lat'><strong>‘</strong></span> 
     </span>
    </p>
   </div>
   <div class='ocr_carea' id='block_1_3' title="bbox 3318 733 4009 821">
    <p class='ocr_par' dir='ltr' id='par_1_3' title="bbox 3318 733 4009 821">
     <span class='ocr_line' id='line_1_11' title="bbox 3318 733 4009 821; textangle 90"><span class='ocrx_word' id='word_1_45' title='bbox 3318 733 4009 821; x_wconf 69' lang='grc' dir='ltr'>ἔ</span> 
     </span>
    </p>
   </div>
   <div class='ocr_carea' id='block_1_4' title="bbox 564 1333 4579 1697">
    <p class='ocr_par' dir='ltr' id='par_1_4' title="bbox 564 1333 4579 1507">
     <span class='ocr_line' id='line_1_12' title="bbox 565 1333 4579 1424; baseline 0 -21"><span class='ocrx_word' id='word_1_46' title='bbox 565 1334 1286 1421; x_wconf 85' lang='lat' dir='ltr'><strong>quidtentarecuius</strong></span> <span class='ocrx_word' id='word_1_47' title='bbox 1385 1333 2721 1487; x_wconf 55' lang='lat' dir='ltr'><strong>ubiusipsismeximsfinetsse-&#39;&#39;&#39;</strong></span> <span class='ocrx_word' id='word_1_48' title='bbox 2860 1334 4579 1424; x_wconf 73' lang='lat' dir='ltr'><strong>utiudimumabipsaadhibitisetnmepiscopns</strong></span> 
     </span>
     <span class='ocr_line' id='line_1_13' title="bbox 564 1419 2583 1507; baseline -0.003 -16"><span class='ocrx_word' id='word_1_49' title='bbox 564 1419 1868 1507; x_wconf 72' lang='lat' dir='ltr'><strong>versushcminemplaciderogniut</strong></span> <span class='ocrx_word' id='word_1_50' title='bbox 1909 1420 2583 1505; x_wconf 54' lang='lat' dir='ltr'><strong>saipnmihitrffi.</strong></span> 
     </span>
    </p>

    <p class='ocr_par' dir='ltr' id='par_1_5' title="bbox 565 1504 4578 1693">
     <span class='ocr_line' id='line_1_14' title="bbox 565 1504 4578 1609; baseline 0 -34"><span class='ocrx_word' id='word_1_51' title='bbox 565 1504 2581 1609; x_wconf 62' lang='lat' dir='ltr'><strong>dereteaqnaedccueratdedisciplinaquoeertius}</strong></span> <span class='ocrx_word' id='word_1_52' title='bbox 2731 1509 3085 1575; x_wconf 84' lang='lat' dir='ltr'><strong>hominis</strong></span> <span class='ocrx_word' id='word_1_53' title='bbox 3354 1511 4113 1594; x_wconf 74' lang='lat' dir='ltr'><strong>umsatisperspectnm</strong></span> <span class='ocrx_word' id='word_1_54' title='bbox 4451 1530 4578 1575; x_wconf 87' lang='lat' dir='ltr'><strong>cm·</strong></span> 
     </span>
     <span class='ocr_line' id='line_1_15' title="bbox 565 1591 4577 1697; baseline -0 -36"><span class='ocrx_word' id='word_1_55' title='bbox 565 1591 1809 1661; x_wconf 70' lang='lat' dir='ltr'><strong>mihiconstarentznec-mev</strong></span> <span class='ocrx_word' id='word_1_56' title='bbox 1976 1591 2581 1697; x_wconf 64' lang='lat' dir='ltr'><strong>exandimtan-.</strong></span> <span class='ocrx_word' id='word_1_57' title='bbox 2842 1604 3065 1661; x_wconf 66' lang='lat' dir='ltr'><strong>tannen</strong></span> <span class='ocrx_word' id='word_1_58' title='bbox 3256 1595 4577 1680; x_wconf 80' lang='lat' dir='ltr'><strong>&#39;betoperamnequideiusexistima-</strong></span> 
     </span>
    </p>
   </div>
   <div class='ocr_carea' id='block_1_5' title="bbox 555 1616 4603 5375">
    <p class='ocr_par' dir='ltr' id='par_1_6' title="bbox 555 1616 4603 5375">
     <span class='ocr_line' id='line_1_16' title="bbox 2624 1616 2783 1661; baseline -0.006 0"><span class='ocrx_word' id='word_1_59' title='bbox 2624 1616 2783 1661; x_wconf 88' lang='lat' dir='ltr'><strong>nem</strong></span> 
     </span>
     <span class='ocr_line' id='line_1_17' title="bbox 563 1676 4581 1766; baseline 0 -21"><span class='ocrx_word' id='word_1_60' title='bbox 563 1676 2581 1763; x_wconf 78' lang='lat' dir='ltr'><strong>tumiudicarezsedandasporroesserixasqnaehmc&#39;</strong></span> <span class='ocrx_word' id='word_1_61' title='bbox 2628 1679 3255 1747; x_wconf 81' lang='lat' dir='ltr'><strong>tionidetrahatur.</strong></span> <span class='ocrx_word' id='word_1_62' title='bbox 3345 1680 4581 1766; x_wconf 81' lang='lat' dir='ltr'><strong>quueseexanimot’aceremihi</strong></span> 
     </span>
     <span class='ocr_line' id='line_1_18' title="bbox 563 1764 4577 1855; baseline -0 -22"><span class='ocrx_word' id='word_1_63' title='bbox 563 1771 1120 1843; x_wconf 73' lang='lat' dir='ltr'><strong>emrtaeeram,</strong></span> <span class='ocrx_word' id='word_1_64' title='bbox 1197 1764 2579 1855; x_wconf 66' lang='grc' dir='ltr'>ιιιιιιοιιιιοσοτιωὼρσιιαιιιςιιιο</span> <span class='ocrx_word' id='word_1_65' title='bbox 2624 1765 4577 1852; x_wconf 63' lang='grc' dir='ltr'>ῖιιωιιεοοιςιιοᾶοιοιιιιιᾶιιιιιωιιιαιοιαιιιιοιιιίοο-</span> 
     </span>
     <span class='ocr_line' id='line_1_19' title="bbox 563 1834 4584 1954; baseline 0.001 -37"><span class='ocrx_word' id='word_1_66' title='bbox 563 1848 1622 1935; x_wconf 65' lang='lat' dir='ltr'><strong>bincnaseipoteranthod</strong></span> <span class='ocrx_word' id='word_1_67' title='bbox 2037 1834 3270 1935; x_wconf 68' lang='lat' dir='ltr'><strong>[cretsiinteriritetsamiliaris.</strong></span> <span class='ocrx_word' id='word_1_68' title='bbox 3378 1852 4584 1954; x_wconf 80' lang='lat' dir='ltr'><strong>Rogaviutconsiliumpraeberet</strong></span> 
     </span>
     <span class='ocr_line' id='line_1_20' title="bbox 567 1935 4583 2024; baseline 0 -21"><span class='ocrx_word' id='word_1_69' title='bbox 567 1956 688 2003; x_wconf 86' lang='lat' dir='ltr'><strong>nos</strong></span> <span class='ocrx_word' id='word_1_70' title='bbox 731 1935 1022 2003; x_wconf 76' lang='lat' dir='ltr'><strong>fraterne</strong></span> <span class='ocrx_word' id='word_1_71' title='bbox 1062 1946 1130 2002; x_wconf 83' lang='lat' dir='ltr'><strong>et</strong></span> <span class='ocrx_word' id='word_1_72' title='bbox 1195 1935 1612 2003; x_wconf 70' lang='lat' dir='ltr'><strong>familiariter</strong></span> <span class='ocrx_word' id='word_1_73' title='bbox 1897 1936 2579 2003; x_wconf 49' lang='lat' dir='ltr'><strong>ammonis-re.</strong></span> <span class='ocrx_word' id='word_1_74' title='bbox 2624 1959 2753 2024; x_wconf 85' lang='lat' dir='ltr'><strong>quc</strong></span> <span class='ocrx_word' id='word_1_75' title='bbox 2818 1937 3057 2005; x_wconf 87' lang='lat' dir='ltr'><strong>melius</strong></span> <span class='ocrx_word' id='word_1_76' title='bbox 3118 1937 3491 2006; x_wconf 74' lang='lat' dir='ltr'><strong>consuleret</strong></span> <span class='ocrx_word' id='word_1_77' title='bbox 3530 1939 3999 2005; x_wconf 68' lang='lat' dir='ltr'><strong>existimationi</strong></span> <span class='ocrx_word' id='word_1_78' title='bbox 4042 1961 4200 2006; x_wconf 84' lang='lat' dir='ltr'><strong>suae</strong></span> <span class='ocrx_word' id='word_1_79' title='bbox 4252 1948 4452 2024; x_wconf 86' lang='lat' dir='ltr'><strong>atque</strong></span> <span class='ocrx_word' id='word_1_80' title='bbox 4494 1940 4583 2005; x_wconf 87' lang='lat' dir='ltr'><strong>in-</strong></span> 
     </span>
     <span class='ocr_line' id='line_1_21' title="bbox 561 2020 4581 2110; baseline 0 -21"><span class='ocrx_word' id='word_1_81' title='bbox 561 2042 728 2089; x_wconf 90' lang='lat' dir='ltr'><strong>mus.</strong></span> <span class='ocrx_word' id='word_1_82' title='bbox 831 2020 2523 2107; x_wconf 68' lang='lat' dir='ltr'><strong>Promisitseficturmssdnonpraestitit.</strong></span> <span class='ocrx_word' id='word_1_83' title='bbox 2624 2023 4072 2110; x_wconf 79' lang='lat' dir='ltr'><strong>tereamaioremecclesiaecuipraeerat,</strong></span> <span class='ocrx_word' id='word_1_84' title='bbox 4158 2026 4581 2103; x_wconf 82' lang='lat' dir='ltr'><strong>etveritatis,</strong></span> 
     </span>
     <span class='ocr_line' id='line_1_22' title="bbox 563 2105 4581 2196; baseline 0 -21"><span class='ocrx_word' id='word_1_85' title='bbox 563 2106 1280 2193; x_wconf 76' lang='lat' dir='ltr'><strong>Quumergomultss</strong></span> <span class='ocrx_word' id='word_1_86' title='bbox 1347 2105 2579 2193; x_wconf 54' lang='lat' dir='ltr'><strong>mahali-ampo:</strong></span> <span class='ocrx_word' id='word_1_87' title='bbox 2623 2132 2819 2194; x_wconf 91' lang='lat' dir='ltr'><strong>quam</strong></span> <span class='ocrx_word' id='word_1_88' title='bbox 2864 2112 3061 2177; x_wconf 89' lang='lat' dir='ltr'><strong>unius</strong></span> <span class='ocrx_word' id='word_1_89' title='bbox 3104 2110 3393 2176; x_wconf 85' lang='lat' dir='ltr'><strong>hominis</strong></span> <span class='ocrx_word' id='word_1_90' title='bbox 3436 2110 4090 2178; x_wconf 70' lang='lat' dir='ltr'><strong>ratimemhaberet.</strong></span> <span class='ocrx_word' id='word_1_91' title='bbox 4186 2111 4581 2196; x_wconf 86' lang='lat' dir='ltr'><strong>Priusquam</strong></span> 
     </span>
     <span class='ocr_line' id='line_1_23' title="bbox 947 2192 4583 2263; baseline 0.001 -3"><span class='ocrx_word' id='word_1_92' title='bbox 947 2194 962 2207; x_wconf 84' lang='lat'><em>&#39;</em></span> <span class='ocrx_word' id='word_1_93' title='bbox 995 2192 1012 2207; x_wconf 80' lang='lat'><strong><em>‘</em></strong></span> <span class='ocrx_word' id='word_1_94' title='bbox 1179 2194 1196 2207; x_wconf 81' lang='lat'>‘</span> <span class='ocrx_word' id='word_1_95' title='bbox 1411 2194 1428 2207; x_wconf 80' lang='lat'><strong><em>&#39;</em></strong></span> <span class='ocrx_word' id='word_1_96' title='bbox 3307 2195 3481 2263; x_wconf 85' lang='lat' dir='ltr'><strong>hanc</strong></span> <span class='ocrx_word' id='word_1_97' title='bbox 3524 2198 3841 2263; x_wconf 83' lang='lat' dir='ltr'><strong>movisset</strong></span> <span class='ocrx_word' id='word_1_98' title='bbox 3880 2194 4232 2262; x_wconf 76' lang='lat' dir='ltr'><strong>adversum</strong></span> <span class='ocrx_word' id='word_1_99' title='bbox 4277 2216 4386 2263; x_wconf 91' lang='lat' dir='ltr'><strong>me</strong></span> <span class='ocrx_word' id='word_1_100' title='bbox 4436 2196 4583 2262; x_wconf 77' lang='lat' dir='ltr'><strong>Aze-</strong></span> 
     </span>
     <span class='ocr_line' id='line_1_24' title="bbox 4002 2280 4582 2349; baseline 0.005 -4"><span class='ocrx_word' id='word_1_101' title='bbox 4002 2280 4084 2347; x_wconf 94' lang='lat' dir='ltr'><strong>de</strong></span> <span class='ocrx_word' id='word_1_102' title='bbox 4128 2280 4582 2349; x_wconf 86' lang='lat' dir='ltr'><strong>constituendo</strong></span> 
     </span>
     <span class='ocr_line' id='line_1_25' title="bbox 557 2282 4581 2519; baseline -0 -86"><span class='ocrx_word' id='word_1_103' title='bbox 557 2363 1536 2433; x_wconf 65' lang='lat' dir='ltr'><strong>mmmffldnhiu</strong></span> <span class='ocrx_word' id='word_1_104' title='bbox 1595 2374 1662 2431; x_wconf 81' lang='lat' dir='ltr'><strong>et</strong></span> <span class='ocrx_word' id='word_1_105' title='bbox 1719 2365 2124 2432; x_wconf 64' lang='lat' dir='ltr'><strong>haesitantes</strong></span> <span class='ocrx_word' id='word_1_106' title='bbox 2180 2366 2521 2432; x_wconf 82' lang='lat' dir='ltr'><strong>conscien-</strong></span> <span class='ocrx_word' id='word_1_107' title='bbox 2568 2333 3012 2449; x_wconf 62' lang='lat' dir='ltr'><strong>fauccoesore,</strong></span> <span class='ocrx_word' id='word_1_108' title='bbox 3056 2282 4581 2519; x_wconf 43' lang='lat' dir='ltr'><strong>petiitameutpopulodgpignaremdkmn-</strong></span> 
     </span>
     <span class='ocr_line' id='line_1_26' title="bbox 557 2450 4582 2550; baseline 0.001 -33.101"><span class='ocrx_word' id='word_1_109' title='bbox 557 2450 1228 2535; x_wconf 59' lang='lat' dir='ltr'><strong>turdinqnersm,</strong></span> <span class='ocrx_word' id='word_1_110' title='bbox 1289 2470 1368 2517; x_wconf 78' lang='lat' dir='ltr'><strong>ac</strong></span> <span class='ocrx_word' id='word_1_111' title='bbox 1431 2452 1842 2537; x_wconf 62' lang='lat' dir='ltr'><strong>potidmum</strong></span> <span class='ocrx_word' id='word_1_112' title='bbox 1909 2460 1988 2517; x_wconf 86' lang='lat' dir='ltr'><strong>nt</strong></span> <span class='ocrx_word' id='word_1_113' title='bbox 2048 2454 2575 2550; x_wconf 67' lang='lat' dir='ltr'><strong>interpretarer}</strong></span> <span class='ocrx_word' id='word_1_114' title='bbox 2620 2453 2809 2519; x_wconf 69' lang='grc' dir='ltr'>ἄπιοι</span> <span class='ocrx_word' id='word_1_115' title='bbox 2854 2464 2921 2518; x_wconf 88' lang='lat' dir='ltr'><strong>et</strong></span> <span class='ocrx_word' id='word_1_116' title='bbox 2978 2452 3521 2519; x_wconf 76' lang='lat' dir='ltr'><strong>commendarem.</strong></span> <span class='ocrx_word' id='word_1_117' title='bbox 3626 2452 3967 2537; x_wconf 72' lang='lat' dir='ltr'><strong>Respondi</strong></span> <span class='ocrx_word' id='word_1_118' title='bbox 4030 2474 4138 2519; x_wconf 94' lang='lat' dir='ltr'><strong>me</strong></span> <span class='ocrx_word' id='word_1_119' title='bbox 4201 2451 4377 2519; x_wconf 89' lang='lat' dir='ltr'><strong>bona</strong></span> <span class='ocrx_word' id='word_1_120' title='bbox 4434 2474 4582 2521; x_wconf 90' lang='lat' dir='ltr'><strong>con·</strong></span> 
     </span>
     <span class='ocr_line' id='line_1_27' title="bbox 555 2518 4471 2640; baseline 0.001 -39"><span class='ocrx_word' id='word_1_121' title='bbox 555 2535 2224 2605; x_wconf 62' lang='lat' dir='ltr'><strong>locumlhtthaeisbidefiuernacorrectione</strong></span> <span class='ocrx_word' id='word_1_122' title='bbox 2499 2518 3437 2640; x_wconf 41' lang='grc' dir='ltr'>,ἷοοιοιιιιοηιᾶίαοει-οιιοιι</span> <span class='ocrx_word' id='word_1_123' title='bbox 3708 2538 4471 2621; x_wconf 73' lang='lat' dir='ltr'><strong>quodbcmoessetrm</strong></span> 
     </span>
     <span class='ocr_line' id='line_1_28' title="bbox 557 2537 4583 2725; baseline 0 -36"><span class='ocrx_word' id='word_1_124' title='bbox 557 2640 786 2689; x_wconf 82' lang='lat' dir='ltr'><strong>eorum</strong></span> <span class='ocrx_word' id='word_1_125' title='bbox 831 2620 1154 2689; x_wconf 78' lang='lat' dir='ltr'><strong>desiderio</strong></span> <span class='ocrx_word' id='word_1_126' title='bbox 1199 2624 1384 2706; x_wconf 80' lang='lat' dir='ltr'><strong>parui</strong></span> <span class='ocrx_word' id='word_1_127' title='bbox 1429 2622 1685 2702; x_wconf 86' lang='lat' dir='ltr'><strong>lubens,</strong></span> <span class='ocrx_word' id='word_1_128' title='bbox 1727 2624 2116 2725; x_wconf 74' lang='lat' dir='ltr'><strong>praesertim</strong></span> <span class='ocrx_word' id='word_1_129' title='bbox 2160 2537 2519 2707; x_wconf 53' lang='lat' dir='ltr'><strong>quffdffis</strong></span> <span class='ocrx_word' id='word_1_130' title='bbox 2566 2662 2573 2683; x_wconf 69' lang='grc' dir='ltr'><strong>ι</strong></span> <span class='ocrx_word' id='word_1_131' title='bbox 2622 2632 2771 2691; x_wconf 85' lang='lat' dir='ltr'><strong>tens</strong></span> <span class='ocrx_word' id='word_1_132' title='bbox 2834 2625 3041 2689; x_wconf 88' lang='lat' dir='ltr'><strong>animi</strong></span> <span class='ocrx_word' id='word_1_133' title='bbox 3108 2634 3174 2690; x_wconf 87' lang='lat' dir='ltr'><strong>et</strong></span> <span class='ocrx_word' id='word_1_134' title='bbox 3239 2559 4042 2709; x_wconf 53' lang='lat' dir='ltr'><strong>affectiffiffeindulgoret.</strong></span> <span class='ocrx_word' id='word_1_135' title='bbox 4142 2624 4255 2690; x_wconf 75' lang='lat' dir='ltr'><strong>Me</strong></span> <span class='ocrx_word' id='word_1_136' title='bbox 4321 2561 4583 2708; x_wconf 39' lang='lat' dir='ltr'><strong>quide-g</strong></span> 
     </span>
     <span class='ocr_line' id='line_1_29' title="bbox 557 2694 4583 2795; baseline 0 -20"><span class='ocrx_word' id='word_1_137' title='bbox 557 2728 802 2775; x_wconf 78' lang='lat' dir='ltr'><strong>coense</strong></span> <span class='ocrx_word' id='word_1_138' title='bbox 867 2708 1164 2787; x_wconf 66' lang='lat' dir='ltr'><strong>met,</strong></span> <span class='ocrx_word' id='word_1_139' title='bbox 1227 2726 1306 2773; x_wconf 82' lang='lat' dir='ltr'><strong>ac</strong></span> <span class='ocrx_word' id='word_1_140' title='bbox 1369 2708 1658 2793; x_wconf 86' lang='lat' dir='ltr'><strong>quotidie</strong></span> <span class='ocrx_word' id='word_1_141' title='bbox 1725 2709 1922 2775; x_wconf 85' lang='lat' dir='ltr'><strong>variis</strong></span> <span class='ocrx_word' id='word_1_142' title='bbox 1967 2694 2573 2793; x_wconf 84' lang='lat' dir='ltr'><strong>disputationibus&#39;</strong></span> <span class='ocrx_word' id='word_1_143' title='bbox 2621 2708 2903 2776; x_wconf 91' lang='lat' dir='ltr'><strong>liberum</strong></span> <span class='ocrx_word' id='word_1_144' title='bbox 2947 2710 3271 2777; x_wconf 78' lang='lat' dir='ltr'><strong>facturum</strong></span> <span class='ocrx_word' id='word_1_145' title='bbox 3316 2710 3631 2778; x_wconf 85' lang='lat' dir='ltr'><strong>ecclesiae</strong></span> <span class='ocrx_word' id='word_1_146' title='bbox 3673 2730 3869 2795; x_wconf 91' lang='lat' dir='ltr'><strong>quem</strong></span> <span class='ocrx_word' id='word_1_147' title='bbox 3916 2709 4158 2776; x_wconf 89' lang='lat' dir='ltr'><strong>habere</strong></span> <span class='ocrx_word' id='word_1_148' title='bbox 4204 2709 4427 2789; x_wconf 86' lang='lat' dir='ltr'><strong>vellet,</strong></span> <span class='ocrx_word' id='word_1_149' title='bbox 4474 2710 4583 2777; x_wconf 92' lang='lat' dir='ltr'><strong>sed</strong></span> 
     </span>
     <span class='ocr_line' id='line_1_30' title="bbox 557 2760 4583 2895; baseline 0.001 -36"><span class='ocrx_word' id='word_1_150' title='bbox 557 2813 638 2860; x_wconf 84' lang='lat' dir='ltr'><strong>ea</strong></span> <span class='ocrx_word' id='word_1_151' title='bbox 705 2816 812 2859; x_wconf 86' lang='lat' dir='ltr'><strong>res</strong></span> <span class='ocrx_word' id='word_1_152' title='bbox 867 2796 1044 2859; x_wconf 82' lang='lat' dir='ltr'><strong>inter</strong></span> <span class='ocrx_word' id='word_1_153' title='bbox 1097 2793 1342 2859; x_wconf 82' lang='lat' dir='ltr'><strong>multos</strong></span> <span class='ocrx_word' id='word_1_154' title='bbox 1395 2794 1778 2895; x_wconf 79' lang='lat' dir='ltr'><strong>agitaretur.</strong></span> <span class='ocrx_word' id='word_1_155' title='bbox 1865 2794 2040 2861; x_wconf 83' lang='lat' dir='ltr'><strong>Rem</strong></span> <span class='ocrx_word' id='word_1_156' title='bbox 2097 2796 2190 2860; x_wconf 87' lang='lat' dir='ltr'><strong>ita</strong></span> <span class='ocrx_word' id='word_1_157' title='bbox 2233 2794 2513 2859; x_wconf 80' lang='lat' dir='ltr'><strong>tractavi</strong></span> <span class='ocrx_word' id='word_1_158' title='bbox 2566 2760 2573 2821; x_wconf 61' lang='grc' dir='ltr'>Ι</span> <span class='ocrx_word' id='word_1_159' title='bbox 2621 2816 2768 2862; x_wconf 92' lang='lat' dir='ltr'><strong>meo</strong></span> <span class='ocrx_word' id='word_1_160' title='bbox 2830 2794 3070 2863; x_wconf 88' lang='lat' dir='ltr'><strong>iudicio</strong></span> <span class='ocrx_word' id='word_1_161' title='bbox 3127 2795 3388 2862; x_wconf 88' lang='lat' dir='ltr'><strong>talime</strong></span> <span class='ocrx_word' id='word_1_162' title='bbox 3433 2796 3687 2862; x_wconf 88' lang='lat' dir='ltr'><strong>homini</strong></span> <span class='ocrx_word' id='word_1_163' title='bbox 3729 2816 3998 2882; x_wconf 85' lang='lat' dir='ltr'><strong>gregem</strong></span> <span class='ocrx_word' id='word_1_164' title='bbox 4038 2816 4175 2861; x_wconf 92' lang='lat' dir='ltr'><strong>non</strong></span> <span class='ocrx_word' id='word_1_165' title='bbox 4220 2816 4365 2861; x_wconf 89' lang='lat' dir='ltr'><strong>esse</strong></span> <span class='ocrx_word' id='word_1_166' title='bbox 4411 2818 4583 2864; x_wconf 93' lang='lat' dir='ltr'><strong>com·</strong></span> 
     </span>
     <span class='ocr_line' id='line_1_31' title="bbox 557 2878 4585 2967; baseline 0.001 -22"><span class='ocrx_word' id='word_1_167' title='bbox 557 2888 634 2945; x_wconf 87' lang='lat' dir='ltr'><strong>ut</strong></span> <span class='ocrx_word' id='word_1_168' title='bbox 714 2900 936 2945; x_wconf 74' lang='lat' dir='ltr'><strong>veram</strong></span> <span class='ocrx_word' id='word_1_169' title='bbox 1003 2878 1255 2945; x_wconf 82' lang='lat' dir='ltr'><strong>Christi</strong></span> <span class='ocrx_word' id='word_1_170' title='bbox 1333 2880 1726 2948; x_wconf 73' lang='lat' dir='ltr'><strong>sententiam</strong></span> <span class='ocrx_word' id='word_1_171' title='bbox 1807 2880 1996 2948; x_wconf 79' lang='lat' dir='ltr'><strong>facile</strong></span> <span class='ocrx_word' id='word_1_172' title='bbox 2062 2879 2516 2965; x_wconf 78' lang='lat' dir='ltr'><strong>intelligerent</strong></span> <span class='ocrx_word' id='word_1_173' title='bbox 2618 2882 2997 2949; x_wconf 89' lang='lat' dir='ltr'><strong>missurum.</strong></span> <span class='ocrx_word' id='word_1_174' title='bbox 3085 2881 3229 2949; x_wconf 90' lang='lat' dir='ltr'><strong>Nisi</strong></span> <span class='ocrx_word' id='word_1_175' title='bbox 3276 2903 3451 2967; x_wconf 87' lang='lat' dir='ltr'><strong>ergo,</strong></span> <span class='ocrx_word' id='word_1_176' title='bbox 3516 2882 3749 2966; x_wconf 90' lang='lat' dir='ltr'><strong>inquit,</strong></span> <span class='ocrx_word' id='word_1_177' title='bbox 3815 2888 3929 2948; x_wconf 86' lang='lat' dir='ltr'><strong>tuo</strong></span> <span class='ocrx_word' id='word_1_178' title='bbox 3974 2882 4241 2948; x_wconf 88' lang='lat' dir='ltr'><strong>nomine</strong></span> <span class='ocrx_word' id='word_1_179' title='bbox 4283 2890 4352 2947; x_wconf 93' lang='lat' dir='ltr'><strong>et</strong></span> <span class='ocrx_word' id='word_1_180' title='bbox 4418 2883 4585 2949; x_wconf 89' lang='lat' dir='ltr'><strong>iudi·</strong></span> 
     </span>
     <span class='ocr_line' id='line_1_32' title="bbox 555 2964 4587 3066; baseline 0.001 -35"><span class='ocrx_word' id='word_1_181' title='bbox 555 2984 786 3031; x_wconf 82' lang='lat' dir='ltr'><strong>cmncs</strong></span> <span class='ocrx_word' id='word_1_182' title='bbox 837 2974 1038 3066; x_wconf 84' lang='lat' dir='ltr'><strong>atque</strong></span> <span class='ocrx_word' id='word_1_183' title='bbox 1095 2965 1666 3051; x_wconf 75' lang='lat' dir='ltr'><strong>amplecterentur.</strong></span> <span class='ocrx_word' id='word_1_184' title='bbox 1759 2964 1962 3034; x_wconf 84' lang='lat' dir='ltr'><strong>Solus</strong></span> <span class='ocrx_word' id='word_1_185' title='bbox 2019 2966 2392 3034; x_wconf 64' lang='grc' dir='ltr'><strong>Δῖαυαηᾶεν</strong></span> <span class='ocrx_word' id='word_1_186' title='bbox 2448 2974 2517 3030; x_wconf 88' lang='lat' dir='ltr'><strong>et</strong></span> <span class='ocrx_word' id='word_1_187' title='bbox 2619 2968 2721 3034; x_wconf 86' lang='lat' dir='ltr'><strong>cio</strong></span> <span class='ocrx_word' id='word_1_188' title='bbox 2778 2967 2847 3034; x_wconf 92' lang='lat' dir='ltr'><strong>id</strong></span> <span class='ocrx_word' id='word_1_189' title='bbox 2902 2969 3116 3035; x_wconf 84' lang='lat' dir='ltr'><strong>facere</strong></span> <span class='ocrx_word' id='word_1_190' title='bbox 3174 2967 3363 3049; x_wconf 83' lang='lat' dir='ltr'><strong>velis,</strong></span> <span class='ocrx_word' id='word_1_191' title='bbox 3421 2988 3571 3033; x_wconf 92' lang='lat' dir='ltr'><strong>meo</strong></span> <span class='ocrx_word' id='word_1_192' title='bbox 3628 2968 3840 3046; x_wconf 87' lang='lat' dir='ltr'><strong>facito,</strong></span> <span class='ocrx_word' id='word_1_193' title='bbox 3897 2988 4175 3052; x_wconf 90' lang='lat' dir='ltr'><strong>eumque</strong></span> <span class='ocrx_word' id='word_1_194' title='bbox 4217 2967 4587 3035; x_wconf 85' lang='lat' dir='ltr'><strong>senioribus</strong></span> 
     </span>
     <span class='ocr_line' id='line_1_33' title="bbox 559 3050 4583 3153; baseline 0.001 -35"><span class='ocrx_word' id='word_1_195' title='bbox 559 3052 752 3136; x_wconf 84' lang='lat' dir='ltr'><strong>pauci</strong></span> <span class='ocrx_word' id='word_1_196' title='bbox 795 3050 937 3119; x_wconf 85' lang='lat' dir='ltr'><strong>eius</strong></span> <span class='ocrx_word' id='word_1_197' title='bbox 979 3050 1264 3120; x_wconf 82' lang='lat' dir='ltr'><strong>asseclae</strong></span> <span class='ocrx_word' id='word_1_198' title='bbox 1307 3050 1768 3130; x_wconf 76' lang='lat' dir='ltr'><strong>reclamabant,</strong></span> <span class='ocrx_word' id='word_1_199' title='bbox 1825 3051 1940 3120; x_wconf 91' lang='lat' dir='ltr'><strong>sed</strong></span> <span class='ocrx_word' id='word_1_200' title='bbox 1967 3052 2080 3153; x_wconf 34' lang='lat' dir='ltr'><strong>‘ita</strong></span> <span class='ocrx_word' id='word_1_201' title='bbox 2121 3050 2404 3119; x_wconf 76' lang='lat' dir='ltr'><strong>absurde</strong></span> <span class='ocrx_word' id='word_1_202' title='bbox 2448 3060 2517 3118; x_wconf 91' lang='lat' dir='ltr'><strong>et</strong></span> <span class='ocrx_word' id='word_1_203' title='bbox 2616 3063 2687 3120; x_wconf 87' lang='lat' dir='ltr'><strong>et</strong></span> <span class='ocrx_word' id='word_1_204' title='bbox 2729 3052 3019 3121; x_wconf 89' lang='lat' dir='ltr'><strong>diaconis</strong></span> <span class='ocrx_word' id='word_1_205' title='bbox 3072 3075 3157 3120; x_wconf 91' lang='lat' dir='ltr'><strong>ex</strong></span> <span class='ocrx_word' id='word_1_206' title='bbox 3210 3075 3317 3120; x_wconf 91' lang='lat' dir='ltr'><strong>me</strong></span> <span class='ocrx_word' id='word_1_207' title='bbox 3375 3051 4009 3121; x_wconf 86' lang='lat' dir='ltr'><strong>commendatc.1d</strong></span> <span class='ocrx_word' id='word_1_208' title='bbox 4055 3053 4249 3120; x_wconf 89' lang='lat' dir='ltr'><strong>retuli</strong></span> <span class='ocrx_word' id='word_1_209' title='bbox 4292 3054 4583 3141; x_wconf 82' lang='lat' dir='ltr'><strong>collegio.</strong></span> 
     </span>
     <span class='ocr_line' id='line_1_34' title="bbox 557 3135 4583 3241; baseline 0.001 -39"><span class='ocrx_word' id='word_1_210' title='bbox 557 3135 810 3216; x_wconf 86' lang='lat' dir='ltr'><strong>stolide,</strong></span> <span class='ocrx_word' id='word_1_211' title='bbox 849 3147 922 3204; x_wconf 88' lang='lat' dir='ltr'><strong>ut</strong></span> <span class='ocrx_word' id='word_1_212' title='bbox 955 3158 1068 3204; x_wconf 91' lang='lat' dir='ltr'><strong>eos</strong></span> <span class='ocrx_word' id='word_1_213' title='bbox 1101 3149 1326 3222; x_wconf 83' lang='lat' dir='ltr'><strong>postea</strong></span> <span class='ocrx_word' id='word_1_214' title='bbox 1359 3137 1551 3206; x_wconf 77' lang='lat' dir='ltr'><strong>facile</strong></span> <span class='ocrx_word' id='word_1_215' title='bbox 1585 3137 1876 3205; x_wconf 88' lang='lat' dir='ltr'><strong>idiotae</strong></span> <span class='ocrx_word' id='word_1_216' title='bbox 1859 3139 1986 3225; x_wconf 76' lang='lat' dir='ltr'><strong>ipsi</strong></span> <span class='ocrx_word' id='word_1_217' title='bbox 2023 3137 2513 3238; x_wconf 84' lang='lat' dir='ltr'><strong>redarguerent.</strong></span> <span class='ocrx_word' id='word_1_218' title='bbox 2619 3140 2831 3210; x_wconf 86' lang='lat' dir='ltr'><strong>Nemo</strong></span> <span class='ocrx_word' id='word_1_219' title='bbox 2888 3140 3017 3206; x_wconf 82' lang='lat' dir='ltr'><strong>fnit</strong></span> <span class='ocrx_word' id='word_1_220' title='bbox 3072 3140 3189 3225; x_wconf 91' lang='lat' dir='ltr'><strong>qui</strong></span> <span class='ocrx_word' id='word_1_221' title='bbox 3232 3161 3367 3206; x_wconf 90' lang='lat' dir='ltr'><strong>non</strong></span> <span class='ocrx_word' id='word_1_222' title='bbox 3410 3139 3659 3207; x_wconf 87' lang='lat' dir='ltr'><strong>diceret</strong></span> <span class='ocrx_word' id='word_1_223' title='bbox 3700 3162 3772 3206; x_wconf 92' lang='lat' dir='ltr'><strong>se</strong></span> <span class='ocrx_word' id='word_1_224' title='bbox 3818 3141 4034 3241; x_wconf 78' lang='lat' dir='ltr'><strong>potius</strong></span> <span class='ocrx_word' id='word_1_225' title='bbox 4075 3161 4419 3206; x_wconf 86' lang='lat' dir='ltr'><strong>cessurum</strong></span> <span class='ocrx_word' id='word_1_226' title='bbox 4466 3162 4583 3208; x_wconf 88' lang='lat' dir='ltr'><strong>suo</strong></span> 
     </span>
     <span class='ocr_line' id='line_1_35' title="bbox 559 3223 4583 3327; baseline 0.001 -37"><span class='ocrx_word' id='word_1_227' title='bbox 559 3223 1006 3292; x_wconf 78' lang='lat' dir='ltr'><strong>Procurabm</strong></span> <span class='ocrx_word' id='word_1_228' title='bbox 1070 3243 1230 3291; x_wconf 90' lang='lat' dir='ltr'><strong>sane</strong></span> <span class='ocrx_word' id='word_1_229' title='bbox 1294 3246 1400 3291; x_wconf 90' lang='lat' dir='ltr'><strong>me</strong></span> <span class='ocrx_word' id='word_1_230' title='bbox 1475 3224 1784 3292; x_wconf 87' lang='lat' dir='ltr'><strong>omnibus</strong></span> <span class='ocrx_word' id='word_1_231' title='bbox 1859 3225 2278 3303; x_wconf 76' lang='lat' dir='ltr'><strong>satisfecisse,</strong></span> <span class='ocrx_word' id='word_1_232' title='bbox 2359 3223 2518 3310; x_wconf 88' lang='lat' dir='ltr'><strong>quia</strong></span> <span class='ocrx_word' id='word_1_233' title='bbox 2620 3247 2915 3307; x_wconf 89' lang='lat' dir='ltr'><strong>munere,</strong></span> <span class='ocrx_word' id='word_1_234' title='bbox 3003 3247 3203 3327; x_wconf 80' lang='lat' dir='ltr'><strong>quam</strong></span> <span class='ocrx_word' id='word_1_235' title='bbox 3268 3225 3633 3292; x_wconf 58' lang='lat' dir='ltr'><strong>Menandri</strong></span> <span class='ocrx_word' id='word_1_236' title='bbox 3692 3225 4093 3292; x_wconf 75' lang='lat' dir='ltr'><strong>institutioni</strong></span> <span class='ocrx_word' id='word_1_237' title='bbox 4160 3228 4583 3294; x_wconf 72' lang='lat' dir='ltr'><strong>consentiret.</strong></span> 
     </span>
     <span class='ocr_line' id='line_1_36' title="bbox 561 3279 4585 3414; baseline 0 -37"><span class='ocrx_word' id='word_1_238' title='bbox 561 3329 702 3377; x_wconf 83' lang='lat' dir='ltr'><strong>rem</strong></span> <span class='ocrx_word' id='word_1_239' title='bbox 767 3307 1103 3376; x_wconf 87' lang='lat' dir='ltr'><strong>moderate</strong></span> <span class='ocrx_word' id='word_1_240' title='bbox 1167 3317 1621 3389; x_wconf 74' lang='lat' dir='ltr'><strong>tractaveram,</strong></span> <span class='ocrx_word' id='word_1_241' title='bbox 1681 3320 1750 3378; x_wconf 89' lang='lat' dir='ltr'><strong>et</strong></span> <span class='ocrx_word' id='word_1_242' title='bbox 1809 3313 1950 3397; x_wconf 89' lang='lat' dir='ltr'><strong>ipse</strong></span> <span class='ocrx_word' id='word_1_243' title='bbox 2001 3312 2369 3378; x_wconf 74' lang='lat' dir='ltr'><strong>Alexander</strong></span> <span class='ocrx_word' id='word_1_244' title='bbox 2433 3308 2519 3375; x_wconf 87' lang='lat' dir='ltr'><strong>ad</strong></span> <span class='ocrx_word' id='word_1_245' title='bbox 2619 3312 2797 3414; x_wconf 73' lang='lat' dir='ltr'><strong>Mira</strong></span> <span class='ocrx_word' id='word_1_246' title='bbox 2820 3279 2948 3378; x_wconf 77' lang='lat' dir='ltr'><strong>fuit</strong></span> <span class='ocrx_word' id='word_1_247' title='bbox 2973 3312 3153 3378; x_wconf 86' lang='lat' dir='ltr'><strong>inter</strong></span> <span class='ocrx_word' id='word_1_248' title='bbox 3176 3312 3361 3396; x_wconf 86' lang='lat' dir='ltr'><strong>ipsos</strong></span> <span class='ocrx_word' id='word_1_249' title='bbox 3394 3321 3465 3377; x_wconf 84' lang='lat' dir='ltr'><strong>et</strong></span> <span class='ocrx_word' id='word_1_250' title='bbox 3497 3320 3847 3412; x_wconf 73' lang='lat' dir='ltr'><strong>praesente</strong></span> <span class='ocrx_word' id='word_1_251' title='bbox 3882 3320 3947 3378; x_wconf 91' lang='lat' dir='ltr'><strong>et</strong></span> <span class='ocrx_word' id='word_1_252' title='bbox 3982 3311 4255 3378; x_wconf 81' lang='lat' dir='ltr'><strong>absente</strong></span> <span class='ocrx_word' id='word_1_253' title='bbox 4287 3332 4397 3378; x_wconf 91' lang='lat' dir='ltr'><strong>me</strong></span> <span class='ocrx_word' id='word_1_254' title='bbox 4440 3334 4585 3378; x_wconf 90' lang='lat' dir='ltr'><strong>con·</strong></span> 
     </span>
     <span class='ocr_line' id='line_1_37' title="bbox 559 3395 4591 3499; baseline 0 -35"><span class='ocrx_word' id='word_1_255' title='bbox 559 3415 831 3496; x_wconf 80' lang='lat' dir='ltr'><strong>coenam</strong></span> <span class='ocrx_word' id='word_1_256' title='bbox 897 3397 1118 3463; x_wconf 90' lang='lat' dir='ltr'><strong>statim</strong></span> <span class='ocrx_word' id='word_1_257' title='bbox 1188 3406 1566 3464; x_wconf 85' lang='lat' dir='ltr'><strong>accesserat.</strong></span> <span class='ocrx_word' id='word_1_258' title='bbox 1669 3395 1806 3464; x_wconf 82' lang='lat' dir='ltr'><strong>Sed</strong></span> <span class='ocrx_word' id='word_1_259' title='bbox 1871 3418 1914 3463; x_wconf 93' lang='lat' dir='ltr'><strong>a</strong></span> <span class='ocrx_word' id='word_1_260' title='bbox 1963 3396 2242 3483; x_wconf 89' lang='lat' dir='ltr'><strong>prandio</strong></span> <span class='ocrx_word' id='word_1_261' title='bbox 2304 3396 2518 3481; x_wconf 87' lang='lat' dir='ltr'><strong>qualis</strong></span> <span class='ocrx_word' id='word_1_262' title='bbox 2621 3398 2858 3479; x_wconf 87' lang='lat' dir='ltr'><strong>sensio,</strong></span> <span class='ocrx_word' id='word_1_263' title='bbox 2894 3418 3111 3483; x_wconf 90' lang='lat' dir='ltr'><strong>neque</strong></span> <span class='ocrx_word' id='word_1_264' title='bbox 3133 3396 3493 3482; x_wconf 89' lang='lat' dir='ltr'><strong>quidquam</strong></span> <span class='ocrx_word' id='word_1_265' title='bbox 3525 3398 3796 3499; x_wconf 81' lang='lat' dir='ltr'><strong>gravius</strong></span> <span class='ocrx_word' id='word_1_266' title='bbox 3832 3396 3959 3463; x_wconf 87' lang='lat' dir='ltr'><strong>fuit</strong></span> <span class='ocrx_word' id='word_1_267' title='bbox 3982 3397 4354 3464; x_wconf 64' lang='lat' dir='ltr'><strong>Alexandro</strong></span> <span class='ocrx_word' id='word_1_268' title='bbox 4387 3420 4591 3484; x_wconf 88' lang='lat' dir='ltr'><strong>quam</strong></span> 
     </span>
     <span class='ocr_line' id='line_1_38' title="bbox 561 3482 4591 3584; baseline 0 -36"><span class='ocrx_word' id='word_1_269' title='bbox 561 3482 703 3548; x_wconf 87' lang='lat' dir='ltr'><strong>eius</strong></span> <span class='ocrx_word' id='word_1_270' title='bbox 762 3491 934 3549; x_wconf 90' lang='lat' dir='ltr'><strong>esset</strong></span> <span class='ocrx_word' id='word_1_271' title='bbox 988 3483 1056 3548; x_wconf 90' lang='lat' dir='ltr'><strong>in</strong></span> <span class='ocrx_word' id='word_1_272' title='bbox 1118 3503 1224 3548; x_wconf 90' lang='lat' dir='ltr'><strong>me</strong></span> <span class='ocrx_word' id='word_1_273' title='bbox 1296 3483 1604 3562; x_wconf 83' lang='lat' dir='ltr'><strong>affectus,</strong></span> <span class='ocrx_word' id='word_1_274' title='bbox 1671 3491 1740 3550; x_wconf 89' lang='lat' dir='ltr'><strong>et</strong></span> <span class='ocrx_word' id='word_1_275' title='bbox 1839 3503 1996 3549; x_wconf 90' lang='lat' dir='ltr'><strong>uam</strong></span> <span class='ocrx_word' id='word_1_276' title='bbox 2054 3483 2522 3549; x_wconf 75' lang='lat' dir='ltr'><strong>adversaretur</strong></span> <span class='ocrx_word' id='word_1_277' title='bbox 2621 3483 2795 3569; x_wconf 89' lang='lat' dir='ltr'><strong>qnod</strong></span> <span class='ocrx_word' id='word_1_278' title='bbox 2819 3486 3151 3550; x_wconf 89' lang='lat' dir='ltr'><strong>neminem</strong></span> <span class='ocrx_word' id='word_1_279' title='bbox 3174 3484 3465 3584; x_wconf 80' lang='lat' dir='ltr'><strong>ipsorum</strong></span> <span class='ocrx_word' id='word_1_280' title='bbox 3484 3483 3861 3569; x_wconf 77' lang='lat' dir='ltr'><strong>disiungere</strong></span> <span class='ocrx_word' id='word_1_281' title='bbox 3883 3493 3999 3548; x_wconf 83' lang='lat' dir='ltr'><strong>aut</strong></span> <span class='ocrx_word' id='word_1_282' title='bbox 4023 3504 4063 3548; x_wconf 92' lang='lat' dir='ltr'><strong>a</strong></span> <span class='ocrx_word' id='word_1_283' title='bbox 4084 3505 4191 3549; x_wconf 91' lang='lat' dir='ltr'><strong>me</strong></span> <span class='ocrx_word' id='word_1_284' title='bbox 4214 3483 4591 3550; x_wconf 84' lang='lat' dir='ltr'><strong>abalienare</strong></span> 
     </span>
     <span class='ocr_line' id='line_1_39' title="bbox 560 3568 4591 3669; baseline 0 -35"><span class='ocrx_word' id='word_1_285' title='bbox 560 3569 924 3634; x_wconf 85' lang='lat' dir='ltr'><strong>sententiae</strong></span> <span class='ocrx_word' id='word_1_286' title='bbox 966 3587 1154 3634; x_wconf 88' lang='lat' dir='ltr'><strong>meae</strong></span> <span class='ocrx_word' id='word_1_287' title='bbox 1193 3568 1390 3653; x_wconf 89' lang='lat' dir='ltr'><strong>plane</strong></span> <span class='ocrx_word' id='word_1_288' title='bbox 1433 3568 1734 3653; x_wconf 88' lang='lat' dir='ltr'><strong>prodidit.</strong></span> <span class='ocrx_word' id='word_1_289' title='bbox 1988 3570 2044 3635; x_wconf 91' lang='lat' dir='ltr'><strong>it</strong></span> <span class='ocrx_word' id='word_1_290' title='bbox 2077 3570 2254 3635; x_wconf 89' lang='lat' dir='ltr'><strong>enim</strong></span> <span class='ocrx_word' id='word_1_291' title='bbox 2290 3568 2521 3637; x_wconf 88' lang='lat' dir='ltr'><strong>invehi</strong></span> <span class='ocrx_word' id='word_1_292' title='bbox 2620 3571 2929 3655; x_wconf 88' lang='lat' dir='ltr'><strong>potuerit,</strong></span> <span class='ocrx_word' id='word_1_293' title='bbox 2955 3579 3072 3636; x_wconf 87' lang='lat' dir='ltr'><strong>aut</strong></span> <span class='ocrx_word' id='word_1_294' title='bbox 3176 3571 3310 3635; x_wconf 89' lang='lat' dir='ltr'><strong>tius</strong></span> <span class='ocrx_word' id='word_1_295' title='bbox 3331 3590 3371 3634; x_wconf 92' lang='lat' dir='ltr'><strong>a</strong></span> <span class='ocrx_word' id='word_1_296' title='bbox 3407 3590 3563 3635; x_wconf 88' lang='lat' dir='ltr'><strong>vera</strong></span> <span class='ocrx_word' id='word_1_297' title='bbox 3597 3569 3945 3636; x_wconf 88' lang='lat' dir='ltr'><strong>concordia</strong></span> <span class='ocrx_word' id='word_1_298' title='bbox 3977 3580 4048 3635; x_wconf 90' lang='lat' dir='ltr'><strong>et</strong></span> <span class='ocrx_word' id='word_1_299' title='bbox 4080 3591 4247 3653; x_wconf 89' lang='lat' dir='ltr'><strong>pura</strong></span> <span class='ocrx_word' id='word_1_300' title='bbox 4270 3569 4591 3669; x_wconf 78' lang='lat' dir='ltr'><strong>adminis-</strong></span> 
     </span>
     <span class='ocr_line' id='line_1_40' title="bbox 560 3591 4593 3756; baseline 0 -36"><span class='ocrx_word' id='word_1_301' title='bbox 560 3652 916 3720; x_wconf 85' lang='lat' dir='ltr'><strong>adversum</strong></span> <span class='ocrx_word' id='word_1_302' title='bbox 973 3675 1097 3734; x_wconf 90' lang='lat' dir='ltr'><strong>me,</strong></span> <span class='ocrx_word' id='word_1_303' title='bbox 1152 3674 1276 3722; x_wconf 89' lang='lat' dir='ltr'><strong>nec</strong></span> <span class='ocrx_word' id='word_1_304' title='bbox 1327 3656 1604 3723; x_wconf 77' lang='lat' dir='ltr'><strong>obscure</strong></span> <span class='ocrx_word' id='word_1_305' title='bbox 1656 3676 1855 3756; x_wconf 82' lang='lat' dir='ltr'><strong>quae</strong></span> <span class='ocrx_word' id='word_1_306' title='bbox 1869 3655 2217 3723; x_wconf 85' lang='lat' dir='ltr'><strong>docueram</strong></span> <span class='ocrx_word' id='word_1_307' title='bbox 2274 3657 2521 3739; x_wconf 86' lang='lat' dir='ltr'><strong>impro-</strong></span> <span class='ocrx_word' id='word_1_308' title='bbox 2622 3657 2926 3738; x_wconf 87' lang='lat' dir='ltr'><strong>tratione,</strong></span> <span class='ocrx_word' id='word_1_309' title='bbox 2971 3591 3207 3741; x_wconf 51' lang='lat' dir='ltr'><strong>quib&gt;o</strong></span> <span class='ocrx_word' id='word_1_310' title='bbox 3250 3676 3359 3721; x_wconf 93' lang='lat' dir='ltr'><strong>me</strong></span> <span class='ocrx_word' id='word_1_311' title='bbox 3403 3655 3737 3723; x_wconf 77' lang='lat' dir='ltr'><strong>studuisse</strong></span> <span class='ocrx_word' id='word_1_312' title='bbox 3779 3656 3941 3722; x_wconf 83' lang='lat' dir='ltr'><strong>satis</strong></span> <span class='ocrx_word' id='word_1_313' title='bbox 3984 3656 4293 3722; x_wconf 88' lang='lat' dir='ltr'><strong>omnibus</strong></span> <span class='ocrx_word' id='word_1_314' title='bbox 4338 3656 4593 3741; x_wconf 87' lang='lat' dir='ltr'><strong>perspi-</strong></span> 
     </span>
     <span class='ocr_line' id='line_1_41' title="bbox 561 3739 4595 3842; baseline 0 -36"><span class='ocrx_word' id='word_1_315' title='bbox 561 3739 734 3806; x_wconf 85' lang='lat' dir='ltr'><strong>bare.</strong></span> <span class='ocrx_word' id='word_1_316' title='bbox 816 3739 956 3806; x_wconf 84' lang='lat' dir='ltr'><strong>Nec</strong></span> <span class='ocrx_word' id='word_1_317' title='bbox 1016 3749 1234 3808; x_wconf 89' lang='lat' dir='ltr'><strong>tamen</strong></span> <span class='ocrx_word' id='word_1_318' title='bbox 1295 3739 1454 3825; x_wconf 88' lang='lat' dir='ltr'><strong>quid</strong></span> <span class='ocrx_word' id='word_1_319' title='bbox 1513 3749 1796 3807; x_wconf 78' lang='lat' dir='ltr'><strong>sentlret</strong></span> <span class='ocrx_word' id='word_1_320' title='bbox 1836 3743 1978 3825; x_wconf 87' lang='lat' dir='ltr'><strong>ipse</strong></span> <span class='ocrx_word' id='word_1_321' title='bbox 2018 3741 2210 3809; x_wconf 86' lang='lat' dir='ltr'><strong>facile</strong></span> <span class='ocrx_word' id='word_1_322' title='bbox 2253 3741 2521 3842; x_wconf 77' lang='lat' dir='ltr'><strong>collige-</strong></span> <span class='ocrx_word' id='word_1_323' title='bbox 2622 3764 2822 3811; x_wconf 88' lang='lat' dir='ltr'><strong>cuum</strong></span> <span class='ocrx_word' id='word_1_324' title='bbox 2866 3749 2987 3810; x_wconf 87' lang='lat' dir='ltr'><strong>est.</strong></span> <span class='ocrx_word' id='word_1_325' title='bbox 3074 3741 3173 3808; x_wconf 88' lang='lat' dir='ltr'><strong>Hi</strong></span> <span class='ocrx_word' id='word_1_326' title='bbox 3216 3759 3445 3808; x_wconf 88' lang='lat' dir='ltr'><strong>omnes</strong></span> <span class='ocrx_word' id='word_1_327' title='bbox 3490 3741 3967 3808; x_wconf 82' lang='lat' dir='ltr'><strong>insimulabant</strong></span> <span class='ocrx_word' id='word_1_328' title='bbox 4011 3739 4348 3807; x_wconf 89' lang='lat' dir='ltr'><strong>hominem</strong></span> <span class='ocrx_word' id='word_1_329' title='bbox 4384 3741 4595 3808; x_wconf 79' lang='lat' dir='ltr'><strong>falsae</strong></span> 
     </span>
     <span class='ocr_line' id='line_1_42' title="bbox 559 3825 4595 3913; baseline 0.001 -23"><span class='ocrx_word' id='word_1_330' title='bbox 559 3825 777 3903; x_wconf 82' lang='lat' dir='ltr'><strong>batur,</strong></span> <span class='ocrx_word' id='word_1_331' title='bbox 865 3825 996 3892; x_wconf 87' lang='lat' dir='ltr'><strong>nisi</strong></span> <span class='ocrx_word' id='word_1_332' title='bbox 1039 3827 1210 3910; x_wconf 92' lang='lat' dir='ltr'><strong>quod</strong></span> <span class='ocrx_word' id='word_1_333' title='bbox 1254 3826 1616 3894; x_wconf 84' lang='lat' dir='ltr'><strong>ducebatur</strong></span> <span class='ocrx_word' id='word_1_334' title='bbox 1658 3826 1877 3894; x_wconf 87' lang='lat' dir='ltr'><strong>studio</strong></span> <span class='ocrx_word' id='word_1_335' title='bbox 1918 3829 2374 3907; x_wconf 88' lang='lat' dir='ltr'><strong>contentionis,</strong></span> <span class='ocrx_word' id='word_1_336' title='bbox 2454 3835 2525 3894; x_wconf 87' lang='lat' dir='ltr'><strong>et</strong></span> <span class='ocrx_word' id='word_1_337' title='bbox 2624 3829 2978 3908; x_wconf 86' lang='lat' dir='ltr'><strong>doctrinae,</strong></span> <span class='ocrx_word' id='word_1_338' title='bbox 3067 3835 3261 3912; x_wconf 88' lang='lat' dir='ltr'><strong>atque</strong></span> <span class='ocrx_word' id='word_1_339' title='bbox 3318 3828 3535 3911; x_wconf 87' lang='lat' dir='ltr'><strong>ipsum</strong></span> <span class='ocrx_word' id='word_1_340' title='bbox 3578 3828 3877 3895; x_wconf 80' lang='lat' dir='ltr'><strong>convinci</strong></span> <span class='ocrx_word' id='word_1_341' title='bbox 3921 3826 4304 3910; x_wconf 90' lang='lat' dir='ltr'><strong>cupiebant:</strong></span> <span class='ocrx_word' id='word_1_342' title='bbox 4396 3827 4595 3913; x_wconf 87' lang='lat' dir='ltr'><strong>idque</strong></span> 
     </span>
     <span class='ocr_line' id='line_1_43' title="bbox 560 3911 4599 4016; baseline 0 -38"><span class='ocrx_word' id='word_1_343' title='bbox 560 3913 898 3979; x_wconf 87' lang='lat' dir='ltr'><strong>doctrinae</strong></span> <span class='ocrx_word' id='word_1_344' title='bbox 942 3933 1117 3990; x_wconf 90' lang='lat' dir='ltr'><strong>suae,</strong></span> <span class='ocrx_word' id='word_1_345' title='bbox 1164 3915 1218 3978; x_wconf 89' lang='lat' dir='ltr'><strong>si</strong></span> <span class='ocrx_word' id='word_1_346' title='bbox 1265 3911 1547 3994; x_wconf 88' lang='lat' dir='ltr'><strong>audirer,</strong></span> <span class='ocrx_word' id='word_1_347' title='bbox 1609 3914 1740 3979; x_wconf 86' lang='lat' dir='ltr'><strong>iam</strong></span> <span class='ocrx_word' id='word_1_348' title='bbox 1785 3936 1920 3981; x_wconf 90' lang='lat' dir='ltr'><strong>non</strong></span> <span class='ocrx_word' id='word_1_349' title='bbox 1963 3915 2103 3979; x_wconf 82' lang='lat' dir='ltr'><strong>fore</strong></span> <span class='ocrx_word' id='word_1_350' title='bbox 2144 3913 2363 3981; x_wconf 89' lang='lat' dir='ltr'><strong>locum</strong></span> <span class='ocrx_word' id='word_1_351' title='bbox 2407 3912 2524 3980; x_wconf 87' lang='lat' dir='ltr'><strong>do·</strong></span> <span class='ocrx_word' id='word_1_352' title='bbox 2622 3915 3037 4016; x_wconf 82' lang='lat' dir='ltr'><strong>potissimum</strong></span> <span class='ocrx_word' id='word_1_353' title='bbox 3098 3934 3339 3999; x_wconf 82' lang='lat' dir='ltr'><strong>urgere</strong></span> <span class='ocrx_word' id='word_1_354' title='bbox 3403 3922 3761 3999; x_wconf 88' lang='lat' dir='ltr'><strong>coeperunt</strong></span> <span class='ocrx_word' id='word_1_355' title='bbox 3821 3912 3928 3978; x_wconf 89' lang='lat' dir='ltr'><strong>ubi</strong></span> <span class='ocrx_word' id='word_1_356' title='bbox 3988 3911 4153 3979; x_wconf 85' lang='lat' dir='ltr'><strong>haec</strong></span> <span class='ocrx_word' id='word_1_357' title='bbox 4212 3915 4471 3980; x_wconf 72' lang='lat' dir='ltr'><strong>occasio</strong></span> <span class='ocrx_word' id='word_1_358' title='bbox 4515 3913 4599 3980; x_wconf 83' lang='lat' dir='ltr'><strong>ab</strong></span> 
     </span>
     <span class='ocr_line' id='line_1_44' title="bbox 565 3996 4597 4152; baseline 0 -87"><span class='ocrx_word' id='word_1_359' title='bbox 565 3997 758 4066; x_wconf 80' lang='lat' dir='ltr'><strong>lebat.</strong></span> <span class='ocrx_word' id='word_1_360' title='bbox 847 3998 995 4083; x_wconf 84' lang='lat' dir='ltr'><strong>Ego</strong></span> <span class='ocrx_word' id='word_1_361' title='bbox 1053 3998 1352 4082; x_wconf 81' lang='lat' dir='ltr'><strong>proximo</strong></span> <span class='ocrx_word' id='word_1_362' title='bbox 1404 3999 1772 4066; x_wconf 81' lang='lat' dir='ltr'><strong>consistorii</strong></span> <span class='ocrx_word' id='word_1_363' title='bbox 1831 3999 1935 4066; x_wconf 91' lang='lat' dir='ltr'><strong>die</strong></span> <span class='ocrx_word' id='word_1_364' title='bbox 1993 4017 2144 4066; x_wconf 89' lang='lat' dir='ltr'><strong>cum</strong></span> <span class='ocrx_word' id='word_1_365' title='bbox 2201 4001 2345 4085; x_wconf 90' lang='lat' dir='ltr'><strong>ipso</strong></span> <span class='ocrx_word' id='word_1_366' title='bbox 2410 4021 2525 4065; x_wconf 91' lang='lat' dir='ltr'><strong>ex·</strong></span> <span class='ocrx_word' id='word_1_367' title='bbox 2624 4021 2767 4152; x_wconf 48' lang='lat' dir='ltr'><strong>:geo</strong></span> <span class='ocrx_word' id='word_1_368' title='bbox 2826 4000 3201 4067; x_wconf 77' lang='lat' dir='ltr'><strong>AIexandro</strong></span> <span class='ocrx_word' id='word_1_369' title='bbox 3255 3996 3475 4067; x_wconf 89' lang='lat' dir='ltr'><strong>oblata</strong></span> <span class='ocrx_word' id='word_1_370' title='bbox 3526 4009 3642 4065; x_wconf 87' lang='lat' dir='ltr'><strong>est.</strong></span> <span class='ocrx_word' id='word_1_371' title='bbox 3731 3997 4055 4065; x_wconf 82' lang='lat' dir='ltr'><strong>Videbam</strong></span> <span class='ocrx_word' id='word_1_372' title='bbox 4111 3997 4322 4064; x_wconf 88' lang='lat' dir='ltr'><strong>multa</strong></span> <span class='ocrx_word' id='word_1_373' title='bbox 4380 4000 4597 4084; x_wconf 87' lang='lat' dir='ltr'><strong>impe-</strong></span> 
     </span>
     <span class='ocr_line' id='line_1_45' title="bbox 565 4083 4595 4170; baseline 0 -20"><span class='ocrx_word' id='word_1_374' title='bbox 565 4083 894 4169; x_wconf 77' lang='lat' dir='ltr'><strong>postulavi</strong></span> <span class='ocrx_word' id='word_1_375' title='bbox 939 4105 1156 4152; x_wconf 90' lang='lat' dir='ltr'><strong>coram</strong></span> <span class='ocrx_word' id='word_1_376' title='bbox 1194 4085 1575 4165; x_wconf 87' lang='lat' dir='ltr'><strong>senioribus,</strong></span> <span class='ocrx_word' id='word_1_377' title='bbox 1611 4086 1782 4170; x_wconf 92' lang='lat' dir='ltr'><strong>quod</strong></span> <span class='ocrx_word' id='word_1_378' title='bbox 1819 4087 2154 4154; x_wconf 86' lang='lat' dir='ltr'><strong>turbasset</strong></span> <span class='ocrx_word' id='word_1_379' title='bbox 2187 4086 2525 4154; x_wconf 89' lang='lat' dir='ltr'><strong>ecclesiam</strong></span> <span class='ocrx_word' id='word_1_380' title='bbox 2733 4107 2788 4153; x_wconf 91' lang='lat' dir='ltr'><strong>e.</strong></span> <span class='ocrx_word' id='word_1_381' title='bbox 2875 4085 3179 4152; x_wconf 88' lang='lat' dir='ltr'><strong>Primum</strong></span> <span class='ocrx_word' id='word_1_382' title='bbox 3224 4106 3358 4150; x_wconf 90' lang='lat' dir='ltr'><strong>non</strong></span> <span class='ocrx_word' id='word_1_383' title='bbox 3401 4085 3743 4152; x_wconf 85' lang='lat' dir='ltr'><strong>constabat</strong></span> <span class='ocrx_word' id='word_1_384' title='bbox 3787 4093 4013 4168; x_wconf 85' lang='lat' dir='ltr'><strong>aperte</strong></span> <span class='ocrx_word' id='word_1_385' title='bbox 4056 4083 4209 4167; x_wconf 90' lang='lat' dir='ltr'><strong>quid</strong></span> <span class='ocrx_word' id='word_1_386' title='bbox 4254 4085 4394 4168; x_wconf 84' lang='lat' dir='ltr'><strong>ipse</strong></span> <span class='ocrx_word' id='word_1_387' title='bbox 4446 4106 4595 4150; x_wconf 90' lang='lat' dir='ltr'><strong>sen-</strong></span> 
     </span>
     <span class='ocr_line' id='line_1_46' title="bbox 564 4169 4596 4272; baseline -0 -36"><span class='ocrx_word' id='word_1_388' title='bbox 564 4191 687 4237; x_wconf 86' lang='lat' dir='ltr'><strong>sua</strong></span> <span class='ocrx_word' id='word_1_389' title='bbox 752 4169 1078 4249; x_wconf 87' lang='lat' dir='ltr'><strong>concione,</strong></span> <span class='ocrx_word' id='word_1_390' title='bbox 1144 4191 1380 4272; x_wconf 81' lang='lat' dir='ltr'><strong>meque</strong></span> <span class='ocrx_word' id='word_1_391' title='bbox 1450 4178 1519 4236; x_wconf 89' lang='lat' dir='ltr'><strong>et</strong></span> <span class='ocrx_word' id='word_1_392' title='bbox 1585 4171 1946 4239; x_wconf 85' lang='lat' dir='ltr'><strong>doctrinam</strong></span> <span class='ocrx_word' id='word_1_393' title='bbox 2015 4192 2234 4238; x_wconf 84' lang='lat' dir='ltr'><strong>meam</strong></span> <span class='ocrx_word' id='word_1_394' title='bbox 2298 4181 2529 4256; x_wconf 85' lang='lat' dir='ltr'><strong>aperte</strong></span> <span class='ocrx_word' id='word_1_395' title='bbox 2628 4174 2801 4238; x_wconf 86' lang='lat' dir='ltr'><strong>tiret</strong></span> <span class='ocrx_word' id='word_1_396' title='bbox 2908 4172 3079 4238; x_wconf 84' lang='lat' dir='ltr'><strong>Nam</strong></span> <span class='ocrx_word' id='word_1_397' title='bbox 3146 4171 3640 4256; x_wconf 82' lang='lat' dir='ltr'><strong>tergiversatur,</strong></span> <span class='ocrx_word' id='word_1_398' title='bbox 3792 4171 4057 4237; x_wconf 88' lang='lat' dir='ltr'><strong>rmiscet</strong></span> <span class='ocrx_word' id='word_1_399' title='bbox 4120 4169 4596 4255; x_wconf 65' lang='grc' dir='ltr'>ἀπροσδιόνυσα,</span> 
     </span>
     <span class='ocr_line' id='line_1_47' title="bbox 567 4255 4599 4358; baseline -0 -35"><span class='ocrx_word' id='word_1_400' title='bbox 567 4256 992 4334; x_wconf 79' lang='lat' dir='ltr'><strong>traduxisset,</strong></span> <span class='ocrx_word' id='word_1_401' title='bbox 1059 4277 1135 4324; x_wconf 88' lang='lat' dir='ltr'><strong>ac</strong></span> <span class='ocrx_word' id='word_1_402' title='bbox 1178 4259 1336 4340; x_wconf 88' lang='lat' dir='ltr'><strong>petii</strong></span> <span class='ocrx_word' id='word_1_403' title='bbox 1381 4267 1459 4322; x_wconf 92' lang='lat' dir='ltr'><strong>ut</strong></span> <span class='ocrx_word' id='word_1_404' title='bbox 1502 4258 1690 4325; x_wconf 90' lang='lat' dir='ltr'><strong>nobis</strong></span> <span class='ocrx_word' id='word_1_405' title='bbox 1733 4257 2116 4325; x_wconf 89' lang='lat' dir='ltr'><strong>absentibus</strong></span> <span class='ocrx_word' id='word_1_406' title='bbox 2162 4258 2242 4324; x_wconf 92' lang='lat' dir='ltr'><strong>de</strong></span> <span class='ocrx_word' id='word_1_407' title='bbox 2285 4259 2412 4324; x_wconf 88' lang='lat' dir='ltr'><strong>hac</strong></span> <span class='ocrx_word' id='word_1_408' title='bbox 2456 4279 2529 4324; x_wconf 89' lang='lat' dir='ltr'><strong>re</strong></span> <span class='ocrx_word' id='word_1_409' title='bbox 2629 4257 2975 4358; x_wconf 77' lang='lat' dir='ltr'><strong>subsultet,</strong></span> <span class='ocrx_word' id='word_1_410' title='bbox 3054 4257 3399 4341; x_wconf 90' lang='lat' dir='ltr'><strong>perturbat</strong></span> <span class='ocrx_word' id='word_1_411' title='bbox 3452 4265 3523 4321; x_wconf 88' lang='lat' dir='ltr'><strong>et</strong></span> <span class='ocrx_word' id='word_1_412' title='bbox 3577 4277 3700 4323; x_wconf 91' lang='lat' dir='ltr'><strong>con</strong></span> <span class='ocrx_word' id='word_1_413' title='bbox 3828 4255 3925 4320; x_wconf 88' lang='lat' dir='ltr'><strong>dit</strong></span> <span class='ocrx_word' id='word_1_414' title='bbox 3968 4255 4298 4340; x_wconf 88' lang='lat' dir='ltr'><strong>permulta</strong></span> <span class='ocrx_word' id='word_1_415' title='bbox 4341 4265 4411 4320; x_wconf 90' lang='lat' dir='ltr'><strong>et</strong></span> <span class='ocrx_word' id='word_1_416' title='bbox 4472 4256 4599 4324; x_wconf 86' lang='lat' dir='ltr'><strong>sibi</strong></span> 
     </span>
     <span class='ocr_line' id='line_1_48' title="bbox 567 4340 4601 4446; baseline 0 -37"><span class='ocrx_word' id='word_1_417' title='bbox 567 4342 936 4410; x_wconf 86' lang='lat' dir='ltr'><strong>iudicarent</strong></span> <span class='ocrx_word' id='word_1_418' title='bbox 978 4343 1268 4409; x_wconf 84' lang='lat' dir='ltr'><strong>seniores</strong></span> <span class='ocrx_word' id='word_1_419' title='bbox 1310 4355 1378 4409; x_wconf 88' lang='lat' dir='ltr'><strong>et</strong></span> <span class='ocrx_word' id='word_1_420' title='bbox 1419 4343 1708 4446; x_wconf 82' lang='lat' dir='ltr'><strong>aliquam</strong></span> <span class='ocrx_word' id='word_1_421' title='bbox 1753 4345 2077 4411; x_wconf 88' lang='lat' dir='ltr'><strong>rationem</strong></span> <span class='ocrx_word' id='word_1_422' title='bbox 2122 4345 2368 4410; x_wconf 89' lang='lat' dir='ltr'><strong>inirent</strong></span> <span class='ocrx_word' id='word_1_423' title='bbox 2411 4364 2529 4428; x_wconf 87' lang='lat' dir='ltr'><strong>pa-</strong></span> <span class='ocrx_word' id='word_1_424' title='bbox 2626 4344 2759 4430; x_wconf 90' lang='lat' dir='ltr'><strong>ipsi</strong></span> <span class='ocrx_word' id='word_1_425' title='bbox 2821 4341 3156 4410; x_wconf 89' lang='lat' dir='ltr'><strong>interdum</strong></span> <span class='ocrx_word' id='word_1_426' title='bbox 3213 4342 3623 4410; x_wconf 88' lang='lat' dir='ltr'><strong>adversatur.</strong></span> <span class='ocrx_word' id='word_1_427' title='bbox 3713 4344 3815 4409; x_wconf 83' lang='lat' dir='ltr'><strong>Ac</strong></span> <span class='ocrx_word' id='word_1_428' title='bbox 3858 4342 3975 4407; x_wconf 87' lang='lat' dir='ltr'><strong>vix</strong></span> <span class='ocrx_word' id='word_1_429' title='bbox 4019 4340 4375 4426; x_wconf 87' lang='lat' dir='ltr'><strong>quidquam</strong></span> <span class='ocrx_word' id='word_1_430' title='bbox 4416 4341 4601 4409; x_wconf 87' lang='lat' dir='ltr'><strong>aliud</strong></span> 
     </span>
     <span class='ocr_line' id='line_1_49' title="bbox 567 4426 4599 4529; baseline -0.001 -33"><span class='ocrx_word' id='word_1_431' title='bbox 567 4428 815 4496; x_wconf 85' lang='lat' dir='ltr'><strong>candae</strong></span> <span class='ocrx_word' id='word_1_432' title='bbox 858 4427 1187 4495; x_wconf 88' lang='lat' dir='ltr'><strong>ecclesiae.</strong></span> <span class='ocrx_word' id='word_1_433' title='bbox 1258 4427 1676 4496; x_wconf 84' lang='lat' dir='ltr'><strong>Consilium</strong></span> <span class='ocrx_word' id='word_1_434' title='bbox 1657 4453 1724 4496; x_wconf 85' lang='lat' dir='ltr'><strong>m</strong></span> <span class='ocrx_word' id='word_1_435' title='bbox 1817 4443 2079 4515; x_wconf 89' lang='lat' dir='ltr'><strong>romptu</strong></span> <span class='ocrx_word' id='word_1_436' title='bbox 2123 4439 2281 4496; x_wconf 88' lang='lat' dir='ltr'><strong>erat.</strong></span> <span class='ocrx_word' id='word_1_437' title='bbox 2354 4429 2531 4496; x_wconf 87' lang='lat' dir='ltr'><strong>Iussi</strong></span> <span class='ocrx_word' id='word_1_438' title='bbox 2630 4453 2717 4497; x_wconf 91' lang='lat' dir='ltr'><strong>ex</strong></span> <span class='ocrx_word' id='word_1_439' title='bbox 2759 4431 2907 4516; x_wconf 91' lang='lat' dir='ltr'><strong>ipso</strong></span> <span class='ocrx_word' id='word_1_440' title='bbox 2948 4428 3257 4513; x_wconf 84' lang='lat' dir='ltr'><strong>colligere</strong></span> <span class='ocrx_word' id='word_1_441' title='bbox 3300 4429 3482 4529; x_wconf 80' lang='lat' dir='ltr'><strong>potui</strong></span> <span class='ocrx_word' id='word_1_442' title='bbox 3526 4428 3843 4494; x_wconf 83' lang='lat' dir='ltr'><strong>hactenns</strong></span> <span class='ocrx_word' id='word_1_443' title='bbox 3887 4446 4078 4512; x_wconf 86' lang='lat' dir='ltr'><strong>quam</strong></span> <span class='ocrx_word' id='word_1_444' title='bbox 4125 4426 4298 4511; x_wconf 90' lang='lat' dir='ltr'><strong>quod</strong></span> <span class='ocrx_word' id='word_1_445' title='bbox 4341 4427 4599 4494; x_wconf 84' lang='lat' dir='ltr'><strong>tumul-</strong></span> 
     </span>
     <span class='ocr_line' id='line_1_50' title="bbox 575 4512 4601 4617; baseline 0.001 -38"><span class='ocrx_word' id='word_1_446' title='bbox 575 4535 728 4580; x_wconf 79' lang='lat' dir='ltr'><strong>vero</strong></span> <span class='ocrx_word' id='word_1_447' title='bbox 784 4535 1018 4580; x_wconf 86' lang='lat' dir='ltr'><strong>sumus</strong></span> <span class='ocrx_word' id='word_1_448' title='bbox 1075 4515 1268 4580; x_wconf 87' lang='lat' dir='ltr'><strong>ambo</strong></span> <span class='ocrx_word' id='word_1_449' title='bbox 1322 4517 1669 4583; x_wconf 88' lang='lat' dir='ltr'><strong>conciones</strong></span> <span class='ocrx_word' id='word_1_450' title='bbox 1726 4518 1738 4532; x_wconf 85' lang='lat'>’</span> <span class='ocrx_word' id='word_1_451' title='bbox 1796 4537 1869 4583; x_wconf 90' lang='lat' dir='ltr'><strong>as</strong></span> <span class='ocrx_word' id='word_1_452' title='bbox 1925 4516 2008 4582; x_wconf 92' lang='lat' dir='ltr'><strong>de</strong></span> <span class='ocrx_word' id='word_1_453' title='bbox 2050 4515 2287 4617; x_wconf 84' lang='lat' dir='ltr'><strong>quibus</strong></span> <span class='ocrx_word' id='word_1_454' title='bbox 2329 4535 2529 4600; x_wconf 89' lang='lat' dir='ltr'><strong>quae-</strong></span> <span class='ocrx_word' id='word_1_455' title='bbox 2630 4525 2861 4584; x_wconf 88' lang='lat' dir='ltr'><strong>tuatur</strong></span> <span class='ocrx_word' id='word_1_456' title='bbox 2902 4525 2973 4581; x_wconf 91' lang='lat' dir='ltr'><strong>et</strong></span> <span class='ocrx_word' id='word_1_457' title='bbox 3013 4536 3181 4599; x_wconf 87' lang='lat' dir='ltr'><strong>quae</strong></span> <span class='ocrx_word' id='word_1_458' title='bbox 3225 4513 3389 4581; x_wconf 90' lang='lat' dir='ltr'><strong>bene</strong></span> <span class='ocrx_word' id='word_1_459' title='bbox 3432 4516 3735 4580; x_wconf 82' lang='lat' dir='ltr'><strong>instituta</strong></span> <span class='ocrx_word' id='word_1_460' title='bbox 3777 4525 3933 4581; x_wconf 89' lang='lat' dir='ltr'><strong>sunt</strong></span> <span class='ocrx_word' id='word_1_461' title='bbox 3976 4512 4236 4595; x_wconf 89' lang='lat' dir='ltr'><strong>oblique</strong></span> <span class='ocrx_word' id='word_1_462' title='bbox 4268 4516 4601 4614; x_wconf 78' lang='lat' dir='ltr'><strong>perstrin-</strong></span> 
     </span>
     <span class='ocr_line' id='line_1_51' title="bbox 567 4598 4601 4686; baseline -0.001 -18"><span class='ocrx_word' id='word_1_463' title='bbox 567 4603 700 4668; x_wconf 87' lang='lat' dir='ltr'><strong>stio</strong></span> <span class='ocrx_word' id='word_1_464' title='bbox 743 4609 888 4666; x_wconf 87' lang='lat' dir='ltr'><strong>erat</strong></span> <span class='ocrx_word' id='word_1_465' title='bbox 929 4600 1205 4685; x_wconf 88' lang='lat' dir='ltr'><strong>scriptas</strong></span> <span class='ocrx_word' id='word_1_466' title='bbox 1248 4598 1423 4680; x_wconf 81' lang='lat' dir='ltr'><strong>dare,</strong></span> <span class='ocrx_word' id='word_1_467' title='bbox 1501 4614 1617 4668; x_wconf 88' lang='lat' dir='ltr'><strong>aut</strong></span> <span class='ocrx_word' id='word_1_468' title='bbox 1657 4603 1892 4669; x_wconf 88' lang='lat' dir='ltr'><strong>saltem</strong></span> <span class='ocrx_word' id='word_1_469' title='bbox 1937 4622 2015 4668; x_wconf 90' lang='lat' dir='ltr'><strong>ca</strong></span> <span class='ocrx_word' id='word_1_470' title='bbox 2060 4604 2154 4668; x_wconf 89' lang='lat' dir='ltr'><strong>ita</strong></span> <span class='ocrx_word' id='word_1_471' title='bbox 2197 4602 2531 4670; x_wconf 89' lang='lat' dir='ltr'><strong>doctrinae</strong></span> <span class='ocrx_word' id='word_1_472' title='bbox 2681 4603 2750 4683; x_wconf 86' lang='lat' dir='ltr'><strong>·,t</strong></span> <span class='ocrx_word' id='word_1_473' title='bbox 2819 4601 3081 4686; x_wconf 87' lang='lat' dir='ltr'><strong>saepius</strong></span> <span class='ocrx_word' id='word_1_474' title='bbox 3139 4601 3341 4667; x_wconf 88' lang='lat' dir='ltr'><strong>etiam</strong></span> <span class='ocrx_word' id='word_1_475' title='bbox 3398 4599 3684 4684; x_wconf 87' lang='lat' dir='ltr'><strong>erumpit</strong></span> <span class='ocrx_word' id='word_1_476' title='bbox 3743 4606 3812 4666; x_wconf 90' lang='lat' dir='ltr'><strong>et</strong></span> <span class='ocrx_word' id='word_1_477' title='bbox 3866 4605 4049 4668; x_wconf 83' lang='lat' dir='ltr'><strong>recta</strong></span> <span class='ocrx_word' id='word_1_478' title='bbox 4107 4600 4373 4684; x_wconf 81' lang='lat' dir='ltr'><strong>impetit</strong></span> <span class='ocrx_word' id='word_1_479' title='bbox 4424 4601 4601 4666; x_wconf 84' lang='lat' dir='ltr'><strong>mira</strong></span> 
     </span>
     <span class='ocr_line' id='line_1_52' title="bbox 571 4684 4399 4784; baseline -0.001 -31"><span class='ocrx_word' id='word_1_480' title='bbox 571 4688 652 4754; x_wconf 91' lang='lat' dir='ltr'><strong>de</strong></span> <span class='ocrx_word' id='word_1_481' title='bbox 696 4707 826 4770; x_wconf 88' lang='lat' dir='ltr'><strong>qua</strong></span> <span class='ocrx_word' id='word_1_482' title='bbox 868 4693 1010 4752; x_wconf 87' lang='lat' dir='ltr'><strong>erat</strong></span> <span class='ocrx_word' id='word_1_483' title='bbox 1066 4687 1527 4754; x_wconf 88' lang='lat' dir='ltr'><strong>controversia.</strong></span> <span class='ocrx_word' id='word_1_484' title='bbox 1587 4687 1953 4755; x_wconf 70' lang='lat' dir='ltr'><strong>Alexander</strong></span> <span class='ocrx_word' id='word_1_485' title='bbox 2053 4689 2182 4754; x_wconf 83' lang='lat' dir='ltr'><strong>ixit</strong></span> <span class='ocrx_word' id='word_1_486' title='bbox 2238 4689 2531 4755; x_wconf 87' lang='lat' dir='ltr'><strong>seniores</strong></span> <span class='ocrx_word' id='word_1_487' title='bbox 2628 4687 3054 4773; x_wconf 73' lang='lat' dir='ltr'><strong>impudentia.</strong></span> <span class='ocrx_word' id='word_1_488' title='bbox 3113 4685 3264 4753; x_wconf 83' lang='lat' dir='ltr'><strong>Sibi</strong></span> <span class='ocrx_word' id='word_1_489' title='bbox 3309 4695 3532 4752; x_wconf 88' lang='lat' dir='ltr'><strong>tamen</strong></span> <span class='ocrx_word' id='word_1_490' title='bbox 3565 4695 3933 4784; x_wconf 78' lang='lat' dir='ltr'><strong>praecavet,</strong></span> <span class='ocrx_word' id='word_1_491' title='bbox 3963 4706 4049 4751; x_wconf 90' lang='lat' dir='ltr'><strong>ne</strong></span> <span class='ocrx_word' id='word_1_492' title='bbox 4089 4684 4329 4751; x_wconf 75' lang='lat' dir='ltr'><strong>salsum</strong></span> <span class='ocrx_word' id='word_1_493' title='bbox 4354 4684 4399 4751; x_wconf 93' lang='lat' dir='ltr'><strong>d</strong></span> 
     </span>
     <span class='ocr_line' id='line_1_53' title="bbox 573 4769 4599 4858; baseline -0 -20"><span class='ocrx_word' id='word_1_494' title='bbox 573 4793 704 4838; x_wconf 90' lang='lat' dir='ltr'><strong>non</strong></span> <span class='ocrx_word' id='word_1_495' title='bbox 752 4793 896 4838; x_wconf 85' lang='lat' dir='ltr'><strong>esse</strong></span> <span class='ocrx_word' id='word_1_496' title='bbox 939 4769 1186 4838; x_wconf 87' lang='lat' dir='ltr'><strong>iudices</strong></span> <span class='ocrx_word' id='word_1_497' title='bbox 1228 4772 1455 4858; x_wconf 88' lang='lat' dir='ltr'><strong>ipsius,</strong></span> <span class='ocrx_word' id='word_1_498' title='bbox 1499 4774 1719 4857; x_wconf 85' lang='lat' dir='ltr'><strong>potius</strong></span> <span class='ocrx_word' id='word_1_499' title='bbox 1762 4795 1906 4840; x_wconf 85' lang='lat' dir='ltr'><strong>esse</strong></span> <span class='ocrx_word' id='word_1_500' title='bbox 1925 4785 2165 4857; x_wconf 87' lang='lat' dir='ltr'><strong>partes,</strong></span> <span class='ocrx_word' id='word_1_501' title='bbox 2209 4794 2410 4858; x_wconf 90' lang='lat' dir='ltr'><strong>seque</strong></span> <span class='ocrx_word' id='word_1_502' title='bbox 2444 4774 2529 4839; x_wconf 90' lang='lat' dir='ltr'><strong>ad</strong></span> <span class='ocrx_word' id='word_1_503' title='bbox 2631 4773 2981 4841; x_wconf 88' lang='lat' dir='ltr'><strong>tradidisse</strong></span> <span class='ocrx_word' id='word_1_504' title='bbox 3004 4772 3326 4839; x_wconf 84' lang='lat' dir='ltr'><strong>videatur.</strong></span> <span class='ocrx_word' id='word_1_505' title='bbox 3384 4771 3531 4838; x_wconf 85' lang='lat' dir='ltr'><strong>Hoc</strong></span> <span class='ocrx_word' id='word_1_506' title='bbox 3553 4790 3712 4856; x_wconf 85' lang='lat' dir='ltr'><strong>ergo</strong></span> <span class='ocrx_word' id='word_1_507' title='bbox 3732 4770 4069 4855; x_wconf 87' lang='lat' dir='ltr'><strong>potissime</strong></span> <span class='ocrx_word' id='word_1_508' title='bbox 4102 4769 4327 4836; x_wconf 88' lang='lat' dir='ltr'><strong>studet</strong></span> <span class='ocrx_word' id='word_1_509' title='bbox 4361 4781 4439 4837; x_wconf 91' lang='lat' dir='ltr'><strong>ut</strong></span> <span class='ocrx_word' id='word_1_510' title='bbox 4474 4775 4599 4837; x_wconf 88' lang='lat' dir='ltr'><strong>im·</strong></span> 
     </span>
     <span class='ocr_line' id='line_1_54' title="bbox 571 4855 4603 4945; baseline 0 -21"><span class='ocrx_word' id='word_1_511' title='bbox 571 4860 946 4942; x_wconf 86' lang='lat' dir='ltr'><strong>episcopum</strong></span> <span class='ocrx_word' id='word_1_512' title='bbox 993 4879 1347 4942; x_wconf 86' lang='lat' dir='ltr'><strong>provocare</strong></span> <span class='ocrx_word' id='word_1_513' title='bbox 1381 4861 1566 4926; x_wconf 89' lang='lat' dir='ltr'><strong>cuius</strong></span> <span class='ocrx_word' id='word_1_514' title='bbox 1599 4859 1841 4926; x_wconf 89' lang='lat' dir='ltr'><strong>iudicio</strong></span> <span class='ocrx_word' id='word_1_515' title='bbox 1876 4871 2051 4926; x_wconf 87' lang='lat' dir='ltr'><strong>stare</strong></span> <span class='ocrx_word' id='word_1_516' title='bbox 2085 4858 2302 4927; x_wconf 73' lang='lat' dir='ltr'><strong>vellet.</strong></span> <span class='ocrx_word' id='word_1_517' title='bbox 2380 4859 2529 4945; x_wconf 80' lang='lat' dir='ltr'><strong>Ego</strong></span> <span class='ocrx_word' id='word_1_518' title='bbox 2631 4862 2911 4944; x_wconf 88' lang='lat' dir='ltr'><strong>peritam</strong></span> <span class='ocrx_word' id='word_1_519' title='bbox 2933 4858 3190 4943; x_wconf 88' lang='lat' dir='ltr'><strong>plebem</strong></span> <span class='ocrx_word' id='word_1_520' title='bbox 3213 4857 3455 4925; x_wconf 85' lang='lat' dir='ltr'><strong>eludat.</strong></span> <span class='ocrx_word' id='word_1_521' title='bbox 3515 4856 3776 4923; x_wconf 88' lang='lat' dir='ltr'><strong>Deinde</strong></span> <span class='ocrx_word' id='word_1_522' title='bbox 3797 4855 4105 4923; x_wconf 85' lang='lat' dir='ltr'><strong>videbam</strong></span> <span class='ocrx_word' id='word_1_523' title='bbox 4126 4856 4265 4922; x_wconf 83' lang='lat' dir='ltr'><strong>fore</strong></span> <span class='ocrx_word' id='word_1_524' title='bbox 4286 4867 4365 4922; x_wconf 90' lang='lat' dir='ltr'><strong>ut</strong></span> <span class='ocrx_word' id='word_1_525' title='bbox 4382 4860 4603 4924; x_wconf 80' lang='lat' dir='ltr'><strong>maior</strong></span> 
     </span>
     <span class='ocr_line' id='line_1_55' title="bbox 573 4941 4601 5095; baseline -0.001 -84"><span class='ocrx_word' id='word_1_526' title='bbox 573 4943 955 5012; x_wconf 81' lang='lat' dir='ltr'><strong>concionem</strong></span> <span class='ocrx_word' id='word_1_527' title='bbox 1019 4963 1234 5010; x_wconf 86' lang='lat' dir='ltr'><strong>meam</strong></span> <span class='ocrx_word' id='word_1_528' title='bbox 1289 4946 1602 5030; x_wconf 83' lang='lat' dir='ltr'><strong>scriptam</strong></span> <span class='ocrx_word' id='word_1_529' title='bbox 1661 4944 1829 5012; x_wconf 89' lang='lat' dir='ltr'><strong>dedi.</strong></span> <span class='ocrx_word' id='word_1_530' title='bbox 1933 4946 2088 5030; x_wconf 91' lang='lat' dir='ltr'><strong>Ipse</strong></span> <span class='ocrx_word' id='word_1_531' title='bbox 2145 4947 2529 5013; x_wconf 85' lang='lat' dir='ltr'><strong>consistorio</strong></span> <span class='ocrx_word' id='word_1_532' title='bbox 2631 4947 3003 5014; x_wconf 83' lang='lat' dir='ltr'><strong>exoriretur</strong></span> <span class='ocrx_word' id='word_1_533' title='bbox 3044 4943 3367 5010; x_wconf 87' lang='lat' dir='ltr'><strong>tumultus</strong></span> <span class='ocrx_word' id='word_1_534' title='bbox 3410 4944 3465 5008; x_wconf 88' lang='lat' dir='ltr'><strong>si</strong></span> <span class='ocrx_word' id='word_1_535' title='bbox 3511 4964 3662 5010; x_wconf 89' lang='lat' dir='ltr'><strong>cum</strong></span> <span class='ocrx_word' id='word_1_536' title='bbox 3707 4941 3974 5009; x_wconf 90' lang='lat' dir='ltr'><strong>homine</strong></span> <span class='ocrx_word' id='word_1_537' title='bbox 4017 4941 4275 5026; x_wconf 91' lang='lat' dir='ltr'><strong>publice</strong></span> <span class='ocrx_word' id='word_1_538' title='bbox 4316 4961 4601 5095; x_wconf 55' lang='lat' dir='ltr'><strong>com</strong></span> 
     </span>
     <span class='ocr_line' id='line_1_56' title="bbox 577 5027 4359 5130; baseline -0.001 -34"><span class='ocrx_word' id='word_1_539' title='bbox 577 5049 808 5130; x_wconf 79' lang='lat' dir='ltr'><strong>parere</strong></span> <span class='ocrx_word' id='word_1_540' title='bbox 863 5028 1090 5095; x_wconf 91' lang='lat' dir='ltr'><strong>noluit.</strong></span> <span class='ocrx_word' id='word_1_541' title='bbox 1198 5029 1642 5113; x_wconf 81' lang='lat' dir='ltr'><strong>Quamobrem</strong></span> <span class='ocrx_word' id='word_1_542' title='bbox 1695 5032 1778 5099; x_wconf 94' lang='lat' dir='ltr'><strong>ob</strong></span> <span class='ocrx_word' id='word_1_543' title='bbox 1832 5032 2334 5111; x_wconf 86' lang='lat' dir='ltr'><strong>contumaciam,</strong></span> <span class='ocrx_word' id='word_1_544' title='bbox 2400 5053 2533 5116; x_wconf 89' lang='lat' dir='ltr'><strong>qua</strong></span> <span class='ocrx_word' id='word_1_545' title='bbox 2631 5032 2825 5099; x_wconf 88' lang='lat' dir='ltr'><strong>derer</strong></span> <span class='ocrx_word' id='word_1_546' title='bbox 2880 5038 3001 5098; x_wconf 90' lang='lat' dir='ltr'><strong>aut</strong></span> <span class='ocrx_word' id='word_1_547' title='bbox 3049 5032 3267 5115; x_wconf 90' lang='lat' dir='ltr'><strong>ipsum</strong></span> <span class='ocrx_word' id='word_1_548' title='bbox 3325 5047 3781 5130; x_wconf 80' lang='lat' dir='ltr'><strong>persequerer:</strong></span> <span class='ocrx_word' id='word_1_549' title='bbox 3854 5028 4134 5112; x_wconf 89' lang='lat' dir='ltr'><strong>denique</strong></span> <span class='ocrx_word' id='word_1_550' title='bbox 4194 5027 4359 5094; x_wconf 83' lang='lat' dir='ltr'><strong>nihil</strong></span> 
     </span>
     <span class='ocr_line' id='line_1_57' title="bbox 577 5114 4601 5215; baseline 0 -36"><span class='ocrx_word' id='word_1_551' title='bbox 577 5133 706 5180; x_wconf 77' lang='lat' dir='ltr'><strong>ram</strong></span> <span class='ocrx_word' id='word_1_552' title='bbox 775 5115 1034 5215; x_wconf 86' lang='lat' dir='ltr'><strong>saepius</strong></span> <span class='ocrx_word' id='word_1_553' title='bbox 1103 5135 1259 5182; x_wconf 86' lang='lat' dir='ltr'><strong>usus</strong></span> <span class='ocrx_word' id='word_1_554' title='bbox 1322 5127 1476 5196; x_wconf 77' lang='lat' dir='ltr'><strong>erat,</strong></span> <span class='ocrx_word' id='word_1_555' title='bbox 1555 5118 1920 5184; x_wconf 87' lang='lat' dir='ltr'><strong>ministerio</strong></span> <span class='ocrx_word' id='word_1_556' title='bbox 1984 5139 2345 5202; x_wconf 87' lang='lat' dir='ltr'><strong>suspensus</strong></span> <span class='ocrx_word' id='word_1_557' title='bbox 2409 5127 2528 5185; x_wconf 90' lang='lat' dir='ltr'><strong>est.</strong></span> <span class='ocrx_word' id='word_1_558' title='bbox 2630 5119 3016 5184; x_wconf 88' lang='lat' dir='ltr'><strong>effecturum</strong></span> <span class='ocrx_word' id='word_1_559' title='bbox 3061 5137 3259 5200; x_wconf 90' lang='lat' dir='ltr'><strong>quam</strong></span> <span class='ocrx_word' id='word_1_560' title='bbox 3304 5117 3360 5183; x_wconf 91' lang='lat' dir='ltr'><strong>si</strong></span> <span class='ocrx_word' id='word_1_561' title='bbox 3404 5136 3557 5183; x_wconf 90' lang='lat' dir='ltr'><strong>cum</strong></span> <span class='ocrx_word' id='word_1_562' title='bbox 3600 5116 3851 5181; x_wconf 89' lang='lat' dir='ltr'><strong>ratione</strong></span> <span class='ocrx_word' id='word_1_563' title='bbox 3890 5114 4189 5180; x_wconf 88' lang='lat' dir='ltr'><strong>insanire</strong></span> <span class='ocrx_word' id='word_1_564' title='bbox 4228 5114 4601 5181; x_wconf 86' lang='lat' dir='ltr'><strong>studerent.</strong></span> 
     </span>
     <span class='ocr_line' id='line_1_58' title="bbox 575 5199 4603 5288; baseline 0 -24"><span class='ocrx_word' id='word_1_565' title='bbox 575 5199 888 5282; x_wconf 72' lang='lat' dir='ltr'><strong>Ocnflugit</strong></span> <span class='ocrx_word' id='word_1_566' title='bbox 935 5199 1016 5266; x_wconf 88' lang='lat' dir='ltr'><strong>ad</strong></span> <span class='ocrx_word' id='word_1_567' title='bbox 1063 5201 1458 5286; x_wconf 84' lang='lat' dir='ltr'><strong>episcopum,</strong></span> <span class='ocrx_word' id='word_1_568' title='bbox 1532 5224 1650 5288; x_wconf 88' lang='lat' dir='ltr'><strong>per</strong></span> <span class='ocrx_word' id='word_1_569' title='bbox 1737 5224 1890 5270; x_wconf 89' lang='lat' dir='ltr'><strong>uem</strong></span> <span class='ocrx_word' id='word_1_570' title='bbox 1933 5203 2201 5270; x_wconf 89' lang='lat' dir='ltr'><strong>tandem</strong></span> <span class='ocrx_word' id='word_1_571' title='bbox 2246 5203 2533 5270; x_wconf 87' lang='lat' dir='ltr'><strong>obtinuit</strong></span> <span class='ocrx_word' id='word_1_572' title='bbox 2632 5204 2779 5270; x_wconf 86' lang='lat' dir='ltr'><strong>Iam</strong></span> <span class='ocrx_word' id='word_1_573' title='bbox 2815 5203 3227 5269; x_wconf 83' lang='lat' dir='ltr'><strong>satisfactum</strong></span> <span class='ocrx_word' id='word_1_574' title='bbox 3262 5211 3407 5269; x_wconf 89' lang='lat' dir='ltr'><strong>erat</strong></span> <span class='ocrx_word' id='word_1_575' title='bbox 3441 5201 3755 5268; x_wconf 87' lang='lat' dir='ltr'><strong>ecclesiae</strong></span> <span class='ocrx_word' id='word_1_576' title='bbox 3789 5222 3938 5266; x_wconf 88' lang='lat' dir='ltr'><strong>mea</strong></span> <span class='ocrx_word' id='word_1_577' title='bbox 3971 5200 4308 5266; x_wconf 87' lang='lat' dir='ltr'><strong>concione:</strong></span> <span class='ocrx_word' id='word_1_578' title='bbox 4384 5200 4603 5266; x_wconf 82' lang='lat' dir='ltr'><strong>Nemo</strong></span> 
     </span>
     <span class='ocr_line' id='line_1_59' title="bbox 575 5283 4603 5375; baseline -0.001 -23"><span class='ocrx_word' id='word_1_579' title='bbox 575 5303 664 5352; x_wconf 85' lang='lat' dir='ltr'><strong>nc</strong></span> <span class='ocrx_word' id='word_1_580' title='bbox 709 5297 1086 5354; x_wconf 85' lang='lat' dir='ltr'><strong>moveretur</strong></span> <span class='ocrx_word' id='word_1_581' title='bbox 1127 5285 1266 5354; x_wconf 90' lang='lat' dir='ltr'><strong>loco</strong></span> <span class='ocrx_word' id='word_1_582' title='bbox 1301 5309 1378 5355; x_wconf 86' lang='lat' dir='ltr'><strong>ac</strong></span> <span class='ocrx_word' id='word_1_583' title='bbox 1415 5288 1960 5358; x_wconf 72' lang='lat' dir='ltr'><strong>reconciliaretur.</strong></span> <span class='ocrx_word' id='word_1_584' title='bbox 2041 5289 2190 5357; x_wconf 86' lang='lat' dir='ltr'><strong>Hoc</strong></span> <span class='ocrx_word' id='word_1_585' title='bbox 2225 5290 2531 5375; x_wconf 85' lang='lat' dir='ltr'><strong>quamvis</strong></span> <span class='ocrx_word' id='word_1_586' title='bbox 2635 5289 3053 5368; x_wconf 85' lang='lat' dir='ltr'><strong>reclamabat,</strong></span> <span class='ocrx_word' id='word_1_587' title='bbox 3092 5308 3283 5353; x_wconf 89' lang='lat' dir='ltr'><strong>nemo</strong></span> <span class='ocrx_word' id='word_1_588' title='bbox 3330 5286 3738 5373; x_wconf 79' lang='lat' dir='ltr'><strong>repugnabat</strong></span> <span class='ocrx_word' id='word_1_589' title='bbox 3772 5307 3958 5352; x_wconf 84' lang='lat' dir='ltr'><strong>meae</strong></span> <span class='ocrx_word' id='word_1_590' title='bbox 3992 5283 4346 5352; x_wconf 81' lang='lat' dir='ltr'><strong>doctrinae.</strong></span> <span class='ocrx_word' id='word_1_591' title='bbox 4428 5283 4603 5351; x_wconf 88' lang='lat' dir='ltr'><strong>Om-</strong></span> 
     </span>
    </p>
   </div>
   <div class='ocr_carea' id='block_1_6' title="bbox 2567 2836 2589 5338">
    <p class='ocr_par' dir='ltr' id='par_1_7' title="bbox 2567 2836 2589 5338">
     <span class='ocr_line' id='line_1_60' title="bbox 2567 2836 2589 5338; baseline 0 0"><span class='ocrx_word' id='word_1_592' title='bbox 2567 2836 2589 5338; x_wconf 95' lang='lat' dir='ltr'><strong> </strong></span> 
     </span>
    </p>
   </div>
   <div class='ocr_carea' id='block_1_7' title="bbox 4818 88 4875 5054">
    <p class='ocr_par' dir='ltr' id='par_1_8' title="bbox 4818 88 4875 5054">
     <span class='ocr_line' id='line_1_61' title="bbox 4818 88 4875 5054; baseline 0 0"><span class='ocrx_word' id='word_1_593' title='bbox 4818 88 4875 5054; x_wconf 95' lang='lat' dir='ltr'><strong> </strong></span> 
     </span>
    </p>
   </div>
   <div class='ocr_carea' id='block_1_8' title="bbox 4841 5203 4852 6092">
    <p class='ocr_par' dir='ltr' id='par_1_9' title="bbox 4841 5203 4852 6092">
     <span class='ocr_line' id='line_1_62' title="bbox 4841 5203 4852 6092; baseline 0 0"><span class='ocrx_word' id='word_1_594' title='bbox 4841 5203 4852 6092; x_wconf 95' lang='lat' dir='ltr'><strong> </strong></span> 
     </span>
    </p>
   </div>
  </div>
 </body>
</html>
