4900 6125
560 429 654 490 39

572 613 797 682 (066166
832 611 971 666 Β1111.
1007 610 1078 664 (16
1112 607 1334 664 666696
1369 607 1489 663 Vol.
1525 607 1645 678 107,
1677 608 1771 663 sol.
1808 607 1927 670 161,
1964 608 2085 663 Vol.
2125 608 2273 680 1152,
2306 611 2403 668 fol.
2440 610 2537 680 113

1028 679 1207 733 Berue
1242 677 1303 731 F.
1344 694 1400 747 6.
1436 677 1541 741 53;
1578 678 1793 732 Bonuet
1827 678 1901 733 11.
1936 676 2086 745 522.)

743 866 1103 944 Monsieur,
1169 873 1391 931 vostre
1456 864 1662 930 lettre
1729 874 1797 931 et
1863 865 1926 933 16
2004 867 2171 934 16611
2236 887 2363 950 que
2427 888 2540 932 ma

570 955 729 1021 faict
772 952 833 1017 16
880 959 1152 1035 6611661
1195 949 1277 1016 (16
1321 959 1543 1017 966116
1587 959 1777 1030 66161,
1834 960 2023 1017 111661
2067 951 2284 1018 (16666
2320 953 2538 1037 616616

572 1041 846 1106 16611616
912 1035 992 1103 (16
1061 1058 1171 1102 166
1235 1038 1490 1122 1661691·
1568 1045 1635 1102 61
1700 1037 1781 1103 (16
1845 1037 2137 1123 glorifier
2201 1038 2376 1104 Dieu
2444 1039 2537 1104 du

571 1126 1010 1210 changement
1052 1122 1189 1207 quil
1234 1145 1276 1187 a
1317 1123 1475 1189 faict
1518 1143 1603 1188 en
1647 1144 1834 1202 vous,
1880 1133 2091 1207 quant
2131 1145 2254 1208 par
2299 1145 2373 1191 sa
2421 1146 2536 1191 vo-

570 1213 751 1278 16616
795 1210 1045 1288 1611616,
1090 1209 1139 1273 11
1185 1230 1348 1275 9666
1391 1228 1433 1272 6
1483 1208 1799 1294 166661119
1860 1232 1945 1276 66
2007 1231 2128 1277 666
2193 1219 2535 1294 11666666,

571 1295 816 1382 duquel
861 1317 1028 1361 vous
1072 1296 1258 1360 69166
1316 1302 1457 1361 6616
1520 1305 1667 1360 1661
1723 1295 2042 1380 eslongne
2096 1297 2365 1379 iusques
2407 1297 2468 1361 ic
2518 1347 2533 1361 .

570 1384 677 1450 En
722 1382 863 1448 cela
910 1382 1141 1447 voions
1186 1402 1357 1446 nous
1410 1400 1665 1447 comme
1721 1381 1769 1445 il
1826 1403 1867 1446 a
1922 1403 2072 1449 6166
2130 1403 2261 1447 666
2304 1383 2427 1448 fois
2498 1404 2536 1448 6

573 1468 816 1535 1666(16
860 1465 942 1532 (16
986 1467 1149 1544 1166,
1196 1487 1395 1551 66669
1464 1477 1671 1550 quant
1726 1467 1774 1531 il
1837 1468 1955 1554 luy
1999 1468 2202 1553 plaist
2244 1466 2325 1533 de
2367 1489 2535 1533 nous

568 1554 831 1621 reduire
878 1573 918 1618 a
961 1575 1100 1636 669,
1146 1563 1283 1620 6661
1326 1574 1579 1619 6616166
1621 1552 1704 1617 sil
1747 1553 2015 1619 formoit
2050 1554 2165 1620 des
2199 1563 2534 1621 creatures

570 1639 932 1707 nouvelles.
1000 1640 1289 1704 Mesmes
1333 1638 1381 1703 il
1419 1638 1708 1722 desploie
1744 1659 1819 1705 sa
1856 1649 2050 1705 vertu
2086 1639 2533 1718 doublement,

572 1727 922 1810 domptant
963 1724 1029 1789 la
1073 1724 1385 1790 rebellion
1431 1746 1552 1809 par
1596 1724 1879 1808 laquelle
1922 1747 2089 1792 nous
2134 1726 2448 1792 resistons
2494 1748 2535 1790 a

570 1836 646 1880 sa
688 1832 903 1897 grace,
971 1833 1055 1876 66
1100 1821 1247 1875 1661
1305 1833 1475 1894 quen
1536 1831 1702 1875 nous
1757 1821 1873 1876 est.
1959 1811 2235 1878 Comme
2278 1811 2327 1875 il
2370 1833 2533 1878 vous

571 1920 613 1965 a
656 1899 861 1983 renge
905 1920 946 1962 a
987 1897 1413 1981 lobeyssance
1459 1897 1540 1962 de
1584 1919 1659 1962 sa
1717 1898 1931 1963 verite
1976 1897 2056 1963 de
2102 1897 2383 1981 laquelle
2429 1918 2532 1962 66·

573 1987 696 2050 1166
740 2004 1041 2068 6666169,
1087 1985 1220 2048 afin
1265 2004 1393 2067 que
1437 2004 1598 2048 vous
1644 1985 2113 2067 congnoissant
2170 1995 2344 2049 estre
2389 1984 2533 2048 sien

572 2093 655 2137 66
702 2070 875 2136 deux
922 2079 1148 2148 sortes,
1215 2090 1384 2135 vous
1428 2069 1598 2135 soiez
1644 2079 1789 2134 tant
1843 2070 1994 2153 6166
2038 2070 2240 2133 166116
2284 2089 2324 2134 6
2367 2090 2534 2134 9666

572 2157 868 2222 adonner
912 2155 1001 2219 du
1041 2163 1183 2220 tout
1226 2162 1268 2219 6
1313 2155 1448 2239 169,
1493 2176 1745 2221 comme
1792 2176 1957 2220 vous
2000 2178 2043 2238 9
2090 2164 2264 2221 66166
2298 2155 2531 2239 oblige.

572 2244 667 2308 Et
709 2241 885 2307 voila
928 2262 1275 2326 pourquoy
1321 2262 1442 2324 par
1486 2241 1553 2307 la
1612 2241 1867 2307 bouchc
1926 2240 2006 2306 de
2052 2263 2170 2306 son
2216 2241 2536 2325 prophete

571 2329 763 2406 Isaie,
808 2327 857 2392 il
904 2328 1214 2412 magnific
1258 2349 1332 2393 sa
1375 2325 1815 2405 misericorde,
1873 2327 2091 2392 disant
2134 2327 2269 2410 quil
2316 2349 2356 2392 a
2397 2335 2536 2392 este

572 2425 808 2480 trouve
853 2413 934 2478 de
977 2413 1175 2480 ceulx
1216 2414 1330 2495 qui
1375 2434 1461 2477 ne
1504 2413 1565 2477 16
1624 2412 2043 2479 6116161161661
2086 2435 2221 2496 666,
2284 2423 2352 2477 61
2395 2413 2534 2495 quil

572 2511 710 2567 sest
754 2499 1009 2565 declere
1054 2505 1096 2564 6
1139 2497 1333 2563 666111
1377 2499 1487 2581 qui
1547 2519 1633 2563 ne
1697 2500 2178 2581 s’enqueroient
2221 2500 2408 2582 point
2451 2497 2535 2563 de

571 2587 711 2669 luy,
755 2599 825 2651 61
868 2607 908 2649 6
951 2585 1119 2650 dict:
1209 2585 1323 2648 Me
1367 2586 1580 2667 96169,
1627 2590 1669 2648 6
1712 2585 1908 2649 666111
1953 2586 2064 2667 qui
2105 2606 2188 2650 66
2223 2585 2535 2649 1’6961661

572 2673 759 2757 66161
796 2692 1075 2753 congnu.
1148 2670 1310 2736 Puis
1352 2669 1521 2734 donc
1565 2669 1726 2753 qu'il
1773 2691 1935 2736 vous
1982 2691 2021 2735 a
2064 2672 2266 2735 retire
2302 2670 2437 2735 dun
2476 2671 2531 2735 si

572 2757 855 2842 profond
923 2755 1171 2822 abisme
1236 2765 1321 2820 66
1400 2776 1564 2820 9666
1628 2757 1827 2820 661166
1893 2756 2152 2841 plonge,
2218 2757 2266 2820 il
2336 2765 2533 2835 reste,

574 2844 934 2916 Monsieur‚
980 2863 1114 2906 non
1162 2841 1526 2906 seulement
1568 2862 1694 2924 que
1754 2863 1916 2908 vous
1959 2842 2076 2926 luy
2121 2842 2321 2908 faciez
2367 2843 2533 2907 hon-

572 2952 744 2996 neur
788 2939 857 2994 et
913 2928 1263 3011 hommage
1329 2927 1469 2992 dun
1533 2927 1622 2992 tel
1689 2926 1858 3005 bien,
1927 2930 2096 2993 mais
2159 2950 2358 3013 66669
2408 2950 2534 3011 que

573 3036 741 3083 vous
784 3014 1055 3081 mectiez
1102 3014 1293 3097 paine
1336 3034 1376 3078 6
1418 3034 1585 3079 9666
1627 3013 1957 3097 acquicter
1999 3013 2080 3079 de
2123 3035 2245 3081 966
2280 3034 2534 3080 611616·

575 3125 711 3189 ges,
770 3122 935 3168 vous
990 3100 1351 3184 emploiant
1409 3100 1544 3165 dun
1603 3100 1742 3166 6616
1798 3109 1944 3165 1661
1999 3101 2150 3183 6166
2216 3100 2451 3166 ardent
2496 3108 2537 3165 a

576 3208 992 3271 6661669916
1037 3186 1103 3251 16
1146 3207 1373 3252 666166
1418 3185 1702 3269 laquelle
1745 3208 1912 3251 vous
1956 3208 2114 3251 avez
2158 3195 2537 3253 commence

576 3276 730 3340 bien
776 3272 942 3338 tard.
1034 3271 1113 3337 si
1159 3271 1273 3338 des
1314 3282 1538 3338 nostre
1597 3273 1870 3338 enfance
1939 3294 2106 3339 nous
2149 3273 2378 3339 avions
2422 3273 2536 3338 ba-

578 3359 788 3424 1611116
854 3366 1390 3423 96116666616661
1458 3368 1527 3423 61
1604 3359 1758 3423 faict
1824 3357 2202 3424 merveilles
2228 3409 2244 3437 ,
2325 3359 2533 3423 sainct

577 3445 753 3512 Paul
809 3443 944 3510 dict
999 3443 1139 3527 quil
1192 3465 1275 3509 66
1331 3465 1496 3509 6666
1531 3443 1845 3509 fauldroit
1897 3444 2084 3528 point
2140 3443 2453 3529 regarder
2499 3450 2540 3509 6

580 3538 730 3596 1661
770 3529 832 3595 16
876 3539 1065 3613 66666
1110 3529 1191 3595 (16
1248 3550 1416 3613 6661
1475 3529 1693 3596 (166116
1742 3528 2046 3596 refroidis
2106 3552 2195 3597 66
2241 3530 2539 3597 retardez

580 3624 624 3682 6
665 3615 983 3682 ladvenir.
1073 3615 1249 3681 Mais
1292 3626 1503 3699 quant
1544 3636 1712 3682 nous
1755 3638 1959 3683 avons
1994 3624 2132 3683 este
2169 3617 2275 3683 lon
2328 3626 2540 3700 temps

579 3702 894 3781 inutilles,
942 3711 1009 3766 et
1046 3722 1330 3768 mesmes
1365 3722 1492 3784 que
1536 3723 1703 3768 nous
1748 3724 1956 3769 69666
2013 3712 2344 3769 contrane
2390 3709 2432 3767 a
2476 3702 2543 3766 16

581 3789 835 3855 saincte
880 3787 1148 3852 volunte
1192 3787 1271 3852 de
1315 3789 1510 3867 Dieu,
1556 3788 1620 3853 la
1662 3789 1977 3854 memoire
2023 3788 2103 3853 de
2140 3810 2261 3854 666
2297 3788 2541 3853 1661166

580 3895 844 3958 6666666
911 3896 1076 3940 6666
1121 3871 1486 3940 doibvent*
1551 3874 1863 3941 solliciter
1929 3882 1969 3939 6
2034 3895 2201 3940 6666
2268 3875 2543 3940 efforcer

582 3971 732 4025 tant
777 3960 944 4043 6166.
1034 3960 1123 4024 Et
1187 3961 1249 4024 ie
1307 3961 1465 4038 veie,
1512 3961 1872 4038 Monsieur,
1929 3981 2055 4044 que
2099 3961 2275 4026 Dieu
2335 3981 2374 4025 a
2430 3961 2541 4026 be-

582 4056 834 4131 songne
874 4068 956 4111 66
1004 4066 1185 4123 9666,
1232 4066 1363 4110 666
1410 4046 1774 4112 seulement
1816 4067 1981 4130 pour
2024 4069 2186 4112 vous
2230 4047 2393 4111 faire
2437 4067 2541 4111 re-

582 4134 804 4201 cevoir
848 4132 911 4197 la
956 4131 1251 4198 doctrine
1295 4132 1375 4196 de
1419 4132 1614 4211 66161,
1660 4132 1826 4199 61616
1871 4154 2068 4218 66669
2114 4154 2279 4199 9666
2324 4133 2542 4197 (16666

581 4218 893 4302 couraige
937 4218 1019 4283 de
1065 4238 1376 4299 procurer
1419 4240 1543 4301 que
1592 4239 1707 4285 966
1752 4219 2039 4284 subiectz
2084 4240 2253 4286 vous
2299 4241 2540 4304 66669·

582 4314 741 4371 9661
806 4314 875 4370 61
940 4325 1105 4369 9666
1171 4306 1475 4369 11666661
1537 4305 1948 4390 compaignie
2007 4312 2049 4370 6
2091 4306 2305 4371 661911
2348 4304 2541 4389 celuy

583 4390 820 4475 auquel
866 4391 1242 4474 appartient
1274 4398 1418 4455 tout
1459 4392 1709 4473 6166116
1765 4392 2113 4457 souverain
2172 4390 2262 4456 du
2307 4392 2429 4456 ciel
2475 4400 2543 4455 et

584 4477 666 4542 de
712 4478 775 4543 la
816 4486 1011 4542 terre.
1101 4477 1209 4541 En
1254 4496 1427 4560 quoy
1493 4477 1555 4541 16
1614 4497 1777 4543 9666
1833 4476 2123 4563 ayderay
2183 4477 2246 4543 le
2290 4477 2542 4543 miculx

583 4563 721 4646 quil
764 4583 871 4628 me
915 4584 1064 4628 sera
1106 4561 1409 4647 possible,
1453 4583 1703 4629 comme
1748 4585 1947 4648 66669
1984 4572 2133 4630 1666
2168 4585 2308 4630 1666
2336 4565 2544 4629 freres

584 4658 654 4714 61
687 4649 1174 4733 compaignons,
1211 4659 1278 4713 61
1298 4670 1391 4732 69
1416 4669 1455 4712 6
1477 4649 1669 4734 66169
1692 4651 1806 4734 qui
1841 4671 1925 4716 ne
1948 4647 2159 4716 desire
2194 4650 2544 4733 semploier

584 4741 628 4799 6
669 4755 835 4800 9666
890 4735 1050 4800 faire
1105 4735 1375 4799 service.
1464 4734 1648 4802 Nous
1700 4735 2137 4821 regarderons
2182 4735 2349 4802 donc
2392 4735 2544 4819 quel

582 4822 805 4886 moien
850 4819 900 4883 il
943 4843 989 4903 y
1025 4840 1187 4885 aura
1230 4820 1576 4887 dadresser
1617 4843 1782 4906 gens
1824 4822 2136 4888 suffisans
2171 4831 2236 4887 et
2269 4843 2544 4905 propres

587 4928 628 4971 a
685 4906 1055 4990 enseigner,
1111 4908 1243 4972 afin
1298 4927 1424 4990 que
1468 4906 1861 4975 Iesuschrist
1918 4906 2179 4973 (1616166
2245 4907 2546 4990 661611116-

584 5002 774 5057 16661
816 5001 897 5058 ou
953 4991 1003 5057 il
1050 5012 1214 5058 vous
1274 5015 1315 5058 a
1369 4991 1584 5058 donne
1638 4994 2044 5077 superiorite.
2135 4992 2544 5073 Seulement,

586 5077 950 5155 Monsieur,
1031 5099 1269 5161 616666
1336 5079 1641 5164 couraige
1710 5100 1750 5144 6
1812 5099 2213 5163 6616696161,
2291 5101 2544 5146 comme

588 5183 756 5229 vous
799 5183 959 5229 avez
1006 5165 1157 5230 bien
1203 5174 1596 5245 6616166666,
1638 5175 1706 5231 61
1762 5185 2016 5231 6616166
2061 5165 2236 5230 Ι)166
2291 5187 2462 5231 9666
2505 5187 2545 5230 6

589 5249 807 5314 661696
851 5271 936 5315 en
981 5248 1180 5335 degre
1222 5249 1586 5332 dhonneur,
1659 5272 1786 5336 que
1835 5271 2004 5317 vous
2059 5252 2229 5316 66166
2296 5274 2381 5318 66
2428 5273 2544 5318 ex-

589 5333 802 5417 661616
845 5356 885 5401 6
918 5344 1087 5403 1666.

2094 422 2625 491 EPISTOLAE
2671 426 3097 492 3977—3979
4507 433 4573 497 60

2815 613 2954 681 Sur
2995 637 3192 702 quoy,
3218 616 3583 695 Monsieur,
3621 637 3816 700 apres
3849 622 4114 684 m’estre
4150 617 4575 685 humblement

2641 702 3099 767 recommande
3168 708 3209 767 6
3265 712 3483 768 vostre
3537 702 3754 769 bonne
3811 724 4025 787 grace,
4080 707 4151 789 je
4229 703 4576 790 6666116169

2503 793 2518 818 ’
2639 795 2866 852 666116
2913 786 3041 852 1166
3085 789 3279 866 Dieu,
3324 808 3492 854 vous
3537 788 3714 854 tenir
3754 809 3841 854 66
3886 811 3960 856 66
4003 788 4226 875 garde,
4282 811 4437 856 vous
4475 791 4580 856 for·

2643 871 2841 936 tiffier
2907 872 2988 938 de
3054 894 3130 939 66
3191 881 3389 940 96116
3456 883 3523 939 61
3588 875 3904 941 acroistre
3970 897 4054 942 en
4119 883 4266 942 tout
4330 876 4470 940 bien
4526 885 4581 941 et

2639 959 3026 1042 6166661116.
3113 958 3220 1025 De
3268 959 3559 1039 Geneve,
3607 981 3680 1027 ce
3725 963 3838 1024 8²¹⁶
3885 962 3965 1029 de
3999 961 4222 1047 juillet
4275 964 4450 1027 1563.

3520 1505 3723 1576 3978.

3127 1659 3562 1728 ZANCHUS
3609 1658 4124 1729 GARNERIO.

2812 1829 2982 1896 Fusa
3045 1837 3272 1899 narrat
3325 1853 3448 1915 quo
3498 1838 3682 1916 pacto
3743 1833 4052 1898 adductus
4108 1835 4194 1899 sit
4235 1840 4306 1899 ut
4351 1835 4589 1917 Amus-

2637 1922 2824 1982 tanae
2868 1917 3277 1984 subscriberet
3313 1920 3498 2002 pacis
3532 1921 3877 1984 servandae
3910 1940 4107 1986 causa
4141 1920 4252 1986 sed
4281 1940 4506 2003 praem
4515 1920 4588 1983 is·

2635 2003 2734 2068 sis
2776 2003 3250 2086 exceptionibus.

2916 2174 3028 2240 (Ex
3066 2175 3270 2228 Zauchi
3308 2175 3449 2245 066.
3484 2176 3636 2230 Τ616.
3674 2175 3825 2230 Vm.
3863 2176 3934 2229 P.
3971 2175 4041 2232 11.
4079 2194 4134 2246 p.
4174 2176 4327 2241 141.)

2809 2347 2960 2411 Non
3005 2348 3100 2411 116
3139 2347 3349 2411 616116
3396 2356 3550 2414 6616
3595 2348 3927 2414 nundinas
3994 2359 4270 2429 nostras,
4301 2355 4360 2426 ¹)
4407 2349 4592 2415 frater

2636 2431 3062 2512 observande,
3129 2432 3397 2499 domum
3443 2457 3525 2499 ex
3582 2433 3823 2500 finibus
3882 2433 4117 2500 Italiae
4167 2435 4371 2500 redii:
4437 2436 4594 2501 filius

2637 2539 2794 2583 vero
2838 2529 2993 2583 tuus
3059 2540 3270 2603 nuper
3326 2541 3364 2583 a
3407 2542 3513 2585 me
3572 2520 3824 2604 accepit
3901 2520 4219 2604 quidquid
4285 2522 4598 2605 reliquum

2639 2603 2852 2669 fuerat
2888 2626 2970 2669 ex
3015 2605 3311 2687 pecuniis
3355 2606 3528 2688 apud
3576 2628 3680 2672 me
3725 2605 3989 2672 relictis.

2813 2691 2914 2755 De
2960 2699 3186 2755 nostra
3229 2699 3452 2756 autem
3497 2691 3961 2775 compositione
4018 2713 4152 2756 666
4199 2705 4494 2776 praestat
4539 2701 4600 2756 ut

2637 2774 2846 2840 multa
2890 2776 3189 2842 scribam.
3277 2778 3545 2842 Veritas
3613 2777 3693 2843 de
3761 2778 4079 2861 principio
4143 2781 4388 2843 maiori
4450 2780 4600 2862 parti

2638 2861 2766 2925 fuit
2822 2863 3103 2945 cognita,
3151 2862 3465 2928 iudicium
3512 2862 3800 2947 Capituli
3846 2864 3974 2927 fuit
4018 2864 4361 2930 auditum:
4425 2879 4600 2948 atque

2637 2947 2731 3011 ita
2775 2948 3096 3026 auditum,
3139 2957 3217 3013 ut
3259 2947 3527 3014 tandem
3573 2948 3885 3026 viderint,
3929 2948 4312 3032 Capitulum
4374 2952 4602 3016 factum

2644 3053 2788 3099 esse
2867 3041 3144 3117 partem,
3225 3042 3496 3118 propter
3574 3035 3938 3101 bonitatem
4005 3055 4260 3102 causae.
4371 3037 4602 3104 Iudicia

2643 3119 3168 3200 Academiarum,
3251 3122 3675 3187 ecclesiarum
3756 3130 3823 3186 et
3911 3121 4186 3187 aliorum
4249 3124 4602 3189 multorum

2644 3205 2979 3272 doctorum
3028 3208 3323 3273 virorum
3383 3207 3585 3273 lecta:
3654 3227 3800 3272 mea
3855 3208 4244 3290 supplicatio
4291 3210 4478 3275 visa:
4543 3210 4602 3273 in

2643 3311 2771 3374 qua
2840 3296 2911 3355 61
2979 3291 3350 3358 6616616166
3418 3293 3726 3377 depulsae
3801 3292 4006 3358 latine
4085 3304 4152 3358 et
4211 3296 4600 3377 germanion,

2641 3386 2826 3442 taceo
2871 3377 2951 3442 de
2996 3379 3079 3443 iis
3123 3399 3289 3461 quae
3334 3378 3714 3462 Capitulum
3761 3381 3902 3462 egit
3943 3388 4010 3445 et
4065 3379 4394 3446 exhibuit.
4485 3381 4601 3446 Ne-

2645 3483 2771 3545 que
2824 3463 3198 3546 disputatio,
3259 3485 3471 3547 neque
3525 3464 3938 3547 colloquium,
4013 3486 4226 3549 neque
4281 3466 4602 3533 sententia

2643 3548 2748 3614 vel
2795 3548 3085 3615 Senatus
3130 3549 3238 3615 vel
3295 3549 3754 3635 theologorum
3811 3549 4117 3630 ullorum,
4184 3552 4601 3638 interpretari

2641 3637 2859 3717 potuit
2913 3657 3031 3719 per
3090 3636 3425 3721 integrum
3486 3637 3822 3702 biennium
3882 3646 3950 3702 et
4004 3637 4306 3721 amplius.
4407 3637 4600 3719 Quid·

2642 3721 2798 3802 quid
2833 3720 3260 3799 scribebatur,
3298 3721 3804 3800 declamabatur,
3852 3722 4191 3788 dicebatur
4213 3732 4456 3789 contra
4487 3745 4596 3797 me,

2644 3805 2990 3872 audiebam
3027 3806 3290 3890 quidem
3327 3829 3410 3873 ex
3447 3818 3666 3892 parte:
3713 3806 3930 3873 sedin
3968 3817 4196 3886 totum,
4243 3831 4335 3874 66
4373 3811 4594 3876 bonam

2641 3891 2984 3974 perderem
3031 3912 3316 3970 6666616,
3362 3892 3724 3976 prudenter
3768 3892 4180 3959 dissimulavi
4239 3906 4306 3959 et
4349 3894 4594 3979 pertuli.

2643 3978 2725 4043 In
2770 3978 3063 4045 scholam
3109 3978 3321 4045 redire
3362 3999 3699 4062 nunquam
3744 3979 3965 4045 iussus
4009 3980 4133 4044 fui:
4181 3979 4308 4047 hoc
4351 3992 4598 4047 tantum

2642 4076 2955 4148 perpetuo
3000 4065 3159 4149 petii
3203 4078 3280 4130 ut
3319 4064 3610 4131 dicerent
3655 4064 3749 4130 illi
3789 4086 4065 4147 quorum
4117 4068 4466 4145 intererat,
4521 4087 4596 4131 au

2645 4150 3011 4215 doctrinam
3079 4151 3242 4215 mihi
3310 4150 3629 4217 obiectam
3686 4160 3753 4216 et
3809 4172 3968 4216 vere
4012 4172 4053 4215 a
4095 4172 4202 4216 me
4271 4153 4596 4225 traditam,

2644 4234 3011 4303 iudicarent
3053 4236 3453 4304 haereticam
3513 4244 3582 4303 61
3637 4257 3879 4303 669616
3929 4258 4071 4303 6666
4129 4258 4381 4305 necne:
4439 4259 4594 4305 nun·

2645 4343 2838 4406 quam
2883 4323 3070 4406 potui
3115 4322 3239 4389 hoc
3283 4322 3527 4389 audire.
3615 4320 3950 4388 Dederam
3994 4323 4235 4389 librum
4277 4324 4594 4407 quendam

2642 4408 3250 4492 imprimendum,2)
3294 4410 3364 4473 in
3420 4429 3548 4492 quo
3593 4408 3731 4474 sola
3771 4407 4069 4473 doctrina
4112 4409 4596 4481 defendebatur.

2645 4495 2787 4560 sine
2854 4493 3052 4559 ullius
3117 4495 3404 4561 hominis
3471 4495 3822 4574 mentione,
3877 4506 4346 4578 praeterquam
4409 4493 4596 4563 semel

2647 4579 3029 4657 Marbachii,
3090 4579 3208 4646 sed
3252 4602 3400 4647 cum
3444 4580 3660 4660 laude,
3717 4581 3860 4646 6166
3904 4581 4233 4661 666916116,
4281 4584 4433 4648 sine
4482 4580 4594 4647 cri·

2646 4665 3145 4732 minationibus:
3193 4666 3320 4731 fuit
3363 4665 3662 4750 proditus
3707 4675 3774 4731 et-
3811 4686 4225 4749 suppressus.
4589 4716 4602 4735 .

2819 4749 3117 4817 Tandem
3160 4763 3490 4818 venerunt
3532 4753 3760 4818 arbitri
3777 4755 3836 4828 8)
3881 4753 3985 4817 961
4031 4754 4250 4836 661166
4285 4754 4594 4838 composi·

2646 4848 2837 4917 16166,
2906 4859 3135 4905 616666
3179 4839 3509 4915 contrarii,
3563 4837 3672 4903 vel
3715 4837 3949 4904 saltem
3995 4841 4314 4922 suspecti:
4387 4839 4592 4906 nullus

2646 4925 2820 4989 enim
2848 4946 2888 4989 a
2914 4923 3214 4989 Palatino
3235 4925 3558 4991 Electore.
3619 4923 3741 4990 Isti
3787 4932 3936 4991 acta
3977 4924 4306 5007 legerunt,
4343 4936 4414 4993 et
4443 4926 4594 4992 utri·

2645 5031 2851 5094 usque
2909 5010 3114 5093 partis
3171 5010 3445 5094 scripta:
3503 5010 3871 5076 retulerunt
3930 5032 4121 5076 suum
4169 5009 4254 5076 ad
4297 5023 4592 5079 senatum

2852 5286 2888 5341 2
2952 5286 3199 5355 opo-ino
3235 5284 3342 5351 (N.
3378 5284 3562 5351 3936).

2645 5217 2830 5272 8978.
2858 5216 2917 5423 l}
2951 5217 3150 5273 Idibus
3177 5216 3368 5270 Iuniis
3401 5215 3465 5270 id
3493 5216 3704 5281 factum
3734 5216 3912 5284 fuisse
3944 5217 4096 5274 docet
4133 5216 4388 5281 116971,
4427 5214 4590 5273 not&

2854 5356 2888 5409 3
2947 5354 3078 5412 ibid.
