<?xml version="1.0" encoding="UTF-8"?>
<!DOCTYPE html PUBLIC "-//W3C//DTD XHTML 1.0 Transitional//EN"
    "http://www.w3.org/TR/xhtml1/DTD/xhtml1-transitional.dtd">
<html xmlns="http://www.w3.org/1999/xhtml" xml:lang="en" lang="en">
 <head>
  <title>
</title>
<meta http-equiv="Content-Type" content="text/html;charset=utf-8" />
  <meta name='ocr-system' content='tesseract 3.04.00' />
  <meta name='ocr-capabilities' content='ocr_page ocr_carea ocr_par ocr_line ocrx_word'/>
</head>
<body>
  <div class='ocr_page' id='page_1' title='image "./ioanniscalvinio12unkngoog/ioanniscalvinio12unkngoog_0505.png"; bbox 0 0 4900 6125; ppageno 0'>
   <div class='ocr_carea' id='block_1_1' title="bbox 301 412 419 476">
    <p class='ocr_par' dir='ltr' id='par_1_1' title="bbox 301 412 419 476">
     <span class='ocr_line' id='line_1_1' title="bbox 301 412 419 476; baseline -0.008 -1"><span class='ocrx_word' id='word_1_1' title='bbox 301 412 419 476; x_wconf 88' lang='grc'>197</span> 
     </span>
    </p>
   </div>
   <div class='ocr_carea' id='block_1_2' title="bbox 292 598 2269 4454">
    <p class='ocr_par' dir='ltr' id='par_1_2' title="bbox 292 598 2264 1884">
     <span class='ocr_line' id='line_1_2' title="bbox 293 598 2251 686; baseline 0.002 -22"><span class='ocrx_word' id='word_1_2' title='bbox 293 598 725 666; x_wconf 88' lang='lat' dir='ltr'>vehementer</span> <span class='ocrx_word' id='word_1_3' title='bbox 779 605 1047 686; x_wconf 88' lang='lat' dir='ltr'>gratum</span> <span class='ocrx_word' id='word_1_4' title='bbox 1113 619 1256 665; x_wconf 88' lang='lat' dir='ltr'>esse</span> <span class='ocrx_word' id='word_1_5' title='bbox 1319 600 1645 685; x_wconf 80' lang='lat' dir='ltr'><strong>perspexi.</strong></span> <span class='ocrx_word' id='word_1_6' title='bbox 1744 599 1985 667; x_wconf 79' lang='lat' dir='ltr'><strong>Postea</strong></span> <span class='ocrx_word' id='word_1_7' title='bbox 2047 622 2251 684; x_wconf 90' lang='lat' dir='ltr'>quum</span> 
     </span>
     <span class='ocr_line' id='line_1_3' title="bbox 294 684 2253 767; baseline 0.002 -16"><span class='ocrx_word' id='word_1_8' title='bbox 294 705 397 751; x_wconf 90' lang='lat' dir='ltr'>res</span> <span class='ocrx_word' id='word_1_9' title='bbox 441 685 820 752; x_wconf 86' lang='lat' dir='ltr'>differretur</span> <span class='ocrx_word' id='word_1_10' title='bbox 837 688 894 763; x_wconf 64' lang='grc' dir='ltr'>θ)</span> <span class='ocrx_word' id='word_1_11' title='bbox 937 694 1003 752; x_wconf 88' lang='lat' dir='ltr'>et</span> <span class='ocrx_word' id='word_1_12' title='bbox 1054 685 1481 753; x_wconf 90' lang='lat' dir='ltr'>sollicitarent</span> <span class='ocrx_word' id='word_1_13' title='bbox 1527 684 1902 767; x_wconf 86' lang='lat' dir='ltr'>Aureliani,</span> <span class='ocrx_word' id='word_1_14' title='bbox 1946 691 2013 752; x_wconf 91' lang='lat' dir='ltr'>et</span> <span class='ocrx_word' id='word_1_15' title='bbox 2056 687 2253 755; x_wconf 91' lang='lat' dir='ltr'>rebus</span> 
     </span>
     <span class='ocr_line' id='line_1_4' title="bbox 294 771 2251 855; baseline 0.001 -17"><span class='ocrx_word' id='word_1_16' title='bbox 294 771 602 855; x_wconf 76' lang='lat' dir='ltr'>expensis</span> <span class='ocrx_word' id='word_1_17' title='bbox 665 792 923 838; x_wconf 91' lang='lat' dir='ltr'>mecum</span> <span class='ocrx_word' id='word_1_18' title='bbox 991 772 1213 837; x_wconf 79' lang='lat' dir='ltr'>omnia</span> <span class='ocrx_word' id='word_1_19' title='bbox 1277 771 1633 838; x_wconf 88' lang='lat' dir='ltr'>meditatus</span> <span class='ocrx_word' id='word_1_20' title='bbox 1699 772 2251 839; x_wconf 89' lang='lat' dir='ltr'>communicarem</span> 
     </span>
     <span class='ocr_line' id='line_1_5' title="bbox 292 856 2258 944; baseline 0 -20"><span class='ocrx_word' id='word_1_21' title='bbox 292 878 441 924; x_wconf 88' lang='lat' dir='ltr'>cum</span> <span class='ocrx_word' id='word_1_22' title='bbox 488 857 842 936; x_wconf 79' lang='lat' dir='ltr'>nonnullis,</span> <span class='ocrx_word' id='word_1_23' title='bbox 887 857 1071 923; x_wconf 85' lang='lat' dir='ltr'>effeci</span> <span class='ocrx_word' id='word_1_24' title='bbox 1115 864 1192 922; x_wconf 93' lang='lat' dir='ltr'>ut</span> <span class='ocrx_word' id='word_1_25' title='bbox 1233 878 1354 942; x_wconf 88' lang='lat' dir='ltr'>per</span> <span class='ocrx_word' id='word_1_26' title='bbox 1394 856 1599 923; x_wconf 90' lang='lat' dir='ltr'>bonos</span> <span class='ocrx_word' id='word_1_27' title='bbox 1643 857 1819 924; x_wconf 89' lang='lat' dir='ltr'>viros</span> <span class='ocrx_word' id='word_1_28' title='bbox 1853 857 2258 944; x_wconf 80' lang='lat' dir='ltr'>intelligeret</span> 
     </span>
     <span class='ocr_line' id='line_1_6' title="bbox 294 941 2256 1034; baseline 0.002 -27"><span class='ocrx_word' id='word_1_29' title='bbox 294 943 378 1008; x_wconf 91' lang='lat' dir='ltr'>D.</span> <span class='ocrx_word' id='word_1_30' title='bbox 424 941 575 1007; x_wconf 82' lang='lat' dir='ltr'>Am.</span> <span class='ocrx_word' id='word_1_31' title='bbox 621 942 776 1026; x_wconf 90' lang='lat' dir='ltr'>quid</span> <span class='ocrx_word' id='word_1_32' title='bbox 820 942 1108 1008; x_wconf 78' lang='lat' dir='ltr'>maxime</span> <span class='ocrx_word' id='word_1_33' title='bbox 1163 963 1473 1027; x_wconf 87' lang='lat' dir='ltr'>cuperem</span> <span class='ocrx_word' id='word_1_34' title='bbox 1516 950 1713 1034; x_wconf 74' lang='lat' dir='ltr'>atque</span> <span class='ocrx_word' id='word_1_35' title='bbox 1756 944 1827 1008; x_wconf 90' lang='lat' dir='ltr'>in</span> <span class='ocrx_word' id='word_1_36' title='bbox 1872 943 2093 1009; x_wconf 88' lang='lat' dir='ltr'>animo</span> <span class='ocrx_word' id='word_1_37' title='bbox 2136 945 2256 1010; x_wconf 81' lang='lat' dir='ltr'>bs-</span> 
     </span>
     <span class='ocr_line' id='line_1_7' title="bbox 294 1027 2257 1114; baseline 0.001 -20"><span class='ocrx_word' id='word_1_38' title='bbox 294 1027 540 1094; x_wconf 90' lang='lat' dir='ltr'>berem.</span> <span class='ocrx_word' id='word_1_39' title='bbox 644 1030 864 1112; x_wconf 85' lang='lat' dir='ltr'>Atque</span> <span class='ocrx_word' id='word_1_40' title='bbox 920 1037 1095 1106; x_wconf 86' lang='lat' dir='ltr'>tunc,</span> <span class='ocrx_word' id='word_1_41' title='bbox 1162 1030 1406 1095; x_wconf 89' lang='lat' dir='ltr'>nuncio</span> <span class='ocrx_word' id='word_1_42' title='bbox 1464 1027 1663 1094; x_wconf 88' lang='lat' dir='ltr'>allato</span> <span class='ocrx_word' id='word_1_43' title='bbox 1721 1028 1802 1095; x_wconf 91' lang='lat' dir='ltr'>de</span> <span class='ocrx_word' id='word_1_44' title='bbox 1860 1030 2257 1114; x_wconf 83' lang='lat' dir='ltr'>profectione</span> 
     </span>
     <span class='ocr_line' id='line_1_8' title="bbox 296 1113 2259 1199; baseline 0.002 -21"><span class='ocrx_word' id='word_1_45' title='bbox 296 1113 381 1179; x_wconf 90' lang='lat' dir='ltr'>D.</span> <span class='ocrx_word' id='word_1_46' title='bbox 435 1113 634 1180; x_wconf 65' lang='lat' dir='ltr'>Vinci</span> <span class='ocrx_word' id='word_1_47' title='bbox 675 1115 748 1179; x_wconf 90' lang='lat' dir='ltr'>in</span> <span class='ocrx_word' id='word_1_48' title='bbox 790 1113 1199 1199; x_wconf 83' lang='lat' dir='ltr'>provinciam</span> <span class='ocrx_word' id='word_1_49' title='bbox 1236 1114 1644 1194; x_wconf 68' lang='lat' dir='ltr'>Occimm,</span> <span class='ocrx_word' id='word_1_50' title='bbox 1689 1115 1828 1199; x_wconf 88' lang='lat' dir='ltr'>ipse</span> <span class='ocrx_word' id='word_1_51' title='bbox 1862 1116 2259 1182; x_wconf 86' lang='lat' dir='ltr'>sententiam</span> 
     </span>
     <span class='ocr_line' id='line_1_9' title="bbox 293 1197 2256 1285; baseline 0.002 -20"><span class='ocrx_word' id='word_1_52' title='bbox 293 1201 599 1266; x_wconf 84' lang='lat' dir='ltr'>mutavit.</span> <span class='ocrx_word' id='word_1_53' title='bbox 711 1197 848 1266; x_wconf 81' lang='lat' dir='ltr'>Sed</span> <span class='ocrx_word' id='word_1_54' title='bbox 921 1200 1084 1266; x_wconf 86' lang='lat' dir='ltr'>haec</span> <span class='ocrx_word' id='word_1_55' title='bbox 1162 1200 1359 1267; x_wconf 90' lang='lat' dir='ltr'>rebus</span> <span class='ocrx_word' id='word_1_56' title='bbox 1424 1200 1707 1283; x_wconf 89' lang='lat' dir='ltr'>peractis</span> <span class='ocrx_word' id='word_1_57' title='bbox 1771 1222 2256 1285; x_wconf 88' lang='lat' dir='ltr'>supervacanea</span> 
     </span>
     <span class='ocr_line' id='line_1_10' title="bbox 294 1284 2258 1370; baseline 0.001 -20"><span class='ocrx_word' id='word_1_58' title='bbox 294 1292 469 1351; x_wconf 91' lang='lat' dir='ltr'>sunt.</span> <span class='ocrx_word' id='word_1_59' title='bbox 559 1284 706 1351; x_wconf 91' lang='lat' dir='ltr'>Iam</span> <span class='ocrx_word' id='word_1_60' title='bbox 752 1287 929 1350; x_wconf 90' lang='lat' dir='ltr'>enim</span> <span class='ocrx_word' id='word_1_61' title='bbox 974 1307 1016 1351; x_wconf 91' lang='lat' dir='ltr'>a</span> <span class='ocrx_word' id='word_1_62' title='bbox 1058 1307 1165 1351; x_wconf 90' lang='lat' dir='ltr'>me</span> <span class='ocrx_word' id='word_1_63' title='bbox 1209 1287 1454 1369; x_wconf 85' lang='lat' dir='ltr'>scripta</span> <span class='ocrx_word' id='word_1_64' title='bbox 1497 1285 1795 1352; x_wconf 86' lang='lat' dir='ltr'>arbitror.</span> <span class='ocrx_word' id='word_1_65' title='bbox 1820 1288 1877 1364; x_wconf 80' lang='lat'>⁷)</span> <span class='ocrx_word' id='word_1_66' title='bbox 1961 1286 2154 1370; x_wconf 75' lang='lat' dir='ltr'>Quod</span> <span class='ocrx_word' id='word_1_67' title='bbox 2199 1287 2258 1353; x_wconf 94' lang='lat' dir='ltr'>si</span> 
     </span>
     <span class='ocr_line' id='line_1_11' title="bbox 294 1370 2261 1456; baseline 0.001 -18"><span class='ocrx_word' id='word_1_68' title='bbox 294 1377 542 1456; x_wconf 89' lang='lat' dir='ltr'>repeto,</span> <span class='ocrx_word' id='word_1_69' title='bbox 587 1392 670 1437; x_wconf 91' lang='lat' dir='ltr'>ne</span> <span class='ocrx_word' id='word_1_70' title='bbox 714 1392 821 1437; x_wconf 91' lang='lat' dir='ltr'>me</span> <span class='ocrx_word' id='word_1_71' title='bbox 864 1370 1275 1437; x_wconf 79' lang='lat' dir='ltr'>familiariter</span> <span class='ocrx_word' id='word_1_72' title='bbox 1308 1380 1548 1452; x_wconf 89' lang='lat' dir='ltr'>tecum,</span> <span class='ocrx_word' id='word_1_73' title='bbox 1592 1378 1668 1436; x_wconf 91' lang='lat' dir='ltr'>ut</span> <span class='ocrx_word' id='word_1_74' title='bbox 1688 1372 1881 1452; x_wconf 80' lang='lat' dir='ltr'>selec,</span> <span class='ocrx_word' id='word_1_75' title='bbox 1929 1372 2010 1438; x_wconf 90' lang='lat' dir='ltr'>de</span> <span class='ocrx_word' id='word_1_76' title='bbox 2030 1373 2261 1439; x_wconf 89' lang='lat' dir='ltr'>eadem</span> 
     </span>
     <span class='ocr_line' id='line_1_12' title="bbox 296 1457 2261 1540; baseline 0.001 -17"><span class='ocrx_word' id='word_1_77' title='bbox 296 1478 403 1523; x_wconf 88' lang='lat' dir='ltr'>sae</span> <span class='ocrx_word' id='word_1_78' title='bbox 451 1457 559 1522; x_wconf 87' lang='lat' dir='ltr'>ius</span> <span class='ocrx_word' id='word_1_79' title='bbox 601 1457 976 1540; x_wconf 88' lang='lat' dir='ltr'>loquentem</span> <span class='ocrx_word' id='word_1_80' title='bbox 1021 1463 1087 1522; x_wconf 89' lang='lat' dir='ltr'>et</span> <span class='ocrx_word' id='word_1_81' title='bbox 1130 1458 1449 1523; x_wconf 86' lang='lat' dir='ltr'>rationem</span> <span class='ocrx_word' id='word_1_82' title='bbox 1504 1457 1663 1523; x_wconf 80' lang='lat' dir='ltr'>facti</span> <span class='ocrx_word' id='word_1_83' title='bbox 1705 1458 1837 1524; x_wconf 91' lang='lat' dir='ltr'>mei</span> <span class='ocrx_word' id='word_1_84' title='bbox 1879 1458 2261 1525; x_wconf 84' lang='lat' dir='ltr'>reddentem</span> 
     </span>
     <span class='ocr_line' id='line_1_13' title="bbox 296 1543 2260 1630; baseline 0.001 -22"><span class='ocrx_word' id='word_1_85' title='bbox 296 1563 402 1608; x_wconf 95' lang='lat' dir='ltr'>mo</span> <span class='ocrx_word' id='word_1_86' title='bbox 428 1551 571 1609; x_wconf 87' lang='lat' dir='ltr'>este</span> <span class='ocrx_word' id='word_1_87' title='bbox 607 1543 800 1609; x_wconf 85' lang='lat' dir='ltr'>feras.</span> <span class='ocrx_word' id='word_1_88' title='bbox 889 1543 1045 1608; x_wconf 85' lang='lat' dir='ltr'>Huc</span> <span class='ocrx_word' id='word_1_89' title='bbox 1083 1551 1303 1609; x_wconf 89' lang='lat' dir='ltr'>autem</span> <span class='ocrx_word' id='word_1_90' title='bbox 1350 1553 1571 1627; x_wconf 88' lang='lat' dir='ltr'>specto</span> <span class='ocrx_word' id='word_1_91' title='bbox 1629 1551 1707 1609; x_wconf 89' lang='lat' dir='ltr'>ut</span> <span class='ocrx_word' id='word_1_92' title='bbox 1766 1544 2099 1630; x_wconf 80' lang='lat' dir='ltr'>intelligas</span> <span class='ocrx_word' id='word_1_93' title='bbox 2152 1566 2260 1610; x_wconf 91' lang='lat' dir='ltr'>me</span> 
     </span>
     <span class='ocr_line' id='line_1_14' title="bbox 297 1628 2264 1712; baseline 0.002 -19"><span class='ocrx_word' id='word_1_94' title='bbox 297 1648 637 1712; x_wconf 88' lang='lat' dir='ltr'>nunquam</span> <span class='ocrx_word' id='word_1_95' title='bbox 685 1628 1087 1712; x_wconf 88' lang='lat' dir='ltr'>poenituisse</span> <span class='ocrx_word' id='word_1_96' title='bbox 1130 1629 1385 1695; x_wconf 89' lang='lat' dir='ltr'>consilii</span> <span class='ocrx_word' id='word_1_97' title='bbox 1432 1629 1545 1709; x_wconf 91' lang='lat' dir='ltr'>tui,</span> <span class='ocrx_word' id='word_1_98' title='bbox 1606 1636 1721 1694; x_wconf 87' lang='lat' dir='ltr'>aut</span> <span class='ocrx_word' id='word_1_99' title='bbox 1767 1630 1981 1712; x_wconf 82' lang='lat' dir='ltr'>potius</span> <span class='ocrx_word' id='word_1_100' title='bbox 2039 1638 2116 1696; x_wconf 90' lang='lat' dir='ltr'>ut</span> <span class='ocrx_word' id='word_1_101' title='bbox 2169 1630 2264 1696; x_wconf 86' lang='lat' dir='ltr'>fa-</span> 
     </span>
     <span class='ocr_line' id='line_1_15' title="bbox 296 1714 2261 1783; baseline 0 -3"><span class='ocrx_word' id='word_1_102' title='bbox 296 1721 437 1780; x_wconf 86' lang='lat' dir='ltr'>tear</span> <span class='ocrx_word' id='word_1_103' title='bbox 503 1734 613 1779; x_wconf 91' lang='lat' dir='ltr'>me</span> <span class='ocrx_word' id='word_1_104' title='bbox 669 1714 838 1780; x_wconf 89' lang='lat' dir='ltr'>istuc</span> <span class='ocrx_word' id='word_1_105' title='bbox 898 1714 1168 1780; x_wconf 89' lang='lat' dir='ltr'>consilio</span> <span class='ocrx_word' id='word_1_106' title='bbox 1225 1724 1294 1780; x_wconf 87' lang='lat' dir='ltr'>et</span> <span class='ocrx_word' id='word_1_107' title='bbox 1348 1714 1692 1780; x_wconf 87' lang='lat' dir='ltr'>voluntate</span> <span class='ocrx_word' id='word_1_108' title='bbox 1734 1716 1864 1781; x_wconf 89' lang='lat' dir='ltr'>Dei</span> <span class='ocrx_word' id='word_1_109' title='bbox 1907 1714 2261 1783; x_wconf 88' lang='lat' dir='ltr'>adductum</span> 
     </span>
     <span class='ocr_line' id='line_1_16' title="bbox 297 1798 1729 1884; baseline 0 -19"><span class='ocrx_word' id='word_1_110' title='bbox 297 1821 459 1879; x_wconf 88' lang='lat' dir='ltr'>esse,</span> <span class='ocrx_word' id='word_1_111' title='bbox 504 1798 621 1865; x_wconf 89' lang='lat' dir='ltr'>ubi</span> <span class='ocrx_word' id='word_1_112' title='bbox 665 1819 771 1866; x_wconf 91' lang='lat' dir='ltr'>me</span> <span class='ocrx_word' id='word_1_113' title='bbox 811 1820 944 1864; x_wconf 90' lang='lat' dir='ltr'>non</span> <span class='ocrx_word' id='word_1_114' title='bbox 987 1800 1288 1865; x_wconf 89' lang='lat' dir='ltr'>inutilem</span> <span class='ocrx_word' id='word_1_115' title='bbox 1333 1800 1475 1865; x_wconf 88' lang='lat' dir='ltr'>fore</span> <span class='ocrx_word' id='word_1_116' title='bbox 1519 1821 1729 1884; x_wconf 90' lang='lat' dir='ltr'>spero.</span> 
     </span>
    </p>

    <p class='ocr_par' dir='ltr' id='par_1_3' title="bbox 297 1883 2269 3324">
     <span class='ocr_line' id='line_1_17' title="bbox 467 1883 2264 1970; baseline 0.002 -21"><span class='ocrx_word' id='word_1_117' title='bbox 467 1883 575 1950; x_wconf 91' lang='lat' dir='ltr'>De</span> <span class='ocrx_word' id='word_1_118' title='bbox 619 1892 798 1951; x_wconf 90' lang='lat' dir='ltr'>statu</span> <span class='ocrx_word' id='word_1_119' title='bbox 841 1884 1149 1952; x_wconf 88' lang='lat' dir='ltr'>ecclesiae</span> <span class='ocrx_word' id='word_1_120' title='bbox 1193 1892 1459 1951; x_wconf 84' lang='lat' dir='ltr'>nostrae</span> <span class='ocrx_word' id='word_1_121' title='bbox 1514 1886 1745 1970; x_wconf 81' lang='lat' dir='ltr'>scripsi</span> <span class='ocrx_word' id='word_1_122' title='bbox 1806 1886 2103 1953; x_wconf 77' lang='lat' dir='ltr'>antehac.</span> <span class='ocrx_word' id='word_1_123' title='bbox 2193 1887 2264 1953; x_wconf 91' lang='lat' dir='ltr'>Is</span> 
     </span>
     <span class='ocr_line' id='line_1_18' title="bbox 298 1972 2263 2056; baseline 0 -19"><span class='ocrx_word' id='word_1_124' title='bbox 298 1980 395 2038; x_wconf 88' lang='lat' dir='ltr'>est</span> <span class='ocrx_word' id='word_1_125' title='bbox 431 1977 813 2036; x_wconf 88' lang='lat' dir='ltr'>nostrorum</span> <span class='ocrx_word' id='word_1_126' title='bbox 857 1993 1177 2037; x_wconf 89' lang='lat' dir='ltr'>numerus</span> <span class='ocrx_word' id='word_1_127' title='bbox 1210 1977 1304 2050; x_wconf 89' lang='lat' dir='ltr'>ut,</span> <span class='ocrx_word' id='word_1_128' title='bbox 1349 1972 1660 2054; x_wconf 87' lang='lat' dir='ltr'>quoniam</span> <span class='ocrx_word' id='word_1_129' title='bbox 1696 1972 1887 2054; x_wconf 88' lang='lat' dir='ltr'>plura</span> <span class='ocrx_word' id='word_1_130' title='bbox 1921 1980 2036 2038; x_wconf 83' lang='lat' dir='ltr'>aut</span> <span class='ocrx_word' id='word_1_131' title='bbox 2069 1993 2263 2056; x_wconf 79' lang='lat' dir='ltr'>capa-</span> 
     </span>
     <span class='ocr_line' id='line_1_19' title="bbox 298 2055 2265 2142; baseline 0 -18"><span class='ocrx_word' id='word_1_132' title='bbox 298 2057 471 2124; x_wconf 92' lang='lat' dir='ltr'>ciora</span> <span class='ocrx_word' id='word_1_133' title='bbox 513 2056 657 2123; x_wconf 85' lang='lat' dir='ltr'>loca</span> <span class='ocrx_word' id='word_1_134' title='bbox 699 2065 1046 2142; x_wconf 83' lang='lat' dir='ltr'>negantur,</span> <span class='ocrx_word' id='word_1_135' title='bbox 1106 2078 1277 2124; x_wconf 89' lang='lat' dir='ltr'>nova</span> <span class='ocrx_word' id='word_1_136' title='bbox 1321 2055 1618 2124; x_wconf 87' lang='lat' dir='ltr'>aedificia</span> <span class='ocrx_word' id='word_1_137' title='bbox 1675 2056 1746 2122; x_wconf 91' lang='lat' dir='ltr'>in</span> <span class='ocrx_word' id='word_1_138' title='bbox 1798 2056 1881 2123; x_wconf 92' lang='lat' dir='ltr'>iis</span> <span class='ocrx_word' id='word_1_139' title='bbox 1934 2057 2095 2125; x_wconf 84' lang='lat' dir='ltr'>locis</span> <span class='ocrx_word' id='word_1_140' title='bbox 2153 2057 2265 2124; x_wconf 89' lang='lat' dir='ltr'>ubi</span> 
     </span>
     <span class='ocr_line' id='line_1_20' title="bbox 298 2142 2267 2227; baseline -0.001 -17"><span class='ocrx_word' id='word_1_141' title='bbox 298 2142 658 2210; x_wconf 87' lang='lat' dir='ltr'>convenire</span> <span class='ocrx_word' id='word_1_142' title='bbox 702 2142 993 2208; x_wconf 90' lang='lat' dir='ltr'>solemus</span> <span class='ocrx_word' id='word_1_143' title='bbox 1027 2151 1370 2208; x_wconf 79' lang='lat' dir='ltr'>exstruere</span> <span class='ocrx_word' id='word_1_144' title='bbox 1404 2162 1738 2227; x_wconf 88' lang='lat' dir='ltr'>cogamur.</span> <span class='ocrx_word' id='word_1_145' title='bbox 1803 2142 2009 2210; x_wconf 83' lang='lat' dir='ltr'>Nobis</span> <span class='ocrx_word' id='word_1_146' title='bbox 2042 2151 2267 2227; x_wconf 90' lang='lat' dir='ltr'>postu-</span> 
     </span>
     <span class='ocr_line' id='line_1_21' title="bbox 298 2227 2264 2313; baseline 0.001 -19"><span class='ocrx_word' id='word_1_147' title='bbox 298 2227 590 2294; x_wconf 87' lang='lat' dir='ltr'>lantibus</span> <span class='ocrx_word' id='word_1_148' title='bbox 612 2247 995 2294; x_wconf 92' lang='lat' dir='ltr'>ooncessum</span> <span class='ocrx_word' id='word_1_149' title='bbox 1019 2234 1122 2292; x_wconf 89' lang='lat' dir='ltr'>est</span> <span class='ocrx_word' id='word_1_150' title='bbox 1143 2249 1183 2293; x_wconf 79' lang='lat' dir='ltr'>a</span> <span class='ocrx_word' id='word_1_151' title='bbox 1200 2237 1435 2294; x_wconf 78' lang='lat' dir='ltr'>senatu</span> <span class='ocrx_word' id='word_1_152' title='bbox 1458 2229 1639 2313; x_wconf 87' lang='lat' dir='ltr'>regio</span> <span class='ocrx_word' id='word_1_153' title='bbox 1662 2249 1749 2293; x_wconf 92' lang='lat' dir='ltr'>ne</span> <span class='ocrx_word' id='word_1_154' title='bbox 1770 2228 1945 2294; x_wconf 88' lang='lat' dir='ltr'>ullae</span> <span class='ocrx_word' id='word_1_155' title='bbox 1967 2228 2264 2312; x_wconf 86' lang='lat' dir='ltr'>publicae</span> 
     </span>
     <span class='ocr_line' id='line_1_22' title="bbox 297 2313 2266 2398; baseline -0.001 -18"><span class='ocrx_word' id='word_1_156' title='bbox 297 2314 812 2398; x_wconf 88' lang='lat' dir='ltr'>supplicationes</span> <span class='ocrx_word' id='word_1_157' title='bbox 853 2314 1039 2393; x_wconf 78' lang='lat' dir='ltr'>fiant,</span> <span class='ocrx_word' id='word_1_158' title='bbox 1095 2320 1164 2379; x_wconf 92' lang='lat' dir='ltr'>et</span> <span class='ocrx_word' id='word_1_159' title='bbox 1207 2314 1451 2379; x_wconf 88' lang='lat' dir='ltr'>vetitae</span> <span class='ocrx_word' id='word_1_160' title='bbox 1492 2323 1648 2380; x_wconf 91' lang='lat' dir='ltr'>sunt</span> <span class='ocrx_word' id='word_1_161' title='bbox 1691 2313 1813 2380; x_wconf 90' lang='lat' dir='ltr'>sub</span> <span class='ocrx_word' id='word_1_162' title='bbox 1857 2315 2123 2380; x_wconf 89' lang='lat' dir='ltr'>nomine</span> <span class='ocrx_word' id='word_1_163' title='bbox 2168 2314 2266 2379; x_wconf 93' lang='lat' dir='ltr'>di-</span> 
     </span>
     <span class='ocr_line' id='line_1_23' title="bbox 298 2397 2269 2485; baseline 0 -19"><span class='ocrx_word' id='word_1_164' title='bbox 298 2421 534 2466; x_wconf 88' lang='lat' dir='ltr'>vorum</span> <span class='ocrx_word' id='word_1_165' title='bbox 594 2407 1021 2485; x_wconf 75' lang='grc' dir='ltr'>συμφρατρίαι.</span> <span class='ocrx_word' id='word_1_166' title='bbox 1089 2397 1446 2483; x_wconf 84' lang='lat' dir='ltr'>Supericre</span> <span class='ocrx_word' id='word_1_167' title='bbox 1505 2399 1915 2467; x_wconf 84' lang='lat' dir='ltr'>hebdomada</span> <span class='ocrx_word' id='word_1_168' title='bbox 1971 2401 2269 2466; x_wconf 84' lang='lat' dir='ltr'>Helvetii</span> 
     </span>
     <span class='ocr_line' id='line_1_24' title="bbox 299 2483 2265 2570; baseline 0.001 -19"><span class='ocrx_word' id='word_1_169' title='bbox 299 2486 410 2570; x_wconf 86' lang='lat' dir='ltr'>qui</span> <span class='ocrx_word' id='word_1_170' title='bbox 453 2486 569 2551; x_wconf 86' lang='lat' dir='ltr'>hic</span> <span class='ocrx_word' id='word_1_171' title='bbox 611 2486 683 2550; x_wconf 90' lang='lat' dir='ltr'>in</span> <span class='ocrx_word' id='word_1_172' title='bbox 726 2483 1072 2569; x_wconf 86' lang='lat' dir='ltr'>praesidiis</span> <span class='ocrx_word' id='word_1_173' title='bbox 1105 2492 1298 2550; x_wconf 87' lang='lat' dir='ltr'>erant</span> <span class='ocrx_word' id='word_1_174' title='bbox 1331 2484 1622 2551; x_wconf 77' lang='lat' dir='ltr'>revocati</span> <span class='ocrx_word' id='word_1_175' title='bbox 1658 2485 1982 2566; x_wconf 89' lang='lat' dir='ltr'>abierunt,</span> <span class='ocrx_word' id='word_1_176' title='bbox 2028 2507 2265 2569; x_wconf 89' lang='lat' dir='ltr'>eosque</span> 
     </span>
     <span class='ocr_line' id='line_1_25' title="bbox 300 2569 2267 2655; baseline 0.001 -18"><span class='ocrx_word' id='word_1_177' title='bbox 300 2573 486 2638; x_wconf 88' lang='lat' dir='ltr'>aiunt</span> <span class='ocrx_word' id='word_1_178' title='bbox 532 2591 887 2655; x_wconf 89' lang='lat' dir='ltr'>properare</span> <span class='ocrx_word' id='word_1_179' title='bbox 930 2569 1257 2636; x_wconf 82' lang='lat' dir='ltr'>Oaletum.</span> <span class='ocrx_word' id='word_1_180' title='bbox 1342 2571 1762 2636; x_wconf 85' lang='lat' dir='ltr'>Evertuntur</span> <span class='ocrx_word' id='word_1_181' title='bbox 1802 2571 2057 2638; x_wconf 75' lang='lat' dir='ltr'>interea</span> <span class='ocrx_word' id='word_1_182' title='bbox 2089 2572 2267 2637; x_wconf 88' lang='lat' dir='ltr'>muri</span> 
     </span>
     <span class='ocr_line' id='line_1_26' title="bbox 298 2655 2265 2742; baseline 0 -20"><span class='ocrx_word' id='word_1_183' title='bbox 298 2665 365 2722; x_wconf 89' lang='lat' dir='ltr'>et</span> <span class='ocrx_word' id='word_1_184' title='bbox 404 2656 909 2742; x_wconf 87' lang='lat' dir='ltr'>propugnacula</span> <span class='ocrx_word' id='word_1_185' title='bbox 943 2655 1233 2721; x_wconf 87' lang='lat' dir='ltr'>maximo</span> <span class='ocrx_word' id='word_1_186' title='bbox 1268 2676 1406 2720; x_wconf 91' lang='lat' dir='ltr'>non</span> <span class='ocrx_word' id='word_1_187' title='bbox 1441 2662 1702 2721; x_wconf 89' lang='lat' dir='ltr'>tantum</span> <span class='ocrx_word' id='word_1_188' title='bbox 1740 2665 2111 2724; x_wconf 89' lang='lat' dir='ltr'>nostrorum</span> <span class='ocrx_word' id='word_1_189' title='bbox 2149 2657 2265 2724; x_wconf 90' lang='lat' dir='ltr'>sed</span> 
     </span>
     <span class='ocr_line' id='line_1_27' title="bbox 300 2740 2266 2827; baseline 0.001 -20"><span class='ocrx_word' id='word_1_190' title='bbox 300 2743 597 2808; x_wconf 88' lang='lat' dir='ltr'>omnium</span> <span class='ocrx_word' id='word_1_191' title='bbox 655 2743 906 2808; x_wconf 82' lang='lat' dir='ltr'>civium</span> <span class='ocrx_word' id='word_1_192' title='bbox 948 2740 1188 2807; x_wconf 90' lang='lat' dir='ltr'>dolore.</span> <span class='ocrx_word' id='word_1_193' title='bbox 1276 2741 1370 2807; x_wconf 83' lang='lat' dir='ltr'>Et</span> <span class='ocrx_word' id='word_1_194' title='bbox 1416 2741 1590 2826; x_wconf 90' lang='lat' dir='ltr'>quod</span> <span class='ocrx_word' id='word_1_195' title='bbox 1646 2762 1765 2825; x_wconf 90' lang='lat' dir='ltr'>per</span> <span class='ocrx_word' id='word_1_196' title='bbox 1818 2742 2070 2827; x_wconf 88' lang='lat' dir='ltr'>aliquot</span> <span class='ocrx_word' id='word_1_197' title='bbox 2127 2742 2266 2809; x_wconf 91' lang='lat' dir='ltr'>dies</span> 
     </span>
     <span class='ocr_line' id='line_1_28' title="bbox 298 2826 2265 2911; baseline 0 -17"><span class='ocrx_word' id='word_1_198' title='bbox 298 2828 757 2895; x_wconf 84' lang='lat' dir='ltr'>intermissum</span> <span class='ocrx_word' id='word_1_199' title='bbox 798 2826 1001 2893; x_wconf 86' lang='lat' dir='ltr'>fuisse</span> <span class='ocrx_word' id='word_1_200' title='bbox 1044 2828 1438 2910; x_wconf 77' lang='lat' dir='ltr'>scripseram</span> <span class='ocrx_word' id='word_1_201' title='bbox 1482 2828 1779 2911; x_wconf 87' lang='lat' dir='ltr'>sequenti</span> <span class='ocrx_word' id='word_1_202' title='bbox 1825 2826 1930 2894; x_wconf 84' lang='lat' dir='ltr'>die</span> <span class='ocrx_word' id='word_1_203' title='bbox 1974 2828 2265 2894; x_wconf 89' lang='lat' dir='ltr'>redinte-</span> 
     </span>
     <span class='ocr_line' id='line_1_29' title="bbox 298 2911 2266 2999; baseline 0.001 -19"><span class='ocrx_word' id='word_1_204' title='bbox 298 2923 564 2999; x_wconf 83' lang='lat' dir='ltr'>gratum</span> <span class='ocrx_word' id='word_1_205' title='bbox 630 2921 746 2981; x_wconf 86' lang='lat' dir='ltr'>est.</span> <span class='ocrx_word' id='word_1_206' title='bbox 858 2911 1233 2979; x_wconf 83' lang='lat' dir='ltr'>Senserunt</span> <span class='ocrx_word' id='word_1_207' title='bbox 1305 2912 1482 2978; x_wconf 92' lang='lat' dir='ltr'>enim</span> <span class='ocrx_word' id='word_1_208' title='bbox 1562 2921 1827 2980; x_wconf 85' lang='lat' dir='ltr'>autores</span> <span class='ocrx_word' id='word_1_209' title='bbox 1906 2914 2266 2981; x_wconf 88' lang='lat' dir='ltr'>eversionis</span> 
     </span>
     <span class='ocr_line' id='line_1_30' title="bbox 301 2998 2265 3084; baseline -0.001 -17"><span class='ocrx_word' id='word_1_210' title='bbox 301 3009 593 3081; x_wconf 87' lang='lat' dir='ltr'>nostros,</span> <span class='ocrx_word' id='word_1_211' title='bbox 661 3000 773 3084; x_wconf 89' lang='lat' dir='ltr'>qui</span> <span class='ocrx_word' id='word_1_212' title='bbox 829 3005 1085 3065; x_wconf 88' lang='lat' dir='ltr'>tantam</span> <span class='ocrx_word' id='word_1_213' title='bbox 1143 2999 1399 3065; x_wconf 89' lang='lat' dir='ltr'>ruinam</span> <span class='ocrx_word' id='word_1_214' title='bbox 1444 2998 1763 3083; x_wconf 90' lang='lat' dir='ltr'>impedire</span> <span class='ocrx_word' id='word_1_215' title='bbox 1805 2999 2127 3084; x_wconf 83' lang='lat' dir='ltr'>poterant,</span> <span class='ocrx_word' id='word_1_216' title='bbox 2195 3000 2265 3066; x_wconf 93' lang='lat' dir='ltr'>in</span> 
     </span>
     <span class='ocr_line' id='line_1_31' title="bbox 299 3084 2265 3153; baseline 0.001 -3"><span class='ocrx_word' id='word_1_217' title='bbox 299 3087 519 3153; x_wconf 78' lang='lat' dir='ltr'>sulam</span> <span class='ocrx_word' id='word_1_218' title='bbox 563 3085 937 3152; x_wconf 84' lang='lat' dir='ltr'>adventare.</span> <span class='ocrx_word' id='word_1_219' title='bbox 1025 3084 1165 3151; x_wconf 83' lang='lat' dir='ltr'>Nos</span> <span class='ocrx_word' id='word_1_220' title='bbox 1230 3084 1426 3149; x_wconf 89' lang='lat' dir='ltr'>hodie</span> <span class='ocrx_word' id='word_1_221' title='bbox 1468 3084 1848 3152; x_wconf 89' lang='lat' dir='ltr'>hominibus</span> <span class='ocrx_word' id='word_1_222' title='bbox 1911 3085 2265 3152; x_wconf 88' lang='lat' dir='ltr'>admodum</span> 
     </span>
     <span class='ocr_line' id='line_1_32' title="bbox 299 3169 2265 3255; baseline 0.001 -19"><span class='ocrx_word' id='word_1_223' title='bbox 299 3172 492 3239; x_wconf 86' lang='lat' dir='ltr'>invisi</span> <span class='ocrx_word' id='word_1_224' title='bbox 540 3181 611 3237; x_wconf 93' lang='lat' dir='ltr'>et</span> <span class='ocrx_word' id='word_1_225' title='bbox 651 3170 855 3238; x_wconf 89' lang='lat' dir='ltr'>odiosi</span> <span class='ocrx_word' id='word_1_226' title='bbox 899 3191 1148 3249; x_wconf 87' lang='lat' dir='ltr'>sumus,</span> <span class='ocrx_word' id='word_1_227' title='bbox 1206 3169 1319 3236; x_wconf 91' lang='lat' dir='ltr'>sed</span> <span class='ocrx_word' id='word_1_228' title='bbox 1364 3191 1441 3235; x_wconf 90' lang='lat' dir='ltr'>eo</span> <span class='ocrx_word' id='word_1_229' title='bbox 1484 3171 1698 3255; x_wconf 87' lang='lat' dir='ltr'>magis</span> <span class='ocrx_word' id='word_1_230' title='bbox 1741 3191 2084 3255; x_wconf 88' lang='lat' dir='ltr'>speramus</span> <span class='ocrx_word' id='word_1_231' title='bbox 2141 3193 2265 3239; x_wconf 89' lang='lat' dir='ltr'>nos</span> 
     </span>
     <span class='ocr_line' id='line_1_33' title="bbox 298 3256 905 3324; baseline -0.007 0"><span class='ocrx_word' id='word_1_232' title='bbox 298 3258 438 3324; x_wconf 91' lang='lat' dir='ltr'>Deo</span> <span class='ocrx_word' id='word_1_233' title='bbox 609 3264 708 3323; x_wconf 91' lang='lat' dir='ltr'>tos</span> <span class='ocrx_word' id='word_1_234' title='bbox 748 3256 905 3322; x_wconf 85' lang='lat' dir='ltr'>fore.</span> 
     </span>
    </p>

    <p class='ocr_par' dir='ltr' id='par_1_4' title="bbox 296 3341 2267 4454">
     <span class='ocr_line' id='line_1_34' title="bbox 536 3341 2265 3424; baseline 0 -16"><span class='ocrx_word' id='word_1_235' title='bbox 536 3344 803 3409; x_wconf 88' lang='lat' dir='ltr'>icesima</span> <span class='ocrx_word' id='word_1_236' title='bbox 844 3342 1044 3407; x_wconf 87' lang='lat' dir='ltr'>huius</span> <span class='ocrx_word' id='word_1_237' title='bbox 1085 3341 1331 3406; x_wconf 88' lang='lat' dir='ltr'>mensis</span> <span class='ocrx_word' id='word_1_238' title='bbox 1382 3341 1722 3424; x_wconf 86' lang='lat' dir='ltr'>ingressus</span> <span class='ocrx_word' id='word_1_239' title='bbox 1777 3349 1879 3407; x_wconf 88' lang='lat' dir='ltr'>est</span> <span class='ocrx_word' id='word_1_240' title='bbox 1921 3341 2265 3408; x_wconf 88' lang='lat' dir='ltr'>Lutetiam</span> 
     </span>
     <span class='ocr_line' id='line_1_35' title="bbox 296 3427 2265 3510; baseline -0.002 -13"><span class='ocrx_word' id='word_1_241' title='bbox 296 3428 587 3506; x_wconf 76' lang='lat' dir='ltr'>Amir.⁸)</span> <span class='ocrx_word' id='word_1_242' title='bbox 654 3434 887 3495; x_wconf 89' lang='lat' dir='ltr'>contra</span> <span class='ocrx_word' id='word_1_243' title='bbox 964 3428 1260 3492; x_wconf 89' lang='lat' dir='ltr'>omnium</span> <span class='ocrx_word' id='word_1_244' title='bbox 1339 3427 1892 3510; x_wconf 76' lang='lat' dir='ltr'>exspectationem</span> <span class='ocrx_word' id='word_1_245' title='bbox 1971 3428 2265 3494; x_wconf 87' lang='lat' dir='ltr'>maximo</span> 
     </span>
     <span class='ocr_line' id='line_1_36' title="bbox 300 3510 2264 3662; baseline -0.002 -81"><span class='ocrx_word' id='word_1_246' title='bbox 300 3515 596 3599; x_wconf 90' lang='lat' dir='ltr'>equitum</span> <span class='ocrx_word' id='word_1_247' title='bbox 640 3513 973 3580; x_wconf 85' lang='lat' dir='ltr'>comitatu.</span> <span class='ocrx_word' id='word_1_248' title='bbox 1052 3510 1233 3662; x_wconf 44' lang='lat' dir='ltr'>{Non</span> <span class='ocrx_word' id='word_1_249' title='bbox 1284 3518 1472 3577; x_wconf 89' lang='lat' dir='ltr'>entos</span> <span class='ocrx_word' id='word_1_250' title='bbox 1516 3511 1871 3595; x_wconf 89' lang='lat' dir='ltr'>perhibent</span> <span class='ocrx_word' id='word_1_251' title='bbox 1909 3511 2143 3577; x_wconf 86' lang='lat' dir='ltr'>literae</span> <span class='ocrx_word' id='word_1_252' title='bbox 2179 3511 2264 3578; x_wconf 86' lang='lat' dir='ltr'>ad</span> 
     </span>
     <span class='ocr_line' id='line_1_37' title="bbox 299 3596 2265 3685; baseline -0.001 -20"><span class='ocrx_word' id='word_1_253' title='bbox 299 3621 401 3665; x_wconf 89' lang='lat' dir='ltr'>me</span> <span class='ocrx_word' id='word_1_254' title='bbox 443 3600 735 3684; x_wconf 86' lang='lat' dir='ltr'>scriptae</span> <span class='ocrx_word' id='word_1_255' title='bbox 777 3597 894 3664; x_wconf 90' lang='lat' dir='ltr'>sed</span> <span class='ocrx_word' id='word_1_256' title='bbox 938 3619 1050 3663; x_wconf 93' lang='lat' dir='ltr'>mu</span> <span class='ocrx_word' id='word_1_257' title='bbox 1080 3608 1145 3663; x_wconf 91' lang='lat' dir='ltr'>tc</span> <span class='ocrx_word' id='word_1_258' title='bbox 1187 3618 1231 3680; x_wconf 91' lang='lat' dir='ltr'>p</span> <span class='ocrx_word' id='word_1_259' title='bbox 1258 3617 1410 3662; x_wconf 88' lang='lat' dir='ltr'>ures</span> <span class='ocrx_word' id='word_1_260' title='bbox 1444 3596 1627 3661; x_wconf 90' lang='lat' dir='ltr'>addit</span> <span class='ocrx_word' id='word_1_261' title='bbox 1661 3596 1937 3685; x_wconf 71' lang='lat' dir='ltr'>rumor}</span> <span class='ocrx_word' id='word_1_262' title='bbox 1956 3601 2014 3676; x_wconf 83' lang='lat'>⁹)</span> <span class='ocrx_word' id='word_1_263' title='bbox 2080 3598 2265 3664; x_wconf 89' lang='lat' dir='ltr'>Lon-</span> 
     </span>
     <span class='ocr_line' id='line_1_38' title="bbox 300 3682 2263 3770; baseline -0.001 -19"><span class='ocrx_word' id='word_1_264' title='bbox 300 3706 449 3770; x_wconf 75' lang='lat' dir='ltr'>gam</span> <span class='ocrx_word' id='word_1_265' title='bbox 517 3684 904 3770; x_wconf 85' lang='lat' dir='ltr'>ingrederer</span> <span class='ocrx_word' id='word_1_266' title='bbox 967 3684 1413 3748; x_wconf 89' lang='lat' dir='ltr'>narrationem</span> <span class='ocrx_word' id='word_1_267' title='bbox 1477 3683 1535 3746; x_wconf 90' lang='lat' dir='ltr'>si</span> <span class='ocrx_word' id='word_1_268' title='bbox 1602 3702 1945 3749; x_wconf 86' lang='lat' dir='ltr'>recensere</span> <span class='ocrx_word' id='word_1_269' title='bbox 2023 3682 2263 3749; x_wconf 89' lang='lat' dir='ltr'>vellem</span> 
     </span>
     <span class='ocr_line' id='line_1_39' title="bbox 300 3767 2265 3854; baseline -0.002 -16"><span class='ocrx_word' id='word_1_270' title='bbox 300 3771 573 3838; x_wconf 85' lang='lat' dir='ltr'>technas</span> <span class='ocrx_word' id='word_1_271' title='bbox 634 3769 875 3854; x_wconf 90' lang='lat' dir='ltr'>quibus</span> <span class='ocrx_word' id='word_1_272' title='bbox 940 3768 1109 3834; x_wconf 87' lang='lat' dir='ltr'>vafri</span> <span class='ocrx_word' id='word_1_273' title='bbox 1174 3767 1476 3834; x_wconf 88' lang='lat' dir='ltr'>homines</span> <span class='ocrx_word' id='word_1_274' title='bbox 1528 3768 1746 3851; x_wconf 89' lang='lat' dir='ltr'>ipsum</span> <span class='ocrx_word' id='word_1_275' title='bbox 1806 3790 1848 3835; x_wconf 90' lang='lat' dir='ltr'>a</span> <span class='ocrx_word' id='word_1_276' title='bbox 1888 3769 2066 3854; x_wconf 86' lang='lat' dir='ltr'>regis</span> <span class='ocrx_word' id='word_1_277' title='bbox 2109 3790 2265 3835; x_wconf 88' lang='lat' dir='ltr'>eon-</span> 
     </span>
     <span class='ocr_line' id='line_1_40' title="bbox 302 3853 2266 3941; baseline -0.002 -17"><span class='ocrx_word' id='word_1_278' title='bbox 302 3877 532 3941; x_wconf 81' lang='lat' dir='ltr'>gressu</span> <span class='ocrx_word' id='word_1_279' title='bbox 598 3876 1011 3923; x_wconf 88' lang='lat' dir='ltr'>summovere</span> <span class='ocrx_word' id='word_1_280' title='bbox 1078 3861 1145 3919; x_wconf 91' lang='lat' dir='ltr'>et</span> <span class='ocrx_word' id='word_1_281' title='bbox 1208 3854 1480 3920; x_wconf 86' lang='lat' dir='ltr'>reiicere</span> <span class='ocrx_word' id='word_1_282' title='bbox 1537 3855 1755 3920; x_wconf 87' lang='lat' dir='ltr'>conati</span> <span class='ocrx_word' id='word_1_283' title='bbox 1813 3863 1988 3920; x_wconf 90' lang='lat' dir='ltr'>sunt.</span> <span class='ocrx_word' id='word_1_284' title='bbox 2076 3853 2266 3920; x_wconf 87' lang='lat' dir='ltr'>Nihil</span> 
     </span>
     <span class='ocr_line' id='line_1_41' title="bbox 300 3938 2267 4026; baseline -0.001 -18"><span class='ocrx_word' id='word_1_285' title='bbox 300 3950 625 4009; x_wconf 75' lang='lat' dir='ltr'>tentatum</span> <span class='ocrx_word' id='word_1_286' title='bbox 656 3944 742 4026; x_wconf 86' lang='lat'>¹⁰)</span> <span class='ocrx_word' id='word_1_287' title='bbox 785 3963 918 4007; x_wconf 91' lang='lat' dir='ltr'>non</span> <span class='ocrx_word' id='word_1_288' title='bbox 972 3947 1074 4007; x_wconf 89' lang='lat' dir='ltr'>est</span> <span class='ocrx_word' id='word_1_289' title='bbox 1129 3945 1207 4004; x_wconf 92' lang='lat' dir='ltr'>ut</span> <span class='ocrx_word' id='word_1_290' title='bbox 1260 3938 1473 4005; x_wconf 86' lang='lat' dir='ltr'>averti</span> <span class='ocrx_word' id='word_1_291' title='bbox 1531 3947 1715 4005; x_wconf 90' lang='lat' dir='ltr'>metu</span> <span class='ocrx_word' id='word_1_292' title='bbox 1768 3946 1887 4006; x_wconf 88' lang='lat' dir='ltr'>aut</span> <span class='ocrx_word' id='word_1_293' title='bbox 1952 3939 2267 4006; x_wconf 87' lang='lat' dir='ltr'>deterreri</span> 
     </span>
     <span class='ocr_line' id='line_1_42' title="bbox 301 4026 2267 4111; baseline -0.002 -16"><span class='ocrx_word' id='word_1_294' title='bbox 301 4036 537 4111; x_wconf 87' lang='lat' dir='ltr'>posset.</span> <span class='ocrx_word' id='word_1_295' title='bbox 623 4027 732 4093; x_wconf 89' lang='lat' dir='ltr'>Ita</span> <span class='ocrx_word' id='word_1_296' title='bbox 777 4048 931 4093; x_wconf 89' lang='lat' dir='ltr'>vero</span> <span class='ocrx_word' id='word_1_297' title='bbox 973 4026 1283 4110; x_wconf 86' lang='lat' dir='ltr'>loquutus</span> <span class='ocrx_word' id='word_1_298' title='bbox 1327 4032 1430 4090; x_wconf 91' lang='lat' dir='ltr'>est</span> <span class='ocrx_word' id='word_1_299' title='bbox 1472 4030 1540 4089; x_wconf 90' lang='lat' dir='ltr'>et</span> <span class='ocrx_word' id='word_1_300' title='bbox 1582 4026 1725 4111; x_wconf 86' lang='lat' dir='ltr'>regi</span> <span class='ocrx_word' id='word_1_301' title='bbox 1775 4034 1843 4091; x_wconf 89' lang='lat' dir='ltr'>et</span> <span class='ocrx_word' id='word_1_302' title='bbox 1885 4027 2152 4111; x_wconf 88' lang='lat' dir='ltr'>reginae</span> <span class='ocrx_word' id='word_1_303' title='bbox 2187 4034 2267 4092; x_wconf 88' lang='lat' dir='ltr'>ut</span> 
     </span>
     <span class='ocr_line' id='line_1_43' title="bbox 302 4110 2263 4198; baseline -0.001 -18"><span class='ocrx_word' id='word_1_304' title='bbox 302 4115 440 4180; x_wconf 90' lang='lat' dir='ltr'>eius</span> <span class='ocrx_word' id='word_1_305' title='bbox 503 4114 710 4179; x_wconf 90' lang='lat' dir='ltr'>animi</span> <span class='ocrx_word' id='word_1_306' title='bbox 776 4110 1168 4198; x_wconf 90' lang='lat' dir='ltr'>magnitudo</span> <span class='ocrx_word' id='word_1_307' title='bbox 1233 4118 1301 4176; x_wconf 91' lang='lat' dir='ltr'>et</span> <span class='ocrx_word' id='word_1_308' title='bbox 1364 4112 1738 4177; x_wconf 79' lang='lat' dir='ltr'>constantia</span> <span class='ocrx_word' id='word_1_309' title='bbox 1802 4119 1998 4196; x_wconf 89' lang='lat' dir='ltr'>atque</span> <span class='ocrx_word' id='word_1_310' title='bbox 2065 4113 2263 4178; x_wconf 89' lang='lat' dir='ltr'>etiam</span> 
     </span>
     <span class='ocr_line' id='line_1_44' title="bbox 302 4196 2263 4282; baseline -0.001 -18"><span class='ocrx_word' id='word_1_311' title='bbox 302 4200 507 4282; x_wconf 86' lang='lat' dir='ltr'>pietas</span> <span class='ocrx_word' id='word_1_312' title='bbox 553 4200 862 4265; x_wconf 91' lang='lat' dir='ltr'>omnibus</span> <span class='ocrx_word' id='word_1_313' title='bbox 906 4204 1245 4282; x_wconf 89' lang='lat' dir='ltr'>perspecta</span> <span class='ocrx_word' id='word_1_314' title='bbox 1285 4196 1503 4261; x_wconf 87' lang='lat' dir='ltr'>fuerit.</span> <span class='ocrx_word' id='word_1_315' title='bbox 1593 4197 1772 4263; x_wconf 84' lang='lat' dir='ltr'>Hinc</span> <span class='ocrx_word' id='word_1_316' title='bbox 1807 4198 2080 4281; x_wconf 85' lang='lat' dir='ltr'>gravius</span> <span class='ocrx_word' id='word_1_317' title='bbox 2198 4220 2263 4263; x_wconf 92' lang='lat' dir='ltr'>r-</span> 
     </span>
     <span class='ocr_line' id='line_1_45' title="bbox 303 4283 2264 4366; baseline -0.001 -15"><span class='ocrx_word' id='word_1_318' title='bbox 303 4285 463 4352; x_wconf 88' lang='lat' dir='ltr'>culsi</span> <span class='ocrx_word' id='word_1_319' title='bbox 505 4284 869 4350; x_wconf 88' lang='lat' dir='ltr'>adversarii</span> <span class='ocrx_word' id='word_1_320' title='bbox 917 4285 1059 4350; x_wconf 90' lang='lat' dir='ltr'>vias</span> <span class='ocrx_word' id='word_1_321' title='bbox 1101 4303 1330 4348; x_wconf 91' lang='lat' dir='ltr'>omnes</span> <span class='ocrx_word' id='word_1_322' title='bbox 1375 4290 1720 4347; x_wconf 87' lang='lat' dir='ltr'>tentarunt</span> <span class='ocrx_word' id='word_1_323' title='bbox 1773 4284 2008 4366; x_wconf 88' lang='lat' dir='ltr'>quibus</span> <span class='ocrx_word' id='word_1_324' title='bbox 2065 4283 2129 4349; x_wconf 90' lang='lat' dir='ltr'>di</span> <span class='ocrx_word' id='word_1_325' title='bbox 2157 4290 2264 4350; x_wconf 86' lang='lat' dir='ltr'>ato</span> 
     </span>
     <span class='ocr_line' id='line_1_46' title="bbox 301 4367 2263 4454; baseline -0.001 -19"><span class='ocrx_word' id='word_1_326' title='bbox 301 4370 367 4435; x_wconf 90' lang='lat' dir='ltr'>in</span> <span class='ocrx_word' id='word_1_327' title='bbox 412 4378 664 4437; x_wconf 87' lang='lat' dir='ltr'>certum</span> <span class='ocrx_word' id='word_1_328' title='bbox 707 4370 921 4437; x_wconf 90' lang='lat' dir='ltr'>locum</span> <span class='ocrx_word' id='word_1_329' title='bbox 968 4367 1288 4454; x_wconf 91' lang='lat' dir='ltr'>colloquio</span> <span class='ocrx_word' id='word_1_330' title='bbox 1324 4367 1657 4434; x_wconf 88' lang='lat' dir='ltr'>hominem</span> <span class='ocrx_word' id='word_1_331' title='bbox 1682 4368 2043 4436; x_wconf 86' lang='lat' dir='ltr'>eluderent.</span> <span class='ocrx_word' id='word_1_332' title='bbox 2111 4369 2263 4435; x_wconf 87' lang='lat' dir='ltr'>Rex</span> 
     </span>
    </p>
   </div>
   <div class='ocr_carea' id='block_1_3' title="bbox 304 4641 2264 5401">
    <p class='ocr_par' dir='ltr' id='par_1_5' title="bbox 304 4641 2264 4850">
     <span class='ocr_line' id='line_1_47' title="bbox 502 4641 2264 4713; baseline -0.001 -13"><span class='ocrx_word' id='word_1_333' title='bbox 502 4645 564 4713; x_wconf 84' lang='grc'>6)</span> <span class='ocrx_word' id='word_1_334' title='bbox 598 4644 822 4700; x_wconf 72' lang='lat' dir='ltr'>Interea</span> <span class='ocrx_word' id='word_1_335' title='bbox 856 4644 1000 4698; x_wconf 66' lang='lat' dir='ltr'>enin</span> <span class='ocrx_word' id='word_1_336' title='bbox 1019 4645 1057 4700; x_wconf 76' lang='lat' dir='ltr'>i.</span> <span class='ocrx_word' id='word_1_337' title='bbox 1080 4658 1125 4698; x_wconf 75' lang='lat' dir='ltr'>e.</span> <span class='ocrx_word' id='word_1_338' title='bbox 1148 4643 1301 4699; x_wconf 74' lang='lat' dir='ltr'>circa</span> <span class='ocrx_word' id='word_1_339' title='bbox 1330 4659 1396 4697; x_wconf 77' lang='lat' dir='ltr'>m.</span> <span class='ocrx_word' id='word_1_340' title='bbox 1423 4641 1704 4698; x_wconf 72' lang='lat' dir='ltr'>octobre-u</span> <span class='ocrx_word' id='word_1_341' title='bbox 1722 4658 1842 4700; x_wconf 67' lang='lat' dir='ltr'>cun</span> <span class='ocrx_word' id='word_1_342' title='bbox 1863 4641 1940 4698; x_wconf 90' lang='lat' dir='ltr'>D.</span> <span class='ocrx_word' id='word_1_343' title='bbox 1970 4642 2264 4699; x_wconf 72' lang='lat' dir='ltr'>d&#39;Anduaee</span> 
     </span>
     <span class='ocr_line' id='line_1_48' title="bbox 304 4710 1666 4783; baseline -0.004 -14"><span class='ocrx_word' id='word_1_344' title='bbox 304 4714 565 4783; x_wconf 61' lang='lat' dir='ltr'>agebatur</span> <span class='ocrx_word' id='word_1_345' title='bbox 683 4713 696 4727; x_wconf 76' lang='lat'><em>⁶</em></span> <span class='ocrx_word' id='word_1_346' title='bbox 727 4727 922 4767; x_wconf 74' lang='lat' dir='ltr'>revera</span> <span class='ocrx_word' id='word_1_347' title='bbox 956 4712 1297 4768; x_wconf 69' lang='lat' dir='ltr'>Nemausum</span> <span class='ocrx_word' id='word_1_348' title='bbox 1334 4727 1392 4765; x_wconf 75' lang='lat' dir='ltr'>sc</span> <span class='ocrx_word' id='word_1_349' title='bbox 1421 4710 1666 4766; x_wconf 70' lang='lat' dir='ltr'>contulit.</span> 
     </span>
     <span class='ocr_line' id='line_1_49' title="bbox 502 4730 1940 4850; baseline -0.001 -14"><span class='ocrx_word' id='word_1_350' title='bbox 502 4781 565 4849; x_wconf 88' lang='grc'>7)</span> <span class='ocrx_word' id='word_1_351' title='bbox 596 4730 910 4850; x_wconf 42' lang='lat' dir='ltr'>&amp;scripta</span> <span class='ocrx_word' id='word_1_352' title='bbox 939 4782 1188 4849; x_wconf 64' lang='lat' dir='ltr'>tues-unt,</span> <span class='ocrx_word' id='word_1_353' title='bbox 1220 4779 1538 4850; x_wconf 76' lang='lat' dir='ltr'>deperditae</span> <span class='ocrx_word' id='word_1_354' title='bbox 1571 4784 1701 4835; x_wconf 62' lang='lat' dir='ltr'>aaut</span> <span class='ocrx_word' id='word_1_355' title='bbox 1733 4780 1940 4836; x_wconf 55' lang='lat' dir='ltr'>literam</span> 
     </span>
    </p>

    <p class='ocr_par' dir='ltr' id='par_1_6' title="bbox 306 4847 2264 5263">
     <span class='ocr_line' id='line_1_50' title="bbox 504 4847 2264 4921; baseline -0.001 -18"><span class='ocrx_word' id='word_1_356' title='bbox 504 4849 567 4917; x_wconf 89' lang='lat'>8)</span> <span class='ocrx_word' id='word_1_357' title='bbox 601 4850 857 4921; x_wconf 69' lang='lat' dir='ltr'>Lunquet</span> <span class='ocrx_word' id='word_1_358' title='bbox 903 4849 1017 4904; x_wconf 81' lang='lat' dir='ltr'>Gal.</span> <span class='ocrx_word' id='word_1_359' title='bbox 1056 4849 1189 4905; x_wconf 79' lang='lat' dir='ltr'>Dec.</span> <span class='ocrx_word' id='word_1_360' title='bbox 1236 4864 1297 4918; x_wconf 78' lang='lat' dir='ltr'>p.</span> <span class='ocrx_word' id='word_1_361' title='bbox 1340 4848 1443 4902; x_wconf 90' lang='grc'>271</span> <span class='ocrx_word' id='word_1_362' title='bbox 1494 4849 1647 4917; x_wconf 71' lang='lat' dir='ltr'>(vids</span> <span class='ocrx_word' id='word_1_363' title='bbox 1694 4848 1772 4905; x_wconf 83' lang='lat' dir='ltr'>N.</span> <span class='ocrx_word' id='word_1_364' title='bbox 1807 4847 1964 4915; x_wconf 76' lang='lat'><strong>4053,</strong></span> <span class='ocrx_word' id='word_1_365' title='bbox 2010 4854 2124 4904; x_wconf 74' lang='lat' dir='ltr'>not.</span> <span class='ocrx_word' id='word_1_366' title='bbox 2171 4847 2264 4915; x_wconf 80' lang='lat'>7).-</span> 
     </span>
     <span class='ocr_line' id='line_1_51' title="bbox 306 4917 2264 5003; baseline 0.001 -33"><span class='ocrx_word' id='word_1_367' title='bbox 306 4917 433 5000; x_wconf 68' lang='lat' dir='ltr'>Post</span> <span class='ocrx_word' id='word_1_368' title='bbox 464 4921 580 4973; x_wconf 87' lang='lat' dir='ltr'>eius</span> <span class='ocrx_word' id='word_1_369' title='bbox 615 4920 909 5003; x_wconf 75' lang='lat' dir='ltr'>adventum</span> <span class='ocrx_word' id='word_1_370' title='bbox 942 4920 1119 5002; x_wconf 70' lang='lat' dir='ltr'>{actus</span> <span class='ocrx_word' id='word_1_371' title='bbox 1154 4922 1240 4972; x_wconf 83' lang='lat' dir='ltr'>est</span> <span class='ocrx_word' id='word_1_372' title='bbox 1273 4920 1379 4972; x_wconf 82' lang='lat' dir='ltr'>buc</span> <span class='ocrx_word' id='word_1_373' title='bbox 1412 4926 1599 5000; x_wconf 71' lang='lat' dir='ltr'>tantus</span> <span class='ocrx_word' id='word_1_374' title='bbox 1632 4934 1925 5000; x_wconf 73' lang='lat' dir='ltr'>concursus</span> <span class='ocrx_word' id='word_1_375' title='bbox 1958 4918 2264 5000; x_wconf 57' lang='lat' dir='ltr'>nobilitatis</span> 
     </span>
     <span class='ocr_line' id='line_1_52' title="bbox 306 4987 2262 5138; baseline 0.001 -29"><span class='ocrx_word' id='word_1_376' title='bbox 306 4992 582 5111; x_wconf 48' lang='lat'>&amp;33⁰⁰</span> <span class='ocrx_word' id='word_1_377' title='bbox 635 4994 926 5111; x_wconf 50' lang='lat' dir='ltr'>¹³3..ss</span> <span class='ocrx_word' id='word_1_378' title='bbox 955 4987 2262 5138; x_wconf 42' lang='lat' dir='ltr'>”fi032229303352.¹⁰..¹330.;:3?.03m9ff</span> 
     </span>
     <span class='ocr_line' id='line_1_53' title="bbox 306 5124 2259 5194; baseline 0.002 -16"><span class='ocrx_word' id='word_1_379' title='bbox 306 5130 451 5179; x_wconf 79' lang='lat' dir='ltr'>retur</span> <span class='ocrx_word' id='word_1_380' title='bbox 502 5126 600 5182; x_wconf 84' lang='lat' dir='ltr'>sed</span> <span class='ocrx_word' id='word_1_381' title='bbox 703 5128 753 5180; x_wconf 86' lang='lat' dir='ltr'>ei</span> <span class='ocrx_word' id='word_1_382' title='bbox 807 5126 1069 5180; x_wconf 81' lang='lat' dir='ltr'>beneflcio</span> <span class='ocrx_word' id='word_1_383' title='bbox 1118 5142 1303 5179; x_wconf 78' lang='lat' dir='ltr'>omnis</span> <span class='ocrx_word' id='word_1_384' title='bbox 1359 5124 1581 5178; x_wconf 75' lang='lat' dir='ltr'>suerunt</span> <span class='ocrx_word' id='word_1_385' title='bbox 1632 5125 1893 5180; x_wconf 71' lang='lat' dir='ltr'>hactenus</span> <span class='ocrx_word' id='word_1_386' title='bbox 1946 5125 2259 5194; x_wconf 69' lang='lat' dir='ltr'>maqussls.</span> 
     </span>
     <span class='ocr_line' id='line_1_54' title="bbox 314 5189 1866 5263; baseline -0.003 -14"><span class='ocrx_word' id='word_1_387' title='bbox 314 5189 395 5258; x_wconf 72' lang='lat' dir='ltr'>Of.</span> <span class='ocrx_word' id='word_1_388' title='bbox 427 5193 628 5250; x_wconf 71' lang='lat' dir='ltr'>Joum.</span> <span class='ocrx_word' id='word_1_389' title='bbox 666 5194 734 5249; x_wconf 79' lang='lat' dir='ltr'>de</span> <span class='ocrx_word' id='word_1_390' title='bbox 769 5194 1046 5249; x_wconf 71' lang='lat' dir='ltr'>Bmlart.</span> <span class='ocrx_word' id='word_1_391' title='bbox 1079 5190 1277 5263; x_wconf 75' lang='grc' dir='ltr'><strong>(Μέηι.</strong></span> <span class='ocrx_word' id='word_1_392' title='bbox 1314 5193 1382 5248; x_wconf 78' lang='lat' dir='ltr'>de</span> <span class='ocrx_word' id='word_1_393' title='bbox 1415 5191 1604 5250; x_wconf 73' lang='grc' dir='ltr'><em>Οοσοᾶέ</em></span> <span class='ocrx_word' id='word_1_394' title='bbox 1636 5193 1680 5250; x_wconf 91' lang='lat'>1.</span> <span class='ocrx_word' id='word_1_395' title='bbox 1717 5191 1866 5261; x_wconf 89' lang='grc'><strong>188.)</strong></span> 
     </span>
    </p>

    <p class='ocr_par' dir='ltr' id='par_1_7' title="bbox 503 5263 1144 5335">
     <span class='ocr_line' id='line_1_55' title="bbox 503 5263 1144 5335; baseline 0.002 -18"><span class='ocrx_word' id='word_1_396' title='bbox 503 5263 566 5329; x_wconf 85' lang='grc'>9)</span> <span class='ocrx_word' id='word_1_397' title='bbox 600 5263 753 5319; x_wconf 79' lang='lat' dir='ltr'>Huec</span> <span class='ocrx_word' id='word_1_398' title='bbox 790 5264 846 5317; x_wconf 88' lang='lat' dir='ltr'>in</span> <span class='ocrx_word' id='word_1_399' title='bbox 882 5264 1144 5335; x_wconf 75' lang='lat' dir='ltr'>margine.</span> 
     </span>
    </p>

    <p class='ocr_par' dir='ltr' id='par_1_8' title="bbox 473 5331 1018 5401">
     <span class='ocr_line' id='line_1_56' title="bbox 473 5331 1018 5401; baseline 0.004 -17"><span class='ocrx_word' id='word_1_400' title='bbox 473 5331 565 5401; x_wconf 88' lang='lat'>10)</span> <span class='ocrx_word' id='word_1_401' title='bbox 603 5337 882 5387; x_wconf 74' lang='lat' dir='ltr'>contutum</span> <span class='ocrx_word' id='word_1_402' title='bbox 919 5332 1018 5388; x_wconf 71' lang='lat' dir='ltr'>Br.</span> 
     </span>
    </p>
   </div>
   <div class='ocr_carea' id='block_1_4' title="bbox 1993 412 2618 482">
    <p class='ocr_par' dir='ltr' id='par_1_9' title="bbox 1993 412 2618 482">
     <span class='ocr_line' id='line_1_57' title="bbox 1993 412 2618 482; baseline 0.011 -9"><span class='ocrx_word' id='word_1_403' title='bbox 1993 412 2153 475; x_wconf 82' lang='lat'><strong>1563</strong></span> <span class='ocrx_word' id='word_1_404' title='bbox 2200 412 2618 482; x_wconf 76' lang='lat' dir='ltr'>NOVEMB.</span> 
     </span>
    </p>
   </div>
   <div class='ocr_carea' id='block_1_5' title="bbox 2309 604 2332 5371">
    <p class='ocr_par' dir='ltr' id='par_1_10' title="bbox 2309 604 2332 5371">
     <span class='ocr_line' id='line_1_58' title="bbox 2309 604 2332 5371; baseline 0 0"><span class='ocrx_word' id='word_1_405' title='bbox 2309 604 2332 5371; x_wconf 95' lang='lat' dir='ltr'> </span> 
     </span>
    </p>
   </div>
   <div class='ocr_carea' id='block_1_6' title="bbox 4197 417 4326 482">
    <p class='ocr_par' dir='ltr' id='par_1_11' title="bbox 4197 417 4326 482">
     <span class='ocr_line' id='line_1_59' title="bbox 4197 417 4326 482; baseline 0.031 -4"><span class='ocrx_word' id='word_1_406' title='bbox 4197 417 4326 482; x_wconf 78' lang='lat'>198</span> 
     </span>
    </p>
   </div>
   <div class='ocr_carea' id='block_1_7' title="bbox 2354 598 4338 2899">
    <p class='ocr_par' dir='ltr' id='par_1_12' title="bbox 2354 598 4338 2899">
     <span class='ocr_line' id='line_1_60' title="bbox 2356 598 4324 687; baseline 0.001 -18"><span class='ocrx_word' id='word_1_407' title='bbox 2356 602 2556 683; x_wconf 91' lang='lat' dir='ltr'>enim,</span> <span class='ocrx_word' id='word_1_408' title='bbox 2596 602 2712 687; x_wconf 91' lang='lat' dir='ltr'>qui</span> <span class='ocrx_word' id='word_1_409' title='bbox 2746 622 2922 670; x_wconf 92' lang='lat' dir='ltr'>nunc</span> <span class='ocrx_word' id='word_1_410' title='bbox 2960 598 3309 678; x_wconf 85' lang='lat' dir='ltr'>Meloduni,</span> <span class='ocrx_word' id='word_1_411' title='bbox 3354 618 3529 664; x_wconf 88' lang='lat' dir='ltr'>nunc</span> <span class='ocrx_word' id='word_1_412' title='bbox 3549 599 3746 667; x_wconf 80' lang='lat' dir='ltr'>Font.</span> <span class='ocrx_word' id='word_1_413' title='bbox 3772 599 3881 680; x_wconf 91' lang='lat' dir='ltr'>bl.,</span> <span class='ocrx_word' id='word_1_414' title='bbox 3928 621 4107 668; x_wconf 90' lang='lat' dir='ltr'>nunc</span> <span class='ocrx_word' id='word_1_415' title='bbox 4128 599 4324 669; x_wconf 75' lang='lat' dir='ltr'>Sm-</span> 
     </span>
     <span class='ocr_line' id='line_1_61' title="bbox 2354 684 4324 772; baseline -0.001 -17"><span class='ocrx_word' id='word_1_416' title='bbox 2354 689 2525 755; x_wconf 90' lang='lat' dir='ltr'>mori</span> <span class='ocrx_word' id='word_1_417' title='bbox 2551 693 2574 730; x_wconf 84' lang='lat'>¹</span> <span class='ocrx_word' id='word_1_418' title='bbox 2589 691 2636 769; x_wconf 91' lang='lat'>¹)</span> <span class='ocrx_word' id='word_1_419' title='bbox 2679 687 3180 772; x_wconf 85' lang='lat' dir='ltr'>exspectabatur</span> <span class='ocrx_word' id='word_1_420' title='bbox 3223 705 3264 751; x_wconf 90' lang='lat' dir='ltr'>a</span> <span class='ocrx_word' id='word_1_421' title='bbox 3306 685 3464 765; x_wconf 89' lang='lat' dir='ltr'>suis,</span> <span class='ocrx_word' id='word_1_422' title='bbox 3509 684 3781 752; x_wconf 89' lang='lat' dir='ltr'>subdole</span> <span class='ocrx_word' id='word_1_423' title='bbox 3803 685 4143 753; x_wconf 81' lang='lat' dir='ltr'>Lutetiam</span> <span class='ocrx_word' id='word_1_424' title='bbox 4165 709 4324 754; x_wconf 88' lang='lat' dir='ltr'>cum</span> 
     </span>
     <span class='ocr_line' id='line_1_62' title="bbox 2356 771 4324 858; baseline -0.001 -18"><span class='ocrx_word' id='word_1_425' title='bbox 2356 775 2582 858; x_wconf 88' lang='lat' dir='ltr'>paucis</span> <span class='ocrx_word' id='word_1_426' title='bbox 2649 774 2881 841; x_wconf 88' lang='lat' dir='ltr'>ductus</span> <span class='ocrx_word' id='word_1_427' title='bbox 2946 784 3064 855; x_wconf 91' lang='lat' dir='ltr'>est,</span> <span class='ocrx_word' id='word_1_428' title='bbox 3128 792 3256 855; x_wconf 92' lang='lat' dir='ltr'>quo</span> <span class='ocrx_word' id='word_1_429' title='bbox 3322 792 3663 854; x_wconf 88' lang='lat' dir='ltr'>nunquam</span> <span class='ocrx_word' id='word_1_430' title='bbox 3705 771 3918 838; x_wconf 76' lang='lat' dir='ltr'>Amir.</span> <span class='ocrx_word' id='word_1_431' title='bbox 3961 779 4324 839; x_wconf 87' lang='lat' dir='ltr'>venturum</span> 
     </span>
     <span class='ocr_line' id='line_1_63' title="bbox 2357 856 4324 927; baseline -0.001 0"><span class='ocrx_word' id='word_1_432' title='bbox 2357 881 2503 927; x_wconf 88' lang='lat' dir='ltr'>esse</span> <span class='ocrx_word' id='word_1_433' title='bbox 2546 858 3031 927; x_wconf 85' lang='lat' dir='ltr'>existimabant.</span> <span class='ocrx_word' id='word_1_434' title='bbox 3118 858 3221 923; x_wconf 84' lang='lat' dir='ltr'>Eo</span> <span class='ocrx_word' id='word_1_435' title='bbox 3265 863 3486 923; x_wconf 86' lang='lat' dir='ltr'>tamen</span> <span class='ocrx_word' id='word_1_436' title='bbox 3544 877 3629 922; x_wconf 90' lang='lat' dir='ltr'>ex</span> <span class='ocrx_word' id='word_1_437' title='bbox 3671 856 3954 923; x_wconf 86' lang='lat' dir='ltr'>fratrum</span> <span class='ocrx_word' id='word_1_438' title='bbox 3999 863 4067 924; x_wconf 90' lang='lat' dir='ltr'>et</span> <span class='ocrx_word' id='word_1_439' title='bbox 4109 880 4324 925; x_wconf 87' lang='lat' dir='ltr'>avun-</span> 
     </span>
     <span class='ocr_line' id='line_1_64' title="bbox 2358 941 4325 1030; baseline -0.002 -17"><span class='ocrx_word' id='word_1_440' title='bbox 2358 945 2489 1013; x_wconf 92' lang='lat' dir='ltr'>culi</span> <span class='ocrx_word' id='word_1_441' title='bbox 2533 954 2728 1030; x_wconf 86' lang='lat' dir='ltr'>atque</span> <span class='ocrx_word' id='word_1_442' title='bbox 2772 945 2973 1012; x_wconf 90' lang='lat' dir='ltr'>etiam</span> <span class='ocrx_word' id='word_1_443' title='bbox 3015 943 3329 1029; x_wconf 88' lang='lat' dir='ltr'>principis</span> <span class='ocrx_word' id='word_1_444' title='bbox 3364 951 3433 1008; x_wconf 89' lang='lat' dir='ltr'>et</span> <span class='ocrx_word' id='word_1_445' title='bbox 3474 941 3756 1009; x_wconf 86' lang='lat' dir='ltr'>aliorum</span> <span class='ocrx_word' id='word_1_446' title='bbox 3790 943 4061 1010; x_wconf 90' lang='lat' dir='ltr'>consilio</span> <span class='ocrx_word' id='word_1_447' title='bbox 4096 945 4325 1010; x_wconf 90' lang='lat' dir='ltr'>statim</span> 
     </span>
     <span class='ocr_line' id='line_1_65' title="bbox 2358 1028 4324 1115; baseline -0.002 -17"><span class='ocrx_word' id='word_1_448' title='bbox 2358 1033 2647 1112; x_wconf 89' lang='lat' dir='ltr'>accessit,</span> <span class='ocrx_word' id='word_1_449' title='bbox 2715 1051 2756 1096; x_wconf 85' lang='lat' dir='ltr'>a</span> <span class='ocrx_word' id='word_1_450' title='bbox 2816 1032 3054 1115; x_wconf 87' lang='lat' dir='ltr'>quibus</span> <span class='ocrx_word' id='word_1_451' title='bbox 3120 1037 3345 1114; x_wconf 89' lang='lat' dir='ltr'>postea</span> <span class='ocrx_word' id='word_1_452' title='bbox 3397 1028 3468 1094; x_wconf 89' lang='lat' dir='ltr'>in</span> <span class='ocrx_word' id='word_1_453' title='bbox 3523 1029 3778 1114; x_wconf 89' lang='lat' dir='ltr'>regiam</span> <span class='ocrx_word' id='word_1_454' title='bbox 3837 1028 4159 1096; x_wconf 87' lang='lat' dir='ltr'>deductus</span> <span class='ocrx_word' id='word_1_455' title='bbox 4202 1037 4324 1111; x_wconf 87' lang='lat' dir='ltr'>est,</span> 
     </span>
     <span class='ocr_line' id='line_1_66' title="bbox 2359 1113 4321 1185; baseline -0.001 -2"><span class='ocrx_word' id='word_1_456' title='bbox 2359 1118 2473 1185; x_wconf 93' lang='lat' dir='ltr'>ubi</span> <span class='ocrx_word' id='word_1_457' title='bbox 2553 1118 2916 1184; x_wconf 89' lang='lat' dir='ltr'>etiamnum</span> <span class='ocrx_word' id='word_1_458' title='bbox 3002 1113 3458 1183; x_wconf 81' lang='lat' dir='ltr'>frendentibus</span> <span class='ocrx_word' id='word_1_459' title='bbox 3535 1114 3932 1181; x_wconf 87' lang='lat' dir='ltr'>adversariis</span> <span class='ocrx_word' id='word_1_460' title='bbox 4010 1122 4321 1181; x_wconf 85' lang='lat' dir='ltr'>moratur.</span> 
     </span>
     <span class='ocr_line' id='line_1_67' title="bbox 2362 1200 4325 1286; baseline -0.001 -18"><span class='ocrx_word' id='word_1_461' title='bbox 2362 1203 2774 1270; x_wconf 90' lang='lat' dir='ltr'>Parisienses</span> <span class='ocrx_word' id='word_1_462' title='bbox 2816 1203 2939 1269; x_wconf 89' lang='lat' dir='ltr'>sibi</span> <span class='ocrx_word' id='word_1_463' title='bbox 2984 1209 3357 1268; x_wconf 87' lang='lat' dir='ltr'>metuentes</span> <span class='ocrx_word' id='word_1_464' title='bbox 3399 1200 3738 1282; x_wconf 85' lang='lat' dir='ltr'>conquesti</span> <span class='ocrx_word' id='word_1_465' title='bbox 3774 1208 3930 1267; x_wconf 91' lang='lat' dir='ltr'>sunt</span> <span class='ocrx_word' id='word_1_466' title='bbox 3964 1200 4045 1267; x_wconf 90' lang='lat' dir='ltr'>de</span> <span class='ocrx_word' id='word_1_467' title='bbox 4079 1222 4325 1286; x_wconf 86' lang='lat' dir='ltr'>magno</span> 
     </span>
     <span class='ocr_line' id='line_1_68' title="bbox 2362 1284 4324 1372; baseline -0.001 -18"><span class='ocrx_word' id='word_1_468' title='bbox 2362 1287 2681 1355; x_wconf 82' lang='lat' dir='ltr'>nobilium</span> <span class='ocrx_word' id='word_1_469' title='bbox 2750 1288 3065 1354; x_wconf 78' lang='lat' dir='ltr'>comitatu</span> <span class='ocrx_word' id='word_1_470' title='bbox 3136 1287 3249 1372; x_wconf 90' lang='lat' dir='ltr'>qni</span> <span class='ocrx_word' id='word_1_471' title='bbox 3321 1284 3718 1351; x_wconf 63' lang='lat' dir='ltr'>Amin-alium</span> <span class='ocrx_word' id='word_1_472' title='bbox 3785 1287 4051 1369; x_wconf 89' lang='lat' dir='ltr'>sequuti</span> <span class='ocrx_word' id='word_1_473' title='bbox 4114 1293 4324 1353; x_wconf 83' lang='lat' dir='ltr'>eraut.</span> 
     </span>
     <span class='ocr_line' id='line_1_69' title="bbox 2361 1370 4328 1441; baseline -0.001 0"><span class='ocrx_word' id='word_1_474' title='bbox 2361 1375 2514 1440; x_wconf 88' lang='lat' dir='ltr'>Rex</span> <span class='ocrx_word' id='word_1_475' title='bbox 2557 1397 2642 1441; x_wconf 88' lang='lat' dir='ltr'>ex</span> <span class='ocrx_word' id='word_1_476' title='bbox 2690 1373 3137 1441; x_wconf 62' lang='lat' dir='ltr'>Germe-stabilis</span> <span class='ocrx_word' id='word_1_477' title='bbox 3176 1371 3446 1439; x_wconf 91' lang='lat' dir='ltr'>consilio</span> <span class='ocrx_word' id='word_1_478' title='bbox 3489 1370 3656 1436; x_wconf 86' lang='lat' dir='ltr'>nihil</span> <span class='ocrx_word' id='word_1_479' title='bbox 3712 1371 4138 1438; x_wconf 88' lang='lat' dir='ltr'>metuendum</span> <span class='ocrx_word' id='word_1_480' title='bbox 4183 1393 4328 1439; x_wconf 89' lang='lat' dir='ltr'>esse</span> 
     </span>
     <span class='ocr_line' id='line_1_70' title="bbox 2362 1455 4325 1526; baseline -0.002 0"><span class='ocrx_word' id='word_1_481' title='bbox 2362 1484 2397 1526; x_wconf 90' lang='lat' dir='ltr'>r</span> <span class='ocrx_word' id='word_1_482' title='bbox 2553 1459 2717 1526; x_wconf 90' lang='lat' dir='ltr'>ndit.</span> <span class='ocrx_word' id='word_1_483' title='bbox 2810 1459 3081 1526; x_wconf 89' lang='lat' dir='ltr'>Publice</span> <span class='ocrx_word' id='word_1_484' title='bbox 3146 1470 3371 1524; x_wconf 87' lang='lat' dir='ltr'>tamen</span> <span class='ocrx_word' id='word_1_485' title='bbox 3438 1455 3726 1524; x_wconf 85' lang='lat' dir='ltr'>edictum</span> <span class='ocrx_word' id='word_1_486' title='bbox 3790 1467 3893 1522; x_wconf 91' lang='lat' dir='ltr'>est</span> <span class='ocrx_word' id='word_1_487' title='bbox 3957 1467 4033 1522; x_wconf 91' lang='lat' dir='ltr'>ut</span> <span class='ocrx_word' id='word_1_488' title='bbox 4097 1479 4325 1523; x_wconf 92' lang='lat' dir='ltr'>omnes</span> 
     </span>
     <span class='ocr_line' id='line_1_71' title="bbox 2363 1540 4325 1630; baseline -0.001 -19"><span class='ocrx_word' id='word_1_489' title='bbox 2363 1546 2479 1630; x_wconf 91' lang='lat' dir='ltr'>qui</span> <span class='ocrx_word' id='word_1_490' title='bbox 2523 1568 2604 1612; x_wconf 92' lang='lat' dir='ltr'>us</span> <span class='ocrx_word' id='word_1_491' title='bbox 2644 1547 2716 1611; x_wconf 92' lang='lat' dir='ltr'>in</span> <span class='ocrx_word' id='word_1_492' title='bbox 2760 1545 2911 1612; x_wconf 87' lang='lat' dir='ltr'>aula</span> <span class='ocrx_word' id='word_1_493' title='bbox 2952 1551 3068 1611; x_wconf 89' lang='lat' dir='ltr'>aut</span> <span class='ocrx_word' id='word_1_494' title='bbox 3101 1544 3175 1609; x_wconf 91' lang='lat' dir='ltr'>in</span> <span class='ocrx_word' id='word_1_495' title='bbox 3217 1544 3400 1608; x_wconf 85' lang='lat' dir='ltr'>curia</span> <span class='ocrx_word' id='word_1_496' title='bbox 3441 1540 3607 1608; x_wconf 87' lang='lat' dir='ltr'>nihil</span> <span class='ocrx_word' id='word_1_497' title='bbox 3652 1549 3822 1609; x_wconf 90' lang='lat' dir='ltr'>esset</span> <span class='ocrx_word' id='word_1_498' title='bbox 3872 1542 4121 1627; x_wconf 88' lang='lat' dir='ltr'>negotii</span> <span class='ocrx_word' id='word_1_499' title='bbox 4164 1543 4325 1609; x_wconf 91' lang='lat' dir='ltr'>urbe</span> 
     </span>
     <span class='ocr_line' id='line_1_72' title="bbox 2363 1627 4328 1715; baseline -0.003 -17"><span class='ocrx_word' id='word_1_500' title='bbox 2363 1630 2780 1698; x_wconf 87' lang='lat' dir='ltr'>excederent.</span> <span class='ocrx_word' id='word_1_501' title='bbox 2880 1630 3114 1715; x_wconf 83' lang='lat' dir='ltr'>Itaque</span> <span class='ocrx_word' id='word_1_502' title='bbox 3173 1629 3492 1695; x_wconf 89' lang='lat' dir='ltr'>metuitur</span> <span class='ocrx_word' id='word_1_503' title='bbox 3548 1628 3797 1694; x_wconf 87' lang='lat' dir='ltr'>seditio.</span> <span class='ocrx_word' id='word_1_504' title='bbox 3887 1629 4096 1694; x_wconf 85' lang='lat' dir='ltr'>Varia</span> <span class='ocrx_word' id='word_1_505' title='bbox 4151 1627 4328 1694; x_wconf 89' lang='lat' dir='ltr'>inter</span> 
     </span>
     <span class='ocr_line' id='line_1_73' title="bbox 2364 1714 4328 1802; baseline -0.001 -19"><span class='ocrx_word' id='word_1_506' title='bbox 2364 1717 2697 1802; x_wconf 86' lang='lat' dir='ltr'>praesides</span> <span class='ocrx_word' id='word_1_507' title='bbox 2740 1717 2961 1784; x_wconf 91' lang='lat' dir='ltr'>curiae</span> <span class='ocrx_word' id='word_1_508' title='bbox 2996 1724 3064 1781; x_wconf 93' lang='lat' dir='ltr'>et</span> <span class='ocrx_word' id='word_1_509' title='bbox 3102 1715 3461 1782; x_wconf 82' lang='lat' dir='ltr'>Guisianos</span> <span class='ocrx_word' id='word_1_510' title='bbox 3495 1714 3770 1780; x_wconf 90' lang='lat' dir='ltr'>consilia</span> <span class='ocrx_word' id='word_1_511' title='bbox 3803 1714 4159 1799; x_wconf 86' lang='lat' dir='ltr'>agitantur,</span> <span class='ocrx_word' id='word_1_512' title='bbox 4204 1733 4328 1781; x_wconf 89' lang='lat' dir='ltr'>nec</span> 
     </span>
     <span class='ocr_line' id='line_1_74' title="bbox 2366 1798 4332 1883; baseline -0.003 -14"><span class='ocrx_word' id='word_1_513' title='bbox 2366 1803 2639 1870; x_wconf 91' lang='lat' dir='ltr'>dubium</span> <span class='ocrx_word' id='word_1_514' title='bbox 2701 1813 2805 1868; x_wconf 91' lang='lat' dir='ltr'>est</span> <span class='ocrx_word' id='word_1_515' title='bbox 2864 1800 3286 1868; x_wconf 69' lang='lat' dir='ltr'>cardinalem</span> <span class='ocrx_word' id='word_1_516' title='bbox 3353 1800 3657 1883; x_wconf 86' lang='lat' dir='ltr'>quamvis</span> <span class='ocrx_word' id='word_1_517' title='bbox 3721 1800 4057 1865; x_wconf 88' lang='lat' dir='ltr'>absentem</span> <span class='ocrx_word' id='word_1_518' title='bbox 4123 1798 4332 1864; x_wconf 89' lang='lat' dir='ltr'>multa</span> 
     </span>
     <span class='ocr_line' id='line_1_75' title="bbox 2365 1883 4330 1971; baseline -0.003 -16"><span class='ocrx_word' id='word_1_519' title='bbox 2365 1908 2652 1955; x_wconf 85' lang='lat' dir='ltr'>movere.</span> <span class='ocrx_word' id='word_1_520' title='bbox 2740 1888 3084 1971; x_wconf 85' lang='lat' dir='ltr'>Hispanus</span> <span class='ocrx_word' id='word_1_521' title='bbox 3147 1906 3401 1971; x_wconf 87' lang='lat' dir='ltr'>quoque</span> <span class='ocrx_word' id='word_1_522' title='bbox 3456 1886 3527 1950; x_wconf 91' lang='lat' dir='ltr'>in</span> <span class='ocrx_word' id='word_1_523' title='bbox 3582 1892 3840 1952; x_wconf 90' lang='lat' dir='ltr'>nostros</span> <span class='ocrx_word' id='word_1_524' title='bbox 3898 1883 4162 1968; x_wconf 83' lang='lat' dir='ltr'>quidvis</span> <span class='ocrx_word' id='word_1_525' title='bbox 4207 1904 4330 1970; x_wconf 88' lang='lat' dir='ltr'>per</span> 
     </span>
     <span class='ocr_line' id='line_1_76' title="bbox 2364 1968 4331 2060; baseline -0.002 -21"><span class='ocrx_word' id='word_1_526' title='bbox 2364 1974 2659 2060; x_wconf 88' lang='lat' dir='ltr'>legatum</span> <span class='ocrx_word' id='word_1_527' title='bbox 2701 1994 2900 2040; x_wconf 90' lang='lat' dir='ltr'>suum</span> <span class='ocrx_word' id='word_1_528' title='bbox 2943 1981 3137 2057; x_wconf 90' lang='lat' dir='ltr'>atque</span> <span class='ocrx_word' id='word_1_529' title='bbox 3171 1992 3291 2055; x_wconf 90' lang='lat' dir='ltr'>per</span> <span class='ocrx_word' id='word_1_530' title='bbox 3330 1971 3559 2038; x_wconf 86' lang='lat' dir='ltr'>literas</span> <span class='ocrx_word' id='word_1_531' title='bbox 3601 1971 3891 2038; x_wconf 89' lang='lat' dir='ltr'>molitur.</span> <span class='ocrx_word' id='word_1_532' title='bbox 3979 1968 4115 2037; x_wconf 82' lang='lat' dir='ltr'>Sed</span> <span class='ocrx_word' id='word_1_533' title='bbox 4172 1991 4331 2037; x_wconf 88' lang='lat' dir='ltr'>con-</span> 
     </span>
     <span class='ocr_line' id='line_1_77' title="bbox 2366 2055 4334 2144; baseline -0.003 -18"><span class='ocrx_word' id='word_1_534' title='bbox 2366 2059 2517 2126; x_wconf 84' lang='lat' dir='ltr'>silia</span> <span class='ocrx_word' id='word_1_535' title='bbox 2559 2061 2859 2144; x_wconf 90' lang='lat' dir='ltr'>gentium</span> <span class='ocrx_word' id='word_1_536' title='bbox 2918 2057 3263 2143; x_wconf 89' lang='lat' dir='ltr'>dissipabit</span> <span class='ocrx_word' id='word_1_537' title='bbox 3303 2055 3651 2122; x_wconf 90' lang='lat' dir='ltr'>Dominus.</span> <span class='ocrx_word' id='word_1_538' title='bbox 3737 2056 3923 2122; x_wconf 86' lang='lat' dir='ltr'>Haeo</span> <span class='ocrx_word' id='word_1_539' title='bbox 3964 2064 4122 2122; x_wconf 90' lang='lat' dir='ltr'>sunt</span> <span class='ocrx_word' id='word_1_540' title='bbox 4163 2076 4334 2139; x_wconf 89' lang='lat' dir='ltr'>quae</span> 
     </span>
     <span class='ocr_line' id='line_1_78' title="bbox 2367 2140 4334 2224; baseline -0.003 -13"><span class='ocrx_word' id='word_1_541' title='bbox 2367 2147 2724 2212; x_wconf 89' lang='lat' dir='ltr'>amicorum</span> <span class='ocrx_word' id='word_1_542' title='bbox 2749 2143 2958 2210; x_wconf 88' lang='lat' dir='ltr'>literis</span> <span class='ocrx_word' id='word_1_543' title='bbox 2999 2166 3077 2211; x_wconf 78' lang='lat' dir='ltr'>sc</span> <span class='ocrx_word' id='word_1_544' title='bbox 3119 2142 3504 2211; x_wconf 87' lang='lat' dir='ltr'>certissimis</span> <span class='ocrx_word' id='word_1_545' title='bbox 3546 2143 3808 2209; x_wconf 89' lang='lat' dir='ltr'>nunciis</span> <span class='ocrx_word' id='word_1_546' title='bbox 3831 2142 4066 2224; x_wconf 85' lang='lat' dir='ltr'>accepi.</span> <span class='ocrx_word' id='word_1_547' title='bbox 4135 2140 4334 2224; x_wconf 75' lang='lat' dir='ltr'>Quod</span> 
     </span>
     <span class='ocr_line' id='line_1_79' title="bbox 2366 2227 4337 2313; baseline -0.002 -17"><span class='ocrx_word' id='word_1_548' title='bbox 2366 2229 2640 2298; x_wconf 86' lang='lat' dir='ltr'>meliore</span> <span class='ocrx_word' id='word_1_549' title='bbox 2685 2229 3060 2298; x_wconf 89' lang='lat' dir='ltr'>valetudine</span> <span class='ocrx_word' id='word_1_550' title='bbox 3093 2228 3334 2296; x_wconf 78' lang='lat' dir='ltr'>frueris</span> <span class='ocrx_word' id='word_1_551' title='bbox 3355 2228 3626 2313; x_wconf 75' lang='lat' dir='ltr'>gaudeo,</span> <span class='ocrx_word' id='word_1_552' title='bbox 3670 2227 3985 2311; x_wconf 90' lang='lat' dir='ltr'>nobisque</span> <span class='ocrx_word' id='word_1_553' title='bbox 4006 2235 4075 2292; x_wconf 89' lang='lat' dir='ltr'>et</span> <span class='ocrx_word' id='word_1_554' title='bbox 4093 2227 4337 2293; x_wconf 88' lang='lat' dir='ltr'>nostris</span> 
     </span>
     <span class='ocr_line' id='line_1_80' title="bbox 2367 2313 4333 2402; baseline -0.002 -21"><span class='ocrx_word' id='word_1_555' title='bbox 2367 2313 2728 2402; x_wconf 76' lang='lat' dir='ltr'>gratulor.&#39;</span> <span class='ocrx_word' id='word_1_556' title='bbox 2776 2316 3052 2382; x_wconf 89' lang='lat' dir='ltr'>Utinam</span> <span class='ocrx_word' id='word_1_557' title='bbox 3109 2316 3435 2399; x_wconf 87' lang='lat' dir='ltr'>integram</span> <span class='ocrx_word' id='word_1_558' title='bbox 3491 2335 3569 2380; x_wconf 85' lang='lat' dir='ltr'>ac</span> <span class='ocrx_word' id='word_1_559' title='bbox 3626 2315 3883 2379; x_wconf 84' lang='lat' dir='ltr'>firmam</span> <span class='ocrx_word' id='word_1_560' title='bbox 3944 2332 4333 2396; x_wconf 88' lang='lat' dir='ltr'>recuperare</span> 
     </span>
     <span class='ocr_line' id='line_1_81' title="bbox 2367 2396 4335 2487; baseline -0.004 -17"><span class='ocrx_word' id='word_1_561' title='bbox 2367 2403 2601 2487; x_wconf 90' lang='lat' dir='ltr'>possis.</span> <span class='ocrx_word' id='word_1_562' title='bbox 2668 2402 2814 2486; x_wconf 83' lang='lat' dir='ltr'>Ego</span> <span class='ocrx_word' id='word_1_563' title='bbox 2857 2400 3224 2482; x_wconf 88' lang='lat' dir='ltr'>Oastilioni,</span> <span class='ocrx_word' id='word_1_564' title='bbox 3269 2408 3346 2465; x_wconf 89' lang='lat' dir='ltr'>ut</span> <span class='ocrx_word' id='word_1_565' title='bbox 3387 2399 3460 2465; x_wconf 92' lang='lat' dir='ltr'>in</span> <span class='ocrx_word' id='word_1_566' title='bbox 3502 2405 3639 2465; x_wconf 86' lang='lat' dir='ltr'>tcto</span> <span class='ocrx_word' id='word_1_567' title='bbox 3682 2399 3936 2476; x_wconf 89' lang='lat' dir='ltr'>itinere,</span> <span class='ocrx_word' id='word_1_568' title='bbox 3980 2396 4335 2464; x_wconf 86' lang='lat' dir='ltr'>admodum</span> 
     </span>
     <span class='ocr_line' id='line_1_82' title="bbox 2370 2483 4333 2568; baseline -0.003 -14"><span class='ocrx_word' id='word_1_569' title='bbox 2370 2497 2653 2554; x_wconf 88' lang='lat' dir='ltr'>vexatus</span> <span class='ocrx_word' id='word_1_570' title='bbox 2695 2488 2795 2553; x_wconf 84' lang='lat' dir='ltr'>fui</span> <span class='ocrx_word' id='word_1_571' title='bbox 2836 2486 3156 2553; x_wconf 77' lang='lat' dir='ltr'>catarrho.</span> <span class='ocrx_word' id='word_1_572' title='bbox 3223 2485 3334 2551; x_wconf 85' lang='lat' dir='ltr'>Ex</span> <span class='ocrx_word' id='word_1_573' title='bbox 3368 2507 3498 2568; x_wconf 91' lang='lat' dir='ltr'>quc</span> <span class='ocrx_word' id='word_1_574' title='bbox 3532 2484 3642 2552; x_wconf 90' lang='lat' dir='ltr'>hic</span> <span class='ocrx_word' id='word_1_575' title='bbox 3676 2506 3825 2551; x_wconf 91' lang='lat' dir='ltr'>sum</span> <span class='ocrx_word' id='word_1_576' title='bbox 3866 2484 4105 2549; x_wconf 90' lang='lat' dir='ltr'>melius</span> <span class='ocrx_word' id='word_1_577' title='bbox 4131 2483 4333 2549; x_wconf 85' lang='lat' dir='ltr'>habui</span> 
     </span>
     <span class='ocr_line' id='line_1_83' title="bbox 2370 2567 4334 2640; baseline -0.003 -1"><span class='ocrx_word' id='word_1_578' title='bbox 2370 2581 2439 2639; x_wconf 90' lang='lat' dir='ltr'>et</span> <span class='ocrx_word' id='word_1_579' title='bbox 2480 2575 2551 2639; x_wconf 90' lang='lat' dir='ltr'>in</span> <span class='ocrx_word' id='word_1_580' title='bbox 2597 2574 2738 2640; x_wconf 91' lang='lat' dir='ltr'>dies</span> <span class='ocrx_word' id='word_1_581' title='bbox 2780 2572 3030 2638; x_wconf 87' lang='lat' dir='ltr'>firmior</span> <span class='ocrx_word' id='word_1_582' title='bbox 3073 2570 3261 2638; x_wconf 90' lang='lat' dir='ltr'>reddi</span> <span class='ocrx_word' id='word_1_583' title='bbox 3302 2571 3469 2637; x_wconf 91' lang='lat' dir='ltr'>mihi</span> <span class='ocrx_word' id='word_1_584' title='bbox 3512 2569 3760 2637; x_wconf 86' lang='lat' dir='ltr'>videor.</span> <span class='ocrx_word' id='word_1_585' title='bbox 3851 2567 4105 2636; x_wconf 89' lang='lat' dir='ltr'>Lucido</span> <span class='ocrx_word' id='word_1_586' title='bbox 4148 2567 4334 2636; x_wconf 90' lang='lat' dir='ltr'>coelo</span> 
     </span>
     <span class='ocr_line' id='line_1_84' title="bbox 2370 2653 4332 2740; baseline -0.003 -15"><span class='ocrx_word' id='word_1_587' title='bbox 2370 2667 2439 2726; x_wconf 88' lang='lat' dir='ltr'>et</span> <span class='ocrx_word' id='word_1_588' title='bbox 2473 2659 2620 2725; x_wconf 89' lang='lat' dir='ltr'>miti</span> <span class='ocrx_word' id='word_1_589' title='bbox 2664 2659 2880 2725; x_wconf 87' lang='lat' dir='ltr'>hieme</span> <span class='ocrx_word' id='word_1_590' title='bbox 2923 2659 3137 2724; x_wconf 89' lang='lat' dir='ltr'>sentio</span> <span class='ocrx_word' id='word_1_591' title='bbox 3176 2678 3285 2723; x_wconf 91' lang='lat' dir='ltr'>me</span> <span class='ocrx_word' id='word_1_592' title='bbox 3329 2677 3461 2722; x_wconf 92' lang='lat' dir='ltr'>non</span> <span class='ocrx_word' id='word_1_593' title='bbox 3485 2678 3720 2740; x_wconf 89' lang='lat' dir='ltr'>parum</span> <span class='ocrx_word' id='word_1_594' title='bbox 3740 2654 4089 2722; x_wconf 88' lang='lat' dir='ltr'>sublevari.</span> <span class='ocrx_word' id='word_1_595' title='bbox 4145 2653 4332 2720; x_wconf 87' lang='lat' dir='ltr'>Bene</span> 
     </span>
     <span class='ocr_line' id='line_1_85' title="bbox 2371 2740 4338 2827; baseline -0.004 -16"><span class='ocrx_word' id='word_1_596' title='bbox 2371 2744 2543 2824; x_wconf 85' lang='lat' dir='ltr'>vale,</span> <span class='ocrx_word' id='word_1_597' title='bbox 2584 2743 3035 2811; x_wconf 89' lang='lat' dir='ltr'>amantissime</span> <span class='ocrx_word' id='word_1_598' title='bbox 3055 2745 3092 2781; x_wconf 69' lang='lat'>⁵</span> <span class='ocrx_word' id='word_1_599' title='bbox 3129 2751 3196 2809; x_wconf 90' lang='lat' dir='ltr'>et</span> <span class='ocrx_word' id='word_1_600' title='bbox 3228 2740 3817 2810; x_wconf 81' lang='lat' dir='ltr'>observandissime</span> <span class='ocrx_word' id='word_1_601' title='bbox 3853 2747 4060 2827; x_wconf 89' lang='lat' dir='ltr'>pater.</span> <span class='ocrx_word' id='word_1_602' title='bbox 4126 2742 4338 2805; x_wconf 83' lang='lat' dir='ltr'>Aure-</span> 
     </span>
     <span class='ocr_line' id='line_1_86' title="bbox 2370 2828 3278 2899; baseline -0.002 -2"><span class='ocrx_word' id='word_1_603' title='bbox 2370 2828 2501 2897; x_wconf 85' lang='lat' dir='ltr'>liae</span> <span class='ocrx_word' id='word_1_604' title='bbox 2545 2835 2603 2895; x_wconf 82' lang='lat'>3.</span> <span class='ocrx_word' id='word_1_605' title='bbox 2650 2828 2921 2899; x_wconf 85' lang='lat' dir='ltr'>Oalend.</span> <span class='ocrx_word' id='word_1_606' title='bbox 2966 2830 3278 2897; x_wconf 89' lang='lat' dir='ltr'>Deoemb.</span> 
     </span>
    </p>
   </div>
   <div class='ocr_carea' id='block_1_8' title="bbox 3464 2962 4250 3119">
    <p class='ocr_par' dir='ltr' id='par_1_13' title="bbox 3464 2962 4250 3119">
     <span class='ocr_line' id='line_1_87' title="bbox 3464 2962 4250 3030; baseline -0.001 -2"><span class='ocrx_word' id='word_1_607' title='bbox 3464 2963 3592 3029; x_wconf 75' lang='lat' dir='ltr'>Tui</span> <span class='ocrx_word' id='word_1_608' title='bbox 3633 2962 4250 3030; x_wconf 83' lang='lat' dir='ltr'>observantissimus</span> 
     </span>
     <span class='ocr_line' id='line_1_88' title="bbox 3608 3047 4094 3119; baseline -0.004 -3"><span class='ocrx_word' id='word_1_609' title='bbox 3608 3047 3691 3119; x_wconf 90' lang='lat' dir='ltr'>N.</span> <span class='ocrx_word' id='word_1_610' title='bbox 3738 3048 4094 3117; x_wconf 80' lang='lat' dir='ltr'>Gallasius.</span> 
     </span>
    </p>
   </div>
   <div class='ocr_carea' id='block_1_9' title="bbox 3136 3342 3550 3356">
    <p class='ocr_par' dir='ltr' id='par_1_14' title="bbox 3136 3342 3550 3356">
     <span class='ocr_line' id='line_1_89' title="bbox 3136 3342 3550 3356; baseline -0.002 -1"><span class='ocrx_word' id='word_1_611' title='bbox 3136 3342 3550 3356; x_wconf 75' lang='lat'>—-</span> 
     </span>
    </p>
   </div>
   <div class='ocr_carea' id='block_1_10' title="bbox 2866 3594 3826 3817">
    <p class='ocr_par' dir='ltr' id='par_1_15' title="bbox 2866 3594 3826 3817">
     <span class='ocr_line' id='line_1_90' title="bbox 3241 3594 3444 3665; baseline 0.01 -2"><span class='ocrx_word' id='word_1_612' title='bbox 3241 3594 3444 3665; x_wconf 81' lang='lat'>4⁰5⁰.</span> 
     </span>
     <span class='ocr_line' id='line_1_91' title="bbox 2866 3746 3826 3817; baseline -0.003 0"><span class='ocrx_word' id='word_1_613' title='bbox 2866 3747 3342 3817; x_wconf 78' lang='lat' dir='ltr'>GALVINUS</span> <span class='ocrx_word' id='word_1_614' title='bbox 3393 3746 3826 3815; x_wconf 74' lang='lat' dir='ltr'>THRETIO.</span> 
     </span>
    </p>
   </div>
   <div class='ocr_carea' id='block_1_11' title="bbox 2353 3918 4330 4262">
    <p class='ocr_par' dir='ltr' id='par_1_16' title="bbox 2353 3918 4330 4262">
     <span class='ocr_line' id='line_1_92' title="bbox 2542 3918 4329 3987; baseline -0.001 -2"><span class='ocrx_word' id='word_1_615' title='bbox 2542 3919 2854 3987; x_wconf 70' lang='lat' dir='ltr'>Hortatur</span> <span class='ocrx_word' id='word_1_616' title='bbox 2896 3940 3036 3987; x_wconf 81' lang='lat' dir='ltr'>eum</span> <span class='ocrx_word' id='word_1_617' title='bbox 3087 3924 3158 3986; x_wconf 76' lang='lat' dir='ltr'>ut</span> <span class='ocrx_word' id='word_1_618' title='bbox 3206 3920 3397 3986; x_wconf 74' lang='lat' dir='ltr'>citius</span> <span class='ocrx_word' id='word_1_619' title='bbox 3458 3919 3530 3984; x_wconf 79' lang='lat' dir='ltr'>in</span> <span class='ocrx_word' id='word_1_620' title='bbox 3591 3918 3922 3985; x_wconf 66' lang='lat' dir='ltr'>Potoniam</span> <span class='ocrx_word' id='word_1_621' title='bbox 3977 3921 4189 3986; x_wconf 75' lang='lat' dir='ltr'>redeat</span> <span class='ocrx_word' id='word_1_622' title='bbox 4240 3919 4329 3985; x_wconf 77' lang='lat' dir='ltr'>ad</span> 
     </span>
     <span class='ocr_line' id='line_1_93' title="bbox 2366 4006 4326 4091; baseline -0.002 -18"><span class='ocrx_word' id='word_1_623' title='bbox 2366 4026 2627 4073; x_wconf 78' lang='lat' dir='ltr'>manum</span> <span class='ocrx_word' id='word_1_624' title='bbox 2663 4007 2834 4091; x_wconf 64' lang='lat' dir='ltr'>qenes·</span> <span class='ocrx_word' id='word_1_625' title='bbox 2874 4026 3032 4072; x_wconf 77' lang='lat' dir='ltr'>suae</span> <span class='ocrx_word' id='word_1_626' title='bbox 3062 4006 3535 4090; x_wconf 71' lang='lat' dir='ltr'>porriyendam,</span> <span class='ocrx_word' id='word_1_627' title='bbox 3593 4025 3788 4088; x_wconf 77' lang='lat' dir='ltr'>quum</span> <span class='ocrx_word' id='word_1_628' title='bbox 3829 4006 3965 4088; x_wconf 78' lang='lat' dir='ltr'>ipse</span> <span class='ocrx_word' id='word_1_629' title='bbox 4012 4024 4139 4086; x_wconf 76' lang='lat' dir='ltr'>pro</span> <span class='ocrx_word' id='word_1_630' title='bbox 4180 4009 4326 4072; x_wconf 69' lang='lat' dir='ltr'>tent·</span> 
     </span>
     <span class='ocr_line' id='line_1_94' title="bbox 2355 4090 4330 4176; baseline -0.001 -18"><span class='ocrx_word' id='word_1_631' title='bbox 2355 4112 2516 4176; x_wconf 80' lang='lat' dir='ltr'>pore</span> <span class='ocrx_word' id='word_1_632' title='bbox 2568 4112 2686 4158; x_wconf 77' lang='lat' dir='ltr'>suo</span> <span class='ocrx_word' id='word_1_633' title='bbox 2737 4091 2945 4176; x_wconf 69' lang='lat' dir='ltr'>officio</span> <span class='ocrx_word' id='word_1_634' title='bbox 2997 4092 3255 4172; x_wconf 76' lang='lat' dir='ltr'>functus</span> <span class='ocrx_word' id='word_1_635' title='bbox 3306 4092 3421 4158; x_wconf 80' lang='lat' dir='ltr'>vix</span> <span class='ocrx_word' id='word_1_636' title='bbox 3472 4091 3635 4156; x_wconf 78' lang='lat' dir='ltr'>satis</span> <span class='ocrx_word' id='word_1_637' title='bbox 3689 4091 3927 4157; x_wconf 74' lang='lat' dir='ltr'>virium</span> <span class='ocrx_word' id='word_1_638' title='bbox 3978 4090 4201 4157; x_wconf 75' lang='lat' dir='ltr'>habeat</span> <span class='ocrx_word' id='word_1_639' title='bbox 4241 4090 4330 4156; x_wconf 77' lang='lat' dir='ltr'>ad</span> 
     </span>
     <span class='ocr_line' id='line_1_95' title="bbox 2353 4177 3430 4262; baseline -0.004 -16"><span class='ocrx_word' id='word_1_640' title='bbox 2353 4179 2667 4262; x_wconf 73' lang='lat' dir='ltr'>propiora</span> <span class='ocrx_word' id='word_1_641' title='bbox 2706 4182 2763 4244; x_wconf 77' lang='lat' dir='ltr'>et</span> <span class='ocrx_word' id='word_1_642' title='bbox 2803 4179 3012 4262; x_wconf 75' lang='lat' dir='ltr'>maqis</span> <span class='ocrx_word' id='word_1_643' title='bbox 3055 4177 3430 4245; x_wconf 75' lang='lat' dir='ltr'>necessaria.</span> 
     </span>
    </p>
   </div>
   <div class='ocr_carea' id='block_1_12' title="bbox 2363 4345 3792 4469">
    <p class='ocr_par' dir='ltr' id='par_1_17' title="bbox 2363 4345 3792 4469">
     <span class='ocr_line' id='line_1_96' title="bbox 2363 4345 3792 4469; baseline -0.003 -65"><span class='ocrx_word' id='word_1_644' title='bbox 2363 4349 2591 4419; x_wconf 75' lang='lat' dir='ltr'>(Exstst</span> <span class='ocrx_word' id='word_1_645' title='bbox 2636 4366 2724 4420; x_wconf 79' lang='lat' dir='ltr'>sp.</span> <span class='ocrx_word' id='word_1_646' title='bbox 2762 4349 2979 4419; x_wconf 68' lang='lat' dir='ltr'>Bessa,</span> <span class='ocrx_word' id='word_1_647' title='bbox 3026 4349 3110 4404; x_wconf 90' lang='lat' dir='ltr'>ed.</span> <span class='ocrx_word' id='word_1_648' title='bbox 3147 4347 3357 4403; x_wconf 83' lang='lat' dir='ltr'>Genev.</span> <span class='ocrx_word' id='word_1_649' title='bbox 3380 4363 3443 4469; x_wconf 39' lang='grc' dir='ltr'>ἦ).</span> <span class='ocrx_word' id='word_1_650' title='bbox 3477 4345 3598 4413; x_wconf 82' lang='grc'><strong>272,</strong></span> <span class='ocrx_word' id='word_1_651' title='bbox 3647 4347 3792 4401; x_wconf 77' lang='lat' dir='ltr'>Laus</span> 
     </span>
    </p>
   </div>
   <div class='ocr_carea' id='block_1_13' title="bbox 2759 4344 4327 4488">
    <p class='ocr_par' dir='ltr' id='par_1_18' title="bbox 2759 4344 4327 4488">
     <span class='ocr_line' id='line_1_97' title="bbox 2759 4344 4327 4488; baseline -0.005 -15"><span class='ocrx_word' id='word_1_652' title='bbox 2759 4434 2814 4488; x_wconf 88' lang='lat' dir='ltr'>p.</span> <span class='ocrx_word' id='word_1_653' title='bbox 2849 4416 2970 4484; x_wconf 81' lang='grc'><strong>686,</strong></span> <span class='ocrx_word' id='word_1_654' title='bbox 3006 4417 3222 4471; x_wconf 84' lang='lat' dir='ltr'>Ohouet</span> <span class='ocrx_word' id='word_1_655' title='bbox 3254 4428 3308 4485; x_wconf 70' lang='lat' dir='ltr'>p.</span> <span class='ocrx_word' id='word_1_656' title='bbox 3343 4415 3380 4471; x_wconf 90' lang='grc'><strong>8</strong></span> <span class='ocrx_word' id='word_1_657' title='bbox 3413 4415 3465 4481; x_wconf 84' lang='lat'>8,</span> <span class='ocrx_word' id='word_1_658' title='bbox 3502 4418 3676 4471; x_wconf 78' lang='lat' dir='ltr'>Amst.</span> <span class='ocrx_word' id='word_1_659' title='bbox 3713 4430 3766 4484; x_wconf 88' lang='lat' dir='ltr'>p.</span> <span class='ocrx_word' id='word_1_660' title='bbox 3793 4344 4065 4468; x_wconf 40' lang='lat'>136566’</span> <span class='ocrx_word' id='word_1_661' title='bbox 4112 4344 4327 4400; x_wconf 54' lang='lat' dir='ltr'>Hmov&#39;</span> 
     </span>
    </p>
   </div>
   <div class='ocr_carea' id='block_1_14' title="bbox 3925 4415 3949 4479">
    <p class='ocr_par' dir='ltr' id='par_1_19' title="bbox 3925 4415 3949 4479">
     <span class='ocr_line' id='line_1_98' title="bbox 3925 4415 3949 4479; baseline 0 0"><span class='ocrx_word' id='word_1_662' title='bbox 3925 4415 3949 4479; x_wconf 92' lang='lat'><strong>)</strong></span> 
     </span>
    </p>
   </div>
   <div class='ocr_carea' id='block_1_15' title="bbox 2363 4584 4330 5017">
    <p class='ocr_par' dir='ltr' id='par_1_20' title="bbox 2363 4584 4330 5017">
     <span class='ocr_line' id='line_1_99' title="bbox 2539 4584 4325 4670; baseline -0.001 -15"><span class='ocrx_word' id='word_1_663' title='bbox 2539 4588 2617 4655; x_wconf 83' lang='lat' dir='ltr'>Si</span> <span class='ocrx_word' id='word_1_664' title='bbox 2684 4610 2831 4655; x_wconf 91' lang='lat' dir='ltr'>mea</span> <span class='ocrx_word' id='word_1_665' title='bbox 2886 4588 3244 4655; x_wconf 88' lang='lat' dir='ltr'>admonitio</span> <span class='ocrx_word' id='word_1_666' title='bbox 3273 4590 3322 4667; x_wconf 90' lang='lat'>¹)</span> <span class='ocrx_word' id='word_1_667' title='bbox 3386 4586 3635 4670; x_wconf 82' lang='lat' dir='ltr'>profuit</span> <span class='ocrx_word' id='word_1_668' title='bbox 3692 4585 3828 4650; x_wconf 90' lang='lat' dir='ltr'>tuis</span> <span class='ocrx_word' id='word_1_669' title='bbox 3881 4584 4325 4669; x_wconf 89' lang='lat' dir='ltr'>popularibus,</span> 
     </span>
     <span class='ocr_line' id='line_1_100' title="bbox 2365 4670 4325 4756; baseline -0.003 -15"><span class='ocrx_word' id='word_1_670' title='bbox 2365 4676 2612 4741; x_wconf 90' lang='lat' dir='ltr'>eximie</span> <span class='ocrx_word' id='word_1_671' title='bbox 2654 4676 2763 4741; x_wconf 82' lang='lat' dir='ltr'>vir</span> <span class='ocrx_word' id='word_1_672' title='bbox 2796 4681 2866 4741; x_wconf 91' lang='lat' dir='ltr'>et</span> <span class='ocrx_word' id='word_1_673' title='bbox 2906 4673 3070 4740; x_wconf 91' lang='lat' dir='ltr'>mihi</span> <span class='ocrx_word' id='word_1_674' title='bbox 3113 4672 3384 4740; x_wconf 89' lang='lat' dir='ltr'>colende</span> <span class='ocrx_word' id='word_1_675' title='bbox 3427 4672 3654 4751; x_wconf 82' lang='lat' dir='ltr'>frater,</span> <span class='ocrx_word' id='word_1_676' title='bbox 3700 4671 3847 4736; x_wconf 88' lang='lat' dir='ltr'>Deo</span> <span class='ocrx_word' id='word_1_677' title='bbox 3890 4670 4140 4755; x_wconf 86' lang='lat' dir='ltr'>gratias</span> <span class='ocrx_word' id='word_1_678' title='bbox 4181 4691 4325 4756; x_wconf 81' lang='lat' dir='ltr'>ugo,</span> 
     </span>
     <span class='ocr_line' id='line_1_101' title="bbox 2363 4756 4330 4845; baseline -0.002 -18"><span class='ocrx_word' id='word_1_679' title='bbox 2363 4762 2476 4845; x_wconf 89' lang='lat' dir='ltr'>qui</span> <span class='ocrx_word' id='word_1_680' title='bbox 2533 4761 2869 4826; x_wconf 84' lang='lat' dir='ltr'>tantillum</span> <span class='ocrx_word' id='word_1_681' title='bbox 2932 4759 3189 4838; x_wconf 80' lang='lat' dir='ltr'>laboris,</span> <span class='ocrx_word' id='word_1_682' title='bbox 3257 4757 3430 4842; x_wconf 87' lang='lat' dir='ltr'>quod</span> <span class='ocrx_word' id='word_1_683' title='bbox 3481 4757 3617 4823; x_wconf 87' lang='lat' dir='ltr'>illio</span> <span class='ocrx_word' id='word_1_684' title='bbox 3680 4756 4025 4840; x_wconf 90' lang='lat' dir='ltr'>insumpsi,</span> <span class='ocrx_word' id='word_1_685' title='bbox 4090 4777 4330 4841; x_wconf 87' lang='lat' dir='ltr'>passus</span> 
     </span>
     <span class='ocr_line' id='line_1_102' title="bbox 2364 4843 4328 4927; baseline -0.003 -15"><span class='ocrx_word' id='word_1_686' title='bbox 2364 4867 2503 4912; x_wconf 90' lang='lat' dir='ltr'>non</span> <span class='ocrx_word' id='word_1_687' title='bbox 2546 4854 2649 4913; x_wconf 90' lang='lat' dir='ltr'>est</span> <span class='ocrx_word' id='word_1_688' title='bbox 2690 4847 2911 4912; x_wconf 85' lang='lat' dir='ltr'>fructu</span> <span class='ocrx_word' id='word_1_689' title='bbox 2953 4865 3195 4911; x_wconf 89' lang='lat' dir='ltr'>carere.</span> <span class='ocrx_word' id='word_1_690' title='bbox 3284 4843 3425 4910; x_wconf 88' lang='lat' dir='ltr'>Nec</span> <span class='ocrx_word' id='word_1_691' title='bbox 3466 4862 3629 4909; x_wconf 84' lang='lat' dir='ltr'>vero</span> <span class='ocrx_word' id='word_1_692' title='bbox 3673 4863 3853 4909; x_wconf 89' lang='lat' dir='ltr'>nunc</span> <span class='ocrx_word' id='word_1_693' title='bbox 3894 4862 4003 4907; x_wconf 93' lang='lat' dir='ltr'>me</span> <span class='ocrx_word' id='word_1_694' title='bbox 4047 4844 4328 4927; x_wconf 88' lang='lat' dir='ltr'>pigeret,</span> 
     </span>
     <span class='ocr_line' id='line_1_103' title="bbox 2364 4927 4327 5017; baseline -0.002 -20"><span class='ocrx_word' id='word_1_695' title='bbox 2364 4931 2514 5016; x_wconf 91' lang='lat' dir='ltr'>plus</span> <span class='ocrx_word' id='word_1_696' title='bbox 2554 4952 2792 5017; x_wconf 87' lang='lat' dir='ltr'>operae</span> <span class='ocrx_word' id='word_1_697' title='bbox 2826 4952 3068 5015; x_wconf 88' lang='lat' dir='ltr'>ponere</span> <span class='ocrx_word' id='word_1_698' title='bbox 3110 4930 3182 4997; x_wconf 91' lang='lat' dir='ltr'>in</span> <span class='ocrx_word' id='word_1_699' title='bbox 3225 4927 3568 4995; x_wconf 80' lang='lat' dir='ltr'>tractando</span> <span class='ocrx_word' id='word_1_700' title='bbox 3601 4927 3714 4994; x_wconf 89' lang='lat' dir='ltr'>illo</span> <span class='ocrx_word' id='word_1_701' title='bbox 3749 4936 4159 5013; x_wconf 86' lang='lat' dir='ltr'>argumento,</span> <span class='ocrx_word' id='word_1_702' title='bbox 4168 4927 4225 5011; x_wconf 75' lang='lat'>²)</span> <span class='ocrx_word' id='word_1_703' title='bbox 4269 4931 4327 4994; x_wconf 89' lang='lat' dir='ltr'>si</span> 
     </span>
    </p>
   </div>
   <div class='ocr_carea' id='block_1_16' title="bbox 2481 5055 2774 5064">
    <p class='ocr_par' dir='ltr' id='par_1_21' title="bbox 2481 5055 2774 5064">
     <span class='ocr_line' id='line_1_104' title="bbox 2481 5055 2774 5064; baseline 0 1061"><span class='ocrx_word' id='word_1_704' title='bbox 2481 5055 2774 5064; x_wconf 95' lang='lat' dir='ltr'> </span> 
     </span>
    </p>
   </div>
   <div class='ocr_carea' id='block_1_17' title="bbox 2362 5113 4342 5460">
    <p class='ocr_par' dir='ltr' id='par_1_22' title="bbox 2362 5113 4342 5460">
     <span class='ocr_line' id='line_1_105' title="bbox 2538 5113 3960 5188; baseline -0.005 -14"><span class='ocrx_word' id='word_1_705' title='bbox 2538 5119 2634 5188; x_wconf 82' lang='grc' dir='ltr'>ιι)</span> <span class='ocrx_word' id='word_1_706' title='bbox 2668 5119 2864 5174; x_wconf 65' lang='lat' dir='ltr'>Mau„</span> <span class='ocrx_word' id='word_1_707' title='bbox 2898 5149 2965 5160; x_wconf 93' lang='grc'>-</span> <span class='ocrx_word' id='word_1_708' title='bbox 3004 5116 3440 5174; x_wconf 55' lang='lat' dir='ltr'>ronta-mmm·</span> <span class='ocrx_word' id='word_1_709' title='bbox 3475 5144 3542 5157; x_wconf 89' lang='lat'>-</span> <span class='ocrx_word' id='word_1_710' title='bbox 3580 5113 3960 5172; x_wconf 60' lang='lat' dir='ltr'>Baius-Mam.</span> 
     </span>
     <span class='ocr_line' id='line_1_106' title="bbox 2548 5186 4342 5339; baseline -0.003 -26"><span class='ocrx_word' id='word_1_711' title='bbox 2548 5190 2635 5325; x_wconf 51' lang='grc' dir='ltr'>ἐξ</span> <span class='ocrx_word' id='word_1_712' title='bbox 2669 5186 3325 5340; x_wconf 46' lang='lat' dir='ltr'>Qogaffoegsslizuqum</span> <span class='ocrx_word' id='word_1_713' title='bbox 3370 5253 3604 5310; x_wconf 63' lang='lat' dir='ltr'>zebeam</span> <span class='ocrx_word' id='word_1_714' title='bbox 3644 5257 3839 5310; x_wconf 66' lang='lat' dir='ltr'>msa</span> <span class='ocrx_word' id='word_1_715' title='bbox 3872 5248 4342 5308; x_wconf 64' lang='lat' dir='ltr'>mitri-nimios</span> 
     </span>
     <span class='ocr_line' id='line_1_107' title="bbox 2362 5323 3914 5460; baseline -0.005 -76"><span class='ocrx_word' id='word_1_716' title='bbox 2362 5326 2631 5384; x_wconf 72' lang='lat' dir='ltr'>edendum</span> <span class='ocrx_word' id='word_1_717' title='bbox 2677 5325 2931 5383; x_wconf 64' lang='grc' dir='ltr'>Μαι</span> <span class='ocrx_word' id='word_1_718' title='bbox 2962 5342 3001 5382; x_wconf 80' lang='lat' dir='ltr'><em>a</em></span> <span class='ocrx_word' id='word_1_719' title='bbox 3038 5323 3269 5381; x_wconf 63' lang='lat' dir='ltr'>Calvum</span> <span class='ocrx_word' id='word_1_720' title='bbox 3294 5323 3687 5394; x_wconf 66' lang='lat' dir='ltr'>pon-clavam.</span> <span class='ocrx_word' id='word_1_721' title='bbox 3807 5403 3914 5460; x_wconf 57' lang='lat'>18·</span> 
     </span>
    </p>
   </div>
  </div>
 </body>
</html>
