4900 6125
256 380 368 445 285

256 573 397 632 tuns
441 567 745 644 Ioannes,
766 567 826 650 ²)
871 564 953 631 de
995 585 1125 649 quo
1168 563 1463 647 angebar
1519 562 1673 644 quia
1727 560 1844 626 diu
1899 557 2067 624 nihil
2128 557 2209 624 de

253 651 278 716 i
433 650 805 728 audieram,
863 650 1043 718 valet
1079 657 1169 738 ⁸et
1209 667 1598 733 progressus
1641 647 1896 731 aliquos
1937 644 2099 711 facit
2137 644 2210 708 in

254 735 474 803 hteris.
558 735 830 820 Rogant
879 738 1223 821 episcopus
1292 744 1361 800 et
1402 731 1776 818 praefectus
1819 729 1934 796 ille
1977 750 2062 795 ne
2105 749 2211 828 re·

253 840 470 889 vocem
512 821 730 888 adhuc
771 822 988 905 ipsum
1046 842 1129 888 ex
1189 818 1457 903 Anglia.
1539 821 1827 884 Amatur
1869 837 1908 881 a
1951 813 2209 882 condis-

254 906 480 991 cipulis
522 917 593 973 et
635 907 1170 991 prwceptoribus
1185 955 1200 983 ,
1259 908 1376 990 qui
1417 904 1566 971 ideo
1607 925 1741 970 non
1784 900 2069 999 libenter
2108 899 2209 1000 ipff

252 1013 396 1059 sum
488 992 846 1058 dimittent.
957 991 1115 1059 Ideo
1208 1010 1366 1057 vero
1446 990 1861 1073 potissimum
1937 997 2210 1053 retineri

252 1078 511 1163 scripsit
550 1076 636 1143 ad
677 1098 785 1143 me
810 1077 1124 1162 Coynatus
1167 1088 1392 1144 noster
1412 1078 1471 1159 ⁸)
1515 1074 1686 1159 quod
1722 1074 1872 1139 aliis
1904 1070 2209 1155 exemplo

252 1164 339 1231 sit
398 1174 466 1229 et
529 1173 841 1247 tanquam
903 1163 1171 1229 stimulo
1237 1183 1315 1229 eo
1392 1171 1849 1245 praeceptores
1913 1167 2207 1223 utantur.

250 1248 519 1317 Publice
573 1249 751 1314 enim
819 1248 1132 1315 disseruit
1171 1249 1429 1333 saepius
1471 1255 1541 1313 et
1581 1245 1916 1312 orationes
1958 1242 2209 1309 habuit.

250 1334 522 1402 Utinam
566 1334 732 1401 haec
774 1334 845 1400 in
890 1335 1167 1421 gloriam
1211 1335 1339 1400 Dei
1382 1343 1681 1418 spectent
1721 1340 1790 1398 et
1830 1350 2025 1413 quem
2059 1337 2212 1413 opto

248 1421 530 1488 fructum
574 1419 887 1487 ecclesiae
943 1420 1029 1485 ali
1075 1419 1297 1486 uando
1352 1418 1732 1503 producant.
1806 1416 1993 1482 Bene
2042 1414 2209 1492 vale,

249 1506 341 1571 mi
381 1516 601 1590 pater,
663 1527 812 1572 cum
856 1506 1040 1572 omni
1086 1528 1165 1572 us
1219 1506 1626 1590 symmystis.
1716 1500 2051 1568 Dominus
2105 1500 2210 1565 in-

249 1601 503 1678 tegram
548 1591 668 1657 tibi
713 1592 1161 1658 valetudinem
1221 1589 1482 1668 reddat,
1549 1589 1941 1674 piorumque
1983 1605 2210 1670 preces

250 1687 314 1744 et
356 1677 642 1763 gemitus
687 1675 1012 1743 exaudiat.
1091 1676 1405 1744 Aureliae
1422 1679 1480 1756 ⁴)
1526 1681 1586 1742 6.
1631 1676 1795 1759 Apr.
1851 1675 2031 1738 1564.

418 1846 837 1916 Desiderium
883 1851 982 1913 tui
1019 1859 1087 1914 et
1120 1848 1301 1915 urbis
1348 1848 1589 1914 bonum

246 1934 423 2001 hunc
465 1935 683 2000 virum
724 1935 859 1998 iam
925 1933 1178 2018 pridem
1223 1934 1339 2001 tibi
1385 1933 1588 1998 notis-

243 2021 485 2087 simum
561 2020 788 2102 tuique
851 2019 1403 2086 studiosissimum
1483 2019 1589 2103 pie

245 2116 316 2171 et
368 2114 595 2172 sancte
652 2106 829 2170 inter
891 2125 1016 2170 nos
1062 2115 1391 2171 versatum
1437 2104 1594 2171 hinc

245 2190 538 2270 abducit,
603 2200 680 2255 ut
721 2211 808 2254 ex
851 2203 1074 2257 vestra
1114 2189 1588 2258 consuetudine

243 2288 314 2342 et
352 2276 664 2344 ecclesiae
719 2275 900 2342 illius
953 2287 1131 2342 statu
1174 2288 1242 2341 et
1284 2275 1588 2360 exemplo

241 2363 532 2431 fructum
574 2361 857 2446 colligat.

1242 2498 1371 2565 Tui
1412 2497 2034 2565 observantissimus

1409 2583 1492 2650 N.
1537 2582 1893 2652 Gallasius.

1125 3097 1328 3170 4094.

656 3252 1017 3321 BIRGAN
1023 3253 1083 3318 N
1088 3251 1205 3320 ΠΒ
1230 3256 1283 3329 ¹)
1326 3249 1763 3319 OALVINO.

419 3424 810 3508 manipulus
863 3443 1066 3504 nuper
1127 3429 1199 3488 ut
1238 3423 1481 3487 videtur
1521 3442 1555 3486 c
1610 3421 1823 3489 schola
1883 3422 2212 3502 dmm,

235 3531 414 3579 mc
473 3512 767 3577 minister
827 3509 999 3575 verbi
1060 3507 1532 3574 inBritannia
1584 3507 1849 3592 yallica,
1924 3506 2078 3589 fidei
2156 3511 2215 3573 ct

233 3598 672 3668 observa-cino
712 3594 1137 3662 testimonium
1179 3593 1323 3661 edit.

540 3768 650 3837 (Ex
683 3765 1027 3836 autographo
1061 3764 1192 3820 Cod.
1230 3763 1437 3820 Genev.
1475 3762 1596 3829 109,
1630 3762 1724 3821 sol.
1759 3762 1906 3831 181.)

502 3941 566 4006 A
611 3937 957 4005 Monsieur
999 3948 1067 4003 et
1109 3956 1265 4022 pere
1307 3936 1654 4002 Monsieur
1698 3933 1960 4001 Oalvin.

227 4112 438 4180 Patri
492 4130 613 4177 suo
672 4109 756 4174 D.
815 4108 1097 4174 Calvino
1167 4107 1449 4173 salutem
1563 4118 1819 4173 recatur
1875 4115 2210 4173 aeternam

702 4193 1057 4278 Philippus
1100 4192 1483 4278 Birgannus
1591 4192 1737 4259 rito.

421 4333 749 4415 Qudniam
795 4351 1058 4396 omnem
1101 4348 1294 4413 quam
1332 4329 1407 4394 in
1440 4328 1831 4396 coelestibus
1865 4341 1934 4393 et
1965 4327 2211 4395 divinis

229 4421 447 4488 rebus
513 4420 832 4485 hactenus
894 4436 1043 4480 sum
1123 4425 1510 4498 assequutus
1584 4415 2024 4499 cognitionem
2089 4415 2210 4481 tibi

231 4506 457 4583 (sicut
519 4520 587 4569 et
631 4505 713 4570 D.
766 4502 1038 4576 Besae.)
1103 4502 1248 4566 iure
1303 4511 1373 4565 et
1426 4501 1847 4566 meritissimo
1891 4514 2209 4584 tanquam

229 4592 537 4660 lehovae
570 4593 1013 4656 instrumento
1047 4597 1384 4670 acceptum
1417 4586 1589 4652 ferre
1622 4586 1846 4664 debeo,
1890 4587 1982 4652 mi
2003 4596 2208 4670 pater,

235 4732 326 4740 ———

459 4810 773 4948 DpNgnen
806 4813 1048 4865 occurrit
1081 4808 1171 4864 Jo.
1201 4808 1443 4864 Galloni&
1469 4808 1800 4864 Oeneum
1831 4810 1894 4864 οἶσι
1927 4808 2100 4865 Lim
2130 4807 2210 4864 au

459 4947 522 5085 ἕξ
553 4945 1728 5099 ἕωψῳᾼατπαωέῗξψ·
1965 5085 1976 5095 ‚

255 5086 891 5238 vquaossi-Vf'vffi.
911 5082 1951 5233 ,Moefflfmffiaflaema
1971 5168 2064 5221 ap.
2101 5152 2208 5208 Lo-

231 5238 383 5365 :35
391 5224 488 5363 ἐξ
527 5220 1563 5363 &maff‘ssffltfflm
1589 5220 1702 5344 ’,ᾗ
1727 5220 2074 5346 Vmwffl’
2120 5237 2211 5277 ”⁶'‘

2007 372 2172 438 1564
2215 366 2527 435 APRIL.

4151 365 4289 430 286

2316 553 2442 620 hoc
2497 564 2565 620 et
2607 553 2676 618 id
2720 555 3043 637 perbreve
3087 553 3494 638 epistolium,
3560 574 3693 619 non
3738 552 3939 637 longo
3982 561 4280 638 tempore

2313 651 2693 716 exaratum,
2775 640 2897 706 tibi
2962 640 3186 706 fratris
3251 643 3382 704 mei
3451 639 3817 706 ministerio
3883 639 4279 707 mittendum

2313 726 2576 802 curavi,
2634 735 2709 790 ut
2749 725 2841 790 sit
2882 725 3180 792 beneficii
3225 745 3265 790 a
3310 735 3373 790 te
3417 725 3663 810 accepti
3698 725 3911 791 instar
3953 725 4128 810 signi
4169 747 4278 793 re-

2312 810 2710 876 cordationis
2764 821 2834 877 et
2903 832 3094 877 verae
3151 811 3515 895 gratiarum
3574 810 3870 877 actionis.
3958 811 4158 877 Certe
4199 821 4278 879 tu

2313 895 2479 961 mihi
2548 917 2681 960 non
2747 896 2957 962 solum
3024 897 3287 980 scriptis
3351 894 3470 962 scd
3536 907 3605 962 et
3671 897 3824 962 viva
3879 916 4033 963 voce
4078 906 4277 980 (quae

2314 981 2575 1065 quidem
2643 992 2953 1065 operante
3017 983 3411 1049 intrinsecus
3477 982 3714 1066 spiritu
3781 982 3991 1133 magis
4036 982 4275 1069 afficit)

2314 1068 2694 1133 adiumento
2753 1078 2820 1134 et
2869 1068 3296 1135 consolationi
3353 1068 3563 1146 fuisti,
3629 1089 3712 1134 ne
3763 1069 3832 1133 in
3922 1071 4277 1152 esperatio-

2316 1174 2469 1219 nem
2539 1153 2739 1220 variis
2805 1154 3270 1220 afflictionibus
3348 1153 3798 1238 spiritualibus
3875 1156 4276 1223 exercitatus

2314 1238 2707 1319 inciderem,
2788 1260 2987 1323 quum
3065 1239 3408 1325 evangelio
3485 1239 3759 1306 Domini
3843 1242 4053 1306 nostri
4119 1241 4276 1308 Iesu

2316 1322 2569 1390 Christi
2628 1324 3066 1409 praedicando
3125 1324 3475 1409 aliquando
3527 1324 3802 1405 diceres,
3867 1325 4053 1392 illum
4098 1348 4274 1392 nun-

2314 1430 2512 1493 quam
2555 1430 2857 1494 peccasse
2902 1412 2969 1477 in
3015 1411 3317 1495 spiritum
3356 1419 3675 1491 sanctum,
3716 1413 3826 1494 qui
3866 1431 4028 1478 vera
4060 1412 4275 1481 cordis

2312 1496 2830 1579 compunctione,
2878 1518 3072 1563 verae
3112 1498 3552 1580 poenitentiae
3586 1499 3797 1581 capite
3830 1505 3900 1563 et
3931 1498 4273 1582 principio,

2313 1581 2421 1646 vel
2468 1581 2818 1648 duceretur
2860 1591 3340 1667 tangeretur-ve.
3426 1583 3641 1661 Tunc,
3687 1582 3852 1648 mihi
3894 1584 4119 1663 crede,
4162 1584 4275 1651 vel

2311 1666 2602 1731 maxime
2666 1666 2975 1733 tentabar
3038 1689 3079 1732 a
3145 1668 3435 1746 diabolo,
3499 1670 3610 1752 0οἰ
3667 1689 3774 1734 1110
3830 1668 4161 1753 perditum
4196 1677 4273 1736 ut

2312 1750 2478 1818 alios
2521 1753 2689 1831 Dei,
2755 1773 2907 1819 cum
2950 1754 3244 1837 reprobis
3264 1806 3279 1831 ,
3337 1754 3578 1820 electos
3623 1755 3912 1823 volebat:
3969 1756 4273 1839 quamvis

2311 1839 2702 1904 infirmitate
2758 1841 2979 1923 potius
3032 1860 3228 1923 quam
3289 1840 3545 1905 malitia
3596 1841 3667 1906 in
3727 1840 3797 1906 id
3864 1890 4192 1908 ......
4211 1844 4271 1926 ²)

2312 1944 2526 2008 genus
2568 1924 2976 2003 incidissem,
3021 1926 3135 2009 qui
3181 1927 3515 1991 volueram
3561 1928 3777 2011 prima
3816 1928 4031 1993 fronte
4075 1937 4273 2011 atque

2311 2008 2812 2090 inconsiderate,
2860 2031 2993 2076 non
3037 2012 3163 2077 rite
3206 2012 3562 2095 perspectis
3605 2032 3773 2096 0000
3815 2034 3856 2078 0
3899 2023 3964 2078 te
3999 2013 4272 2079 tradun-

2313 2106 2422 2161 tur
2466 2095 2916 2163 Institutionis
2957 2095 3126 2162 libro
3173 2101 3249 2161 3⁰
3290 2119 3431 2181 cap.
3494 2103 3595 2164 24.
3641 2109 3796 2166 sect.
3842 2106 3902 2164 4.
3945 2100 4014 2163 in
4059 2109 4272 2165 aeter-

2312 2202 2472 2246 num
2517 2178 2649 2248 Dei
2711 2182 3053 2249 eonsilium
3100 2181 3356 2249 Satana
3424 2182 3590 2250 duce
3655 2184 3907 2269 ingredi
3973 2194 4041 2250 et
4079 2204 4271 2252 caeco

2309 2267 4273 2436 {ffissis‘sserssi-”fflsmef’1n⁰{21}”2';?5ta⁶t¹122‘{⁰¹3.{it1⁰ss‘⁶‘”⁶13353

2311 2459 2416 2504 me
2459 2438 2698 2520 spiritu
2740 2437 3108 2523 adoptionis
3173 2440 3343 2506 facti.
3431 2439 3745 2507 Nondum
3790 2376 4272 2525 tameliioequies-

2307 2524 2497 2590 cebat
2537 2536 2746 2608 vom.
2833 2528 2930 2591 At
2971 2545 3173 2610 quum
3227 2526 3382 2591 talia
3439 2546 3479 2590 a
3535 2537 3600 2593 te
3651 2547 3879 2594 mense
3926 2526 4133 2603 Iulio,
4198 2528 4271 2594 ni

2307 2610 2528 2691 fallor,
2574 2631 2750 2677 anno
2793 2611 2955 2677 mill.
3044 2612 3221 2698 uing.
3266 2614 3673 2697 sexagesimo
3724 2612 4008 2680 secundo
4050 2612 4271 2680 audis-

2310 2716 2471 2775 sem,
2532 2697 2748 2779 coepit
2804 2717 3003 2764 conso
3030 2698 3249 2763 atione
3309 2718 3466 2764 vera
3519 2718 3725 2782 eaque
3787 2698 4272 2784 supernaturali

2310 2780 2563 2847 elevari
2617 2781 2843 2848 anima
2899 2802 3074 2860 mea,
3143 2804 3222 2849 ac
3277 2782 3580 2867 deinceps
3633 2787 3830 2868 (0000
3871 2793 4065 2850 antea
4105 2784 4274 2852 illud

2312 2864 2627 2934 Davidis:
2695 2868 3081 2935 Misererive
3146 2868 3388 2935 oblitus
3451 2868 3593 2936 est?
3676 2870 3923 2936 Psalm.
3995 2874 4095 2949 77,
4172 2876 4269 2950 10,

2312 2955 2573 3037 saepius
2594 2953 2896 3030 referret)
2919 2964 3152 3020 contra
3171 2953 3464 3020 Satanae
3496 2955 3769 3022 insidias
3803 2965 3871 3022 et
3903 2956 4274 3024 irretientia

2311 3038 2585 3107 vincula
2640 3038 2925 3126 gloriari.
3005 3039 3132 3107 Ille
3170 3039 3335 3107 mihi
3390 3039 3675 3109 dicebat:
3743 3039 3920 3124 Quia
3961 3063 4272 3128 praepos-

2310 3135 2456 3191 tere
2498 3135 2569 3191 et
2689 3146 2947 3210 rperam
3008 3137 3351 3193 aeternum
3392 3125 3523 3193 Dei
3567 3127 3902 3195 decretum
3943 3130 4273 3214 (quamvis

2311 3211 2545 3279 fuisset
2602 3212 2615 3225 “
2676 3212 2781 3277 ‘us
2834 3211 2995 3278 mali
3049 3215 3268 3297 autor)
3325 3222 3661 3280 scrutatus
3703 3235 3802 3293 es,
3861 3235 3997 3281 non
4040 3215 4273 3301 regula

2311 3299 2677 3382 scripturae
2741 3316 2967 3365 sacrae
3030 3307 3411 3377 contentus,
3476 3299 3549 3363 in
3604 3299 3906 3384 spiritum
3966 3312 4272 3367 sanctum

2544 3384 2613 3449 ti.
2704 3382 2849 3469 Ego
2911 3382 3151 3450 misere
3194 3383 3479 3450 afflictus
3522 3385 3960 3470 (experientia
4001 3386 4271 3453 edoctus

2349 3469 2600 3536 ehovae
2634 3467 2978 3536 consilium
3012 3490 3156 3536 0000
3190 3469 3579 3554 profundam
3613 3472 3953 3556 abyssum)
3974 3470 4273 3539 dicebam

2310 3554 2378 3621 id
2421 3576 2558 3622 non
2600 3575 2746 3622 esse
2787 3562 3126 3639 peccatum
3160 3556 3232 3620 in
3274 3555 3579 3639 spiritum
3613 3566 3932 3638 sanctum,
3976 3557 4272 3642 quando-

2311 3641 2576 3725 quidem
2617 3639 2687 3706 id
2729 3640 2753 3704 i
2849 3640 3099 3707 orantis
3139 3641 3360 3725 potius
3402 3652 3471 3707 et
3511 3642 3862 3723 infirmati,
3928 3642 4129 3729 digna
4168 3653 4272 3710 m-

2312 3748 2469 3793 men
2530 3746 2747 3792 merce
2792 3747 2830 3792 e
2894 3737 3175 3810 recepta,
3243 3747 3439 3810 quam
3504 3737 3686 3793 certa
3749 3727 4003 3793 malitia
4066 3729 4171 3814 (ac
4213 3731 4274 3796 si

2309 3832 2689 3898 spernerem
2733 3819 3071 3878 aeternam
3115 3810 3245 3877 Dei
3299 3812 3650 3880 veritatem
3693 3814 3957 3899 scriptis
4000 3815 4273 3882 manda-

2312 3910 2481 3975 tam)
2526 3898 2764 3964 fuisset
2817 3918 2858 3963 a
2911 3918 3018 3963 me
3072 3898 3334 3964 factum.
3421 3897 3654 3982 Itaque
3720 3900 3937 3965 victus
3979 3912 4082 3965 est
4124 3912 4271 3968 tan·

2311 3984 2462 4050 dem
2505 4004 2584 4049 eo
2628 3994 2923 4067 tempore
2965 3992 3034 4048 et
3076 4004 3335 4067 semper
3380 3994 3607 4067 postea
3649 3983 3881 4051 divina
3924 3986 4269 4053 voluntate

2309 4083 2528 4181 “m-1.
2551 4074 2607 4147 ⁸)
2695 4068 3018 4150 Quamvis
3061 4068 3579 4139 consolationum
3645 4091 3685 4136 a
3740 4080 3807 4136 te
3850 4084 4269 4156 acceptarum

2309 4189 2613 4256 infinitus
2677 4188 2767 4255 sit
2831 4209 3148 4255 numerus
3172 4240 3188 4267 ‚
3254 4189 3428 4257 hanc
3489 4200 3708 4257 tamen
3773 4210 3931 4275 prae
3994 4190 4268 4258 caeteris

2311 4275 2475 4340 mihi
2534 4273 2766 4341 utilem
2833 4286 2990 4340 tunc
3057 4275 3368 4358 temporis
3426 4277 3776 4342 memoriae
3828 4276 4267 4343 mandandam

2311 4361 2557 4429 curavi.
2635 4359 2823 4439 Scio,
2884 4368 2960 4425 ut
3013 4381 3167 4427 vere
3220 4361 3419 4426 etiam
3475 4371 3701 4445 postea
3742 4382 3889 4427 sum
3935 4375 4266 4446 expertus,

2309 4446 2715 4513 horrendum
2778 4468 2921 4512 0000
2985 4444 3274 4513 incidere
3336 4447 3408 4512 in
3473 4468 3712 4514 manus
3766 4448 3893 4512 Dei
3959 4448 4265 4517 viventis.

2307 4533 2508 4599 Multi
2575 4553 2693 4597 suo
2759 4529 2998 4598 iudicio
3051 4531 3166 4597 illa
3227 4533 3570 4598 metientes
3625 4534 3761 4617 (qui
3807 4533 3926 4599 tibi
3968 4533 4268 4601 fortassis

2308 4621 2554 4686 referre
2597 4622 2979 4702 potuerunt)
3037 4616 3338 4683 dicebant
3392 4638 3498 4683 me
3552 4619 3799 4684 chartis
3856 4619 4266 4704 invigilando

2306 4704 2376 4772 id
2431 4703 2671 4769 doloris
2725 4722 3143 4788 comparasse
3194 4712 3262 4768 et
3315 4702 3517 4769 nimio
3572 4703 3789 4770 studio
3853 4706 4116 4771 cerebro
4158 4726 4265 4771 me

2308 4790 2718 4857 debilitatum
2775 4810 2935 4856 esse.
3024 4789 3170 4874 Ego
3232 4809 3386 4854 vero
3429 4790 3555 4855 Dei
3722 4790 3814 4855 tia
3866 4790 4059 4857 aliter
4112 4811 4263 4857 sen·

2306 4877 2550 4943 tiebam
2615 4883 2685 4941 et
2726 4895 2903 4941 nunc
2954 4894 3209 4957 000000
3264 4874 3493 4942 sentio.
3685 4876 3909 4942 rvavit
3970 4897 4077 4942 me
4141 4876 4264 4942 hoc

2517 5148 2578 5217 2)
2611 5150 2852 5219 quinque
2886 5149 3078 5203 literae
3112 5149 3396 5204 hebra-'cm
3430 5149 3565 5205 lectu
3601 5147 3987 5218 difficillimae,
4030 5166 4265 5221 quorun

2311 5228 2420 5275 ms
2451 5228 2781 5353 ''ogra-2⁸⁸
2810 5220 3051 5285 fortasse
3083 5229 3227 5285 nnn
3260 5217 3527 5284 rerer-me.
