4900 6125
268 467 396 530 565

267 653 579 720 cederent
619 652 690 718 in
735 650 1016 738 gloriam
1058 649 1312 730 iudicis,
1358 657 1536 718 certe
1576 649 1906 717 iudicarer
1946 651 2230 719 iniuste:

266 738 384 805 sed
426 758 563 804 non
607 736 852 805 cedunt
884 741 958 803 in
1002 737 1281 822 gloriam
1316 735 1572 814 iudicis,
1618 755 1777 822 ergo
1814 758 1946 803 non
1983 735 2239 805 iudicor

263 825 532 901 iniuste,
577 844 712 889 non
754 824 1004 889 iniuste
1047 830 1272 890 censet
1313 843 1420 888 me
1462 841 1674 905 poena
1718 822 2013 908 dignum.
2088 823 2237 892 Hoc

267 909 667 977 antecedens
722 930 831 975 me
886 921 1110 976 movet
1168 909 1528 993 plurimum
1573 928 1659 973 ex
1701 929 1778 975 eo
1822 908 1994 993 quod
2036 931 2121 976 ne
2209 917 2239 975 t

268 995 441 1081 quod
486 997 791 1080 superius
836 994 1160 1061 diximus:
1220 994 1578 1061 iustificare
1632 1014 1775 1061 esse
1833 996 2081 1062 iustum
2123 930 2237 1061 52-

267 1083 534 1148 clarare.
648 1079 845 1163 Quod
911 1102 1118 1165 quum
1187 1102 1320 1146 non
1385 1088 1604 1164 posset
1683 1083 1947 1166 negari,
2034 1082 2239 1147 miror

267 1167 553 1235 Paulum
598 1189 778 1235 nunc
822 1166 983 1233 illud
1031 1186 1324 1252 negasse.
1415 1165 1564 1232 Non
1611 1186 1881 1250 possum
1933 1189 2041 1233 me
2082 1166 2240 1233 hinc

266 1253 612 1338 expedire:
680 1263 754 1319 tu
799 1252 1069 1319 videbis.
1159 1253 1459 1318 Tertium
1504 1263 1967 1338 argumentum
2012 1253 2238 1320 confu-

265 1349 366 1406 tat
407 1340 654 1423 triplex
696 1337 1049 1405 iudicium:
1096 1360 1305 1404 unum
1352 1358 1582 1404 eorum
1628 1338 1757 1421 qui,
1805 1360 2006 1422 quum
2052 1339 2238 1404 audi·

267 1437 417 1493 rent
482 1447 523 1491 a
565 1425 776 1491 Paulo
839 1434 908 1490 et
972 1426 1249 1491 caeteris
1312 1425 1562 1491 iustum
1631 1423 1953 1491 declarari
2018 1423 2239 1491 Deum

265 1512 511 1579 nostris
555 1510 828 1589 delictis,
873 1510 1081 1576 nihilo
1128 1521 1349 1576 tamen
1386 1511 1598 1576 secius
1644 1510 1927 1595 relinqui
1971 1512 2237 1589 iustum,

265 1597 572 1664 dicebant
631 1597 806 1662 mala
861 1617 1005 1662 esse
1062 1595 1363 1662 facienda
1407 1618 1490 1662 ex
1547 1595 1847 1662 doctrina
1890 1597 2236 1682 evangelii.

266 1682 463 1765 Quod
519 1704 724 1766 quum
781 1690 956 1749 esset
1013 1682 1366 1748 ridiculum
1383 1733 1398 1760 ,
1465 1681 1852 1749 reiiciebant
1908 1683 2238 1767 evangelii

266 1769 652 1837 doctrinam.
743 1769 1052 1834 Alterum
1119 1780 1223 1834 est
1278 1788 1508 1833 eorum
1567 1768 1679 1851 qui
1745 1767 2085 1848 dicebant,
2151 1791 2237 1834 ex

263 1853 752 1940 praedicatione
808 1855 1001 1921 Pauli
1058 1854 1278 1920 Deum
1358 1872 1549 1937 posse
1612 1853 1833 1939 colligi
1899 1855 2238 1931 iniustum,

265 1941 440 2025 quod
521 1941 959 2007 annunciaret
1024 1938 1243 2005 Deum
1324 1941 1566 2006 nostris
1645 1940 1899 2006 delictis
1981 1940 2239 2007 ostendi

264 2029 538 2104 iustum,
575 2047 851 2110 quorum
888 2027 1192 2111 proxima
1225 2037 1371 2091 erat
1406 2026 1912 2110 argumentatio.
1983 2026 2237 2092 Verum

266 2133 472 2197 quum
515 2112 767 2178 Paulus
825 2113 1132 2188 sentiret,
1199 2111 1330 2177 fide
1387 2109 1454 2176 id
1514 2133 1657 2178 esse
1723 2122 2239 2179 consentaneum

265 2198 443 2282 quod
509 2199 766 2264 ratione
830 2218 974 2264 esse
1039 2206 1254 2281 potest
1315 2217 1729 2281 repugnans,
1796 2199 1920 2264 hoc
1964 2209 2031 2264 et
2074 2197 2240 2263 illud

266 2282 593 2351 iudicium
658 2285 753 2350 sic
811 2284 1123 2349 confutat.
1214 2281 1293 2350 Si
1335 2282 1524 2350 Deus
1580 2292 1753 2349 esset
1809 2285 2098 2351 iniustus
2158 2282 2241 2349 ob

265 2370 339 2435 id
383 2369 557 2454 quod
603 2370 796 2452 punit
835 2368 1008 2453 quod
1053 2368 1473 2435 commendat
1515 2369 1839 2435 iustitiam
1884 2390 2092 2448 suam,
2137 2370 2242 2434 iu-

265 2455 512 2522 dicium
570 2476 799 2522 eorum
856 2466 1030 2521 esset
1087 2456 1281 2539 longe
1339 2456 1583 2522 rectius
1640 2456 1753 2538 qui
1797 2453 2025 2522 dicunt
2068 2456 2243 2521 mala

265 2563 413 2608 esse
473 2540 772 2608 facienda
828 2551 903 2607 ut
957 2539 1113 2606 inde
1172 2542 1444 2606 veniant
1499 2540 1703 2619 bona,
1773 2541 1949 2626 quod
2013 2551 2240 2606 nostra

263 2628 587 2712 iniquitas
630 2626 1048 2694 commendet
1112 2627 1431 2692 iustitiam
1478 2625 1629 2703 Dei,
1698 2635 1764 2692 et
1805 2626 2236 2693 nihilominus

263 2715 408 2798 ipse
451 2714 850 2796 relinquitur
893 2714 1123 2779 iustus.
1214 2711 1349 2779 Sed
1403 2712 1565 2778 haec
1608 2733 1742 2778 non
1786 2721 1890 2779 est
1931 2712 2238 2780 habenda

266 2807 416 2866 rata
457 2799 805 2873 conclusio,
852 2818 1009 2884 ergo
1050 2819 1262 2882 neque
1306 2797 1449 2878 illa,
1495 2798 1736 2883 quippe
1781 2819 1859 2864 ea
1901 2807 2063 2864 sunt
2106 2797 2237 2864 fide

264 2893 709 2953 consentanea
753 2904 920 2969 quae
976 2885 1230 2950 ratione
1289 2893 1448 2950 sunt
1501 2883 1795 2949 maxime
1853 2886 2236 2969 pugnantia,

265 2980 336 3037 et
377 2981 606 3038 contra
649 2991 726 3036 ea
770 2980 930 3035 sunt
975 2970 1102 3036 fide
1145 2972 1515 3055 pugnantia
1574 2989 1740 3053 quae
1784 2971 2038 3036 ratione
2082 2979 2237 3036 sunt

266 3068 724 3126 consentanea.

442 3144 787 3211 Hactenus
838 3150 1129 3208 mentem
1176 3142 1464 3225 explicui
1509 3142 1700 3208 Pauli
1745 3151 1821 3207 ut
1862 3144 2065 3225 potui.
2158 3141 2235 3208 Si

268 3229 514 3297 videris
579 3251 685 3295 me
750 3226 929 3294 aliud
995 3250 1036 3294 a
1075 3227 1288 3293 Paulo
1354 3231 1633 3303 sentire,
1722 3249 1956 3312 precor
2021 3238 2086 3294 te
2150 3249 2234 3294 ex

179 3335 194 3347 ·
267 3318 491 3383 animo
532 3326 611 3382 ut
653 3337 758 3381 me
803 3313 887 3380 ad
932 3314 1220 3380 Paulum
1265 3312 1557 3380 reducas.
1645 3313 1833 3380 Vale.
1860 3319 1912 3391 ¹)

1155 3930 1359 4002 4255.

758 4084 1250 4152 SERVETUS
1296 4083 1744 4152 CALVINO.

442 4256 865 4340 Proposuerat
917 4256 1025 4322 ille
1079 4262 1207 4323 tres
1248 4258 1674 4339 quaestiones.-
1747 4258 1859 4322 An
1901 4256 2080 4322 homo
2129 4256 2232 4322 Io-

257 4365 379 4411 sue
430 4344 775 4424 crucifixus
828 4344 915 4408 sit
965 4343 1146 4423 filius
1190 4342 1364 4410 Dei?
1432 4365 1518 4408 an
1559 4362 1820 4426 requam
1866 4340 2106 4407 Christi
2148 4343 2237 4407 sit

257 4434 332 4496 iot
387 4428 789 4523 hominibus?
879 4428 989 4493 An
1043 4428 1394 4511 baffi-smus
1455 4428 1668 4494 debeat
1729 4431 1802 4494 in
1860 4428 1985 4509 fide
2034 4428 2233 4507 fieri?

255 4516 379 4585 Aa
419 4536 582 4598 quas
626 4513 934 4581 calvam
975 4514 1293 4596 respondit
1347 4516 1574 4596 prima
1615 4516 1745 4581 vice
1797 4514 1965 4579 Tom.
2029 4512 2228 4578 VIII„

266 4602 428 4685 Opp.
474 4622 546 4683 p.
613 4605 786 4681 482,·
858 4601 1060 4666 altera
1118 4618 1263 4666 vero
1301 4606 1452 4682 post
1513 4600 1949 4682 refutationem
1997 4598 2235 4665 Ser-veti

255 4686 388 4754 sibi
442 4687 711 4753 oblatam
752 4707 838 4785 p..
887 4690 1027 4751 487
1083 4706 1246 4768 seqq.
1343 4686 1486 4785 ζαῃι
1542 4688 1630 4753 ad
1694 4686 1856 4751 hanc
1897 4685 2232 4785 mundaq-

254 4796 385 4925 :ms
439 4879 555 4925 suo
605 4773 1071 5010 ligellssgccontra
1121 4793 1442 4925 Sgrvetum
1483 4793 1659 4924 m
1685 4772 1968 4924 32?ae
2005 4770 2230 4940 ew

251 4965 601 5012 vacaneum
685 4966 844 5010 axz.

566 5116 678 5181 (Ex
716 5114 1057 5186 autographo
1092 5114 1227 5170 Cod.
1264 5115 1469 5170 Gener.
1505 5114 1625 5183 113,
1662 5116 1754 5170 sol.
1790 5114 1933 5183 108.)

263 5278 482 5284 .-—-—--—-
543 5276 670 5283 -..-

253 5392 532 5457 ml)
573 5390 662 5446 De
695 5397 888 5447 autore
921 5396 973 5445 et
1005 5390 1211 5460 scripto
1244 5396 1481 5446 taceam
1514 5389 1664 5447 doch·
1693 5390 2018 5449 videti-m.

1899 462 2692 531 SUPPLEMEN'I'UM.

4191 473 4319 536 566

2513 650 2620 717 De
2674 651 2892 735 prima
2948 652 3333 737 quaestione
3386 674 3522 719 non
3572 653 3857 738 amplius
3901 655 4317 724 contendam.

2337 736 2488 804 Hoc
2530 758 2743 803 unum
2786 745 2854 803 te
2896 738 3136 806 lubens
3179 740 3457 805 monebo
3499 761 3586 806 ne
3631 739 3799 805 illud
3842 741 4045 806 trium
4087 763 4318 810 rerum

2336 830 2710 889 monstrum
2754 829 3019 890 tantum
3062 833 3131 890 et
3174 835 3312 891 tam
3355 825 3761 909 impossibile
3803 826 3876 891 in
3914 827 4208 894 Domino
4245 838 4319 896 tu

2339 907 2653 975 admittas
2697 908 2902 976 nullis
2945 911 3114 976 bene
3156 910 3510 978 intellectis
3554 912 3900 996 scripturis
3945 915 4315 996 probatum.

2339 994 2491 1062 Hac
2547 1004 2772 1060 tamen
2829 997 3084 1062 ratione
3138 1005 3211 1062 tu
3268 998 3553 1063 moveris
3608 997 3786 1083 quod
3832 1000 4018 1065 Deus
4078 1000 4162 1066 ab
4207 1023 4320 1068 ae·

2340 1089 2533 1146 terno
2580 1080 2820 1147 dicitur
2859 1090 3069 1166 pater.
3161 1081 3371 1164 Quasi
3416 1105 3538 1169 ego
3584 1105 3715 1150 non
3762 1085 3936 1152 clare
3982 1085 4319 1153 docuerim

2341 1167 2598 1233 seclusa
2640 1167 2709 1232 in
2755 1167 2901 1233 Deo
2945 1176 3321 1252 temporum
3386 1172 3639 1237 ratione
3683 1191 3835 1236 eum
3881 1192 4146 1256 semper
4189 1172 4320 1241 dici

2338 1261 2597 1336 patrem
2644 1262 2710 1318 et
2753 1253 2838 1319 ab
2882 1262 3152 1320 aeterno
3196 1255 3407 1321 filium
3456 1256 3633 1323 hunc
3677 1276 3994 1340 generare
4015 1309 4029 1335 ‚
4074 1260 4144 1324 in
4188 1281 4320 1344 quo

2341 1347 2411 1405 et
2476 1348 2697 1423 patres
2763 1340 3013 1423 antiqui
3079 1361 3265 1423 spem
3331 1341 3720 1407 habuerunt.
3810 1342 3918 1409 Ad
3982 1342 4179 1429 logon
4246 1357 4319 1412 tu

2343 1445 2694 1508 provocas,
2753 1425 2944 1508 quasi
3001 1426 3333 1492 Iohannes
3390 1427 3739 1493 voluntate
3783 1429 4078 1496 humana
4122 1430 4321 1516 logon

2342 1510 2588 1576 dixerit
2630 1512 2854 1594 potius
2896 1532 3095 1595 quam
3139 1513 3371 1578 filium.
3453 1512 3560 1578 Ad
3605 1514 4035 1581 obiectionem
4079 1537 4321 1596 meam,

2342 1597 2515 1747 guod
2560 1606 2930 1663 monstrose
2989 1596 3385 1682 discerpitur
3424 1599 3616 1665 Deus
3674 1609 3742 1664 et
3783 1601 3955 1683 quod
4026 1600 4154 1669 duo
4198 1603 4320 1670 filii

2388 1693 2722 1760 occantur,
2784 1692 2857 1748 tu
2903 1683 3073 1748 nihil
3129 1683 3505 1766 respondes,
3564 1682 3679 1750 sed
3725 1689 3910 1769 quasi
3956 1686 4194 1756 ludens
4239 1689 4320 1755 de

2342 1767 2597 1834 duobus
2658 1768 3070 1834 sermonibus
3125 1770 3385 1846 obiicis,
3456 1791 3593 1836 non
3651 1772 4190 1840 animadvertens
4248 1776 4319 1842 in

2342 1849 2834 1937 dispensatione
2879 1856 3237 1921 consistere
3271 1877 3663 1934 sermonem,
3708 1857 3825 1923 filii
3866 1867 4090 1925 autem
4130 1883 4323 1928 voca-

2342 1940 2570 2007 bulum
2617 1961 2760 2006 esse
2804 1941 3018 2026 magis
3063 1941 3515 2020 substantiale,
3561 1953 3628 2007 et
3670 1942 3841 2028 quod
3879 1944 3987 2011 hic
4023 1946 4201 2014 filius
4238 1950 4321 2016 ab

2342 2048 2419 2093 eo
2477 2047 2779 2092 sermone
2835 2025 3077 2093 dicitur
3130 2027 3306 2094 filius
3378 2036 3446 2094 et
3489 2049 3721 2094 sermo.
3811 2029 4112 2115 Imponis
4156 2035 4319 2100 mihi

2341 2112 2514 2196 quod
2560 2133 2930 2178 sermonem
2976 2135 3097 2198 ego
3142 2112 3353 2179 dicam
3399 2113 3752 2197 aliquando
3796 2117 4103 2201 coepisse.
4177 2118 4320 2203 Op·

2342 2200 2632 2284 positum
2688 2219 3001 2282 expresse
3062 2199 3259 2265 doceo
3323 2201 3397 2265 in
3444 2200 3764 2285 principio
3807 2202 4008 2284 primi
4054 2203 4317 2290 dialogi.

2344 2285 2782 2369 Hypostasim
2841 2286 2982 2350 eius
3000 2335 3015 2364 ,
3074 2285 3632 2368 dispensationem
3679 2296 4013 2353 aeternam
4033 2340 4050 2369 ,
4113 2293 4323 2358 futuri

2344 2371 2633 2436 hominis
2690 2391 3037 2453 personam
3097 2381 3163 2436 et
3220 2370 3660 2437 substantiam
3706 2373 4057 2443 manifeste
4102 2377 4321 2458 doceo,

2342 2467 2420 2521 ut
2463 2458 2533 2521 in
2579 2477 2657 2522 ea
2698 2455 2866 2522 facie
2912 2456 3223 2523 videatur
3267 2458 3467 2523 Deus.

2517 2542 2600 2608 In
2638 2541 2925 2608 secunda
2970 2544 3351 2627 quaestione
3394 2563 3676 2630 regnum
3714 2544 3969 2612 Christi
4015 2544 4086 2610 in
4132 2546 4322 2613 nobis

2342 2648 2477 2693 non
2568 2629 2728 2693 satis
2805 2648 3167 2712 agnoscens
3250 2649 3445 2714 rogas
3511 2630 3623 2697 ubi
3689 2629 3918 2696 doceat
3984 2630 4321 2700 Iohannes

2343 2713 2511 2780 tales
2556 2733 2678 2779 nos
2723 2734 2866 2779 esse
2907 2714 2981 2779 in
3023 2712 3271 2781 mundo
3305 2714 3520 2798 qualis
3556 2723 3658 2781 est
3692 2716 4020 2783 Christus.
4093 2717 4322 2784 Verba

2342 2800 2486 2865 eius
2529 2819 2667 2882 cap.
2716 2806 2775 2865 4.
2821 2800 3064 2884 prioris
3130 2800 3444 2883 epistolae
3489 2810 3646 2866 sunt
3706 2801 3900 2869 haec:
3970 2802 4321 2870 Fiduciam

2344 2886 2706 2951 habeamus
2760 2885 2844 2950 ad
2889 2885 3061 2951 diem
3107 2885 3327 2952 iudicii
3373 2888 3529 2971 quia
3573 2888 3745 2954 sicut
3789 2887 3898 2954 ille
3945 2899 4047 2953 est
4091 2899 4159 2954 et
4200 2911 4323 2958 nos

2345 2991 2575 3037 sumus
2618 2971 2688 3036 in
2735 2970 2981 3037 mundo
3024 2972 3167 3038 hoc.
3255 2971 3484 3037 'Palem
3537 2973 3843 3039 fiduciam
3882 2973 4038 3040 hinc
4083 2978 4322 3044 merito

2345 3057 2552 3124 sumit
2595 3056 2949 3124 Iohannes.
3040 3058 3214 3124 Nam
3273 3058 3328 3124 si
3389 3068 3801 3143 praesentem
3862 3061 4059 3127 huius
4127 3064 4318 3148 regni

2340 3141 2597 3210 Christi
2659 3143 2938 3228 gloriam
3006 3152 3073 3210 et
3129 3154 3399 3229 gustum
3460 3167 3500 3209 a
3565 3146 3755 3212 nobis
3817 3146 4129 3215 excludas
4189 3171 4319 3216 non

2340 3231 2470 3295 erit
2514 3232 2581 3294 in
2628 3229 2818 3295 nobis
2861 3229 3136 3296 alterius
3179 3230 3385 3295 futuri
3432 3231 3585 3296 talis
3629 3242 3697 3298 et
3742 3240 3878 3296 tam
3927 3246 4110 3300 certa
4150 3234 4320 3300 fidu·

2340 3315 2461 3383 cia.
2531 3315 2704 3381 Mihi
2739 3315 2977 3381 deinde
3011 3336 3358 3382 succenses
3394 3315 3564 3400 quod
3601 3338 3753 3384 cum
3775 3316 4048 3385 Christo
4085 3319 4324 3402 dicam,

2340 3422 2493 3467 eum
2597 3402 2664 3465 ui
2721 3401 3036 3468 minimus
3090 3413 3193 3467 est
3234 3402 3304 3467 in
3367 3423 3573 3487 regno
3631 3402 3755 3469 hoc
3812 3425 3956 3471 esse
4000 3407 4318 3474 maiorem

2339 3489 2483 3570 ipso
2502 3423 2901 3563 A‘brahamo,
2920 3497 2988 3553 et
3008 3487 3184 3570 quod
3206 3509 3355 3553 cum
3372 3488 3584 3555 Paulo
3608 3488 3823 3556 dicam
3837 3490 4319 3574 Abrahamum‚

2338 3573 2543 3638 fuisse
2577 3573 2930 3639 carnalem.
3000 3573 3106 3640 Ita
3140 3594 3247 3638 me
3284 3574 3535 3640 Paulus
3572 3576 3715 3659 ipse
3753 3575 3972 3643 docuit
4005 3578 4200 3644 Rom.
4238 3585 4315 3644 4:

2339 3657 2519 3741 Quid
2563 3659 2770 3743 igitur
2815 3657 3108 3725 dicemus
3168 3660 3499 3725 invenisse
3543 3661 4001 3727 Abrahamum
4056 3673 4316 3746 patrem

2338 3754 2640 3810 nostrum
2699 3744 3062 3810 secundum
3121 3744 3433 3812 carnem?
3524 3746 3633 3811 Ex
3689 3748 3770 3812 iis
3825 3769 3994 3831 quae
4060 3750 4130 3814 in
4174 3752 4315 3835 ipso

2340 3830 2721 3896 Abrahamo
2778 3831 3142 3897 secundum
3204 3852 3470 3898 carnem
3576 3842 3716 3898 esta
3760 3845 3921 3899 sunt
3965 3833 4318 3902 deducitur

2335 3915 2424 3981 ibi
2472 3915 2918 4000 spiritualium
2964 3927 3183 4000 typus.
3258 3916 3455 3984 Sicut
3498 3918 3655 3983 aibi
3694 3918 3764 3983 in
3810 3919 4018 3985 Israel
4064 3923 4317 3989 carnali

2336 4012 2401 4067 et
2468 4005 2694 4067 Aaron
2780 4002 3031 4067 carnali
3109 4003 3482 4068 ostenditur
3548 4005 3763 4088 figura
3842 4006 4312 4089 spiritualium.

2337 4085 2643 4154 Carnalis
2689 4087 2931 4155 dicitur
2994 4096 3132 4154 tota
3175 4088 3291 4154 illa
3345 4102 3540 4155 vetus
3585 4093 3919 4174 generatio
4022 4094 4132 4158 uia
4177 4115 4314 4159 non

2336 4182 2530 4240 erant
2572 4174 2669 4239 ita
2712 4181 2787 4239 ut
2830 4194 2952 4238 nos
2987 4195 3159 4239 novo
3204 4176 3439 4258 spiritu
3501 4177 3783 4326 regeniti
3829 4186 3896 4242 et
3939 4198 3979 4243 a
4066 4179 4312 4246 coeles-

2337 4272 2473 4326 tem
2541 4261 2716 4326 hanc
2780 4280 3021 4326 novam
3088 4261 3295 4325 vitam
3363 4282 3514 4326 eum
3632 4262 3843 4327 hristo
3909 4266 4307 4332 resuscitati.

2337 4348 2582 4411 Annon
2637 4345 2941 4429 spiritum
3010 4367 3259 4412 novum
3305 4346 3530 4411 attulit
3570 4349 3959 4414 resurrectio
4004 4347 4308 4417 Christi?

2337 4431 2487 4497 Non
2532 4452 2701 4516 nego
2745 4433 2904 4516 quin
2944 4430 3026 4497 ad
3063 4431 3339 4497 eandem
3384 4432 3675 4497 futuram
3726 4434 4201 4500 haereditatem
4240 4448 4311 4503 et

2335 4516 2419 4583 ad
2465 4517 2642 4583 idem
2664 4517 2790 4584 Dei
2836 4538 3117 4602 regnum
3163 4519 3298 4583 sint
3344 4519 3753 4601 patriarchae
3790 4530 3939 4601 post
3973 4541 4306 4590 resurrec-

2335 4606 2583 4670 tionem
2606 4603 3006 4679 assumendi,
3020 4604 3137 4668 sed
3150 4614 3562 4688 praesentem
3581 4605 3869 4687 gratiam
3887 4614 3956 4670 et
3973 4607 4307 4675 adventus

2334 4690 2587 4756 Christi
2625 4688 2798 4754 dona
2831 4688 3137 4755 coelestia
3165 4710 3309 4755 esse
3328 4689 3534 4769 nobis
3557 4692 3829 4773 potiora.
3890 4691 4036 4759 Hoc
4061 4693 4305 4761 vellem

2333 4776 2683 4859 cogitares:
2759 4772 3103 4856 Quomodo
3144 4785 3425 4840 mortem
3472 4775 3785 4841 Christus
3829 4779 4102 4844 veniens
4147 4780 4303 4846 abo-

2334 4861 2527 4939 levit,
2587 4862 2793 4927 vitam
2839 4859 3027 4926 nobis
3070 4862 3138 4925 in
3185 4861 3396 4927 lucem
3490 4861 3756 4926 roduxit
3799 4873 3867 4927 et
3908 4865 4303 4930 immortali-

2332 4957 2556 5025 tatem,
2602 4958 2679 5013 ut
2721 4946 2804 5012 ad
2849 4946 3273 5011 Timotheum
3320 4947 3449 5013 scri
3494 4948 3545 5012 it
3590 4948 3885 5015 Paulus?
3974 4950 4300 5034 quomodo

2330 5056 2451 5100 nos
2523 5035 2593 5099 in
2672 5052 2866 5099 suum
2942 5032 3219 5098 coeleste
3299 5053 3581 5117 regnum
3649 5034 3911 5099 evexit?
4003 5034 4080 5102 Si
4145 5058 4301 5104 caro

2329 5119 2580 5186 Christi
2627 5128 2727 5185 est
2771 5141 2925 5184 vere
2966 5118 3185 5196 cibus,
3243 5130 3346 5183 est
3391 5140 3542 5184 vere
3587 5119 3992 5186 alimentum.
4072 5120 4152 5188 Si
4197 5134 4300 5190 est

2329 5226 2487 5272 vere
2551 5205 2975 5283 alimentum,
3040 5204 3153 5270 ille
3197 5204 3309 5287 qui
3355 5226 3433 5269 ea
3478 5207 3773 5270 nutritur
3812 5206 4100 5272 efficitur
4140 5208 4299 5275 sub-

2329 5291 2725 5357 stantialiter
2768 5312 2973 5357 unum
3016 5311 3167 5357 cum
3212 5290 3498 5356 Christo.
3588 5290 4027 5357 Substantiali
4069 5306 4299 5362 autem

2331 5377 2457 5445 hoc
2521 5378 2737 5445 carnis
2781 5376 3034 5444 Christi
3099 5375 3243 5442 cibo
3328 5396 3460 5441 non
3526 5385 3631 5443 est
3692 5398 3855 5443 usus
3913 5378 4299 5447 Abraham:

3769 5479 3881 5535 36.
