4900 6125
308 389 408 451 605

302 573 443 641 soti-
517 569 747 637 Hostis
812 589 991 636 nunc
1055 568 1325 636 demum
1386 571 1599 637 fertur
1662 577 1879 638 castra
1940 589 2227 637 movere.

300 657 493 727 Nostri
537 654 732 722 hodie
787 654 963 740 apud
1014 656 1504 741 Bogenciacum
1561 665 1757 722 erunt
1812 655 2051 740 quibus
2105 657 2229 721 ite·

300 764 425 810 rum
577 763 654 807 or
694 763 803 808 me
845 741 1324 827 adiungere.¹¹)
1382 742 1688 826 Princeps
1719 743 1864 826 ipse
1905 741 2231 808 hactenus

299 833 357 896 in
398 829 674 896 hostium
731 829 968 895 castris
1024 828 1301 894 honeste
1355 828 1483 894 fuit
1536 837 1934 894 asservatus.
2032 826 2230 894 Nunc

298 937 425 984 eum
493 923 802 999 putamus
866 913 951 980 ad
1009 913 1325 1000 Reginam
1384 913 1864 982 deducendum.
1973 912 2230 997 Dignus

296 1009 383 1069 est
426 1001 719 1066 omuibus
782 999 1016 1079 modis,
1075 1001 1265 1066 cuius
1320 1000 1505 1067 salus
1548 1002 1636 1065 sit
1677 999 1985 1066 omnibus
2028 998 2231 1065 eccle-

296 1088 393 1155 siis
429 1108 616 1170 quam
661 1086 952 1152 maxime
987 1084 1464 1153 commendata.
1543 1087 1717 1152 Nam
1761 1092 1865 1151 est
1907 1093 2086 1152 certe
2119 1106 2234 1150 ex-

296 1185 383 1239 tra
454 1181 829 1237 nostrarum
920 1172 1413 1239 annotationum
1494 1172 1759 1256 culpam
1842 1180 1909 1236 et
1986 1170 2233 1236 eximia

294 1258 471 1324 animi
517 1257 902 1323 fortitudine
958 1258 1254 1323 omnium
1311 1277 1497 1340 spem
1571 1258 1930 1342 superavit.
2019 1256 2233 1323 Plena

294 1355 414 1410 erat
452 1343 720 1409 victoria
763 1344 822 1410 si
866 1344 1197 1410 Dominus
1238 1364 1391 1409 eum
1426 1344 1619 1410 nobis
1657 1349 2005 1410 servasset.
2061 1341 2230 1408 Con-

291 1430 509 1495 sultum
582 1436 756 1496 esset
835 1430 1134 1495 fortassis
1201 1428 1595 1513 legationem
1661 1430 1887 1494 statim
1950 1427 2131 1493 mitti
2192 1449 2233 1493 a

293 1527 635 1581 nostrarum
679 1515 970 1598 partium
1010 1514 1341 1582 Helvetiis
1382 1516 1499 1598 qui
1531 1516 1786 1600 Regem
1832 1514 1914 1580 ad
1958 1534 2113 1579 eum
2152 1513 2232 1578 li-

290 1600 658 1679 berandum,
725 1611 793 1666 et
856 1621 1098 1685 aequas
1170 1602 1351 1684 pacis
1420 1600 1828 1667 conditiones
1907 1598 2232 1666 ineundas

287 1687 700 1752 hortarentur.
799 1684 984 1752 Idem
1058 1687 1235 1751 enim
1301 1695 1368 1752 et
1421 1688 1677 1771 Anglos
1736 1695 1806 1752 et
1857 1685 2230 1752 Germanos

285 1773 544 1839 facturos
579 1772 903 1839 existimo.
990 1770 1129 1839 Sed
1173 1783 1397 1839 tamen
1440 1770 1522 1838 de
1579 1774 1824 1838 nostris
1867 1773 2071 1855 copiis
2114 1771 2224 1836 ad·

286 1859 399 1924 buc
448 1859 690 1942 optime
744 1859 956 1942 s'pero,
1001 1857 1240 1941 quibus
1284 1858 1343 1924 si
1385 1857 1660 1942 adiungi
1702 1859 1956 1942 possint
1999 1856 2228 1941 Angli,

284 1942 433 2026 quod
495 1953 571 2009 ut
632 1945 754 2008 fiat
818 1964 1079 2009 omnem
1145 1963 1416 2027 operam
1481 1943 1801 2022 dabimus,
1857 1963 2048 2026 spero
2107 1964 2228 2010 nos

278 2029 551 2095 hostibus
585 2029 823 2094 maiori
858 2049 1057 2114 quam
1093 2049 1385 2113 unquam
1423 2039 1619 2095 antea
1661 2030 1901 2095 terrori
1944 2028 2223 2095 futuros.

278 2113 401 2178 Iam
466 2114 781 2199 intelligis
839 2114 1105 2198 quantis
1163 2115 1661 2200 tempestatibus
1720 2116 1830 2181 hic
1886 2115 2224 2194 iactemur,

277 2211 335 2264 ct
370 2201 525 2266 satis
573 2202 708 2267 scio
754 2198 838 2267 ad
898 2221 1015 2266 vos
1073 2221 1279 2284 usque
1324 2202 1669 2284 pervenire
1714 2201 1837 2267 has
1885 2200 2223 2284 procellas,

276 2287 640 2369 praesertim
685 2289 742 2352 si
799 2308 962 2353 vera
1002 2297 1162 2352 sunt
1203 2308 1374 2371 quae
1417 2287 1787 2371 accepimus
1831 2287 1914 2351 de
1958 2287 2226 2370 Adam)

276 2372 714 2438 inconstantia.
805 2370 943 2438 Sed
998 2380 1221 2438 tamen
1278 2374 1335 2439 si
1377 2373 1521 2438 fieri
1562 2382 1787 2457 posset
1826 2373 2023 2458 longe
2066 2372 2229 2438 mal·

276 2457 387 2522 lem
429 2459 573 2524 istic
620 2457 788 2522 mori
833 2478 1031 2540 quam
1076 2458 1185 2524 hic
1230 2459 1605 2541 periclitari,
1652 2469 1719 2524 et
1762 2479 1994 2543 parum
2040 2458 2228 2525 abest

273 2545 432 2625 quin,
495 2552 573 2609 ut
626 2543 784 2609 olim
837 2543 969 2622 ille,
1028 2563 1230 2626 supra
1295 2543 1560 2610 modum
1626 2546 1886 2629 cupiam
1953 2542 2034 2608 de
2100 2543 2227 2609 hac

275 2631 590 2711 provincia
666 2629 997 2708 desedere,
1076 2630 1194 2694 ubi
1268 2637 1493 2696 tamen
1571 2651 1842 2696 manere
1895 2630 2225 2707 constitui,

272 2715 564 2797 quamdiu
632 2735 740 2780 me
806 2737 939 2782 non
993 2714 1295 2780 inutilem
1351 2717 1489 2782 fore
1546 2716 1955 2793 existimabo,
2012 2736 2228 2800 neque

272 2820 382 2876 me,
434 2803 699 2868 favente
740 2802 907 2880 Deo,
961 2800 1100 2865 ulla
1143 2801 1432 2883 pericula
1478 2801 1561 2866 ab
1613 2802 1829 2868 officio
1882 2800 2226 2868 abducent.

272 2885 438 2952 Bene
478 2887 653 2965 vale,
710 2888 804 2952 mi
862 2885 1269 2953 observande
1323 2897 1528 2971 pater,
1574 2910 1707 2953 una
1750 2908 1902 2954 cum
1946 2887 2230 2953 dominis

271 2971 540 3056 collegis,
602 2973 925 3039 fratribus
990 2980 1059 3037 et
1123 2974 1350 3040 amicis
1404 2974 1722 3040 omnibus.
1755 2976 1840 3050 ¹⁸)
1949 2972 2228 3041 Utinam

272 3078 377 3125 vos
426 3067 779 3126 conservet
822 3057 1151 3125 Dominus
1201 3069 1271 3125 et
1324 3059 1667 3127 ecclesiam
1712 3082 1799 3126 ex
1857 3059 1966 3126 his
2008 3071 2228 3126 extre-

270 3145 383 3209 mis
442 3146 770 3231 angustiis
836 3144 1088 3211 liberet.
1197 3145 1458 3212 Badius
1513 3168 1740 3213 mense
1806 3143 2079 3212 Octobri
2142 3166 2230 3210 ex

272 3240 437 3311 peste
480 3232 754 3298 interiit.
769 3233 855 3310 ¹⁴)
924 3230 1233 3297 Aureliae
1277 3236 1379 3297 27.
1418 3232 1925 3316 Decembris.¹⁸)

1635 3351 1822 3417 Tuus
1858 3350 2055 3417 Beza.

268 3521 1238 3646 ’tifflzffiss‘dztsszeffzsstsslq
1282 3527 1374 3645 ..Γ
1409 3523 1495 3643 ‘²31
1517 3519 2232 3661 {33221'53235‘20223’2}

268 3675 331 3711 su
373 3659 573 3715 Princo
627 3660 681 3713 le
733 3660 853 3713 ionr
897 3659 1210 3728 precedent,
1260 3661 1420 3729 laque
1467 3677 1497 3713 s
1532 3661 1653 3714 leur
1699 3665 1869 3731 ayant
1915 3660 2016 3714 fait
2049 3660 2231 3714 bonne

268 3728 403 3782 minc
437 3730 520 3782 les
556 3730 702 3783 livrs
736 3728 788 3781 le
824 3729 1149 3782 lendemaiu.

425 3796 523 3867 11)
560 3797 709 3853 lbid.
744 3794 849 3849 264
878 3796 1135 3865 pluribus
1164 3802 1436 3850 matur
1469 3795 1774 3850 Adonin-alii
1804 3813 1926 3852 cum
1960 3798 2233 3851 exeram

268 3865 507 3937 reliquiis
540 3866 757 3920 redares
789 3865 1037 3933 Ligerim
1072 3879 1265 3919 versus
1297 3870 1349 3919 et
1392 3866 1455 3918 in
1487 3866 1627 3931 fines
1662 3865 1801 3920 Bitu
1848 3868 1858 3878 ‘
1985 3906 1998 3920 .
2064 3863 2230 3933 (Flu-

266 3934 1245 4073 mumintW
1279 3934 1333 3988 d.
1367 3931 1457 3987 80.
1492 3931 1631 3989 Dec.
1678 3940 1730 3989 et
1763 3934 1819 3989 d.
1889 3973 1903 3987 .
1940 3934 2068 3989 Ian.
2105 3933 2230 3989 sab·

549 4022 616 4058 m
1143 4040 1155 4057 0

429 4071 527 4135 12)
567 4073 765 4126 Boron
799 4070 894 4125 des
926 4071 1134 4126 Adrets
1166 4071 1238 4138 cf.
1276 4071 1354 4125 N.
1386 4068 1542 4125 3882.

432 4141 526 4210 13)
558 4142 725 4224 Jonv.
761 4146 811 4194 et
852 4138 983 4194 Tur.
1032 4141 1285 4195 inserunt
1330 4140 1445 4195 hic.-
1492 4139 1650 4194 Idem
1684 4138 1876 4209 Tiguri
1922 4139 2233 4209 praestabis

266 4224 424 4276 qum
433 4212 718 4343 lffinffi.
771 4277 892 4333 eccl.
936 4277 1008 4331 11.
1060 4275 1191 4330 149.·
1259 4276 1401 4332 Dieu
1445 4277 1643 4346 trappa
1686 4278 1741 4331 la
1784 4276 1914 4330 ville
1948 4275 2233 4357 d'Orleans

264 4344 416 4401 d'une
450 4351 614 4414 peste
661 4362 822 4416 aspre
870 4352 927 4401 et
973 4346 1190 4417 longus,
1225 4363 1263 4417 y
1306 4352 1493 4399 estsns
1528 4352 1701 4399 morte
1736 4362 1806 4399 en
1839 4361 1948 4414 peu
1983 4344 2052 4399 de
2087 4360 2232 4398 mons

266 4414 380 4483 plus
401 4416 473 4469 de
510 4414 691 4469 10000
736 4431 1035 4486 personues
1071 4456 1088 4471 .
1125 4454 1139 4467 .
1176 4453 1190 4467 .
1230 4454 1244 4468 .
1281 4430 1491 4469 comme
1543 4416 1689 4469 aussi
1721 4421 2044 4469 mourureut
2094 4414 2233 4467 trois

262 4484 554 4555 ministres,
614 4484 649 4537 ὁ
698 4484 884 4537 ssvoir
931 4484 982 4538 le
1028 4483 1249 4549 Plessis,
1292 4484 1497 4538 Badius
1542 4499 1675 4537 avec
1721 4488 1876 4536 toute
1922 4498 1985 4536 ss
2028 4482 2234 4536 famille

262 4568 383 4606 sans
418 4570 489 4607 en
528 4560 791 4675 ειῗέἀιᾳι·
826 4552 1167 4687 nai-‘suaa
1197 4551 1425 4674 gesson..
1453 4578 1523 4674 Ξ·
1549 4549 1647 4674 ἒς
1679 4551 1868 4673 {adio
1901 4551 2237 4688 mm).

268 4619 558 4676 Οοοωᾶω
724 4637 818 4675 uas
1249 4620 1411 4681 odom
1511 4637 1546 4675 a
1589 4637 1632 4675 ιι
1734 4635 1911 4675 seeum

263 4690 595 4759 typographi
630 4689 990 4745 Pari-vienus.
1066 4688 1230 4744 Circa
1268 4688 1402 4742 1549
1436 4689 1718 4757 religionis
1750 4704 1923 4745 caasa
1961 4689 2235 4743 Getieum

264 4773 320 4810 κ
350 4760 587 4815 cosmi!
618 4759 716 4813 ubi
750 4759 834 4813 10.
860 4758 1114 4826 Grispt‘no’
1129 4761 1314 4813 socius
1344 4760 1458 4823 fuit
1491 4763 1747 4826 etpoetea
1785 4757 1927 4812 Rob.
2079 4758 2232 4822 huni,

348 4828 358 4839 '
409 4831 535 4883 eius
588 4842 827 4882 sororem
866 4827 1168 4882 Peneum
1204 4827 1383 4882 ausu.
1448 4825 1698 4895 (Galiffe,
1742 4830 1947 4882 amices
2048 4842 2103 4880 n.
2136 4825 2235 4881 111.

262 4841 404 4964 33⁸9.)
440 4896 757 4963 Ges-allum,
802 4896 1038 4966 moer.
1054 4911 1238 4964 amen.
1258 4894 1390 4949 140.-
1424 4896 1533 4949 Les
1568 4896 1734 4949 livres
1768 4895 1897 4965 qu’il
1932 4894 2236 4965 imprimsit

262 4971 387 5018 sont
418 4965 662 5019 enrichis
697 4965 766 5018 de
810 4965 1057 5035 prefsces
1090 4965 1161 5018 de
1204 4981 1268 5021 sa
1312 4966 1470 5033 facon
1516 4963 1655 5019 dont
1692 4965 1968 5056 plusieurs
2001 4971 2127 5017 sont
2160 4964 2234 5017 ci·

262 5032 376 5087 teos
421 5050 639 5088 comme
684 5034 781 5088 des
824 5033 1065 5088 modeles
1113 5034 1181 5088 de
1232 5033 1504 5104 precision
1551 5040 1610 5087 et
1654 5033 1993 5087 deraditiou.
2068 5032 2153 5087 On
2199 5049 2236 5086 a

260 5102 326 5155 de
360 5104 458 5174 luy
494 5103 770 5172 plusieurs
816 5119 1100 5172 ouvrages.
1171 5101 1217 5156 11
1252 5103 1317 5156 fit
1365 5103 1436 5157 de
1470 5102 1744 5157 l'Alooran
1791 5102 1889 5156 des
1938 5102 2235 5156 cordeliers

264 5188 335 5225 un
367 5188 617 5253 ouvrage
661 5187 911 5226 nouvesu
955 5188 1022 5225 eu
1060 5172 1449 5241 l’sugmentsut
1482 5171 1608 5225 d’nn
1642 5172 1843 5227 second
1879 5171 2033 5225 livre.
2106 5169 2235 5225 Iam

451 5254 582 5294 esus
611 5247 857 5311 myram
892 5241 1192 5308 scripserat
1208 5262 1225 5292 .·
1258 5240 1573 5295 Stultifsras
1607 5257 1775 5295 naves
1811 5241 1872 5294 Ρ.
1911 5238 2048 5293 1498
2082 5244 2182 5295 dc.

434 5307 538 5379 15)
570 5307 727 5365 Ionv.
765 5309 898 5365 add.
939 5307 1090 5377 1562,
1127 5309 1276 5381 quod
1303 5324 1405 5379 per
1438 5322 1497 5364 se
1526 5316 1693 5378 patet.

1968 384 2131 447 1562
2172 380 2586 449 DBOEMB.

4171 391 4318 454 606

3215 564 3422 640 3888.

2736 721 3412 790 BULLINGERUS
3457 721 3898 791 OALVINO.

2511 893 2676 960 Sunt
2714 894 3027 977 lammae
3057 914 3274 960 rerum
3302 892 3717 973 Gallicarum,
3753 894 4087 982 Boion-aqi
4117 900 4307 982 capti,

2335 979 2683 1047 Marlorati
2745 979 3021 1058 enecati,
3092 979 3433 1047 Condensis
3494 979 3827 1049 blanditiis
3889 982 4308 1052 circumventi.

2335 1065 2590 1132 Interea
2644 1064 3044 1149 theologicum
3100 1087 3340 1149 quoque
3395 1065 3620 1132 bellum
3665 1071 3882 1134 contra
3926 1066 4308 1136 Stanoamm

2332 1152 2763 1219 renovandum
2804 1157 3002 1218 censet
3053 1154 3244 1235 quasi
3285 1152 3566 1219 militme
3607 1153 3772 1220 alud
3811 1174 3937 1220 non
3975 1155 4306 1238 sufficeret

2337 1323 2451 1389 (Ex
2508 1323 2851 1446 autographo
2886 1322 3054 1378 Arch.
3090 1323 3272 1380 Turio.
3304 1323 3451 1379 Plut.
3487 1323 3580 1381 VI.
3616 1323 3745 1378 Vol·
3781 1323 3902 1392 129,
3945 1325 4078 1380 olim
4124 1324 4304 1382 Seria.

2334 1393 2403 1450 B.
2445 1391 2586 1463 Epp.
2680 1408 2785 1447 om.
2831 1390 2917 1462 30,
2959 1392 3053 1447 fol.
3099 1390 3597 1530 &gama-affiget.
3646 1393 3774 1447 Vol.
3824 1391 3941 1448 106.
4010 1394 4308 1465 Inscriptio

2506 1613 2578 1682 S.
2625 1614 2712 1681 D.
2778 1615 2914 1681 Diu
2954 1614 3218 1700 quidem
3255 1614 3657 1683 excruciavit
3690 1637 3797 1684 me
3831 1616 4010 1683 fama
4051 1618 4307 1685 incerta

2333 1701 2415 1767 de
2463 1707 2654 1785 capto
2697 1700 3028 1767 Rhotoma
3074 1722 3132 1781 o,
3161 1704 3210 1780 ¹)
3269 1722 3466 1784 quam
3539 1711 3758 1769 tamen
3819 1703 4017 1770 nimis
4074 1724 4306 1770 veram

2332 1808 2479 1854 esse
2523 1786 2834 1852 timebam
2878 1809 2963 1871 qu
3095 1787 3310 1854 felicia
3364 1787 3500 1852 fere
3544 1808 3805 1872 semper
3846 1808 4042 1870 vana,
4084 1789 4305 1856 infeli-

2331 1876 2433 1941 cia
2477 1880 2658 1939 certa
2711 1893 2855 1939 esse
2898 1873 3173 1940 soleant.
3264 1873 3458 1939 Nunc
3503 1894 3661 1940 vero
3707 1882 3970 1940 tantum
4020 1895 4130 1941 me
4171 1896 4306 1942 non

2331 1959 2596 2026 conficit
2636 1979 2798 2025 vera
2839 1967 2908 2025 et
2948 1958 3231 2026 crudelis
3283 1958 3402 2024 illa
3442 1959 3737 2026 narratio
3781 1959 3862 2026 de
3905 1960 4306 2028 truculentia

2329 2045 2483 2128 plus
2528 2066 2726 2128 quam
2770 2045 3067 2129 scythica
3086 2047 3144 2124 ²)
3186 2045 3259 2110 in
3303 2051 3616 2128 occupato
3652 2046 4069 2131 Rhotomago
4111 2067 4304 2114 exer-

2330 2132 2461 2196 cita
2508 2142 2575 2196 et
2632 2128 2713 2195 de
2760 2132 3005 2215 optimo
3063 2132 3268 2196 fratre
3331 2141 3561 2197 nostro
3604 2130 3957 2198 Marlorato
4000 2132 4085 2197 ad
4125 2132 4306 2200 foras

2332 2216 2562 2300 templi
2617 2237 2952 2299 suspenso.
2975 2220 3030 2298 ³)
3118 2215 3179 2282 Ο
3239 2217 3522 2282 Domine
3581 2238 3788 2301 usque
3890 2216 4019 2282 uo?
4107 2218 4304 2286 Nunc

2332 2322 2509 2368 nova
2581 2323 2702 2368 nos
2779 2303 2955 2368 fama
3027 2303 3267 2368 misere
3339 2310 3619 2368 exercet.
3728 2304 3837 2368 Au
3886 2304 4057 2369 imus
4123 2305 4304 2369 enim

2334 2387 2714 2455 condamm
2789 2388 3055 2455 credere
3122 2387 3620 2473 Guysianorum
3670 2386 4008 2455 blanditiis
4071 2408 4302 2473 pacem

2330 2475 2776 2554 offerentibus,
2812 2494 3016 2557 quum
3039 2472 3538 2558 prudentissimi
3584 2474 3825 2558 quique
3873 2474 3998 2540 hoc
4029 2474 4305 2542 tendere

2332 2560 2715 2626 existiment
2757 2559 2840 2625 ad
2880 2560 3223 2625 interitum
3259 2560 3492 2643 optimi
3536 2560 3868 2644 Principis
3895 2558 4303 2647 Gondensis‘)

2332 2655 2400 2712 et
2443 2644 2528 2711 ad
2565 2645 2920 2729 perniciem
2956 2647 3252 2710 omnium
3297 2667 3415 2729 per
3449 2646 3739 2713 Galliam
3785 2645 4098 2712 fidelium.
4161 2647 4305 2713 Do-

2332 2730 2592 2797 minum
2653 2751 2768 2796 oro
2826 2739 2905 2796 ut
2947 2730 3191 2815 dirigat
3231 2729 3613 2803 Condensem
3656 2740 3726 2798 et
3759 2739 3983 2798 servet
4023 2753 4066 2798 a
4105 2731 4299 2798 malo.

2332 2817 2503 2883 Heri
2548 2838 2821 2901 sparsus
2867 2824 2970 2882 est
3013 2837 3242 2882 rumor
3294 2815 3377 2883 de
3418 2838 3664 2902 pugna,
3691 2821 3746 2896 ⁸)
3801 2819 3871 2883 in
3916 2838 4048 2902 qua
4089 2818 4304 2883 nostri

2334 2902 2643 2981 vicerint,
2708 2924 2865 2968 mox
2929 2901 3269 2969 diversum
3332 2904 3719 2970 affirmatur.
3804 2903 4098 2969 Domino
4153 2924 4298 2972 rem

2335 2990 2748 3056 committere
2791 3008 3006 3073 cogor.

2507 3075 2654 3158 Ego
2697 3096 2817 3159 pro
2862 3075 2945 3140 iis
2988 3095 3154 3158 quae
3207 3075 3528 3160 scripsisti
3571 3096 3692 3158 per
3735 3073 4044 3141 Limum
4084 3075 4301 3141 maxi·

2335 3182 2480 3227 mas
2518 3181 2642 3245 ago
2700 3160 2948 3245 gratias
3002 3170 3070 3227 et
3123 3181 3238 3226 oro
3296 3168 3361 3226 te
3413 3161 3737 3245 inprimis,
3791 3159 4026 3227 deinde
4068 3161 4305 3228 Ionvil-

2332 3382 2518 3437 8888.
2539 3383 2599 3452 1)
2634 3382 2813 3451 Capta
2842 3382 2957 3448 fuit
2989 3384 3125 3439 urbs
3156 3382 3214 3439 ἅ.
3258 3381 3343 3436 26.
3384 3382 3502 3438 Oct.
3574 3381 3666 3438 De
3697 3382 3980 3438 obsidione
4012 3388 4066 3439 et
4279 3411 4302 3424 ·

2330 3456 2560 3507 natione
2610 3468 2659 3506 υ.
2704 3451 3023 3506 relationes·
3073 3453 3239 3522 ἱεροῖο·
3273 3452 3526 3520 Hispani
3572 3453 3635 3506 ἐκ
3665 3450 3833 3508 Min.
3884 3451 3953 3507 ds
4287 3489 4303 3504 .

2330 3519 2416 3603 91.
2437 3536 2580 3592 seqq.
2615 3521 2713 3575 ubi
2745 3522 2890 3575 inter
2923 3520 3066 3576 alia:
3134 3522 3190 3574 A
3225 3519 3289 3602 la·
3313 3521 3388 3575 fin
3422 3521 3641 3603 layino
3663 3520 3748 3602 ‘ha
3781 3520 3898 3575 este
3931 3537 3994 3575 oe
4030 3521 4302 3593 ‘ourdhuy

2370 3606 2520 3712 2¹¹3&
2553 3589 3178 3713 ffifffffflffl‘fflz
3217 3589 3979 3728 ssfftb53¹10²2532⁰¹5323¹0255
3997 3607 4070 3711 <12
4101 3596 4303 3743 {325ss

2332 3743 2439 3851 zue
2460 3727 2534 3780 du
2556 3733 2988 3796 gouvsrnement
3020 3728 3088 3781 de
3133 3727 3190 3781 ls
3224 3728 3352 3781 ville
3387 3742 3449 3779 se
3484 3732 3613 3780 sont
3649 3727 3882 3781 saulves.
3914 3726 4001 3793 Of.
4025 3727 4192 3783 Mem.
4230 3728 4303 3782 de

2381 3796 2634 3850 mielnaa
2666 3793 2751 3849 e'd.
2788 3795 2873 3850 Le
2907 3795 3234 3852 Laboursar
3269 3797 3316 3852 Ι.
3351 3793 3471 3849 105.
3507 3795 3657 3850 Add.
3691 3793 3814 3849 832.
3880 3794 4035 3852 Hm.
4069 3797 4190 3853 ecel.
4225 3795 4301 3852 11.

2332 3862 2434 3918 637
2471 3878 2580 3928 εις
2614 3864 2683 3918 de
2722 3862 2878 3918 Τὴου
2913 3864 3014 3918 111.
3049 3863 3171 3918 328.

2539 3931 2600 3996 2)
2636 3931 2790 3987 Hist-
2826 3933 2950 3988 eccl.
2983 3931 3051 3987 11.
3085 3931 3190 3986 647
3204 3954 3220 3981 .·
3288 3932 3508 3988 chacun
3549 3949 3611 3986 se
3657 3937 3791 4002 pent
3835 3933 3907 3987 ici
3950 3940 4303 4004 representer

2331 4001 2386 4056 la
2421 4000 2727 4055 desolatiou
2775 4000 2937 4056 d’une
2978 4001 3112 4055 telle
3163 4001 3294 4054 ville
3341 4002 3438 4070 qui
3473 4006 3559 4056 est
3602 4002 3656 4055 ls
3690 4002 3921 4056 seconde
3968 4003 4037 4056 de
4073 4002 4300 4068 Franco,

2333 4086 2571 4139 exposce
2620 4070 2655 4123 ὁ
2687 4070 2742 4124 la
2790 4086 2921 4141 rago
2968 4070 3038 4123 de
3090 4071 3197 4124 tels
3231 4071 3477 4124 ennemis
3512 4076 3673 4124 tusus
3717 4076 3839 4124 tout
3883 4085 3945 4124 ce
3981 4071 4141 4140 qu'ils
4175 4086 4300 4126 ren-

2333 4140 2660 4204 controieut,
2705 4138 2921 4207 for-cans
2974 4139 3056 4193 les
3107 4140 3364 4206 maisons,
3414 4139 3641 4230 ¹wiolan’s
3686 4137 3845 4221 filles.
3871 4144 3930 4192 et
3972 4139 4197 4194 femmes
4241 4144 4301 4194 et

2335 4224 2600 4358 ⁰¹⁰&33
2632 4207 4154 4346 ffi.‘3›52,3333.·3ffi;2⁸1220325250m¹3¹„1330202311
4187 4277 4301 4331 ι...

2334 4348 2573 4401 estoient
2604 4345 2744 4399 daus
2779 4345 2992 4415 Roueu,
3032 4361 3091 4398 se
3125 4349 3421 4399 ssuvereut
3453 4346 3588 4399 dans
3633 4361 3740 4399 une
3813 4346 3930 4399 lace
3965 4361 4212 4400 uommee
4245 4345 4300 4401 16

2336 4415 2464 4469 vieil
2487 4413 2668 4468 Palais
2703 4420 2760 4467 et
2793 4414 2979 4468 iurent
3011 4413 3244 4468 somnies
3278 4414 3329 4467 le
3368 4414 3488 4468 ’our
3520 4430 3725 4468 mesme
3800 4430 3830 4467 s
3865 4415 3919 4468 ls
3952 4415 4100 4484 prise
4135 4413 4205 4468 de
4239 4430 4302 4469 se

2332 4483 2532 4537 rendre
2567 4484 2716 4536 leurs
2752 4484 2867 4536 vies
2901 4499 3110 4536 ssuves.
3182 4482 3322 4536 Mais
3414 4483 3498 4536 ‘en
3536 4500 3603 4537 en
3639 4482 3851 4537 delivra
3886 4499 3992 4536 une
4027 4484 4210 4552 partie
4244 4483 4302 4538 la

2334 4552 2488 4605 nuiot
2522 4551 2773 4605 suivsute
2809 4553 3048 4622 quelque
3065 4567 3372 4621 sougueuse
3535 4568 3566 4605 e
3602 4552 3764 4620 qu'on
3817 4551 3911 4604 fist
3945 4590 3960 4606 .
4000 4588 4014 4603 .
4052 4592 4065 4604 .
4103 4592 4119 4607 .
4153 4553 4299 4606 Mar·

2334 4621 2481 4675 lorat
2532 4621 2617 4674 fut
2667 4621 2825 4674 mene
2881 4638 2950 4673 sn
3057 4620 3158 4673 lsis
3195 4635 3325 4675 avec
3354 4638 3394 4689 p
3496 4622 3506 4633 '
3604 4636 3634 4674 s
3664 4621 3997 4688 παρῶσαι,
4035 4622 4303 4691 nuxque&

2333 4705 2408 4743 on
2440 4690 2508 4755 fit
2541 4690 2801 4756 lepram
2833 4637 3168 4759 maiomam
3200 4691 3239 4745 ὰ
3272 4705 3351 4743 cm
3385 4686 3536 4744 arrbt
3569 4688 3638 4744 ds
3679 4694 3839 4744 mort.
3908 4689 3983 4742 lls
4029 4689 4214 4743 iurent
4246 4690 4300 4745 le

2332 4756 2419 4811 30.
2458 4757 2576 4812 Oct.
2594 4757 2802 4813 traines
2833 4776 2930 4812 sur
2963 4774 3067 4812 une
3084 4758 3239 4829 olsye
3269 4773 3340 4811 su
3376 4759 3502 4813 vieil
3530 4757 3763 4821 marche,
3780 4758 4141 4812 Mandreville
4174 4776 4300 4828 pre·

2332 4826 2518 4880 sident
2553 4843 2621 4880 en
2657 4828 2712 4880 ls
2745 4843 2878 4880 cour
2897 4827 2994 4880 des
3013 4827 3198 4896 Aydes
3234 4832 3329 4880 eut
3361 4827 3417 4880 ls
3450 4832 3595 4880 teste
3630 4826 3905 4890 trancbee,
3940 4828 4078 4881 trois
4112 4835 4300 4881 autres

2331 4894 2543 4963 (parmi
2574 4894 2801 4965 lesquels
2839 4896 3144 4960 Marlorat)
3190 4895 3374 4949 fureut
3418 4895 3628 4964 pondus
3672 4900 3731 4948 et
3786 4912 3948 4966 apres
3992 4896 4113 4950 leur
4154 4902 4300 4950 teste

2334 4963 2591 5019 trauobee
2629 4974 2688 5017 et
2722 4965 2860 5018 mise
2894 4981 2991 5018 sur
3024 4981 3129 5019 nne
3163 4972 3411 5034 potense.

2541 5032 2603 5097 4)
2654 5031 2969 5089 Condacum
3014 5049 3077 5088 eo
3123 5035 3380 5102 temporis
3435 5038 3700 5088 mommo
3743 5031 3813 5087 ae
3856 5048 3994 5102 pace
4035 5034 4302 5103 coffinus

2334 5102 2556 5156 niniae
2589 5116 2775 5156 verus·
2809 5106 2906 5157 est.
2987 5102 3122 5158 Viae
3159 5102 3236 5157 N.
3270 5101 3425 5166 3882,
3461 5108 3573 5156 aot.
3611 5101 3661 5155 1.
3736 5101 3858 5156 Ino
3891 5118 4058 5171 qaus·
4089 5102 4301 5160 videta

2339 5168 2565 5225 Lutetia
2600 5185 2658 5224 ss
2687 5172 2864 5238 potiri
2908 5187 3022 5227 non
3064 5186 3227 5239 posse
3260 5172 3323 5226 ἐκ
3354 5170 3754 5226 Nomandiam
3789 5170 4067 5227 contendit
4097 5172 4301 5243 Anulis

2335 5245 3098 5375 mmbmeb-mme‘mffltanor
3130 5308 3200 5362 de
3231 5324 3424 5379 puy-a
3458 5308 3536 5365 ad
3570 5307 3771 5364 Drsaae
3807 5307 3892 5362 19.
3927 5308 4058 5363 Deo.
