4900 6125
596 375 727 446 '115

598 567 669 628 et
720 555 1323 640 interpretationem
1367 553 1583 622 Pauli.
1659 555 1751 620 At
1813 553 1971 639 quid
2036 554 2118 621 de
2170 555 2562 640 praesentia,

598 643 817 728 inquit
858 642 1135 710 Iacobus
1175 641 1498 720 Andreae,
1542 640 1796 706 sentis?
1869 640 1976 707 De
2065 642 2410 718 raesentia,
2454 642 2560 708 in-

598 749 817 815 quam,
871 748 1005 793 non
1056 726 1343 792 libenter
1386 725 1667 810 disputo,
1727 727 1881 811 quia
1924 749 1971 792 n
2072 749 2184 793 um
2239 748 2319 793 ea
2361 726 2445 793 de
2487 748 2561 794 re

599 813 875 883 verbum
921 814 991 878 in
1036 811 1380 896 scripturis
1417 811 1655 878 habeo:
1702 833 1918 898 neque
1952 813 2131 879 enim
2166 812 2355 879 ullibi
2391 812 2559 898 lego,

600 911 719 967 aut
762 900 1104 966 Christum
1149 896 1428 964 dixisse:
1496 898 1627 965 Hic
1682 908 1784 965 est
1839 920 2078 984 corpus
2121 919 2379 965 meum:
2445 907 2563 968 aut

600 985 888 1053 Paulum
948 985 1153 1051 verba
1211 983 1463 1051 Christi
1515 984 1611 1049 ita
1663 983 2170 1069 interpretatum
2228 985 2429 1051 fuisse
2488 992 2564 1051 ut

602 1072 914 1150 docuerit,
958 1070 1075 1136 ubi
1115 1069 1489 1137 celebratur
1530 1090 1751 1150 coena,
1794 1071 1886 1136 ibi
1928 1091 2071 1137 esse
2115 1090 2352 1155 corpus
2395 1070 2562 1137 illud

601 1158 857 1227 Christi
889 1154 1062 1241 quod
1099 1177 1217 1238 pro
1240 1155 1428 1222 nobis
1471 1154 1788 1222 traditum
1832 1167 1949 1223 est.
2021 1156 2239 1222 Audio
2278 1155 2563 1239 quidem,

600 1265 805 1330 quum
849 1261 1052 1309 coena
1093 1243 1190 1320 fit,
1236 1241 1399 1308 haec
1434 1240 1689 1307 Christi
1725 1241 1956 1308 verba:
2005 1243 2321 1327 Accipite,
2366 1241 2562 1321 edite,

604 1330 730 1397 hoc
763 1338 865 1395 est
898 1347 1135 1411 corpus
1171 1347 1392 1393 meum
1428 1326 1598 1410 quod
1637 1339 1777 1406 etc„
1812 1328 2007 1394 audio
2046 1329 2249 1394 etiam
2273 1328 2562 1394 Paulum

602 1415 765 1483 haec
810 1415 1012 1482 verba
1055 1414 1147 1478 ita
1189 1412 1650 1497 explicantem,
1696 1423 1774 1479 ut
1816 1412 2020 1479 dicat:
2064 1415 2320 1481 Panem
2365 1435 2563 1498 quem

601 1502 747 1570 tran
800 1503 971 1565 'mus
1029 1519 1171 1566 esse
1214 1507 1528 1563 κοινωνίαν
1570 1500 1862 1583 corporis
1905 1500 2191 1566 Christi:
2257 1499 2377 1566 sed
2420 1499 2564 1565 nul-

602 1586 719 1654 libi
751 1523 926 1670 figo,
987 1596 1103 1652 aut
1144 1585 1332 1650 illum
1376 1583 1638 1663 dixisse,
1698 1585 1829 1652 Hic
1883 1595 1987 1652 est
2043 1605 2278 1669 corpus
2318 1606 2563 1663 meum,

602 1683 720 1740 aut
761 1673 964 1738 istum
1010 1671 1259 1750 docere,
1306 1692 1542 1755 corpus
1578 1671 1826 1737 Christi
1870 1671 1942 1736 in
1978 1693 2054 1738 eo
2089 1693 2233 1738 esse
2273 1671 2415 1738 loco
2450 1672 2565 1737 ubi

602 1758 974 1825 celebratur
1029 1777 1246 1823 coena.
1319 1756 1587 1822 Interea
1646 1765 1869 1824 tamen
1920 1757 1980 1822 si
2037 1755 2434 1841 loquendum
2478 1759 2566 1823 sit

606 1845 689 1911 de
732 1843 1104 1929 praesentia
1146 1843 1437 1925 corporis
1484 1842 1736 1908 Christi
1781 1844 1851 1908 in
1894 1863 2124 1910 coena:
2188 1844 2352 1922 dico,
2398 1843 2566 1909 illud

605 1951 751 1998 esse
785 1949 1114 2015 praesens,
1161 1950 1295 1993 non
1329 1930 1603 2012 corpori,
1649 1928 1765 1994 sed
1798 1929 2064 2013 spiritui
2101 1939 2340 1996 nostro.
2414 1931 2565 1996 Non

607 2016 883 2100 corpori,
920 2014 1092 2099 quod
1130 2014 1329 2080 nullis
1372 2012 1677 2081 sensibus
1711 2015 2001 2098 corporis
2033 2017 2165 2081 mei
2206 2014 2374 2081 illud
2417 2037 2567 2099 per-

607 2103 865 2188 cipiam.
938 2101 1154 2168 Menti
1196 2110 1436 2178 autem,
1498 2098 1673 2182 quod
1716 2101 1924 2167 menti
1968 2111 2036 2166 et
2078 2103 2338 2167 animae
2380 2122 2568 2167 meae

607 2211 679 2256 se
745 2207 897 2254 vere
962 2187 1416 2253 communicet.
1488 2186 1660 2250 Nam
1728 2195 1796 2253 et
1849 2187 2057 2253 oculis
2111 2188 2355 2253 mentis
2414 2186 2568 2252 fidei

606 2274 858 2341 lumine
898 2272 1246 2338 illustratis
1291 2271 1503 2349 video,
1547 2280 1614 2337 et
1656 2293 1861 2338 manu
1918 2274 2192 2356 spiritus
2233 2281 2569 2340 contrecto

606 2371 802 2444 atque
846 2358 1222 2442 amplector,
1281 2367 1345 2423 et
1391 2378 1506 2422 ore
1560 2359 1822 2425 animae
1864 2369 2059 2442 atque
2116 2359 2271 2424 fidei
2314 2359 2456 2436 edo,
2503 2367 2571 2424 61

608 2447 775 2512 1111111
840 2446 1182 2526 incorporo
1246 2463 1484 2526 corpus
1542 2443 1794 2510 Christi
1858 2455 2188 2511 mortuum
2257 2467 2377 2530 pro
2440 2466 2567 2524 me,

605 2532 915 2614 illiusque
959 2532 1191 2596 effecta
1242 2530 1315 2594 in
1359 2551 1465 2595 me
1507 2530 1750 2595 sentio:
1810 2551 2122 2614 praesens
2173 2532 2383 2616 igitur
2424 2552 2570 2597 esse

609 2619 867 2685 animae
933 2624 1001 2682 61
1064 2615 1346 2699 spiritui,
1411 2615 1686 2681 infitiari
1753 2639 1885 2682 non
1945 2638 2245 2700 possum:
2312 2617 2570 2700 corpori

607 2725 786 2782 vero,
845 2702 1195 2768 admittere
1249 2723 1381 2767 non
1440 2701 1643 2768 valeo.
1713 2703 1884 2768 Tum
1938 2703 2047 2769 hic
2098 2703 2378 2771 Iacobus
2433 2704 2570 2768 An-

608 2791 833 2857 dreae:
889 2789 1203 2871 profecto,
1257 2787 1490 2872 inquit,
1549 2808 1667 2854 vos
1723 2786 1901 2855 idem
1960 2791 2222 2857 sentitis
2282 2788 2453 2875 quod
2503 2799 2572 2854 et

609 2897 750 2954 nos,
806 2874 965 2958 quid
1018 2874 1223 2958 igitur
1278 2873 1779 2939 contendimus?
1851 2873 2033 2956 Quid
2076 2877 2376 2954 sentiam,
2427 2874 2570 2940 dixi

609 2983 751 3046 ego,
807 2960 1146 3027 audivisti:
1215 2960 1273 3025 si
1337 2968 1557 3026 autem
1621 2960 1852 3026 eadem
1921 2969 2027 3028 est
2089 2963 2288 3029 etiam
2346 2972 2571 3028 vestra

609 3046 938 3115 sententia
998 3043 1081 3112 de
1143 3048 1516 3131 praesentia
1580 3048 1869 3131 corporis
1934 3047 2206 3130 Christi,
2270 3048 2572 3134 gratulor

611 3133 942 3200 ecclesiae.
1032 3132 1384 3199 Caeterum
1449 3133 1558 3200 hic
1622 3155 1757 3200 non
1821 3135 2149 3219 explicavi
2214 3135 2570 3202 discrimen

610 3240 755 3286 esse
798 3221 974 3284 inter
1007 3221 1442 3301 praesentiam
1486 3219 1763 3286 alicuius
1804 3222 1920 3301 rei,
1963 3230 2033 3287 et
2074 3222 2252 3287 inter
2294 3220 2571 3287 localem

610 3303 903 3371 eiusdem
995 3305 1521 3388 ropinquitatem,
1588 3314 1656 3371 et
1708 3306 1884 3372 inter
1940 3308 2327 3386 absentiam,
2394 3308 2571 3374 eius-

612 3390 889 3474 demque
970 3391 1219 3457 ocalem
1272 3391 1842 3475 longinquitatem.
1915 3392 2141 3474 Quum
2195 3393 2309 3460 ille
2360 3394 2569 3459 inter·

610 3478 898 3561 rupisset
952 3497 1321 3543 sermonem
1365 3498 1647 3561 eumque
1704 3478 2046 3563 probasset
2064 3530 2080 3556 ,
2145 3479 2327 3546 nolui
2382 3499 2570 3562 prae·

610 3571 796 3629 terea
852 3562 1098 3646 aliquid
1155 3563 1454 3641 adiicere,
1514 3563 1686 3646 quod
1743 3586 1875 3631 non
1918 3565 2254 3632 videretur
2308 3564 2573 3632 consul-

612 3658 774 3715 tum.
844 3649 1017 3715 Nam
1053 3669 1211 3714 mox
1254 3648 1604 3715 incidimus
1644 3651 1719 3715 in
1761 3672 2130 3717 sermonem
2172 3651 2255 3717 de
2290 3649 2572 3716 mandu-

612 3736 869 3801 catione
925 3735 1105 3800 orali.
1190 3734 1388 3800 Hanc
1440 3735 1752 3817 quoniam
1808 3757 1931 3823 ego
1987 3740 2058 3803 in
2117 3758 2266 3804 mea
2317 3737 2572 3805 confes-

614 3822 796 3887 sione
831 3820 1072 3886 damno
1114 3820 1257 3904 ipse
1300 3841 1442 3886 eam
1481 3820 1841 3888 declaravit
1873 3823 2175 3890 rotundis
2212 3831 2282 3890 et
2324 3822 2571 3907 apertis

613 3905 838 3972 verbis
901 3907 1254 3972 confitens:
1318 3928 1389 3971 se
1455 3915 1522 3973 et
1586 3907 1747 3974 alios
1811 3929 1967 3975 suos
2010 3930 2145 3976 non
2210 3911 2305 3976 ita
2367 3908 2571 3991 loqui,

614 3990 800 4076 quasi
860 4012 1096 4075 corpus
1155 3992 1410 4058 Christi
1464 4013 1538 4058 os
1596 4000 1666 4058 et
1718 4014 1954 4080 corpus
2011 4005 2312 4061 nostrum
2364 3994 2573 4058 attin-

614 4088 748 4163 gat,
808 4078 930 4144 hoc
974 4100 1118 4145 esse
1163 4077 1620 4145 falsissimum:
1679 4080 1796 4145 sed
1839 4102 1911 4147 se
1953 4091 2020 4147 et
2074 4081 2220 4148 illos
2262 4079 2408 4146 ideo
2451 4080 2573 4144 ali-

613 4164 873 4247 quando
937 4164 1031 4230 sic
1107 4164 1287 4246 loqui
1364 4174 1622 4229 tautum
1686 4175 1956 4251 propter
2030 4166 2572 4232 sacramentalem

615 4251 947 4316 unionem.
1035 4249 1140 4315 De
1183 4249 1685 4317 manducatione
1750 4252 2102 4336 impiorum
2144 4273 2573 4337 coeperamus

616 4333 983 4486 dispuitare:
1026 4333 1143 4401 sed
1185 4334 1356 4402 hanc
1392 4337 1591 4401 etiam
1625 4357 1784 4403 mox
1827 4337 2107 4424 abrupit.
2180 4339 2289 4404 Ita
2332 4338 2574 4405 disces-

619 4442 769 4487 sum
841 4422 957 4486 uit.

790 4508 936 4591 Ego
971 4527 1149 4586 vero,
1195 4514 1338 4573 tum
1379 4528 1463 4573 ex
1506 4508 1589 4573 iis
1622 4530 1792 4592 quae
1834 4509 2010 4575 inter
2044 4531 2165 4576 nos
2202 4508 2572 4576 contulera-

617 4612 785 4669 mus,
828 4604 897 4657 et
948 4592 1042 4657 illi
1086 4594 1457 4677 probarant,
1519 4602 1663 4659 tum
1706 4618 1791 4661 ex
1834 4595 1935 4673 iis,
1980 4617 2147 4680 qnae
2189 4618 2324 4661 non
2366 4594 2573 4662 semel

620 4699 707 4743 ex
748 4676 1115 4747 Cunmanno
1151 4689 1219 4744 61
1256 4678 1466 4745 Οοσσίο
1505 4678 1924 4747 audieramus
1967 4702 2214 4761 omnes,
2259 4681 2573 4765 putabam

617 4785 760 4830 rem
804 4764 1052 4846 optimo
1095 4785 1238 4831 esse
1278 4765 1420 4830 loco
1476 4771 1544 4829 et
1586 4767 1932 4833 veritatem
1979 4767 2569 4855 triumphaturum:

618 4849 687 4914 id
730 4848 903 4933 quod
947 4871 1101 4915 mox
1157 4849 1238 4914 ad
1300 4858 1594 4916 nostrum
1652 4863 1983 4937 pastorem
2026 4874 2160 4918 non
2203 4864 2382 4920 certe
2424 4854 2573 4920 sine

617 4935 933 5020 lacrymis
976 4955 1133 5018 prae
1177 4936 1417 5021 gaudio
1461 4937 1672 5015 retuli,
1716 4948 1794 5003 ut
1837 4938 1974 5022 ipse
2018 4959 2276 5024 quoque
2317 4939 2575 5005 laetitia

620 5041 878 5087 mecum
916 5021 1303 5100 afficeretur,
1339 5029 1407 5087 et
1440 5023 1690 5106 gratias
1724 5044 1982 5089 mecum
2016 5037 2244 5109 ageret
2262 5027 2573 5104 Domino,

621 5114 690 5171 et
730 5126 959 5190 preces
1002 5105 1086 5171 ad
1130 5107 1413 5172 eundem
1469 5109 2044 5193 ingeminaremus.
2119 5111 2255 5178 Sed
2298 5108 2456 5177 dum
2501 5112 2574 5176 in

621 5190 748 5256 hac
802 5192 978 5257 bona
1031 5192 1319 5258 vivimus
1374 5215 1508 5277 spe,
1575 5214 1724 5261 ecce
1780 5196 1935 5278 quid
1992 5206 2252 5282 praeter
2307 5217 2575 5264 omnem

622 5278 1178 5360 exspectationem
1239 5280 1595 5363 contingat.
1681 5280 2103 5351 Exhibentur
2166 5283 2253 5350 D.
2294 5283 2577 5350 Sturmio

2279 363 2750 442 EPIS'POLA
2791 369 2960 434 3936

4485 372 4591 436 ⁷16

2665 556 2973 707 grimum,
3019 556 3258 623 deinde
3291 556 3458 622 mihi
3495 566 3564 623 et
3601 555 3907 636 Conmdo,
3939 560 4024 634 ¹²)
4059 556 4326 626 articuli
4355 556 4593 641 quidm

2709 663 2747 708 e
2805 640 3434 725 praedestinatione,
3500 663 3542 709 a
3608 640 3978 712 camno
4001 645 4089 722 ¹⁸)
4151 643 4418 710 nomine
4475 665 4594 710 (1111-

2663 727 2853 793 nium
2896 729 3424 813 compositorum,
3483 739 3559 794 ut
3621 729 3707 796 iis
3769 728 4292 797 subscribamus:
4356 727 4472 796 sed
4517 730 4596 798 in

2664 813 3089 893 exhibentur,
3158 825 3232 881 ut
3289 812 3476 881 nobis
3519 836 3655 881 non
3708 814 3904 882 liceat
3957 836 4070 882 eos
4123 813 4394 881 domum
4447 816 4597 883 ferre

2662 898 2883 983 ibique
2925 900 3324 967 examinare.
3627 900 3745 966 ndi
3787 902 4014 986 itaque
4059 900 4444 980 Cinnano,
4482 921 4598 970 non

2662 1005 2855 1068 posse
2913 1006 3020 1051 me
3081 985 3217 1052 illis
3281 985 3534 1052 subscri
3620 1008 3713 1066 re,
3777 987 3908 1053 nisi
3965 987 4237 1053 domum
4293 986 4498 1053 feram
4539 997 4599 1054 et

2665 1069 3020 1156 diligenter
3053 1072 3399 1155 quietoque
3442 1073 3661 1139 animo
3703 1072 4003 1158 singulos
4081 1073 4096 1088 ’
4350 1093 4437 1139 ue
4475 1071 4600 1140 illo-

2665 1177 2818 1223 rum
2863 1157 3065 1224 verba
3107 1156 3527 1241 perpendam.
3608 1156 3701 1225 Se
3744 1157 3813 1224 id
3856 1180 3991 1225 non
4034 1157 4279 1226 habere
4323 1179 4398 1224 111
4437 1177 4600 1224 man·

2666 1241 2855 1322 datis,
2900 1240 3175 1309 dicebat.
3265 1242 3649 1328 Interrogor
3692 1242 3928 1311 deinde
3969 1243 4365 1311 seutentiam
4407 1264 4604 1312 11166111

2665 1349 2707 1395 a
2762 1326 3064 1395 &amm
3177 1328 3550 1413 Respondi:
3619 1339 3940 1414 quantum
4003 1351 4120 1414 per
4184 1338 4322 1396 tam
4388 1350 4602 1413 parum

2667 1415 3000 1499 temporis,
3045 1435 3174 1499 quo
3217 1414 3365 1481 illos
3399 1416 3644 1481 cursim
3687 1415 3842 1502 legi,
3884 1415 4175 1483 iudicare
4209 1415 4417 1500 potui,
4457 1413 4604 1481 1111111

2663 1499 2812 1567 11106
2866 1521 3004 1566 11011
3057 1500 3287 1580 videri,
3350 1503 3407 1566 si
3473 1500 3764 1568 habeant
3825 1522 4109 1586 aequum
4173 1502 4604 1585 interpretem,

2663 1586 2873 1652 ullam
2916 1587 2986 1651 in
3027 1608 3099 1652 se
3140 1595 3436 1670 apertam
3475 1588 3817 1654 continere
3859 1587 4288 1671 impietatem,
4333 1595 4608 1654 metuere

2665 1680 2892 1738 tamen
2943 1692 3051 1737 me
3108 1694 3192 1738 116
3256 1672 3507 1756 aliquid
3571 1673 3662 1740 ibi
3725 1673 3929 1741 lateat
3991 1670 4419 1740 insidiarum:
4481 1681 4608 1738 tum

2666 1757 2840 1841 quod
2882 1778 3018 1823 non
3061 1759 3536 1842 permittantur
3569 1759 3758 1826 nobis
3791 1759 3969 1826 domi
4002 1757 4450 1841 examinandi,
4482 1769 4608 1823 tum

2665 1841 2840 1927 quod
2897 1864 3090 1911 voces
3148 1843 3467 1929 quasdam
3528 1843 3818 1912 habeant
3859 1844 4220 1928 ambiguas,
4264 1855 4414 1910 tum
4455 1841 4608 1928 quod

2666 1949 2746 1996 ea
2788 1937 3050 1994 tantum
3106 1927 3197 1995 ibi
3250 1930 3465 2016 posita
3516 1951 3661 1997 esse
3703 1931 3872 1997 mihi
3918 1930 4287 2010 videantur,
4332 1949 4499 2014 quae
4535 1929 4608 1994 1).

2670 2014 3085 2082 Man-bachius
3141 2025 3212 2082 et
3268 2015 3382 2082 alii
3433 2017 3537 2082 sui
3594 2016 3977 2094 docuerunt,
4038 2026 4110 2083 et
4149 2036 4432 2101 quorum
4472 2036 4611 2083 oon-

2669 2101 2945 2166 trariam
2988 2102 3382 2168 sententiam
3417 2122 3459 2168 a
3491 2102 3681 2168 nobis
3715 2104 3979 2187 probari
4020 2111 4090 2168 et
4122 2101 4340 2168 doceri
4381 2100 4612 2168 66111111·

2669 2188 2832 2253 niati
2890 2195 3064 2262 sunt,
3124 2208 3327 2271 quum
3385 2197 3609 2254 tamen
3665 2187 3831 2255 haec
3872 2208 4214 2273 nunquam
4265 2188 4518 2254 fuerint
4553 2187 4614 2252 in

2669 2273 3138 2339 controversia.
3209 2273 3378 2340 Esse
3442 2275 3666 2358 itaque
3729 2274 3826 2340 ita
3878 2282 4099 2341 astute
4156 2282 4225 2339 et
4277 2273 4616 2339 artificiose

2669 2360 3063 2442 compositos
3121 2359 3431 2426 articulos
3486 2361 3663 2438 istos,
3721 2367 3799 2425 ut
3853 2362 3913 2426 si
3967 2380 4286 2445 negemus
4343 2359 4616 2426 subscri-

2672 2445 2846 2525 bere,
2913 2444 3347 2511 confirmandi
3413 2446 3550 2511 sint
3612 2446 3837 2530 populi
3901 2448 3974 2511 in
4037 2445 4409 2511 sententia:
4468 2464 4617 2528 quae

2673 2530 2923 2597 scilicet
2977 2531 3466 2598 concionatores
3522 2530 3605 2597 de
3661 2530 3851 2598 nobis
3895 2531 4278 2597 calumniati
4344 2530 4614 2607 fuerant,

2673 2636 2753 2683 ea
2795 2638 2941 2683 esse
2977 2616 3335 2683 verissima.
3407 2616 3484 2683 Si
3517 2637 3678 2683 vero
3714 2616 4221 2692 subscribamus,
4255 2636 4384 2682 nos
4419 2617 4618 2682 visum

2673 2701 3539 2855 36366636
3565 2724 3791 2855 36
3808 2702 4620 2873 3333663Ἣ

2674 2873 2950 2959 proinde
2994 2874 3193 2940 etiam
3249 2875 3728 2958 subscripsisse.
3814 2872 4147 2941 Postridie
4204 2873 4409 2940 rediit
4463 2871 4620 2938 idem

2677 2971 2744 3027 et
2805 2961 3036 3026 eodem
3099 2960 3291 3026 modo
3355 2961 3575 3044 petiit:
3644 2961 3863 3045 relego
3925 2961 4201 3038 iterum,
4265 2959 4390 3026 sed
4440 2957 4620 3025 simul

2673 3047 2875 3114 etiam
2918 3044 3114 3127 idem,
3172 3045 3347 3132 quod
3400 3055 3615 3127 antea,
3668 3046 4050 3131 respondeo.
4127 3046 4302 3112 Tum
4361 3045 4506 3112 ille:
4559 3066 4621 3109 ss

2673 3133 2823 3199 ideo
2866 3141 2936 3199 et
2969 3133 3257 3217 reliquos
3291 3134 3755 3218 compositores
3813 3133 3989 3199 nolle
4022 3134 4096 3199 in
4130 3133 4443 3199 manibus
4474 3130 4622 3198 meis

2674 3221 3048 3302 relinquere
3092 3219 3423 3299 articulos,
3470 3226 3615 3285 tum
3650 3218 3824 3302 quod
3867 3228 4169 3285 metuant
4214 3239 4299 3284 ne
4343 3218 4622 3303 prolixos

2673 3306 2750 3372 in
2791 3326 2904 3371 eos
2945 3304 3226 3372 scribam
3259 3306 3782 3385 commentarios,
3824 3315 3965 3370 tum
4002 3304 4194 3389 quod,
4237 3305 4296 3370 si
4335 3303 4527 3370 nobis
4563 3300 4622 3367 id

2673 3389 3052 3470 concedant,
3096 3390 3271 3458 idem
3295 3413 3550 3475 quoque
3585 3392 3948 3457 adversarii
3971 3390 4244 3474 petituri
4287 3391 4450 3469 sint,
4495 3400 4622 3454 tum

2675 3478 2960 3561 denique
3002 3477 3173 3560 quod
3217 3486 3517 3562 oporteat
3557 3478 3688 3545 cito
3731 3475 4073 3560 expedire:
4132 3477 4260 3543 sibi
4313 3477 4500 3541 intra
4537 3473 4620 3539 bi·

2673 3563 2878 3629 duum
2921 3563 3005 3630 ad
3049 3584 3406 3664 summum·
3436 3561 3706 3629 domum
3748 3584 3903 3663 esse·
3949 3561 4384 3628 redeundum.
4467 3562 4622 3627 Tum

2673 3658 3810 3819 ἓέἕῂοίῗέἓᾷῗξᾶὶὶῗεῑᾶ
3850 3657 4460 3818 ἓᾏιὶᾞιᾳίᾙ
4483 3645 4622 3832 {23¹ss

2674 3821 2812 3886 rint
2852 3820 3204 3904 diligenter
3244 3822 3625 3900 examinati,
3679 3818 4069 3905 probentur:
4122 3830 4622 3888 commentarios

2675 3915 2899 3972 autem
2965 3927 3070 3971 me
3133 3928 3268 3973 non
3332 3929 3475 3974 esse
3538 3908 3611 3973 in
3669 3927 3781 3971 eos
3820 3907 4368 3989 compositurum:
4437 3924 4624 3990 quum

2677 4013 2834 4058 vero
2888 3991 3233 4058 dissidium
3288 3993 3415 4058 hoc
3469 3994 3808 4059 biennium
3867 3991 4230 4071 duraverit,
4289 3990 4456 4076 qnid
4517 4000 4619 4065 est.

2677 4077 2836 4157 dixi,
2895 4076 3072 4161 quod
3115 4099 3311 4159 nunc,
3367 4078 3628 4163 quando
3669 4086 3774 4145 661
3828 4075 4195 4162 prudenter
4237 4076 4620 4145 concluden-

2676 4162 2854 4244 dum,
2912 4164 3130 4230 velitis
3186 4164 3284 4229 ita
3338 4163 3750 4231 accelerare?
3821 4164 3969 4248 Ego
4011 4171 4188 4231 certe
4231 4164 4303 4229 in
4349 4185 4428 4230 re
4469 4160 4624 4228 tanti

2677 4251 2994 4316 momenti
3051 4249 3214 4314 nihil
3283 4251 3790 4335 praecipitanter
3847 4269 4044 4335 agere
4083 4250 4259 4316 volo.
4333 4246 4623 4317 Discedit

2675 4335 2807 4401 ille.
2900 4334 3037 4402 Sed
3099 4336 3348 4403 amicus
3402 4358 3509 4402 me
3572 4345 3768 4420 urget
3823 4347 3897 4402 111
3960 4334 4404 4403 subscribam:
4473 4331 4622 4401 nihil

2676 4442 2819 4487 esse
2882 4421 3279 4487 insidiarum
3335 4421 3782 4501 metuendum,
3849 4442 3993 4489 esse
4057 4422 4262 4488 bonos
4321 4424 4526 4500 viros,
4565 4428 4622 4483 et

2675 4508 2846 4574 serio
2892 4506 3038 4572 illos
3082 4508 3371 4592 cogitare
3407 4508 3488 4573 de
3522 4506 3892 4576 concordia:
3940 4507 4092 4590 plus
4133 4507 4327 4573 nobis
4371 4504 4621 4575 concedi

2675 4614 2875 4678 quam
2919 4592 3333 4660 adversariis.
3407 4595 3554 4679 Ego
3613 4604 3862 4673 contra,
3921 4593 4097 4659 hanc
4152 4593 4400 4677 agendi
4443 4592 4621 4659 ratio-

2676 4700 2831 4744 nem
2884 4688 2954 4743 et
3013 4679 3186 4746 hanc
3247 4680 3729 4746 festinationem
3787 4679 3954 4744 mihi
4017 4700 4165 4745 esse
4229 4701 4264 4745 s
4603 4696 4619 4773 ξ

2674 4785 2811 4831 11011
2866 4785 3056 4847 posse
3115 4766 3322 4849 igitur
3377 4768 3803 4850 acquiescere,
3869 4774 3949 4829 ut
4011 4764 4443 4843 subscribam,
4507 4763 4620 4829 nin

2849 5021 4616 5092 m)Habm,quemutBaeerianceu-Moebeehdunu-

2675 5107 2804 5148 nere
2836 5092 3064 5147 diaconi
3107 5091 3375 5147 nomana
3406 5091 3664 5145 abdicari
3692 5092 3908 5147 curavit
3941 5090 4221 5158 (Belin-ich
4255 5090 4352 5146 m.
4395 5090 4534 5156 no.)

2851 5160 2944 5229 13)
2981 5160 3352 5217 minabaehw.
3431 5157 3770 5216 musicum
3810 5160 4028 5230 quiden
4072 5159 4192 5215 Iac.
4241 5159 4614 5215 And-eus*

2676 5227 3463 5353 ωναέιὼοεάἑοᾱρὲὲξ,
3508 5227 4350 5298 mmmm
4397 5225 4615 5285 ’urh-

2677 5299 2826 5356 nou·
2917 5301 3069 5368 ‘pont‘
3070 5300 3170 5354 ina
3199 5315 3255 5368 p.
