4900 6125
286 408 399 472 429
2087 402 2250 466 1562
2294 398 2483 467 IUN.
4158 412 4289 476 430

439 594 557 660 Est
598 591 951 677 singularis
1009 590 1412 658 fortitudinis
1455 592 1580 668 vir,
1645 590 1970 657 Hercules
2013 613 2055 656 a
2101 588 2219 656 Sa-

282 681 383 746 10·oe
405 685 448 759 ¹)
491 689 555 745 et
597 678 765 744 alius
808 678 1189 762 capitaneus
1234 677 1565 762 Georgius
1612 677 1856 744 Kar-lin
1897 677 2010 760 qui
2042 674 2215 742 Ocn-

283 765 525 833 densem
572 785 834 832 causam
879 763 1136 829 fortiter
1180 773 1469 829 tuentur.

1019 1058 1428 1069 ——---—-

1146 1275 1344 1345 87⁹⁹.

646 1430 1318 1500 BULLINGERUS
1377 1430 1815 1498 CALVINO.

425 1606 603 1674 Idem
648 1608 1082 1689 arqumentum
1118 1604 1408 1685 pressius
1439 1604 1864 1685 persequitur.

541 1775 821 1845 (Sequitur
853 1775 1270 1844 praecedentem
1307 1775 1364 1828 in
1400 1781 1632 1843 utroque
1668 1774 1898 1837 codice.)

419 1947 806 2016 Clarissimo
864 1947 1006 2012 viro
1051 1946 1134 2012 D.
1182 1946 1418 2012 Ioanni
1465 1944 1744 2013 Calvino
1790 1945 2208 2013 Genevensis

261 2036 560 2136 ccclesiae
587 2032 842 2132 pastori
877 2031 1260 2098 fidelissimo
1294 2029 1559 2098 domino
1595 2030 1870 2098 colendo
1914 2042 1983 2098 et
2015 2031 2206 2099 fiatri

260 2142 390 2187 meo
431 2139 789 2188 carissimo.
1808 2204 2028 2271 Gonffi

413 2378 482 2445 S.
509 2377 596 2445 D.
645 2378 813 2444 Heri
835 2377 1067 2459 scripsi
1104 2378 1220 2442 tibi
1257 2379 1797 2445 festinantissime
1820 2379 1902 2446 de
1925 2378 2203 2446 Rhaetis

253 2486 370 2530 non
393 2462 892 2548 praetereundis
926 2474 995 2528 et
1028 2463 1394 2529 salutandis
1418 2485 1538 2547 per
1572 2464 1809 2531 illustr.
1834 2465 2046 2550 princi
2130 2487 2199 2531 m

254 2548 636 2626 (huden-sm,
703 2551 857 2615 item
905 2547 985 2614 de
1033 2556 1069 2614 5
1106 2551 1166 2616 P
1293 2569 1444 2614 rum
1487 2552 1888 2634 profectione
1929 2551 2000 2616 in
2106 2551 2200 2617 al·

253 2636 391 2702 liam
436 2657 674 2703 versus
716 2635 1091 2701 Divionem.
1237 2634 1383 2701 odie
1418 2638 1601 2701 venit
1636 2637 1715 2702 ad
1756 2657 1862 2702 me
1898 2638 2003 2702 vir
2028 2636 2199 2703 mul·

251 2733 447 2788 tarum
491 2743 722 2788 rerum
764 2722 1035 2804 peritus,
1104 2730 1174 2786 et
1215 2722 1390 2786 inter
1434 2721 1565 2788 alia
1606 2722 1937 2801 brevibus,
1982 2725 2200 2808 Cupe-

251 2829 392 2886 rem,
437 2809 676 2893 inquit,
717 2804 944 2873 fideles
986 2807 1059 2872 in
1103 2806 1324 2873 Gallia
1369 2807 1727 2892 vigilantes
1768 2829 1910 2876 esse
1953 2817 2020 2875 et
2063 2830 2199 2875 non

249 2892 322 2957 ad
359 2892 765 2962 credendum
808 2893 1044 2960 faciles.
1135 2892 1284 2958 Hoc
1326 2893 1480 2973 scio,
1525 2893 1908 2981 Gtuysianos
1958 2895 2197 2961 dunta-

247 2991 352 3052 zat
391 2979 744 3046 extrahere
802 2990 1061 3063 tempus
1126 2989 1202 3045 ut
1245 2980 1702 3046 instructiores
1744 2980 2000 3047 interea
2042 2981 2196 3047 facti

248 3077 306 3132 et
346 3068 408 3133 vi
463 3078 534 3133 et
597 3064 763 3132 dolis
820 3065 1172 3150 derepente
1225 3067 1606 3153 opprimant
1658 3087 1888 3133 omnes
1939 3067 2194 3134 fideles:

247 3174 560 3237 cuperem,
608 3153 900 3236 inquam,
967 3152 1116 3218 illos
1159 3173 1301 3219 esse
1346 3152 1728 3237 vigilantes:
1795 3162 2052 3220 certum
2094 3162 2199 3221 est

247 3242 407 3305 enim
440 3239 580 3305 illis
623 3238 1005 3322 impendere
1047 3237 1297 3304 malum
1341 3239 1577 3323 ingens
1609 3261 1693 3305 ex
1717 3239 2047 3305 Marsilia:
2093 3259 2200 3307 ca·

247 3334 431 3392 veant
453 3337 528 3392 ut
551 3324 959 3410 Lugdunum
983 3326 1100 3390 fiat
1120 3323 1457 3391 Oaletum:
1499 3324 1873 3408 Guysianus
1893 3324 2196 3392 Oaletum

245 3432 318 3477 ex
359 3413 719 3497 immeo
772 3411 1130 3494 oppressit:
1198 3410 1356 3494 quid
1401 3412 1459 3477 si
1501 3414 1693 3495 signa
1732 3410 2197 3477 Helvetiorum

243 3498 622 3564 simularent
664 3517 735 3564 se
778 3497 1042 3563 abitura
1084 3497 1461 3575 Divionem,
1507 3508 1575 3562 et
1620 3496 1971 3580 derepente
2008 3497 2195 3563 inva-

245 3581 462 3650 derent
496 3582 958 3668 Lugdunum?
995 3582 1298 3666 vigilent,
1335 3582 1635 3667 vigilent,
1679 3605 1763 3649 ne
1785 3582 2195 3667 Lugdunum

245 3666 585 3753 derepente
632 3670 954 3735 amittant.

405 3755 596 3822 Haec
641 3754 750 3821 ille
792 3754 1111 3820 eiusmodi
1157 3753 1241 3819 ad
1285 3775 1392 3819 me
1448 3752 1666 3820 verbis
1711 3756 1881 3820 serio
1922 3756 2197 3838 protulit

247 3852 306 3905 st
343 3840 522 3919 abiit,
572 3840 846 3907 adiectis
890 3841 996 3906 his
1041 3840 1239 3906 etiam
1301 3842 1477 3906 inter
1516 3839 1893 3906 abeundum
1941 3840 2193 3907 verbis:

244 3926 378 3992 Non
422 3927 661 4004 credis,
728 3927 1134 4010 Bullingere,
1179 3947 1378 4009 quam
1423 3924 1843 3993 admirabiles
1876 3927 2194 4010 proditio-

244 4034 370 4089 nes,
414 4013 551 4079 doli
600 4024 667 4078 et
711 4024 887 4078 artes
926 4013 1357 4078 concinnatae
1393 4014 1543 4077 sint.
1614 4012 1903 4077 Proinde
1938 4024 2190 4097 repeto:

243 4099 511 4183 vigilent
558 4099 712 4164 boni
758 4110 824 4164 et
867 4108 1058 4163 orent
1118 4096 1344 4163 sedulo
1389 4108 1466 4162 ut
1510 4095 1874 4163 liberentur
1919 4120 1958 4162 a
2002 4098 2194 4164 malo.

239 4182 586 4250 Ounctatio
651 4186 1060 4250 incrementa
1103 4182 1216 4248 dat
1259 4182 1454 4249 malis
1498 4182 1765 4248 artibus.
1834 4182 2021 4251 Haec
2064 4182 2192 4249 ille.

242 4268 377 4334 Non
416 4272 602 4354 potui
638 4279 857 4336 autem
886 4271 1218 4353 quiescere
1256 4270 1604 4352 animoque
1641 4268 1996 4353 tranquillo
2031 4291 2200 4348 esse,

241 4356 358 4420 nisi
391 4368 658 4421 mature
697 4356 858 4421 haec
890 4354 973 4420 ad
1010 4366 1076 4420 te
1112 4355 1485 4431 scriberem,
1531 4366 1608 4419 ut
1645 4368 1713 4418 tu
1753 4366 2006 4421 mature
2044 4376 2193 4421 nos-

241 4448 387 4520 tros,
433 4444 490 4507 si
529 4441 822 4507 nondum
865 4438 1182 4506 admoniti
1227 4450 1403 4517 sunt,
1459 4461 1760 4506 moneres
1804 4454 1871 4506 et
1908 4462 2191 4525 urgeres.

239 4524 507 4593 Certum
553 4540 658 4593 est
681 4525 1101 4593 Froelichiwm
1139 4529 1185 4603 ¹)
1231 4526 1645 4610 capitaneum
1672 4527 1946 4592 mirifice
1973 4527 2194 4611 urgeri

240 4781 412 4838 nm.
437 4785 492 4851 1)
529 4802 566 4839 a
607 4782 768 4838 Salva.
850 4783 1117 4838 Bru-citer
1162 4782 1380 4853 quiden
1424 4782 1807 4849 reformationi
1851 4799 1908 4837 se
1954 4783 2191 4849 addixit,

241 4853 594 4909 Momm:
628 4854 729 4906 aab
761 4854 980 4921 recubus
1013 4852 1231 4906 Galliae
1265 4850 1547 4919 stipendia
1580 4853 1834 4913 merebat,
1869 4852 2007 4907 adeo
2041 4860 2104 4908 ut
2137 4868 2191 4907 a.

245 4920 369 4975 1567
482 4962 497 4976 .
541 4921 594 4975 S.
631 4921 964 4991 Dionysium
1002 4927 1194 4977 contra
1235 4924 1599 4989 munerantes
1640 4924 1924 4990 paquara.
1995 4921 2196 4976 Postea

404 4938 648 5045 zucam
683 4992 719 5044 ι’.
754 5007 798 5048 e.
833 5006 952 5045 eum
1151 4991 1162 5003 ⁰
1305 4991 1463 5057 κρέα
1506 4989 1769 5044 dimissus
1815 4990 1991 5060 Soqlin‘
2033 4992 2191 5051 vixit,

343 5068 584 5140 ,aecepw
617 5062 819 5140 nuncio
855 5059 922 5113 de
965 5059 1128 5114 caede
1165 5056 1576 5115 Rartolomaiea
1603 5060 1921 5128 pensionem
1957 5060 2195 5128 amplius

400 5236 414 5252 .
439 5135 888 5279 Orlgcrg‘e‘l'izgins
912 5214 1050 5277 unus
1096 5198 1204 5249 iam
1241 5203 1326 5249 est
1413 5199 1465 5278 ui
1512 5197 1614 5251 hoc
1662 5198 1934 5279 negotium
1981 5213 2191 5278 summa

367 5274 392 5320 t
439 5266 740 5337 diligentia.
821 5266 939 5320 Nm
988 5266 1076 5319 hic
1124 5272 1283 5325 esset,
1329 5266 1402 5317 du
1441 5272 1520 5319 ito
1565 5283 1632 5319 an
1679 5266 1880 5319 milites
1924 5265 2186 5319 educendi

240 5343 418 5388 mut
454 5334 622 5400 (eun.
659 5338 720 5389 ἐπ
755 5334 1034 5403 margine).

2325 610 2365 654 a
2563 589 2680 669 sio,
2725 589 2823 654 ita
2866 598 2939 654 ut
2982 590 3262 676 ipsemet
3309 592 3414 658 his
3457 591 3689 661 diebus
3730 594 4103 661 Lucernam
4147 597 4283 663 abi-

2320 674 2469 753 erit,
2567 674 2623 741 'c
2669 674 3046 759 (Lucernae
3089 678 3391 761 inquam)
3436 689 3503 744 et
3544 678 3700 745 alibi
3741 692 3990 765 urgeat,
4049 684 4155 766 agi
4202 684 4283 750 de

2319 760 2533 826 salute
2568 763 2876 844 antiquae
2914 763 3254 847 religionis
3289 763 3461 829 etde
3494 766 3918 848 pensionibus
3952 768 4276 852 ipsorum:

2319 846 2447 912 nisi
2494 855 2755 912 mature
2798 868 2868 914 se
2914 848 3270 932 expediant
3312 860 3378 915 et
3420 850 3742 917 auxilium
3780 853 4015 929 ferant,
4059 866 4279 920 actum

2318 953 2463 998 esse
2483 932 2566 998 de
2587 930 2692 998 his
2713 933 3035 1000 omnibus.
3097 935 3447 1001 Festinant
3486 956 3661 1021 ergo.
3722 937 3998 1003 Interim
4025 940 4280 1005 aliaest

2318 1018 2487 1084 aliae
2524 1039 2818 1085 remorae
2852 1040 2924 1086 se
2960 1019 3295 1087 obiicitmt.
3374 1021 3830 1094 Abbatiscella.
3878 1025 4047 1106 quod
4088 1026 4279 1093 hodie

2318 1104 2530 1180 audio,
2557 1103 2797 1171 dicitur
2829 1105 3014 1180 (licet
3034 1104 3346 1173 Saloduri
3384 1111 3789 1175 consenserit
3809 1131 3958 1176 cum
3985 1118 4021 1172 ὁ
4052 1112 4278 1197 Pagis)

2317 1190 2613 1273 graviter
2657 1190 3067 1275 prohibuisse
3125 1214 3207 1258 ne
3264 1195 3411 1276 quis
3468 1194 3823 1260 militatum
3870 1198 3938 1260 in
3986 1197 4277 1264 Galliam

2318 1273 2524 1340 abeat.
2622 1279 2736 1342 An
2815 1298 2971 1342 vero
3049 1277 3287 1361 perditi
3355 1279 3652 1346 homines
3710 1281 4093 1348 mandatum
4154 1285 4276 1352 hoc

2316 1364 2646 1444 recepturi
2712 1363 2850 1428 sint
2913 1364 3155 1430 dubito.
3257 1364 3496 1432 Adhuc
3561 1378 3868 1433 constans
3926 1369 4100 1435 sama
4157 1380 4274 1449 est,

2316 1451 2376 1513 8.
2437 1447 2614 1513 Iunii
2679 1449 3084 1532 profecturos
3143 1456 3178 1514 5
3239 1452 3474 1536 Pagos.
3580 1452 3850 1518 Utinam
3918 1454 4276 1540 adimpleta

2315 1533 2407 1599 sit
2459 1532 2721 1599 tandem
2768 1535 3292 1602 Amorrheorum
3360 1538 3692 1620 iniquitas.
3785 1538 4146 1607 Graviores
4209 1551 4277 1608 et

2315 1619 2820 1686 truculentiores
2864 1622 3084 1687 hostes
3137 1644 3265 1688 non
3329 1623 3531 1689 habet
3573 1623 3767 1690 hodie
3811 1646 4007 1692 causa
4049 1637 4275 1693 nostra

2315 1703 2490 1771 bona
2531 1727 2697 1789 quae
2728 1705 2982 1773 Christi
3024 1717 3141 1774 est.
3209 1709 3549 1775 Christum
3591 1730 3748 1794 ergo
3784 1731 3897 1777 oro
3934 1711 4275 1779 dominum

2313 1800 2380 1856 et
2446 1812 2666 1874 regem
2726 1801 3025 1860 nostrum
3085 1807 3159 1860 ut
3214 1795 3594 1862 invocantes
3662 1818 3731 1862 se
3791 1796 4014 1864 audiat
4078 1811 4146 1865 et
4188 1801 4271 1866 ab

2313 1876 2419 1943 his
2486 1879 2711 1960 pravis
2776 1888 2843 1945 et
2907 1880 3349 1964 sanguinariis
3413 1882 3786 1948 hominibus
3841 1905 3961 1950 nos
4017 1885 4269 1952 liberet.

2313 1965 2528 2029 Amen
2576 1966 2808 2030 Amen.
2900 1964 2987 2029 D.
3038 1965 3395 2051 Ooiqnetius
3467 1968 3663 2052 plane
3731 1972 4176 2036 contemnitur
4230 1992 4270 2037 a

2311 2049 2515 2134 Pagis
2559 2061 2625 2116 et
2669 2050 2862 2116 audio
2906 2052 3033 2135 ipsi
3078 2053 3327 2118 malum
3374 2055 3544 2120 strui
3588 2056 3841 2139 ingens.
3911 2056 3987 2123 Si
4037 2058 4269 2123 vicerit

2315 2134 2605 2220 Gay-sius
2668 2135 2870 2220 (quod
2935 2148 3193 2204 avertat
3257 2149 3489 2223 potens
3546 2140 3671 2205 Dei
3728 2144 3934 2207 nostri
4001 2143 4266 2226 manus)

2308 2232 2531 2287 actum
2598 2223 2726 2288 erit
2789 2244 2939 2289 cum
2987 2222 3316 2308 Goiynetio.
3399 2224 3660 2306 Quaeso
3728 2239 3811 2305 te,
3879 2228 3971 2292 mi
4040 2230 4260 2306 frater,

2307 2308 2608 2392 significa
2648 2329 2765 2391 per
2808 2311 3097 2393 primum
3143 2312 3458 2376 nuncium
3505 2331 3588 2377 an
3657 2312 3781 2378 hae
3824 2334 4005 2379 meae
4059 2313 4140 2378 ad
4201 2325 4265 2380 te

2306 2394 2440 2459 sint
2502 2393 2761 2460 allatae.
2873 2393 3107 2462 Scribo
3176 2397 3294 2463 has
3366 2403 3421 2463 5.
3468 2397 3648 2463 Iunii
3714 2401 3836 2466 snb
3903 2420 4262 2482 vesperam.

2304 2471 2476 2545 Heri
2534 2480 2685 2545 dedi
2746 2479 2827 2546 ad
2883 2493 2950 2546 te
3003 2480 3163 2546 alias
3209 2482 3291 2549 de
3332 2483 3614 2548 Rhaetis
3657 2505 3791 2550 non
3837 2484 4265 2570 negligendis,

2307 2585 2471 2648 quas
2510 2565 2705 2631 hodie
2750 2565 3014 2633 demum
3060 2567 3251 2634 audio
3291 2577 3658 2653 asportatas
3701 2571 3823 2637 sub
3866 2572 4263 2637 matutinam

2304 2648 2557 2718 horam.
2627 2652 2796 2717 Vale
2840 2673 2990 2719 cum
3036 2655 3340 2722 omnibus
3375 2656 3706 2722 fratribus.
3776 2656 4001 2722 Nostri
4036 2679 4257 2723 omnes

2304 2746 2371 2803 te
2414 2737 2710 2804 salutant
2756 2745 2813 2804 5.
2860 2739 3037 2804 Iunii
3088 2744 3270 2807 1662.

3269 2880 3452 2944 Tuus
3497 2898 3581 2944 ex
3627 2879 3847 2944 animo
3892 2889 4087 2945 totus.

3167 3426 3367 3497 880⁰.

2606 3580 3059 3647 LAROHER
3086 3585 3136 3660 ¹)
3181 3584 3243 3647 A
3288 3579 3968 3648 OHASTELLION.

2477 3751 2578 3817 La
2616 3773 2839 3837 quem
2879 3753 3060 3818 civile
3100 3774 3178 3818 en
3224 3752 3492 3820 Franco.

2626 3923 3004 3993 (Autographe
3039 3924 3108 3977 dc
3144 3925 3196 3978 la
3234 3924 3615 3995 Bibliotheqne
3652 3925 3719 3979 de
3756 3925 3934 3992 Bale.)

2299 4096 2361 4159 A
2409 4116 2562 4161 mon
2609 4095 2902 4161 trescher
2957 4096 3129 4162 frere
3174 4095 3522 4162 Sebastian
3568 4098 3939 4163 Chateillon
4008 4098 4255 4180 profes-

2629 4202 2781 4247 seur
2824 4202 2977 4265 grec
3017 4181 3097 4246 de
3142 4181 3544 4248 l'universite
3587 4182 3666 4248 de
3712 4182 3926 4249 Basle.

2471 4352 2541 4418 S.
2604 4353 2929 4419 'Prescher
2994 4354 3183 4431 frere,
3243 4356 3310 4437 je
3376 4375 3541 4421 vous
3606 4358 3744 4438 prie
3809 4376 3913 4420 me
3981 4356 4253 4421 mandet·

2295 4448 2625 4504 comment
2668 4461 2738 4504 se
2782 4448 3046 4521 portent
3102 4439 3199 4505 les
3242 4441 3472 4505 enfans
3538 4440 3619 4505 de
3668 4442 3927 4506 Tristan
3971 4452 4038 4504 et
4081 4460 4251 4505 ceux

2293 4524 2373 4590 de
2396 4522 2687 4590 Iverdun
2725 4546 2852 4609 que
2880 4527 2948 4609 je
2987 4546 3153 4589 vous
3190 4524 3691 4611 recommanday
3728 4524 3961 4590 laultre
3999 4527 4170 4608 jour.
4192 4526 4249 4611 ²)

2297 4609 2430 4677 Car
2474 4611 2650 4676 leurs
2694 4632 2929 4694 parens
2974 4611 3266 4676 desirent
3308 4611 3439 4678 fort
3504 4633 3587 4677 en
3632 4612 3885 4678 scavoir
3930 4608 4043 4674 des
4089 4631 4248 4675 nou·

2295 4696 2515 4762 velles.
2585 4696 2775 4762 Dites
2819 4697 2965 4762 leur
3008 4716 3204 4782 aussy
3250 4698 3426 4781 quilz
3472 4698 3802 4763 escrivent
3845 4716 3964 4778 par
4004 4694 4066 4760 le
4102 4716 4249 4779 pre-

2294 4792 2444 4848 sent
2490 4804 2530 4847 a
2572 4782 2751 4847 leurs
2795 4781 2925 4848 dits
2968 4790 3249 4865 parents.

2466 4868 2602 4934 Nos
2665 4888 2829 4951 gens
2893 4875 3009 4933 ont
3068 4867 3283 4967 donne
3337 4888 3541 4951 conge
3607 4887 3735 4932 aux
3795 4867 4124 4948 prebstres
4181 4878 4248 4932 et

2292 4953 3297 5106 31⁰ffirad⁰essiss¹ss1ev¹oe⁹332
3342 4951 3987 5104 {ffiffixss‘ffl
4038 4952 4247 5104 3⁰⁸3}

2289 5263 2485 5318 asoo.
2505 5261 2562 5328 1)
2600 5262 2676 5315 N.
2712 5260 2865 5315 atos

2497 5329 2560 5391 2)
2593 5332 2991 5400 protanam
3025 5332 3124 5386 aas
3150 5329 3569 5400 pausian-aerea
3603 5326 3669 5380 aa
3705 5323 4051 5379 cumeum.
