4900 6125
235 415 376 477 349

233 601 408 687 qu’il
475 621 566 668 na
628 624 748 688 pas
812 601 1024 688 perdu
1089 623 1210 671 son
1277 610 1492 687 temps
1556 600 1794 668 d’estre
1859 600 1920 666 ic

233 707 516 840 ῗὲιέἓιο
571 687 634 755 le
689 689 889 757 fruict
919 689 973 772 ⁸)
1027 688 1091 757 le
1143 698 1535 755 monstrera.
1628 687 1725 755 Oe
1770 689 1871 753 22.

2015 618 2217 678 vena,

1962 706 1998 751 e
2042 703 2222 750 mars

1142 1320 1342 1392 8742.

875 1476 1121 1544 BEZA
1166 1474 1597 1544 OALVINO.

415 1647 689 1717 Bellum
717 1653 1015 1733 pamm.

231 1820 346 1889 (Β
405 1837 488 1877 ⁸⁸¹
523 1889 617 1944 ro.
694 1891 739 1945 ι.
807 1819 1206 1944 Εοῗὲἁῐιθιῖἷξζὶ
1243 1817 1507 1946 ilgerii]
1539 1816 2059 1959 ἷὸρρῗοέιῖιξοά
2098 1814 2220 1880 ¹¹9’

415 2064 483 2127 Δ
533 2061 775 2127 Mons&
819 2060 1056 2128 Mons‘.
1102 2059 1482 2145 Despeville

1488 2167 1529 2213 a
1573 2144 2040 2213 Villestanche.

415 2316 496 2385 S.
583 2317 664 2382 Mi
709 2325 919 2403 pater,
977 2337 1058 2383 ex
1102 2318 1457 2401 postremis
1510 2316 1721 2385 literis
1763 2317 1931 2383 meis
1975 2336 2217 2404 cogno-

502 2424 592 2470 uo
647 2405 714 2469 in
776 2411 958 2469 statu
1011 2422 1326 2469 essemus.
1415 2403 1698 2471 Caetera
1753 2425 1928 2470 nunc
1972 2403 2214 2488 accipe.

238 2489 389 2573 Quo
430 2489 549 2557 dle
589 2488 953 2557 Guisianue
995 2509 1147 2556 cum
1191 2488 1329 2555 suis
1370 2489 1602 2557 urbem
1648 2495 1754 2555 est
1794 2490 2149 2574 ingressus,
2162 2494 2216 2569 ¹)

237 2584 384 2675 post
429 2576 630 2643 varia
684 2573 976 2653 consilia,
1033 2572 1302 2641 tandem
1319 2574 1607 2725 ⁸placuit
1652 2573 1962 2641 condensi
2014 2584 2091 2641 ut
2145 2582 2217 2642 et

343 2663 356 2676 ’
419 2682 583 2730 cum
641 2661 885 2727 nostris
937 2661 1145 2746 copiis
1195 2662 1266 2726 in
1384 2672 1531 2727 tera
1585 2660 1768 2728 urbis
2055 2682 2213 2729 con-

239 2768 499 2814 aonem
545 2747 959 2828 haberemus,
1014 2745 1189 2831 quod
1239 2747 1586 2815 consilium
1630 2747 1899 2813 virtutis
1950 2755 2017 2814 et
2060 2768 2214 2816 con·

244 2835 530 2900 stantiae
566 2832 836 2919 plenum
874 2833 971 2898 ita
1004 2832 1337 2912 successit,
1372 2841 1452 2898 ut
1471 2832 1715 2913 hostes,
1757 2832 1869 2917 qui
1890 2834 2215 2916 putabant

243 2939 359 2986 nos
417 2920 508 2986 ad
567 2919 859 3020 primum
913 2917 1021 2986 sui
1075 2926 1498 3003 conspectum
1552 2918 1777 2985 omnia
1817 2916 2211 3001 deserturos,

245 3004 362 3090 ipsi
407 3005 749 3108 trepidare
790 3005 1170 3090 inceperint.
1191 3007 1252 3082 ²)
1322 3005 1414 3072 Et
1456 3012 1634 3073 certe
1674 3003 1885 3072 multo
1929 3006 2211 3073 maiores

245 3101 306 3156 et
349 3094 684 3160 firmor-es
737 3093 953 3177 copias
1008 3099 1277 3175 repente
1333 3090 1525 3158 nobis
1577 3090 1821 3158 obtulit
1858 3089 2209 3173 Dominus,

249 3197 433 3261 quam
483 3180 636 3246 ausi
690 3179 1041 3244 fuissemus
1083 3198 1369 3262 sperare.
1455 3177 1556 3244 Ab
1600 3198 1680 3243 eo
1722 3186 2018 3263 tempore
2057 3199 2208 3264 per·

249 3265 540 3333 reximus
577 3272 806 3331 nostro
840 3283 1040 3344 more,
1075 3264 1219 3331 sine
1253 3263 1377 3330 ins'
1481 3264 1496 3277 ‘
1535 3263 1847 3330 tumultu.
1906 3264 2211 3349 Augetur

284 3350 534 3417 uotidie
591 3350 852 3416 illorum
906 3370 1239 3430 numerus,
1455 3358 1682 3418 noster
1723 3350 1933 3417 multo
1976 3352 2209 3435 magis.

317 3435 331 3448 '
389 3438 481 3503 ‘es
541 3434 918 3515 occidimus,
978 3434 1216 3502 millies
1270 3436 1775 3503 resurreximus.
1848 3436 2212 3521 Exspecta-

253 3539 394 3586 mus
446 3543 621 3607 opus
673 3520 952 3588 Domini
1007 3527 1092 3598 et,
1163 3528 1240 3587 ut
1293 3542 1470 3587 nunc
1533 3520 1800 3606 quidem
1864 3543 1970 3588 res
2035 3530 2213 3600 sunt,

257 3605 408 3673 bene
450 3629 812 3693 speramus.
883 3607 1262 3673 Preoemini
1307 3608 1364 3674 si
1408 3627 1698 3692 unquam
1743 3607 1924 3673 alias.
2013 3607 2211 3693 Oogi-

261 3693 570 3760 tationem
630 3693 710 3759 de
769 3713 918 3758 meo
972 3691 1188 3760 reditu
1246 3692 1375 3759 ista
1412 3693 1883 3772 interturbant,
1928 3692 2045 3759 sed
2087 3694 2212 3760 sci-

265 3781 387 3843 tote
447 3802 556 3847 me
622 3800 744 3847 nec
812 3786 1061 3845 temere
1125 3800 1247 3845 nec
1313 3779 1563 3846 frustra
1626 3777 1995 3864 ὑπερήμερον
2054 3780 2212 3846 fore.

270 3857 558 3933 condens.
604 3864 824 3933 Poeta.
881 3863 1138 3932 Iuliani
1189 3885 1360 3930 uxor
1390 3865 1445 3949 ⁸)
1502 3885 1648 3932 sese
1710 3865 1845 3931 tuis
1910 3864 2215 3950 precibus

270 3949 738 4028 commendant,
781 3971 1010 4018 omnes
1029 3950 1162 4017 Dei
1199 3950 1419 4035 gratia
1461 3949 1666 4017 fortes
1709 3962 1779 4016 et
1820 3959 2212 4018 constantes.

271 4029 437 4102 Bene
471 4037 639 4116 vale,
685 4038 776 4102 mi
820 4044 1029 4122 pater.
1101 4035 1428 4104 Dominus
1473 4036 1662 4102 Iesus
1704 4043 1773 4101 te
1815 4034 2215 4104 incolumem

273 4131 491 4202 servet,
535 4133 604 4189 et
647 4122 719 4188 in
760 4123 910 4188 istis
954 4120 1237 4205 publicis
1282 4143 1357 4187 ac
1402 4119 1778 4188 domesticis
1810 4122 2004 4190 malis
2047 4122 2216 4188 sole-

277 4211 384 4268 tur.
471 4208 898 4294 Amplissimo
954 4208 1213 4273 senatui
1283 4205 1688 4291 respondebo
1754 4207 1952 4274 simul
2019 4215 2217 4291 atque

237 2404 394 2470 vieti

281 4447 522 4641 QZ}
549 4450 683 4641 ¹⁸¹3
704 4447 850 4639 13²¹ss
856 4516 1001 4571 ιαω
1021 4515 1239 4571 Merui.
1291 4514 1582 4585 (Lama
1608 4530 1664 4583 ρ.
1700 4513 1821 4568 212.
1867 4515 1939 4582 eff.
1960 4514 2041 4571 N.
2061 4513 2217 4573 πει.

462 4652 524 4720 2)
563 4625 828 4710 Βωίω
863 4669 924 4723 p.
972 4652 1072 4708 πὶ.-
1121 4653 1200 4707 1ae
1242 4653 1432 4723 prinus
1477 4652 1549 4707 «ιο
1583 4651 1771 4708 eonas
1817 4652 2118 4708 avorimt
2163 4653 2217 4707 ι.

466 4723 560 4777 des
595 4724 650 4777 Η
760 4731 916 4778 enots
969 4723 1052 4778 les
1102 4738 1264 4776 mena
1317 4738 1387 4775 en
1441 4737 1621 4775 armes
1673 4740 1708 4775 a
1757 4721 1813 4775 la
1863 4721 2095 4792 presohe
2145 4738 2215 4775 an

307 4787 481 4847 mlxbo
618 4793 674 4850 S.
723 4807 922 4862 aeques
956 4807 1026 4846 en
1062 4808 1133 4846 un
1169 4791 1280 4844 lieu
1314 4790 1400 4844 dit
1425 4789 1772 4845 Hierusalem
1807 4795 1866 4844 et
1899 4790 2051 4845 avoit
2085 4805 2218 4845 aveo

398 4874 521 4926 gran
560 4878 590 4915 e
624 4862 942 4932 compaguie
964 4860 1035 4914 de
1068 4860 1326 4914 chevaux.
1383 4857 1532 4914 Ceux
1563 4863 1826 4930 pourtant
1848 4860 1944 4926 qui
1980 4859 2218 4913 estoient

485 4930 771 4985 n'oetoient
843 4946 914 4984 ue
956 4930 1054 4983 des
1097 4929 1354 4982 belistres
1388 4943 1451 4981 se
1484 4928 1696 4983 disant·
1744 4928 1908 4983 soubs
1942 4944 2041 4983 son
2076 4943 2216 4982 aven

317 5057 327 5067 ,
497 5015 718 5092 omJnet.
837 5005 1061 5080 τηρεῖ
1094 4996 1228 5068 qn’il
1261 5015 1298 5068 y
1333 4997 1487 5050 avoit
1528 5013 1663 5051 avec
1707 4997 1764 5051 lu
1832 4996 1976 5050 deux
2021 4995 2215 5050 ebera-

305 5065 542 5194 Gnlt‘odeet
561 5068 710 5220 ley
745 5068 955 5193 chiso:
985 5064 1565 5217 ὸαῖξὶηιῗῖανξιξζῖ
1610 5064 1681 5191 ε111ο
1702 5151 1772 5217 ne
1818 5138 2004 5189 recent
2024 5063 2218 5203 {2⁸3

305 5190 1606 5330 honneugssorl'trrecestaetelaeteustmieux
1652 5202 1889 5258 faretde
1924 5201 2217 5258 nesede-

473 5339 528 5410 8)
562 5343 779 5416 Remea
813 5341 1129 5399 Naronae.

2026 410 2189 473 1562
2235 407 2520 474 MART.

4150 418 4278 485 ³50

2321 595 2432 662 vel
2496 597 2849 664 minimum
2911 597 3028 664 otii
3092 607 3324 665 nactus
3386 601 3592 669 fuero.
3678 599 3781 669 Ne
3846 604 4104 671 mireris
4168 625 4276 673 me

2320 680 2668 750 Dialecu’oi
2694 687 2752 763 ⁴)
2820 682 3116 764 oblitum,
3182 705 3337 753 nam
3401 687 3617 772 ipsum
3682 698 4019 773 parentem
4078 710 4276 777 cogor

2320 766 2662 855 negligere
2717 769 2792 835 in
2848 767 3094 837 lectulo
3152 769 3667 855 decumbentem,
3689 775 3748 855 ὅ)
3836 774 3965 843 nod
4022 797 4129 843 me
4184 777 4277 843 ita

2323 855 2514 941 angit
2568 865 2643 921 ut
2691 855 2890 940 plene
2942 856 3263 925 conficiat.
3357 858 3683 942 Lutetiae,
3742 881 3825 929 ve
3905 883 3989 929 ex
4044 861 4277 931 mediis

2322 941 2556 1009 castris
2596 941 2815 1025 potius
2860 945 2957 1007 22.
3005 942 3256 1010 Martii.

3686 1084 3872 1151 'Puus
3915 1085 4108 1153 Bm.

3200 1680 3401 1751 ³75⁰.

2785 1836 3271 1905 RAGENIUS
3316 1836 3817 1906 GALLASIO.

2494 2007 2710 2074 Habes
2761 2007 2862 2075 hic
2914 2028 3375 2089 rav-amovent,
3421 2010 4093 2095 nmpeessuevomm
4139 2031 4275 2080 eas·

2318 2093 2793 2246 mm
2873 2091 3936 2165 Calvinum-mantuam
4002 2116 4275 2181 praepo-

2640 2353 2751 2419 OEx
2787 2353 3125 2423 autographo
3159 2352 3289 2408 eod.
3324 2353 3528 2410 Gener.
3566 2352 3684 2419 112,
3719 2354 3811 2410 fol.
3846 2354 3961 2423 68.)

2491 2540 2938 2609 Ornatissimo
3001 2545 3247 2627 pietate
3312 2554 3511 2627 atque
3581 2542 3877 2611 doctrina
3986 2545 4275 2613 raeclaro

2319 2629 2466 2695 viro
2508 2628 2593 2695 D.
2640 2627 2913 2696 Nicolao
2958 2626 3273 2701 Gallaeim
3296 2624 3527 2697 'divini
3583 2630 3767 2696 verbi
3810 2632 3881 2695 in
3995 2652 4277 2697 eneven-

2317 2713 2493 2779 sium
2558 2713 2833 2781 ecclesia
2888 2715 3192 2800 praeconi
3258 2713 3638 2782 fidelissimo
3703 2716 3891 2782 fratri
3957 2738 4032 2783 ac
4097 2737 4277 2802 sym-

2316 2809 2575 2884 mystae
2619 2800 2943 2885 singulari
2985 2799 3406 2867 observantia
3447 2801 3737 2869 colendo.

2814 2886 2895 2952 In
2945 2887 3149 2968 ipsius
3194 2887 3491 3038 absenga
3537 2888 3644 3039 1)ἑί
3665 2887 3949 2954 Iohanni
3993 2888 4272 2954 Calvino

3351 2995 3389 3039 o
3443 2993 3599 3039 eren
3649 2995 3742 3040 ae.

2487 3161 2560 3230 S.
2628 3162 2780 3228 Non
2845 3160 3074 3229 dubito
3136 3162 3298 3247 quin
3361 3161 3587 3229 literas
3650 3162 3880 3247 pridie,
3938 3166 4007 3230 ni
4064 3165 4276 3246 fallor,

2312 3248 2587 3317 Oalend.
2644 3247 3055 3333 Septembris
3120 3245 3203 3313 ad
3263 3255 3329 3313 te
3382 3248 3570 3314 datas
3635 3251 3981 3336 acceperis,
4040 3251 4276 3336 iisque,

2312 3335 2370 3402 si
2413 3335 2561 3402 fieri
2603 3335 2865 3419 poterit,
2920 3332 3237 3400 nundinis
3296 3333 3475 3401 hisee
3517 3355 3637 3418 per
3670 3334 3976 3403 librarios
4022 3344 4277 3404 vestros

2311 3442 2750 3506 responsurus
2806 3421 2928 3498 sis,
2987 3421 3094 3487 vir
3150 3420 3511 3488 clarissime
3566 3420 3901 3506 fraterque
3951 3422 4278 3507 singulari

2311 3507 2482 3574 mihi
2544 3506 2967 3574 observantia
3040 3504 3329 3573 colende.
3444 3505 3590 3573 Iam
3657 3508 3814 3596 olim
3878 3517 4276 3592 conquestus

2312 3615 2480 3672 sum,
2549 3614 2657 3659 me
2711 3594 2782 3657 in
2849 3592 3136 3658 amicitia
3197 3603 3425 3658 nostra
3476 3593 3789 3677 utrinque
3848 3593 4025 3660 haud
4080 3593 4277 3660 dubie

2312 3679 2635 3746 divinitus
2670 3687 3021 3757 contracta,
3059 3677 3227 3743 nihil
3270 3694 3405 3744 tam
3441 3679 3611 3745 male
3648 3679 3863 3746 odisse
3896 3699 4093 3763 quam
4130 3678 4275 3745 lon·

2312 3787 2469 3852 gam
2534 3764 2719 3831 illam
2775 3773 2843 3830 et
2908 3763 3242 3830 difficilem
3293 3764 3585 3830 locorum
3641 3764 4045 3836 distantiam,
4109 3784 4280 3848 quae

2313 3852 2424 3920 vel
2466 3851 2603 3917 sola
2640 3849 2917 3935 impedit
2976 3860 3051 3915 ut
3093 3859 3354 3933 praeter
3401 3851 3606 3916 animi
3650 3851 4068 3916 voluntatem
4115 3849 4277 3914 ami-

2314 3938 2512 4006 citiae
2554 3958 2800 4003 munus
2848 3946 2915 4002 et
2970 3936 3260 4002 officium
3305 3939 3520 4002 rarius
3565 3937 3895 4019 complere
3941 3954 4280 4019 queamus,

2314 4026 2422 4090 cui
2465 4024 2669 4090 etiam
2713 4021 3205 4089 tabellariorum
3250 4022 3528 4106 penuria
3570 4031 3639 4087 et
3682 4021 3960 4105 perfidia
4007 4018 4281 4087 accedit.

2316 4109 2488 4193 Quis
2552 4110 2729 4175 enim
2795 4109 3163 4175 miserrimo
3224 4107 3348 4175 hoc
3404 4108 3666 4175 saeculo
3724 4128 3804 4173 ea
3858 4128 4027 4191 quae
4088 4121 4285 4170 verae

2316 4196 2644 4261 amicitiae
2677 4195 2941 4279 propria
2985 4205 3141 4260 sunt
3174 4194 3384 4260 literis
3426 4191 3840 4261 committat?
3903 4191 4131 4256 Divus
4166 4185 4289 4251 ali-

2316 4282 2469 4348 oubi
2511 4281 2904 4349 Ambrosius
2944 4287 3242 4356 testatur,
3280 4278 3523 4345 habere
3565 4279 3855 4363 aliquem
3899 4277 4006 4342 cui
4054 4281 4293 4365 peetus

2319 4375 2617 4434 nostrum
2672 4367 3065 4452 aperiamus,
3123 4367 3229 4433 cui
3256 4386 3513 4432 aroana
3561 4363 4154 4435 communicemus,
4188 4373 4298 4453 (ραι

2317 4460 2571 4521 secreta
2648 4451 2865 4519 cordis
2930 4452 3136 4518 nostri
3202 4452 3716 4528 committamus,
3784 4450 4037 4541 ingens·
4093 4440 4302 4534 hum-s

2315 4541 2497 4606 vitae
2541 4539 2849 4606 solatium
2892 4559 3053 4605 esse.
3124 4537 3275 4604 Ideo
3309 4537 3499 4603 illum
3544 4533 3972 4617 Augustinus
4020 4547 4096 4589 m
4138 4543 4305 4587 arm-

2316 4627 2543 4692 citiam
2586 4624 3032 4708 recipiendum
3078 4630 3394 4701 autumat,
3440 4622 3552 4690 eui
3596 4619 3827 4686 omnia
3870 4619 4114 4706 nostra
4152 4626 4310 4670 oon-

2316 4711 2466 4778 silia
2522 4711 2873 4777 refundere
2932 4708 3309 4776 audeamus.
3398 4707 3551 4774 Etsi
3605 4711 3831 4769 autem
3887 4699 4018 4762 hoc
4084 4707 4319 4774 1psum

2316 4797 2639 4882 singulari
2683 4796 2827 4862 Deo
2870 4794 3188 4863 beneficio
3234 4796 3307 4861 in
3355 4805 3423 4860 te
3485 4800 3557 4857 et
3601 4782 3973 4881 reverendo
4023 4777 4329 4869 paroptfl

2315 4893 2545 4948 nostro
2591 4881 2854 4948 Calvino
2904 4881 3071 4947 mihi
3115 4881 3410 4948 oblatum
3456 4877 3551 4943 sit
3598 4881 3776 4949 (non
3820 4885 4003 4966 enirn
4058 4858 4338 4958 dubito,

2314 4969 2370 5034 si
2412 4967 2603 5035 nobis
2661 4989 2802 5035 esse
2845 4965 3417 5052 propinquioribus
3462 4962 3725 5032 liceret,
3778 4972 3940 5035 qmn
3985 4945 4145 5010 sshS
4198 4959 4346 5005 om-

2521 5260 2582 5326 4)
2622 5259 2884 5315 Baduelli
2914 5257 3282 5315 macomus?

2525 5329 2586 5388 ὃ)
2622 5339 2668 5383 ον
2704 5331 2871 5383 morti
2898 5329 3226 5397 proximum.
