4900 6125
270 466 387 529 673
1680 456 1985 524 INDEX
2024 457 2119 525 11.
2164 458 2860 528 EPISTULARUM.
4165 457 4296 521 674

264 649 584 718 Dominus
625 649 814 715 Iesus
857 668 1239 732 prosperam
1282 645 1407 713 tibi
1453 644 1568 714 det
1615 649 1800 712 1308.

262 738 580 806 Dominus
620 737 810 802 Iesus
852 745 1072 801 servet
1110 742 1179 801 te
1201 735 1388 797 4062.

261 824 581 891 Dominus
622 822 813 887 Iesus
859 834 924 887 te
967 822 1311 886 confirmet
1345 822 1492 882 952.

260 910 579 977 Dominus
623 908 907 974 Ioannes
949 906 1316 989 Willingus
1362 907 1549 967 2121.

256 994 581 1060 Dominus
624 993 892 1077 quidem
934 1013 1169 1075 passus
1213 1003 1321 1058 est
1343 993 1488 1053 860.

254 1082 576 1148 Dominus
620 1077 998 1144 Richardus
1041 1075 1358 1143 Vauville
1403 1078 1590 1139 2125.

252 1167 577 1232 Dominus
619 1166 997 1247 ubicunque
1039 1164 1131 1230 sis
1175 1169 1318 1226 419.

252 1255 541 1320 Domum
585 1271 889 1316 reversus
930 1249 1149 1314 nullas
1201 1252 1384 1312 1211.

250 1340 480 1405 Donec
521 1338 640 1402 tibi
684 1335 1060 1419 propediem
1120 1340 1297 1398 1311.

247 1424 526 1490 Duabus
568 1431 722 1506 post
762 1421 944 1486 horis
991 1424 1181 1485 2332.

245 1513 424 1578 Dum
470 1509 691 1573 animo
733 1509 1070 1574 volverem
1119 1508 1306 1569 3826.

242 1595 426 1661 Dum
472 1595 646 1677 apud
692 1595 779 1659 D.
825 1594 1134 1658 Maurum
1189 1593 1370 1653 1663.

245 1681 431 1747 Dum
477 1700 691 1746 essem
734 1680 806 1744 in
850 1679 1085 1744 castris
1130 1681 1316 1739 2941.

243 1768 429 1832 Dum
476 1775 935 1848 exspectamus
978 1762 1336 1829 adventum
1381 1763 1567 1826 2298.

243 1853 429 1918 Dum
473 1851 639 1917 haec
684 1850 898 1917 scribo
946 1854 1134 1913 2397.

243 1938 429 2004 Dum
475 1939 549 2002 in
594 1936 969 2002 defensione
1015 1938 1202 1998 2679.
1250 1935 1438 1996 2680.

238 2025 425 2090 Dum
472 2023 734 2106 saepius
777 2021 1005 2086 literas
1049 2029 1196 2086 tuas
1245 2023 1382 2083 136.

238 2111 427 2176 Dum
472 2107 803 2176 scribendi
846 2108 1061 2174 officio
1107 2109 1293 2169 3050.

236 2197 397 2261 Duo
442 2195 562 2260 isti
603 2196 842 2259 fratres
886 2191 1094 2277 Angli
1142 2195 1324 2256 1935.

235 2282 397 2347 Duo
444 2289 607 2347 sunt
647 2279 1001 2362 praecipua
1042 2278 1261 2362 capito
1299 2281 1485 2342 3919.

233 2368 396 2433 Duo
441 2377 603 2432 sunt
644 2385 813 2448 quae
854 2384 964 2429 me
1005 2362 1114 2429 hic
1160 2365 1348 2427 3752.

233 2453 397 2518 Duo
441 2464 523 2518 ut
568 2451 651 2517 ad
696 2461 764 2515 te
797 2451 1153 2517 scriberem
1198 2453 1381 2512 1227.

231 2537 526 2604 Duobus
569 2535 793 2602 verbis
837 2537 905 2600 in
951 2534 1127 2600 calce
1179 2537 1316 2596 165.

232 2623 433 2689 Duos
478 2645 605 2708 ego
650 2623 791 2687 dies
832 2621 931 2686 fui
982 2625 1163 2683 1763.

228 2712 427 2778 Duos
473 2719 650 2775 totos
694 2708 831 2774 dies
877 2708 1019 2770 237.

225 3054 335 3121 Ea
380 3064 494 3120 est
533 3050 967 3119 excellentiae
1005 3059 1155 3115 tuae
1194 3054 1380 3115 3019.

222 3141 335 3207 Ea
379 3147 494 3206 est
536 3137 733 3204 hodie
776 3158 1001 3203 rerum
1047 3137 1193 3200 929.

222 3227 335 3293 Ea
376 3226 515 3290 fuit
559 3224 882 3289 acerbitas
928 3226 1115 3285 4117.

222 3313 334 3379 Ea
379 3312 520 3377 fuit
563 3310 927 3375 amicorum
974 3310 1121 3370 709.

220 3399 333 3465 Ea
377 3417 653 3480 semper
695 3394 822 3459 fuit
864 3397 1050 3457 4266.

226 3484 339 3550 Ea
386 3494 522 3549 tua
566 3480 873 3547 doctrina
917 3491 1017 3544 est
1071 3483 1209 3539 181.

218 3570 499 3635 Eadem
545 3567 760 3651 capita
803 3585 972 3649 quae
1018 3567 1205 3628 3220.

219 3655 402 3721 Eam
456 3667 604 3719 tum
648 3654 955 3734 pietatem
1002 3652 1188 3715 2621.

214 3741 407 3807 Ecce
457 3740 703 3804 iterum
748 3736 902 3802 boni
948 3740 1135 3799 4031.

213 3827 405 3893 Ecce
455 3845 665 3908 quum
710 3824 846 3887 iam
883 3821 1011 3886 iter
1057 3823 1251 3883 3642.-

212 3912 405 3979 Ecce
456 3910 728 3975 tandem
775 3910 913 3974 exit
959 3912 1013 3968 3.

212 3999 404 4065 Ecce
458 3996 582 4061 tibi
626 4015 872 4059 morem
927 3997 1107 4056 1839.

210 4084 406 4151 Ecce
458 4082 581 4147 tibi
628 4101 794 4164 quae
837 4079 993 4144 olim
1038 4078 1313 4144 miseras
1358 4082 1457 4143 60.

211 4169 582 4235 Ecclesiae
627 4165 902 4247 gallicae
945 4184 1110 4247 quae
1156 4163 1330 4246 apud
1374 4185 1496 4231 vos
1541 4167 1727 4228 3200.

208 4253 505 4338 Ecquid
551 4272 841 4333 unquam
887 4250 1106 4334 legisti
1151 4252 1339 4313 3293.

208 4343 527 4427 Egimns
571 4336 745 4419 apud
789 4348 1091 4402 senatum
1140 4340 1282 4398 376.

209 4428 375 4511 Ego
425 4446 470 4489 a
519 4423 1035 4505 Carpentoraoto
1081 4426 1268 4484 4141.

206 4514 374 4599 Ego
424 4510 766 4660 gravitate
809 4527 940 4590 qua
981 4507 1203 4573 decuit
1236 4509 1380 4570 892.

208 4600 376 4683 Ego
489 4595 548 4659 ‘c
592 4593 886 4659 breviter
938 4597 1116 4655 1457.

207 4686 374 4769 Ego
424 4681 650 4746 literis
692 4678 825 4743 tuis
869 4699 1003 4744 non
1046 4698 1282 4761 parum
1325 4679 1467 4741 277.

208 4772 373 4854 Ego
423 4765 605 4832 mihi
649 4764 1085 4846 ecclesiaeque
1131 4767 1275 4828 260.

206 4856 475 4940 Egone
524 4850 772 4933 aliquid
815 4860 882 4915 te
924 4850 1207 4916 celarem
1260 4850 1440 4913 1002.

206 4943 480 5025 Egone
528 4949 664 5001 tam
708 4956 919 5001 essem
964 4935 1366 5002 inhumanus
1411 4936 1597 4999 2266.

206 5029 376 5112 Ego
428 5022 613 5090 nihil
655 5042 928 5105 prorsus
971 5022 1189 5104 accepi
1228 5023 1370 5084 867.

204 5116 377 5198 Ego
427 5130 618 5176 nunc
658 5128 925 5191 corpore
971 5116 1301 5191 utcunque
1349 5111 1533 5171 3241.

206 5202 379 5284 Ego
430 5195 746 5279 quamvis
790 5214 963 5258 anno
1006 5195 1345 5277 superiore
1393 5195 1578 5256 1615.

204 5288 377 5371 Ego
427 5279 703 5365 quidem
748 5279 890 5345 sine
932 5287 1324 5363 argumento
1370 5282 1471 5341 20.

206 5373 379 5457 Ego
430 5385 700 5451 quoque
742 5367 952 5430 iustas
993 5365 1389 5431 offensiones
1436 5368 1624 5430 3387.

452 5464 688 5522 celuim
727 5479 915 5536 opem.
989 5464 1104 5520 Vol.
1145 5464 1283 5523 XX.

2318 650 2468 734 Ego
2512 669 2716 733 quum
2760 648 2867 714 his
2908 647 3136 715 diebus
3186 651 3327 712 188.

2318 737 2469 819 Ego
2509 755 2775 801 summa
2817 743 2887 799 et
2927 734 3146 801 subita
3195 737 3378 799 1518.

2318 822 2467 905 Ego
2505 821 2626 886 tibi
2673 821 2935 904 tuisque
2975 818 3283 886 omnibus
3328 823 3515 883 3153.

2318 909 2467 990 Ego
2509 915 2588 972 ut
2629 907 2919 972 iusseras
2961 906 3315 991 diligenter
3360 909 3504 969 303.

2318 994 2467 1076 Ego
2510 1012 2670 1058 vero
2715 1000 2783 1057 et
2825 991 3060 1057 Ioanni
3106 994 3294 1056 3203.

2317 1080 2467 1161 Ego
2509 1098 2668 1144 vero
2712 1078 2835 1143 etsi
2879 1077 3147 1162 gloriari
3194 1078 3381 1140 2318.

2319 1166 2468 1246 Ego
2510 1184 2672 1229 vero
2715 1164 2962 1228 sactum
3006 1173 3198 1229 tuum
3245 1164 3433 1227 2265.

2318 1251 2468 1333 Ego
2511 1270 2668 1315 vero
2709 1249 2885 1314 idem
2927 1248 3091 1315 mihi
3138 1252 3325 1313 2409.

2319 1337 2468 1417 Ego
2510 1355 2670 1400 vero
2712 1335 3019 1420 ingentes
3062 1333 3269 1400 habeo
3316 1337 3503 1398 3033.

2319 1423 2470 1502 Ego
2512 1441 2672 1486 vero
2715 1441 3115 1504 magnopere
3156 1418 3409 1504 gaudeo
3459 1422 3597 1484 149.

2319 1509 2468 1589 Ego
2510 1526 2671 1573 vero
2717 1507 3032 1572 maiorem
3075 1506 3196 1572 tibi
3233 1509 3385 1569 940.

2320 1594 2469 1674 Ego
2514 1613 2670 1658 vero
2713 1612 2930 1657 meam
2972 1591 3447 1676 negligentiam
3495 1595 3639 1658 407.

2321 1680 2469 1762 Ego
2513 1697 2673 1743 vero
2717 1677 2887 1742 nihil
2929 1679 3068 1743 fore
3114 1678 3348 1743 melius
3391 1680 3538 1742 648.

2320 1767 2468 1847 Ego
2511 1783 2668 1829 vero
2711 1764 2912 1829 nimis
2955 1764 3237 1848 agrestis
3279 1767 3459 1828 1099.

2323 1851 2471 1932 Ego
2516 1869 2675 1913 vero
2720 1870 2852 1914 non
2898 1848 3061 1915 adeo
3096 1870 3241 1914 sum
3269 1851 3455 1912 2032.

2321 1937 2470 2018 Ego
2515 1954 2672 2000 vero
2714 1956 2846 2001 non
2893 1934 3194 2001 desinam
3240 1938 3383 1998 200.

2322 2023 2471 2103 Ego
2516 2040 2677 2086 vero
2717 2041 2757 2086 o
2803 2022 2965 2086 time
3016 2026 3196 2085 1999.

2323 2108 2473 2190 Ego
2518 2126 2674 2171 vero
2720 2107 2770 2171 ti
2814 2106 2838 2169 i
2882 2128 2967 2172 ex
3010 2107 3232 2171 animo
3270 2108 3458 2171 2368.

2323 2194 2473 2275 Ego
2516 2212 2672 2257 vero
2715 2192 2840 2257 tibi
2880 2211 3188 2276 magnam
3239 2194 3426 2256 2413.

2323 2279 2472 2360 Ego
2512 2297 2669 2342 vero
2713 2278 3145 2344 vehementer
3187 2287 3518 2360 optassem
3564 2280 3750 2343 3066.

2323 2363 2685 2462 Egi-ogiam
2730 2362 2997 2429 tandem
3046 2363 3388 2430 victoriam
3439 2367 3623 2431 1918.

2324 2450 2581 2515 Eiectio
2624 2449 2755 2513 ista
2798 2449 3236 2533 ignominiosa
3287 2453 3425 2514 131.

2325 2535 2594 2601 Elector
2632 2533 2977 2600 Palatinus
3025 2540 3210 2599 3305.

2323 2622 2430 2686 En
2478 2620 2718 2685 iterum
2763 2619 2847 2685 ad
2891 2631 2957 2685 te
3000 2620 3196 2686 redeo
3248 2624 3429 2685 1443.

2326 2707 2435 2771 En
2482 2705 2600 2771 tibi
2645 2704 2842 2772 fidem
2886 2717 2955 2771 et
2997 2707 3442 2773 constantiam
3487 2709 3632 2771 876.

2324 2792 2436 2858 En
2482 2790 2601 2855 tibi
2644 2791 3154 2858 sollicitudinem
3209 2796 3345 2856 195.

2326 2879 2435 2943 En
2482 2876 2665 2942 vobis
2706 2877 2949 2942 iterum
2995 2899 3208 2944 novus
3263 2881 3442 2941 1857.

2326 2964 2429 3028 Eo
2473 2964 2614 3044 ipso
2655 2962 2761 3029 die
2804 2963 2962 3030 hinc
3007 2962 3261 3028 abierat
3300 2966 3445 3028 958.

2326 3049 2429 3114 Eo
2475 3048 2615 3131 ipso
2659 3047 2765 3114 die
2809 3071 2936 3133 quo
2981 3050 3136 3117 hinc
3182 3047 3433 3116 abiistis
3480 3051 3624 3113 988.

2325 3134 2690 3218 Epistolam
2735 3157 3149 3202 communem
3202 3139 3384 3199 1378.

2324 3219 2657 3303 Equidem
2700 3220 2885 3288 doleo
2928 3243 3035 3287 me
3079 3242 3211 3287 non
3256 3241 3447 3305 posse
3482 3223 3668 3283 3078.

2323 3306 2650 3390 Equidem
2698 3308 2856 3373 dum
2901 3309 3147 3391 passim
3195 3309 3381 3372 2326.

2322 3393 2652 3476 Equidem
2695 3416 2831 3460 non
2874 3393 3101 3460 dubito
3146 3397 3332 3457 3729.

2320 3479 2649 3562 Equidem
2692 3481 2853 3563 quid
2896 3479 2979 3544 ad
3024 3489 3090 3544 te
3134 3479 3415 3545 scribam
3468 3482 3652 3543 1033.

2318 3566 2644 3650 Equidem
2693 3567 2966 3632 verebar
3003 3565 3307 3648 pluribus
3353 3569 3498 3628 671.

2320 3653 2528 3717 Eram
2575 3652 2891 3717 Genevae
2941 3655 3123 3714 1625.

2320 3739 2493 3803 Erat
2536 3758 2750 3820 nuper
2792 3736 2966 3821 apud
3011 3757 3119 3802 me
3164 3738 3350 3799 4160.

2320 3824 2504 3907 Ergo
2547 3823 2629 3887 ab
2675 3822 2884 3889 altero
2926 3843 3181 3906 quoque
3227 3824 3414 3885 3929.

2320 3910 2504 3993 Ergo
2551 3909 2848 3974 Bucerus
2891 3907 3079 3973 nobis
3131 3910 3310 3968 1487.

2321 3995 2505 4078 Ergo
2551 3993 3104 4078 christophorum
3146 3992 3306 4059 mali
3357 3992 3540 4055 1223.

2320 4080 2505 4164 Ergo
2548 4079 2934 4145 devenimus
2978 4080 3048 4144 in
3092 4078 3255 4145 haec
3307 4081 3487 4142 1788.

2321 4166 2506 4249 Ergo
2547 4165 2675 4232 hoc
2718 4174 2979 4249 tempus
3023 4169 3209 4229 4015.

2321 4252 2505 4334 Ergo
2546 4252 2786 4316 mutati
2827 4251 3082 4318 consilii
3135 4254 3316 4314 1521.

2321 4337 2506 4420 Ergo
2549 4337 2821 4420 perinde
2864 4357 2941 4401 ac
2983 4339 3039 4403 si
3086 4340 3231 4399 610.

2320 4423 2506 4505 Ergo
2548 4420 2808 4506 quando
2848 4423 2945 4487 ita
2987 4422 3206 4507 placet
3251 4425 3436 4488 2255.

2320 4509 2505 4590 Ergo
2549 4507 2816 4573 tandem
2858 4508 3013 4574 finis
3055 4509 3436 4592 imponetur
3476 4508 3660 4572 2058.

2320 4594 2505 4676 Ergo
2549 4593 2670 4658 tibi
2714 4594 2897 4659 utilis
2940 4608 3243 4678 coeperat
3291 4596 3432 4659 722.

2319 4679 2503 4778 Ergo
2545 4688 2624 4744 ut
2664 4678 3076 4745 Iverdunum
3128 4682 3308 4745 1332.

2319 4765 2561 4848 Eripui
2602 4786 2709 4831 me
2752 4765 3020 4831 tandem
3067 4769 3254 4831 2116.

2319 4851 2528 4915 Erras
2570 4853 2630 4917 si
2670 4862 2862 4933 putas
2906 4853 3088 4917 2585.

2318 4936 2555 5001 Essem
2600 4947 2677 5001 ut
2720 4936 2959 5004 dicitur
3002 4959 3085 5003 ex
3131 4957 3371 5021 quercu
3421 4939 3605 5002 2161.

2317 5022 2444 5087 Est
2488 5021 2666 5088 aliud
2710 5022 2883 5107 quod
2925 5044 3032 5089 me
3077 5026 3220 5089 426.

2317 5108 2443 5174 Est
2488 5108 2701 5174 bonus
2741 5109 3007 5192 quidam
3054 5109 3159 5175 vir
3202 5112 3390 5174 3431.

2315 5193 2444 5258 Est
2482 5194 2590 5260 hic
2631 5195 2796 5262 civis
2841 5215 3014 5260 unus
3059 5199 3201 5259 725.

2314 5278 2442 5343 Est
2483 5279 2593 5346 hic
2636 5280 3087 5367 Hieronymus
3129 5280 3394 5366 quidam
3447 5286 3628 5348 1550.

2316 5364 2444 5430 Est
2488 5365 2596 5431 hic
2639 5365 2905 5450 quidam
2951 5377 3277 5434 mercator
3323 5372 3465 5435 796.
