4900 6125
280 436 383 498 105

270 616 468 686 rantis
486 622 885 702 ⁸sanctorum
927 613 999 682 id
1041 614 1189 684 feei.
1288 614 1522 699 Neque
1554 635 1776 682 meam
1813 613 2213 681 sententiam

267 722 772 856 {fflffir
804 701 1275 854 3233.AE
1300 699 1851 855 ξέἳέῗῖἶὲίῗ
1892 699 2214 853 3ἓὲιὲ

266 873 738 944 conditionalis:
783 873 899 958 qui
939 872 1274 952 obediunt,
1309 873 1435 941 hoc
1468 881 1590 953 est,
1634 872 1694 940 si
1728 873 1844 957 qui
1878 871 2212 950 obediunt,

265 959 791 1043 concupiscentiis
854 961 1125 1043 peccati,
1191 960 1511 1026 amittunt
1573 959 1797 1025 fidem.
1871 960 1969 1025 At
2024 978 2210 1042 nego,

262 1048 486 1114 electos
548 1053 810 1113 sanctos
870 1053 1267 1129 renatusque
1328 1047 1565 1130 spiritu
1628 1043 1886 1111 Christi
1947 1045 2213 1128 proprie

262 1132 511 1199 obedire
551 1130 1097 1215 concupiscentiis
1141 1132 1408 1214 peccati,
1456 1150 1663 1215 quum
1707 1130 1972 1197 obedire
2015 1128 2213 1196 alicui

260 1220 343 1285 sit
373 1239 503 1284 non
529 1227 791 1283 tantum
827 1217 1011 1284 iussa
1042 1217 1320 1285 alicuius
1354 1235 1724 1301 capessere:
1760 1215 1878 1282 sed
1907 1237 1984 1281 eo
2011 1217 2212 1282 etiam

257 1303 438 1370 modo
478 1323 608 1386 quo
650 1302 918 1370 iubetur
957 1301 1076 1368 illa
1110 1306 1440 1386 perficere.
1511 1303 1729 1370 Electi
1773 1310 1995 1368 autem
2039 1323 2213 1367 nun-

254 1410 442 1474 quam
480 1396 757 1474 peccant
797 1410 874 1454 eo
916 1388 1133 1465 modo,
1174 1411 1302 1472 que
1337 1404 1697 1473 peccatum,
1741 1409 1862 1471 per
1902 1407 2213 1471 prosopo-

254 1476 517 1560 poeiam,
583 1474 798 1542 iubet:
878 1475 1003 1542 hoc
1067 1484 1172 1541 est
1233 1496 1319 1541 ex
1397 1474 1727 1541 destinata
1788 1472 2070 1552 malitia,
2138 1484 2215 1539 ιιι

256 1561 568 1628 Menas
609 1562 734 1626 ait:
795 1582 933 1640 seu,
989 1573 1068 1627 ιιι
1119 1562 1214 1627 ait
1254 1559 1571 1637 Bucerus,
1631 1580 1715 1625 ex
1765 1560 1988 1626 animo
2044 1567 2211 1624 tota-

253 1666 373 1731 que
416 1646 793 1712 voluntate:
853 1667 989 1726 seu,
1042 1654 1117 1712 ut
1174 1647 1464 1731 loquitur
1508 1645 1877 1729 Ρήῧίιηοαε,
1922 1667 2005 1712 ex
2048 1644 2212 1729 Epi·

253 1754 439 1799 cureo
493 1739 910 1817 contemptu:
969 1744 1090 1798 aut
1142 1731 1298 1799 inde
1351 1731 1527 1817 quod
1582 1732 1883 1798 reiieiant
1937 1729 2214 1797 verbum

250 1840 331 1885 ex
370 1817 598 1885 corde:
653 1817 770 1885 sed
827 1837 1090 1903 semper
1141 1817 1521 1903 ignorantia
1563 1825 1633 1883 et
1674 1837 1763 1883 ex
1804 1817 2212 1884 infirmitate.

251 1903 529 1972 Obedire
572 1905 775 1971 etiam
818 1913 918 1971 est
962 1904 1107 1971 sine
1148 1904 1289 1970 ulla
1343 1903 1781 1988 repugnantia
1832 1903 2020 1970 iussa
2062 1923 2214 1987 per·

246 1991 466 2057 ficere:
526 2002 596 2057 et
646 1991 837 2055 iuxta
877 1991 1272 2075 Apostolum
1326 1990 1428 2055 illi
1473 1998 1733 2056 tantum
1787 1988 2103 2055 obediunt
2144 1989 2213 2054 in

247 2075 480 2159 quibus
543 2083 782 2161 regnat
844 2085 1204 2160 peccatum.
1300 2076 1364 2142 Ν
1367 2096 1456 2141 ou
1533 2082 1775 2159 regnat
1852 2082 2077 2140 autem
2141 2076 2214 2139 in

246 2162 489 2229 sanctis
545 2161 792 2228 electis.
863 2160 1127 2227 Deinde
1183 2161 1502 2229 articulus
1559 2181 1694 2227 non
1751 2159 1956 2226 habet
2008 2162 2214 2244 parti·

244 2248 456 2314 culam
527 2245 834 2316 Prorsus.
925 2246 1091 2314 Sese
1154 2247 1462 2332 opposuit
1525 2268 1709 2313 meae
1792 2246 2214 2331 explicationi

243 2332 567 2401 Melchior.
595 2338 681 2414 ιι)
749 2333 890 2399 Res
933 2343 1036 2400 est
1078 2333 1295 2401 delata
1338 2332 1422 2400 ad
1478 2343 1814 2399 senatum:
1872 2351 2216 2417 speramus

241 2419 420 2486 bene.
496 2418 575 2486 Si
619 2419 1013 2485 admiserint
1056 2440 1272 2485 meam
1306 2419 1846 2504 protestationem
1891 2426 1961 2484 et
2003 2417 2213 2501 expli-

240 2506 585 2658 fflzignem,
645 2506 944 2655 maneblo,
990 2505 1093 2655 {iia
1138 2506 1382 2582 minus,
1437 2503 1788 2656 discedam.
1824 2503 2217 2657 tioupiossliss

484 2611 641 2657 mea
738 2613 822 2656 ex
898 2612 999 2657 ica
1052 2612 1090 2656 o
1178 2611 1587 2657 communico
1785 2611 1823 2656 e
1879 2610 1986 2654 am

239 2677 574 2756 stati-ibus,
612 2678 727 2760 qui
761 2611 997 2743 oflPensi
1032 2676 1300 2743 fuerant
1333 2697 1485 2742 mea
1517 2675 2013 2759 subscriptione.
2085 2674 2213 2742 Sa-

237 2760 403 2829 lutat
462 2770 533 2829 te
590 2784 762 2828 uxor
815 2770 884 2827 et
942 2762 1253 2846 hospites.
1325 2762 1646 2829 Valemus
1698 2771 1919 2828 autem
1963 2782 2211 2828 omnes.

236 2847 404 2915 Vale
448 2848 663 2933 igitur
706 2859 776 2915 et
816 2859 911 2926 tu,
967 2849 1174 2913 frater
1229 2848 1568 2915 carissime
1620 2856 1689 2914 et
1731 2847 1895 2912 mihi
1953 2868 2213 2930 semper

235 2931 644 3002 honorande.
727 2937 1006 3019 Argent.
1052 2938 1156 3000 25.
1201 2933 1358 3000 Iulii
1408 2937 1592 3000 1563.

1026 3228 1433 3236 ——-—

1130 3479 1328 3551 8991.

707 3634 1375 3705 BULLINGERUS
1419 3634 1745 3700 BEZAE.

396 3809 514 3876 De
549 3808 737 3876 libris
787 3807 1081 3875 Vemilii
1110 3806 1478 3890 propediem
1502 3806 1863 3888 prodituris
1895 3810 1951 3872 et
1982 3811 2207 3889 postea

220 3895 507 3963 odendis.
590 3894 723 3960 Pia
765 3899 906 3960 vota
937 3913 1063 3976 pro
1095 3914 1274 3975 pace.
1416 3930 1419 3937 ·

581 4066 695 4134 (Ex
731 4064 1072 4136 autographo
1102 4064 1231 4119 Cod.
1258 4062 1465 4118 Gener.
1504 4062 1623 4131 120,
1658 4063 1749 4118 fol.
1786 4061 1863 4129 7.)

395 4236 799 4304 Clarissimo
856 4237 999 4301 viro
1044 4235 1128 4301 D.
1173 4232 1518 4300 'l'heodoro
1561 4234 1776 4301 Bezae
1829 4234 2207 4301 fidelissimo

218 4322 659 4391 Genevensis
720 4322 1035 4389 ecclesiae
1101 4322 1402 4386 ministro
1468 4319 1736 4386 domino
1800 4320 2073 4388 colendo
2139 4328 2209 4387 et

216 4410 417 4475 fratri
468 4409 817 4476 carissimo
861 4427 1026 4472 meo.
1811 4491 2035 4559 Genff·

396 4668 477 4735 S.
522 4667 610 4732 D.
683 4662 899 4730 Valde
958 4662 1245 4730 delector
1293 4663 1569 4749 prolixis
1626 4664 1760 4731 tuis
1817 4663 2046 4742 literis,
2090 4663 2203 4730 do-

216 4757 407 4820 mine
450 4750 735 4819 colende
778 4759 846 4815 et
884 4749 1091 4815 frater
1132 4750 1488 4817 carissime.
1576 4749 1724 4835 Ego
1770 4769 1926 4817 vero
1968 4750 2207 4817 breves

215 4860 495 4926 semper
532 4836 842 4905 rescribo.
902 4834 1037 4903 Sed
1077 4836 1226 4902 boni
1260 4835 1580 4915 consules,
1603 4837 1993 4922 praesertim
2029 4855 2207 4902 nunc

214 4947 433 5009 quum
481 4945 695 5007 supra
742 4928 820 4987 14
866 4921 1007 4987 dies
1060 4921 1483 4988 decubuerim
1540 4932 1610 4989 et
1661 4923 2024 4987 etiamnum
2080 4921 2206 4988 sim

402 5220 507 5283 11)
554 5214 851 5285 spemn
897 5213 1185 5285 Immo-uic
1229 5220 1429 5283 pastor
1491 5212 1821 5277 Manus,
1872 5227 1995 5269 eun
2044 5212 2207 5270 Mor·

206 5290 400 5417 ff
478 5286 902 5342 maioma
954 5282 1379 5340 hamanis-n·
1428 5281 1491 5338 ὅοι
1550 5284 1771 5339 civitate
1831 5289 2024 5340 noum
2071 5298 2206 5353 pro-

2081 427 2248 492 1563
2291 425 2477 494 IUL.

4164 432 4291 498 106

2319 613 2566 714 attritis
2625 633 2899 697 prorsus
2964 613 3235 682 viribus.
3328 615 3510 683 Tuas
3578 618 3634 682 l.
3653 700 3668 715 ·
3700 614 3859 682 Iulii
3920 616 4201 701 scriptas
4234 619 4287 698 ¹)

2318 700 3839 886 fflfflqffiffiffiffinssfflffimffiffi
3861 701 4289 855 ..32:235

2315 873 2436 938 cia.
2512 870 2664 937 Non
2717 871 3007 939 infelicia
3060 871 3416 955 scripsisti:
3473 872 3765 940 feliciora
3807 882 4286 958 exspectamus.

2316 957 2635 1040 Quinimo
2677 977 2944 1024 oramus
2986 958 3352 1025 Dominum
3398 968 3475 1024 ut
3514 960 3572 1024 is
3616 959 3803 1026 nobis
3845 958 4017 1025 adsit
4058 970 4128 1026 et
4172 959 4287 1026 ad-

2315 1044 2765 1110 versariorum
2809 1052 3088 1110 cruenta
3128 1044 3453 1129 infringat
3493 1044 3786 1112 consilia.

2489 1128 2666 1196 Mihi
2698 1128 2964 1213 quidem
2998 1130 3410 1215 perplaceret
3444 1130 3503 1197 si
3539 1141 3612 1196 tu
3648 1152 3733 1198 ex
3768 1129 3956 1197 libris
3989 1129 4078 1197 D.
4105 1130 4288 1197 Pam:

2319 1213 2640 1298 Martyris
2703 1214 3047 1299 colligeres
3116 1216 3293 1282 locos
3357 1237 3741 1284 communes
3764 1215 3822 1302 2)
3887 1225 3958 1284 et
4021 1216 4287 1302 quidem

2317 1301 2554 1368 breves
2596 1310 2666 1367 et
2708 1300 2939 1368 ordine
2975 1300 3296 1368 didactico
3340 1302 3751 1386 compositos.
3824 1301 3903 1369 Si
3935 1304 4082 1386 quis
4117 1302 4287 1370 alius

2319 1386 2442 1454 hoc
2474 1394 2816 1470 praestare
2851 1389 3111 1471 poterit,
3153 1401 3229 1453 tu
3264 1388 3511 1471 poteris
3543 1387 3869 1473 inprimis.
3937 1388 4090 1454 Non
4124 1397 4286 1473 puto

2316 1473 2463 1538 iure
2505 1492 2698 1555 posse
2741 1474 3052 1557 conqueri
3096 1473 3546 1559 typographos
3589 1481 3868 1553 nostros,
3957 1495 4118 1540 uum
4161 1475 4287 1543 hoo

2316 1557 2625 1627 videatur
2666 1579 2917 1625 novum
2960 1560 3100 1625 fore
3140 1579 3327 1643 opus.
3399 1558 3686 1643 Scripsit
3727 1559 3814 1625 D.
3929 1565 4111 1645 artyr
4152 1560 4285 1627 ele-

2316 1643 2744 1729 gantissimos
2807 1645 3315 1714 commentarios
3378 1645 3452 1711 in
3525 1645 3730 1711 libros
3789 1646 4057 1731 Regum
4122 1667 4285 1729 quos

2317 1730 2601 1797 excudet
2643 1730 2829 1796 brevi
2872 1730 2959 1795 D.
3007 1730 3490 1797 Froschoverus.
3568 1730 3786 1798 Utiles
3827 1740 4025 1798 erunt
4064 1731 4136 1797 hi
4179 1732 4286 1796 in-

2319 1817 2552 1900 primis
2594 1815 2679 1881 ad
2723 1815 2845 1883 hoc
2888 1829 3077 1882 tuum
3121 1816 3525 1882 institutum.
3598 1816 3735 1884 Sed
3769 1818 3985 1901 primo
4021 1817 4285 1901 quidem

2317 1900 2846 1969 Commentarios
2898 1904 2970 1966 in
3014 1905 3054 1966 3
3098 1903 3268 1986 Reg,
3324 1901 3609 1969 arbitror
3668 1902 3988 1982 edendos,
4048 1902 4286 1970 deinde

2319 1987 2492 2073 quod
2537 1995 2746 2054 restat
2783 1988 2858 2053 in
2892 1988 2954 2055 4.
2991 1986 3253 2054 librum.
3329 1987 3675 2054 Postremo
3718 1988 4113 2056 adiicientur
4155 1988 4288 2056 illis

2318 2074 2778 2141 commentarii
2833 2075 2907 2139 in
2950 2073 3156 2141 libros
3199 2072 3556 2141 Samuelis.
3583 2077 3638 2154 ⁸)
3708 2074 3772 2140 N
3775 2096 3905 2141 unc
3948 2073 4287 2142 excudun-

2317 2168 2427 2226 tur
2468 2160 2948 2228 Commentarii
2991 2162 3062 2224 in
3105 2159 3351 2225 Ethica
3397 2160 3791 2227 Aristotelis.
3814 2163 3875 2238 ⁴)

2491 2245 2823 2328 Exspecto
2866 2266 3125 2311 summo
3168 2267 3322 2312 cum
3366 2243 3687 2312 desiderio
3719 2245 3877 2330 quid
3919 2246 4167 2313 scribes
4202 2246 4285 2313 de

2317 2330 2517 2396 rebus
2576 2331 2851 2398 Gallicis
2914 2339 2985 2397 et
3041 2331 3213 2397 bello
3275 2330 3392 2396 illo
3448 2331 3832 2416 Anglicano‚
3894 2340 4286 2416 pacatumue

2318 2418 2404 2484 sit
2447 2438 2538 2482 an
2580 2416 2791 2483 duret.
2808 2418 2868 2502 ⁵)
2937 2417 3153 2482 Video
3189 2417 3361 2482 mira
3395 2418 3532 2483 texi
3567 2440 3607 2484 a
3641 2419 3953 2502 pontifice
3979 2418 4285 2485 Romano

2318 2516 2386 2568 et
2419 2503 2557 2569 suis
2592 2503 3002 2568 consiliariis.
3072 2501 3404 2587 Cuperem
3441 2524 3598 2588 ergo
3633 2503 3807 2571 bella
3839 2503 3956 2570 illa
3977 2503 4283 2602 Anglica„

2319 2589 2577 2655 Danica
2619 2600 2685 2655 et
2720 2587 3005 2655 Suedica
3036 2608 3181 2655 esse
3216 2601 3466 2672 pacata.
3539 2588 3898 2657 Orabimus
3920 2590 4284 2655 Dominum

2317 2687 2397 2740 ut
2437 2675 2495 2740 is
2539 2674 2851 2741 ecclesiae
2909 2695 3067 2740 suae
3112 2674 3287 2739 adsit
3328 2684 3398 2740 et
3438 2674 3970 2743 adversariorum
4013 2676 4285 2742 consilia

2316 2769 2591 2826 cruenta
2635 2759 2925 2844 dissipet.

2490 2845 2898 2912 Commendo
2964 2846 3084 2913 tibi
3149 2844 3268 2912 hos
3334 2845 3660 2912 studiosos
3714 2846 4018 2912 Polonos.
4090 2846 4286 2912 Alter

2316 2930 2756 3002 Wanceslaus
2785 2930 3006 2999 Ostror
3112 2932 3244 2997 viri
3282 2933 3558 2997 maximi
3600 2932 3672 2997 in
3694 2932 3976 2999 Polonia
4018 2941 4090 2998 et
4130 2932 4285 3016 piis-

2315 3017 2470 3084 simi
2512 3017 2689 3084 filius
2730 3031 2849 3085 est.
2875 3021 2930 3097 ο)
3005 2952 3256 3085 οὲιιὶιιιιι
3296 3018 3382 3085 D.
3431 3016 3819 3100 Crispinum,
3863 3017 3948 3085 D.
3994 3016 4283 3086 Badium

2318 3112 2385 3169 et
2420 3103 2584 3170 alios
2618 3105 2797 3172 viros
2833 3105 3053 3171 bonos.
3101 3103 3332 3171 Nostri
3366 3125 3596 3172 omnes
3631 3113 3696 3171 te
3730 3104 4041 3172 salutant.
4087 3103 4277 3171 Vale.

2315 3190 2550 3275 'fig-uri
2595 3194 2697 3257 26.
2741 3189 2898 3257 Iulii
2940 3210 3118 3256 anno
3169 3194 3351 3257 1563.

3450 3326 3886 3414 Bullingerus
3930 3334 4101 3393 tuus.

2310 3586 2492 3673 adel.
2525 3615 2582 3754 13
2614 3617 3019 3673 deciduam.
3555 3687 3566 3697 .
3793 3688 3804 3699 -
3855 3688 3866 3700 .

2516 3685 2552 3739 2
2612 3688 2778 3742 Anno
2813 3687 3024 3743 &mun
3059 3685 3198 3741 1575
3243 3702 3334 3741 eos
3376 3686 3585 3756 colloque
3619 3692 3670 3742 et
3710 3685 3884 3743 adadu
3919 3687 4101 3743 Lond.
4140 3686 4277 3742 1576

2306 3755 2405 3837 fol.
2444 3754 2588 3810 Rob.
2625 3755 2863 3838 Messon
2908 3756 3030 3813 eccl.
3075 3756 3205 3825 90oe
3247 3755 3492 3810 Londin.
3535 3756 3800 3809 minister.
3868 3756 4118 3812 Alteram
4163 3756 4276 3812 cdi·

2309 3900 2570 3963 sequutae
2613 3833 3260 3976 sufffleidqlberymes
3307 3892 3408 3974 (υς.
3436 3863 3641 3974 Walclp.
3653 3822 3812 3949 Ῑῗιδῖὶ
3845 3824 4089 3951 thatin-1⁸.
4123 3893 4270 3977 ²¹9·

2514 3960 2587 4044 3)
2612 3960 2702 4017 De
2732 3962 2978 4017 Ver-mila
3012 3959 3434 4017 Commentarius
3466 3977 3504 4016 a
3542 3960 3773 4017 Suu-lero
3804 3968 3856 4018 ct
3885 3962 4078 4033 Wolfio
4112 3963 4275 4019 εᾶιιιε

2308 4047 2360 4087 υ·
2398 4029 2915 4167 &hssdttlozi'nmoessn
2959 4099 3212 4169 primum,
3259 4097 3556 4153 secundnm
3592 4106 3652 4153 et
3692 4099 3911 4153 initium
3946 4101 4098 4154 tertii
4143 4100 4271 4154 libri

2309 4168 2634 4250 Ethicornm
2669 4167 2985 4223 Aristotelis
3040 4171 3184 4234 (cur.
3220 4166 3663 4235 flammantium)
3717 4167 3850 4224 Tur.
3888 4166 4040 4221 1563.
4092 4166 4139 4222 4.
4195 4169 4271 4235 cf.

2314 4236 2577 4387 ωτι)
2594 4238 2729 4387 512²..
3020 4304 3395 4387 ‚m
3492 4305 3713 4387 p...
3753 4305 3985 4362 ...m-
4028 4304 4244 4387 ...a
4241 4321 4273 4386 .

2308 4374 2660 4514 ἑοιίιῖἶςᾼῗέ
2697 4372 3188 4500 wambane
3231 4390 3289 4428 se
3333 4373 3562 4430 dandae.
3642 4374 3773 4430 Pax
3816 4380 4119 4443 conposcio
4160 4374 4274 4440 funt

2515 4510 2577 4577 6)
2623 4511 2758 4567 Vide
2789 4519 3109 4584 sequente-m
