4900 6125
966 572 1259 640 Iun-ss
1290 568 1665 638 wernerus
1706 571 2021 639 «11800008
2052 570 2427 658 Hospitalis
2468 588 2622 654 pro·

1070 657 1219 741 pria
1258 677 1466 722 nanu
1510 656 1886 756 subscripsi.

968 743 1257 809 Ioannes
1298 740 1641 841 Stnrmms
1682 743 1931 810 Rector
1972 748 2135 826 sspt.
2168 826 2183 842 ο

972 828 1172 979 Ηῗέἓ
1210 827 1966 999 muffet?
2002 835 2624 991 Ἀξὲΐιῗέῗω

962 998 1320 1098 Conradus
1331 999 1677 1066 Hubertns
1688 998 2349 1066 'Pubernomontanus
2372 998 2621 1066 subscr.

970 1085 1119 1170 Ego
1162 1085 1615 1169 ffieronymu·
1658 1085 2021 1152 Massarius
2062 1085 2255 1152 Doct.
2300 1083 2481 1151 Med.

972 1170 1331 1236 Cum-adas
1372 1168 1793 1271 Dasyjpodius
1835 1171 2136 1271 yisitator
2178 1170 2583 1254 subscripsit.

970 1256 1395 1357 Theobaldus
1464 1255 1923 1340 Lingelsheim
1987 1277 2138 1323 mea
2200 1275 2403 1322 manu
2468 1256 2622 1323 sub·

1074 1365 1199 1410 sen
1315 1392 1332 1407 .

1076 1363 1367 1549 Hmpmcgo
1400 1477 1705 1533 doctrinam
1738 1479 1911 1533 sacris
1931 1494 2178 1560 ’agnosco
2213 1478 2416 1533 libellis

1154 1547 1526 1603 Censen-mem:
1563 1551 1779 1603 coctum
1809 1547 2033 1629 ‘Christe
2067 1553 2224 1602 tuere
2260 1553 2430 1629 tuum..
2495 1615 2509 1628 ·

1624 1615 1888 1671 Matthias
1920 1615 2182 1671 Huebncr
2216 1617 2552 1686 subscripsit.

836 1802 1445 1869 mustrissimorum
1518 1804 1890 1887 principum
1959 1803 2167 1870 Ducis
2232 1801 2622 1888 wolfgangi

656 1887 953 1956 Palatini
988 1895 1057 1954 et
1102 1887 1186 1954 D.
1233 1888 1695 1973 christophori
1741 1890 1948 1957 Ducis
1990 1889 2400 1955 wirtember
2445 1890 2621 1955 ensis

656 1995 783 2042 nce
826 1995 961 2042 non
1006 1973 1391 2042 Basiliensis
1428 1973 1852 2059 Reipublicae
1895 1976 2181 2061 ablegati
2225 1974 2407 2040 Theo
2434 1973 2565 2060 ogi.

968 2111 1406 2178 Cunmannus
1506 2111 1972 2195 Flinspachius
2068 2111 2619 2196 superintendens

1072 2196 1405 2264 Ecclesiae
1445 2197 1846 2282 Bipontinae
1890 2198 2137 2264 subscr.

968 2281 1243 2350 Iacobus
1300 2284 1606 2348 Andreae
1666 2283 1837 2349 Prae
1924 2285 2091 2350 situs
2157 2282 2491 2350 Ecclesiae
2551 2291 2618 2349 et

1070 2368 1520 2434 Oancellarius
1545 2368 1941 2435 Academiae
1964 2368 2407 2454 Tubingensis
2452 2377 2613 2454 sspt.

966 2452 1201 2554 Simon
1260 2453 1572 2554 &alectus
1612 2453 1791 2522 Eccl.
1837 2455 2041 2522 Basil.
2102 2455 2404 2522 minister
2462 2455 2618 2523 sub-

1068 2553 1344 2622 scrips1t.

966 2625 1379 2692 Huldrichus
1422 2625 1699 2692 Coccius
1754 2634 1977 2710 pastor
2034 2627 2369 2694 Ecclesiae
2423 2628 2615 2695 Basi-

1069 2711 1293 2778 licnsis
1337 2711 1739 2795 subscripsit.
1758 2715 1817 2790 ⁸)

1446 2917 1708 2985 Politici
1752 2918 2129 2986 consiliarii.

963 3053 1182 3123 Wolff
1222 3075 1348 3123 von
1393 3054 1736 3123 Koeteritz
1771 3057 1856 3124 D.
1896 3056 2280 3144 Wolfgangi
2324 3056 2616 3124 Palatini

1069 3141 1502 3209 consiliarius.

966 3228 1385 3295 Licenciatus
1408 3228 1741 3297 chricus
1769 3228 2063 3297 Sweblin
2100 3229 2394 3297 eiusdem
2428 3231 2614 3315 prin·

1070 3314 1127 3382 ci
1178 3312 1236 3379 is
1279 3315 1717 3382 consiliarius.

964 3398 1211 3467 Daniel
1268 3420 1395 3467 von
1442 3400 1759 3469 Renchcn
1804 3399 2150 3488 Obervogt
2204 3424 2287 3467 zu
2330 3401 2614 3469 Newen·

962 3485 1481 3639 Dogfflffkffim
1504 3572 1707 3639 Bertz
1752 3573 2047 3659 Hertzog
2083 3571 2500 3641 Christoffels
2535 3596 2617 3639 zu

1070 3657 1520 3744 Wirtemberg
1565 3658 1765 3725 Rath.
1782 3662 1840 3737 ⁴)

863 3860 926 3943 2)
960 3862 1115 3918 Haec
1144 3877 1250 3933 pro
1268 3864 1545 3919 morevirs'
1576 3870 1686 3921 tam
1723 3864 1952 3920 horrido
1988 3865 2128 3936 stylo
2155 3866 2367 3935 scripta
2401 3871 2617 3921 sunm

658 3946 729 3987 w
766 3930 899 3987 solu
933 3932 1272 4013 apoprnpho’u
1306 3940 1356 3987 σε
1391 3936 1570 4003 ipsius
1610 3934 1856 4004 epistolis
1902 3936 2186 4005 impressis
2232 3939 2284 3990 et
2329 3934 2487 4001 &utra
2538 3950 2616 3989 se·

653 4000 948 4134 'mmlx
964 4008 1645 4151 muffxaefjmmdcun
1664 4070 1894 4127 instrum·
1899 4077 2099 4129 emunt.
2143 4070 2296 4141 Quae
2314 4076 2617 4143 &quantur

651 4136 718 4193 ‘⁶⁸
750 4138 1857 4291 ‘⁸‘ii‘i„⁰ss?.3‚'22'23r?p⁹11‘0”‘3.‘5213m
1889 4209 2048 4265 ιω...
2093 4209 2159 4264 ι..
2209 4208 2345 4264 ‚021-
2381 4206 2617 4279 capituli

655 4274 927 4331 ‘rhenani
980 4292 1028 4329 s.
1068 4274 1204 4329 1⁶63
1252 4276 1339 4331 die
1384 4293 1475 4331 nx
1526 4276 1712 4331 Martii
1758 4276 1892 4331 haec
1932 4277 2237 4332 habentur:
2283 4277 2618 4333 Concordiae

654 4344 891 4399 formula
925 4345 996 4397 ab
1031 4343 1252 4399 arbitris
1298 4345 1514 4400 aliunde
1561 4345 1667 4400 hnc
1712 4362 1814 4417 pcr
1855 4352 2106 4401 senatum
2152 4350 2398 4402 nostrum
2435 4362 2616 4401 accer-

655 4414 777 4467 siti·
812 4428 980 4467 conce
1022 4420 1079 4467 ts
1122 4413 1390 4469 ministris
1433 4414 1692 4469 ecclcsiae
1738 4420 1904 4483 atquc
1951 4416 2351 4486 professoribus
2398 4415 2616 4470 scholae

654 4482 943 4563 proposita
1008 4482 1041 4537 d
1082 4498 1149 4537 uc
1204 4484 1261 4537 10
1306 4483 1613 4552 praesentis
1669 4490 1982 4538 senatorum
2030 4484 2101 4538 sd
2142 4486 2303 4539 istam
2347 4485 2616 4540 actionem

655 4552 1008 4619 singulariter
1086 4558 1433 4621 cputstorum
1479 4551 1550 4606 ab
1593 4551 1843 4608 omnibus
1887 4554 2268 4623 praesentibus
2310 4559 2370 4607 ct
2414 4569 2616 4623 appro-

656 4620 791 4673 bats
826 4627 882 4674 ct
915 4621 1221 4691 subscripta
1256 4620 1373 4677 suit.
1460 4621 1487 4675 1
1633 4628 1815 4676 autem
1860 4622 2092 4676 formula
2134 4621 2457 4677 concordiae
2505 4638 2619 4676 me·

654 4688 866 4811 tigit?
899 4690 1321 4815 οὶοωυῖΐιιιὲῑίι
1368 4691 1484 4744 cius
1525 4706 1611 4744 cm
1657 4690 1871 4761 collegii
1916 4692 2157 4761 ascripta
2201 4698 2288 4745 cst
2334 4696 2503 4761 atque
2539 4691 2620 4745 its

650 4772 681 4809 s
768 4774 801 4811 u
888 4774 917 4811 v
944 4775 995 4812 01
1030 4774 1063 4813 0
1149 4774 1217 4813 00

1440 5029 1847 5045 ff

2178 379 2708 451 EPIS'mLAJ:
2749 381 3170 450 3919—3921

3598 566 3799 638 802⁰.

3342 721 3704 792 ZANCUS
3747 720 4058 790 ERBIO.

2900 895 3234 964 Rationem
3297 896 3505 963 reddit
3558 894 4035 977 subscriptionis
4085 912 4244 960 suae
4285 893 4356 958 ia
4393 897 4628 959 ἐνακο-

2723 982 2915 1133 {3:58
2940 982 3347 1151 arguentem&
3409 983 3488 1049 de
3548 982 3828 1049 doctrina
3869 999 4090 1047 coenae
4152 983 4210 1044 et
4249 976 4628 1062 praeda-’na-

3116 1241 3228 1310 (Ει
3264 1239 3437 1296 Tomc
3472 1238 3627 1294 vm.
3661 1237 3802 1308 Opp.
3841 1237 3902 1294 Ρ.
3937 1236 4005 1292 11.
4039 1254 4094 1306 p.
4135 1234 4284 1303 178.)

2899 1412 3104 1478 Facta
3148 1420 3248 1478 est
3298 1408 3616 1495 quaedam
3670 1406 4013 1476 concordia
4035 1413 4086 1488 ¹)
4147 1407 4321 1472 inter
4383 1415 4632 1492 pastores

2724 1498 3032 1564 ecclesiae
3071 1505 3141 1562 et
3180 1498 3576 1581 professores
3610 1494 3889 1574 scholae,
3933 1513 4100 1578 quae
4136 1493 4404 1559 omnino
4437 1512 4631 1576 perne-

2724 1585 3005 1650 cessaria
3038 1592 3180 1649 erat
3215 1591 3480 1667 propter
3514 1579 3836 1665 publicam
3874 1579 4074 1646 totius
4111 1579 4401 1646 civitatis
4427 1597 4631 1662 pacem.

2723 1670 2826 1735 Ea
2866 1668 3211 1737 concordia
3254 1668 3383 1734 duo
3429 1667 3627 1733 habet
3669 1667 3898 1752 capita.
3967 1664 4196 1733 Unum
4241 1675 4344 1730 est
4377 1664 4632 1730 omnium

2722 1756 3227 1838 praeteritarum
3271 1753 3654 1819 iniuriarum
3700 1752 4085 1819 condonatio
4130 1759 4325 1832 atque
4367 1749 4634 1829 ἀμνηστία.

2721 1840 2871 1907 Ηο0
2913 1839 3150 1906 admisi
3210 1841 3354 1905 sine
3421 1839 3558 1905 ulla
3610 1837 4010 1915 difficultate,
4078 1836 4252 1920 quod
4315 1836 4412 1903 sic
4449 1833 4634 1900 iubeat

2721 1927 3047 1992 Dominus
3089 1948 3274 1992 meus
3318 1924 3524 1991 Iesus,
3616 1924 3922 1990 Alterum
3979 1931 4078 1988 est
4134 1921 4424 1987 formula
4472 1939 4634 2004 quae·

2722 2010 2869 2077 dam
2920 2011 3272 2089 doctrinae,
3333 2020 3473 2076 tum
3523 2009 3604 2075 de
3659 2031 3858 2075 coena
3903 2017 4042 2074 tum
4099 2008 4181 2073 de
4222 2005 4636 2093 praedestina·

2720 2099 2914 2177 tione,
2963 2097 3151 2164 iuxta
3193 2118 3388 2181 quam
3437 2096 3708 2180 posthac
3752 2097 3823 2160 10
3865 2093 4091 2161 schola
4132 2103 4200 2159 et
4242 2092 4512 2160 ecclesia
4547 2090 4636 2156 do·

2719 2193 2944 2249 ceatur
3010 2184 3091 2249 ad
3159 2182 3468 2250 evitanda
3535 2180 3818 2247 dissidia.
3929 2178 4246 2245 Formula
4325 2180 4404 2244 de
4469 2197 4638 2244 coena

2719 2268 2939 2335 brevis
2983 2279 3048 2334 et
3092 2268 3417 2353 generalis
3461 2281 3601 2334 est:
3648 2287 3884 2350 nempe
3928 2278 4004 2331 ut
4045 2287 4126 2330 ex
4177 2265 4377 2331 verbo
4399 2263 4637 2328 Domini

2719 2353 2800 2419 de
2844 2377 2920 2421 ea
2960 2353 3267 2420 doceatur
3323 2355 3508 2419 iuxta
3566 2356 4024 2437 Augustanam
4091 2351 4550 2418 confessionem
4586 2361 4640 2413 et

2718 2442 2862 2507 eius
2927 2442 3333 2525 Apologiam,
3402 2461 3609 2523 nuper
3666 2437 4080 2522 Naumburgi
4147 2456 4187 2500 a
4253 2433 4640 2520 Principibus

2718 2526 2990 2610 Imperii
3035 2527 3485 2593 confirmatam
3531 2535 3597 2590 et
3639 2524 4093 2606 subscriptam,
4138 2532 4205 2588 et
4260 2533 4338 2588 ut
4394 2529 4642 2587 utantur

2719 2611 2941 2678 verbis
2983 2611 3365 2679 concordiae
3405 2611 3560 2676 olim
3607 2613 3780 2675 inter
3821 2609 4196 2674 Lutherum
4241 2621 4309 2675 et
4343 2607 4640 2674 Bucerum

2719 2697 2947 2763 factae.
3032 2698 3354 2764 Doctrina
3398 2695 3479 2761 de
3524 2695 4116 2780 praedestinatione
4174 2695 4244 2759 in
4310 2705 4524 2759 certos
4558 2711 4642 2756 sr-

2720 2784 2951 2850 ticulos
3011 2783 3360 2850 distributa
3418 2791 3535 2848 est.
3625 2782 3719 2847 Hi
3778 2779 4056 2858 articuli,
4115 2780 4243 2845 etsi
4296 2800 4414 2862 per
4469 2801 4552 2854 se,
4599 2777 4644 2843 si

2726 2869 3015 2935 habeant
3058 2890 3338 2953 aequum
3382 2868 3830 2951 interpretem,
3879 2887 4011 2931 uon
4056 2866 4192 2931 sint
4234 2865 4431 2950 plane
4469 2864 4644 2946 impii,

2721 2955 2816 3019 ita
2858 2964 2934 3020 ut
2976 2975 3015 3020 a
3050 2955 3160 3038 pia
3203 2954 3597 3022 conscientia
3641 2953 3894 3037 possint
3932 2950 4213 3030 admitti,
4257 2959 4416 3017 sunt
4451 2959 4644 3015 tamen

2719 3047 2988 3126 propter
3034 3041 3373 3127 ambiguas
3416 3039 3730 3125 quasdam
3787 3049 3853 3106 et
3907 3037 4081 3104 male
4123 3045 4434 3104 sonantes
4481 3055 4646 3102 voces

2719 3126 3067 3207 immundi,
3131 3128 3226 3192 ita
3282 3135 3361 3193 ut
3417 3147 3551 3192 non
3607 3128 3856 3210 possint
3899 3126 4096 3191 etiam
4143 3124 4274 3189 nisi
4330 3120 4648 3188 immunda

2719 3214 3122 3280 conscientia
3162 3211 3548 3297 simpliciter
3588 3210 3924 3278 subscribi.
4008 3209 4156 3276 Hac
4200 3209 4283 3275 de
4325 3229 4524 3275 causa
4563 3227 4646 3272 re-

2718 3300 2942 3366 cusavi
3009 3298 3394 3383 simpliciter
3457 3297 3587 3363 illis
3649 3296 4099 3364 subscribere:
4168 3294 4286 3360 sed
4343 3294 4402 3361 si
4443 3293 4650 3360 liceret

2718 3404 2866 3451 cum
2908 3385 3395 3469 protestatione,
3459 3404 3565 3449 me
3609 3382 3676 3448 id
3731 3389 4000 3466 propter
4055 3380 4386 3465 publicam
4441 3399 4646 3465 pacm

2717 3478 2914 3554 atque
2948 3470 3360 3538 concordiam
3384 3469 3643 3535 scholae
3666 3476 3737 3534 et
3769 3467 4075 3534 ecclesiae
4099 3468 4450 3532 facturum.
4496 3464 4646 3531 con·

2717 3577 2901 3624 cessa
2944 3557 3070 3623 fuit
3112 3555 3298 3634 mihi,
3341 3553 3535 3622 modo
3579 3556 3649 3620 in
3695 3552 4171 3636 subscriptione
4195 3551 4450 3617 nullam
4471 3570 4646 3635 pone-

2717 3663 2857 3709 rem
2902 3642 3373 3726 exceptionem,
3452 3638 3567 3706 sed
3633 3638 3852 3708 verbis
3895 3648 4153 3704 tantum
4198 3658 4420 3704 coram
4461 3634 4648 3702 omni·

2715 3728 2840 3795 bus
2883 3734 3300 3813 protestarer.
3390 3725 3590 3793 Nolui
3634 3727 3831 3791 etiam
3874 3724 3959 3789 ob
4003 3723 4172 3789 hanc
4215 3743 4480 3789 causam
4519 3734 4648 3785 tan·

2716 3821 2857 3879 tum
2905 3813 3145 3880 bonum
3190 3834 3311 3898 ego
3353 3834 3526 3878 unus
3570 3809 3907 3895 impedire.
3976 3809 4144 3876 Sum
4189 3809 4399 3893 igitur
4421 3816 4644 3892 protes·

2715 3908 2896 3965 tatus
2957 3900 3117 3965 haec
3186 3900 3342 3964 tria:
3412 3899 3716 3982 primum,
3783 3916 3891 3961 me
3958 3894 4134 3960 nolle
4197 3906 4274 3959 ut
4339 3895 4462 3960 hac
4523 3911 4646 3957 0108

2717 3985 3192 4069 subscriptione
3265 3983 3512 4068 aliquid
3589 3982 3941 4067 derogetur
4006 3989 4123 4048 aut
4185 3978 4646 4064 praeiudicatur

2716 4070 2866 4138 aliis
2908 4070 3219 4146 ecclesiis,
3283 4069 3524 4136 scholis
3582 4077 3652 4133 et
3696 4068 3997 4134 veritati:
4068 4065 4324 4143 deinde,
4393 4076 4469 4130 nt
4508 4060 4646 4129 nihil

2718 4155 3071 4257 derogetur
3113 4162 3228 4221 aut
3270 4153 3753 4239 praeiudicetur
3791 4153 4126 4218 doctrinae
4170 4172 4370 4235 quam
4417 4171 4526 4235 per
4555 4147 4646 4245 de-

2716 4263 3027 4310 cennmm
3071 4242 3143 4307 in
3190 4240 3312 4308 hac
3354 4240 3577 4307 schola
3628 4238 3819 4305 docui
3862 4250 3930 4304 et
3971 4258 4139 4322 quae
4180 4236 4554 4303 continetur
4585 4254 4646 4297 m

2716 4329 2883 4394 meis
2929 4325 3490 4411 praelectionibus,
3549 4324 4100 4410 disputationibus
4143 4332 4213 4390 et
4252 4319 4644 4389 confessioni·

2720 4411 2876 4480 bus:
2939 4421 3286 4499 postremo,
3354 4421 3433 4478 ut
3494 4411 3658 4477 mihi
3715 4411 3910 4478 liceat
3973 4419 4110 4476 tam
4174 4409 4297 4475 hos
4365 4406 4646 4475 articulos

2717 4520 2915 4584 quam
2962 4501 3424 4583 Augustanam
3478 4497 3970 4575 confessionem,
4012 4494 4223 4580 Apolo
4273 4493 4404 4561 ’am
4459 4504 4520 4560 et
4559 4510 4642 4557 ar-

2717 4584 2952 4652 ticulos
3016 4584 3399 4652 concordiae
3454 4583 3630 4649 inter
3673 4582 4048 4649 Lutherum
4094 4591 4162 4646 et
4261 4601 4524 4647 ucerum
4561 4579 4642 4641 iu·

2717 4671 3070 4755 terpretari
3113 4671 3302 4735 iuxta
3339 4669 3636 4755 regulam
3683 4666 3866 4735 verbi
3911 4668 4058 4741 Dei,
4123 4664 4486 4733 doctrinam
4527 4667 4642 4758 Aa·

2848 4756 2990 4835 tini,
3035 4754 3316 4822 Lutheri
3375 4764 3445 4821 et
3488 4755 3747 4822 Buceri.
3833 4751 4092 4820 Deinde
4144 4753 4242 4818 ita
4284 4750 4638 4832 subscrips:

2717 4778 2913 4909 ghaun
2995 4840 3329 4909 doctrinae
3395 4840 3740 4907 formulam
3808 4847 3884 4905 ut
3954 4840 4131 4921 piam
4198 4857 4498 4923 agnosco,
4567 4836 4638 4898 its

2717 4928 2916 4995 etiam
2971 4928 3211 5011 recipio
3270 4946 3391 5012 ego
3445 4926 3895 5013 Hieronymus
3934 4924 4289 5002 Zanchius,
4349 4923 4456 4988 ubi
4505 4918 4636 4985 illud

2717 5019 2786 5079 ut
2848 5014 3096 5099 accipio
3163 5034 3280 5096 pro
3344 5018 3667 5096 quaemus,
3733 5020 3800 5079 et
3863 5012 3956 5077 ita
3997 5028 4142 5095 pro‘
4161 5015 4430 5076 00101188.
4513 5005 4636 5071 Non

2717 5236 2911 5292 8020.
2951 5237 3011 5302 1)
3047 5236 3138 5291 dis
3180 5233 3263 5289 18.
3323 5234 3538 5300 Martii,
3593 5238 3755 5291 iuxta
3802 5234 4099 5303 for-sulen
4151 5248 4189 5288 a
4245 5231 4364 5288 lae.
4419 5226 4640 5285 Διὰ-τα
