4900 6125
255 337 386 400 033

257 523 476 589 lorum
560 523 920 589 immortali
943 573 958 598 ‚
1046 520 1362 589 invisibili
1383 571 1400 598 ,
1510 521 1631 588 soli
1709 521 1990 604 sapienti
2054 521 2219 600 Deo,

255 609 469 761 {loris
509 608 722 675 honor
763 610 832 675 in
876 608 1096 676 secula
1138 608 1527 674 seculorum.
1606 614 1631 671 1
1682 607 1766 672 011
1810 606 2098 673 Τ11110011.
2146 609 2217 670 6:

258 791 328 846 ..t
368 694 600 848 ωέἕέξ
631 693 787 846 ιῖξὶ,
805 695 1288 846 *Shffipffl‘ssi
1312 693 1618 844 ’331αὲἒέ
1658 692 2219 845 {llififfifflil’

257 864 393 930 lato
431 866 688 932 ·bonam
762 799 1226 950 profession’enli
1256 915 1271 941 ,
1349 874 1427 929 ut
1488 885 1710 930 serves
1777 873 2216 947 praeceptum,

257 951 721 1017 immaculatus
741 1003 756 1030 ,
810 949 1406 1036 irreprehensibilis
1422 1000 1438 1029 ‚
1484 971 1693 1034 usqne
1736 949 1817 1014 ad
1864 948 2218 1034 apparitio-

256 1058 413 1103 nem
468 1036 716 1102 domini
761 1039 966 1103 nostri
1011 1037 1163 1102 Iesu
1209 1035 1494 1114 Christi,
1560 1055 1759 1119 quam
1815 1034 2219 1118 temporibus

257 1124 399 1188 suis
441 1132 824 1189 ostensurus
873 1133 974 1188 est
1015 1122 1128 1188 ille
1173 1121 1402 1187 beatus
1459 1122 1639 1187 solus
1692 1121 2030 1204 princeps,
2096 1140 2217 1184 rex

257 1209 710 1292 regnantium,
778 1216 848 1274 et
913 1208 1219 1274 dominus
1283 1206 1796 1284 dominantium,
1863 1207 1976 1289 qui
2041 1205 2218 1271 solus

257 1293 456 1360 habet
535 1294 1096 1360 immortalitatem
1114 1345 1130 1372 ,
1207 1291 1420 1358 lucem
1481 1292 1860 1358 inhabitans
1929 1293 2219 1358 inacces-

257 1401 419 1533 223
464 1400 664 1532 ‘¹353
703 1379 1533 1548 {233330123‘5223-‘332
1568 1377 2058 1546 ,mmm
2102 1398 2215 1524 ¹²3·

255 1550 439 1651 1000.
483 1558 560 1616 5:
630 1551 958 1632 Quoniam
1005 1563 1139 1615 tres
1183 1563 1339 1651 sunt
1383 1551 1508 1650 qui·
1539 1549 1985 1616 testimoninm
2034 1546 2211 1625 dant,

252 1646 1276 1788 {ssffltfflztsssssszffihsssffiffi’
1299 1635 1695 1806 stiffi?
1758 1645 2211 1786 ἲοζῗῑὲοὲῗὲἑ

252 1808 383 1875 Βο1
427 1809 639 1874 maius
681 1817 799 1873 est.
889 1806 1216 1889 Quoniam
1259 1806 1385 1875 1100
1427 1816 1531 1873 000
1571 1806 2025 1872 testimonium
2060 1803 2212 1882 Dei,

252 1892 424 1976 quod
493 1894 879 1959 testificatus
947 1905 1051 1958 est
1116 1893 1197 1959 de
1267 1894 1403 1958 filio
1467 1913 1617 1958 sno:
1678 1890 1813 1973 Qui
1874 1890 2086 1957 credit
2139 1892 2211 1955 in

250 1978 463 2044 filium
506 1979 657 2058 Dei,
697 1978 897 2044 habet
939 1979 1388 2045 matimonium
1432 1979 1502 2044 in
1545 1999 1617 2043 se
1660 1977 1819 2060 ipso.
1900 1975 2033 2058 Qui
2077 1996 2210 2041 000

253 2063 463 2132 0101110
503 2064 684 2143 Deo,
729 2062 1109 2131 mendacem
1168 2065 1327 2131 facit
1382 2085 1566 2139 eum,
1629 2064 1783 2146 quia
1826 2083 1960 2128 non
2003 2062 2216 2128 credit

251 2152 324 2215 10
382 2151 863 2228 testimonium,
927 2150 1099 2233 quod
1146 2150 1535 2216 testificatus
1578 2163 1679 2215 est
1721 2148 1909 2214 Deus
1952 2148 2033 2214 110
2076 2148 2211 2213 6110

246 2255 387 2301 sno.
475 2236 568 2302 Et
611 2236 734 2302 hoc
776 2248 878 2301 est
919 2237 1362 2302 testimonium
1408 2233 1579 2318 quod
1624 2237 1828 2302 vitam
1870 2245 2209 2300 aeternam

254 2321 440 2387 dedit
478 2321 666 2388 nobis
713 2320 913 2388 Deus.
1004 2322 1099 2388 Et
1162 2321 1327 2388 haec
1390 2330 1492 2386 est
1555 2321 1693 2386 vita
1756 2320 1827 2385 10
1872 2318 2006 2385 6110
2049 2320 2210 2385 0100.

249 2405 671 2558 ssffimhffit
727 2406 956 2558 3111ῗέ
970 2405 1810 2559 'uelifbffibgtitmf'missgtih
1831 2425 1959 2554 ¹¹3¹?
2013 2404 2212 2556 lffffi

656 2541 673 2571 ,
1817 2541 1831 2556 .
1934 2539 1949 2553 .

250 2577 432 2644 001111
476 2576 663 2644 Ῑ.)000
706 2589 825 2651 000,
871 2598 1048 2644 nnus
1089 2577 1292 2643 etiam
1334 2575 1655 2644 mediator
1697 2577 1824 2642 Dei
1888 2588 1954 2640 et
1996 2575 2207 2641 homi-

249 2684 437 2740 nnm,
479 2662 678 2729 homo
720 2662 1025 2729 Christus
1063 2661 1254 2729 Iesus
1271 2713 1286 2739 ‚
1340 2664 1453 2745 qui
1513 2662 1696 2727 dedit
1737 2670 1947 2728 semet
1987 2662 2207 2745 ipsum

249 2749 543 2833 pretium
585 2748 1053 2831 redemptionis
1096 2769 1217 2831 pro
1258 2748 1563 2814 omnibus
1613 2761 1735 2814 etc.
1818 2747 1926 2812 Ex
1969 2747 2208 2831 quibus

250 2847 322 2900 et
363 2834 685 2902 similibus
731 2837 1095 2918 scripturae
1137 2834 1299 2901 locis
1354 2836 1649 2900 inferunt
1700 2843 1769 2898 et
1809 2832 2210 2900 concludunt

248 2921 397 3000 isti,
454 2920 637 2986 nullo
679 2919 874 2987 modo
916 2919 1226 2987 confundi
1271 2941 1491 3004 posse,
1557 2929 1630 2986 nt
1683 2931 1870 3001 pater
1925 2930 1993 2984 et
2031 2918 2207 2984 filius

250 3027 433 3073 nnus
474 3007 562 3073 sit
602 3015 912 3091 uterque,
955 3006 1073 3074 sed
1115 3026 1375 3090 semper
1416 3025 1591 3072 unus
1635 3005 1746 3070 ille
1790 3003 1976 3071 Dens
2019 3013 2207 3089 pater

250 3094 547 3159 omnium
591 3104 735 3158 tum
777 3094 848 3157 in
890 3092 1086 3168 00010,
1132 3103 1279 3159 0010
1321 3093 1393 3157 10
1437 3107 1649 3169 00110,
1712 3102 1855 3155 0001
1914 3091 1982 3157 10
2026 3110 2205 3157 crea-

253 3181 466 3256 tione,
531 3189 674 3244 tum
739 3179 812 3243 in
875 3178 1355 3244 restauratione
1396 3179 1616 3242 omnia
1658 3178 1794 3260 egit
1837 3197 1958 3260 per
1998 3176 2206 3241 filium

251 3284 452 3330 suum
469 3310 486 3338 ‚
539 3264 650 3347 001
692 3274 793 3329 000
847 3262 1170 3329 mediator
1213 3263 1296 3328 ab
1337 3272 1609 3329 aeterno
1651 3261 1853 3328 etiam
1896 3260 2207 3327 creanda-

253 3370 410 3415 rum
473 3370 694 3415 rerum
759 3350 1086 3414 omnium:
1152 3348 1306 3414 Non
1367 3358 1590 3414 autem
1659 3346 1833 3411 filius
1897 3348 2033 3432 egit
2088 3366 2209 3431 per

251 3448 526 3518 patrem.
615 3434 711 3501 Ut
751 3434 930 3500 enim
972 3444 1159 3518 pater
1214 3444 1317 3501 est
1360 3455 1446 3499 ex
1511 3454 1638 3516 000
1679 3433 1932 3509 omnia,
2003 3432 2098 3498 ita
2141 3441 2210 3497 et

251 3520 433 3587 filius
473 3541 590 3604 per
632 3541 828 3603 quem
868 3521 1108 3585 omnia.
1189 3517 1377 3600 Quae
1421 3519 1624 3584 verba
1663 3518 2013 3584 manifeste
2053 3538 2206 3584 con·

251 3607 496 3672 fusioni
530 3603 945 3672 sabellianae
987 3607 1255 3670 omnino
1311 3604 1779 3682 adversantur,
1838 3611 1908 3670 et
1963 3605 2208 3669 1111100-

251 3713 402 3758 ram
443 3713 556 3758 000
598 3691 1129 3757 commixtionem
1172 3692 1242 3755 in
1285 3688 1632 3756 divinitate
1676 3711 1807 3755 non
1852 3692 2206 3773 patiuntur.

253 3777 449 3844 Unus
488 3777 710 3858 itaque
754 3775 936 3842 Deus
979 3784 1168 3859 pater
1183 3826 1201 3855 ,
1257 3785 1325 3842 et
1379 3797 1555 3842 unus
1609 3773 1926 3841 mediator
1967 3774 2099 3840 Dei
2139 3783 2209 3840 et

249 3863 602 3928 hominnm
644 3861 953 3927 Christus
993 3860 1215 3941 Iesus,
1272 3870 1340 3927 et
1382 3883 1556 3927 unus
1603 3862 1876 3944 spiritus
1919 3872 2204 3926 sanctus.

251 3947 450 4014 Alius
482 3946 732 4013 scilicet
794 3956 863 4012 et
926 3947 1127 4023 alins,
1206 3948 1322 4014 sed
1388 3968 1521 4012 non
1587 3945 1785 4012 aliud.
1873 3946 2020 4013 Hoc
2083 3956 2205 4025 est,

249 4036 452 4101 00100
515 4045 583 4099 00
646 4032 935 4099 0100110111
1001 4045 1311 4109 naturae,
1378 4033 1749 4099 divinitatis
1774 4081 1790 4109 ,
1860 4032 2203 4115 potentiae,

246 4119 530 4205 gloriae,
588 4118 882 4202 imperii,
939 4119 1316 4184 maiestatis.
1403 4118 1571 4183 Eam
1630 4129 1855 4184 tamen
1897 4117 2203 4183 divinita·

247 4220 420 4279 tem,
464 4205 859 4288 potentiam,
904 4202 1211 4288 gloriam,
1271 4204 1618 4286 imperium
1662 4215 1733 4269 et
1772 4204 2202 4280 maiestatem,

245 4292 460 4358 filium
527 4289 949 4374 generatione
966 4340 980 4365 ‚
1048 4290 1352 4371 spiritum
1420 4300 1725 4355 sanctum
1790 4291 2203 4372 processione

248 4398 319 4527 ao
335 4390 522 4476 patre
541 4376 1002 4526 mmet?
1035 4374 1276 4524 habere
1310 4375 1559 4525 dicunt,
1596 4375 1766 4441 sicut
1801 4374 1960 4439 dicit
1995 4373 2199 4440 filius:

321 4483 501 4527 mma
747 4461 920 4526 tradi
1033 4482 1159 4526 sun
1233 4479 1274 4524 a
1356 4481 1397 4525 a
1429 4481 1500 4526 re
1541 4479 1703 4525 meo.

428 4547 534 4613 Ad
579 4548 742 4613 haec
795 4546 1067 4622 addunt,
1113 4481 1557 4628 pluralitatem
1600 4544 1894 4611 Deorum
1941 4545 2192 4610 trinita·

245 4634 392 4699 rios
432 4632 756 4698 inducere.
844 4629 1068 4712 Quum
1109 4632 1286 4697 enim
1328 4633 1440 4697 isti
1483 4651 1617 4697 non
1661 4631 2041 4709 admittant,
2084 4650 2199 4713 pa-

248 4730 423 4784 trem
473 4738 616 4784 esse
669 4716 1064 4799 principium
1122 4717 1562 4802 generationis
1605 4716 1770 4794 6110,
1830 4726 1901 4782 00
1941 4736 2201 4801 010000-

247 4806 458 4872 sionis
510 4802 768 4887 spiritui
811 4814 1069 4879 sancto,
1122 4802 1239 4869 sed
1279 4823 1425 4869 esse
1467 4823 1508 4866 0
1549 4822 1622 4868 00
1663 4802 1834 4884 ipso,
1892 4802 2200 4886 quemad-

247 4889 519 4956 modum
575 4902 643 4954 et
676 4898 866 4972 pater
908 4897 1010 4954 est
1053 4909 1094 4952 a
1151 4910 1223 4953 00
1277 4890 1418 4971 1000
1459 4886 1675 4965 Deus,
1729 4888 2040 4954 inducere
2092 4909 2201 4954 eos

303 4976 448 5039 lura
510 4974 865 5060 principia,
932 4983 999 5038 et
1062 4994 1146 5039 ex
1203 4973 1668 5056 consequentia
1729 4973 1954 5056 plures
2006 4973 2199 5040 Deos.

336 5080 416 5125 eo
457 5061 568 5127 isti
609 5059 990 5143 excogitant
1034 5079 1206 5125 nova
1248 5059 1566 5142 quaedam
1615 5058 1966 5137 vocabula,
2028 5057 2203 5142 quod

249 5144 469 5213 solum
514 5158 766 5229 patrem
826 5159 1063 5211 vocant
1118 5143 1503 5223 autotheon,
1583 5164 1624 5209 a
1665 5166 1737 5210 se
1779 5145 1922 5228 ipso
1965 5143 2205 5224 Deum,

249 5231 465 5299 filium
533 5252 692 5297 vero
757 5242 824 5297 et
886 5230 1190 5314 spiritum
1255 5240 1555 5298 sanctum
1614 5229 1834 5297 Deum
1902 5228 1984 5297 de
2042 5231 2205 5306 Deo,

2075 335 2238 398 1564
2282 329 2466 397 IUL-

4154 338 4291 404 su

2320 517 2511 584 illum
2578 519 3030 604 generatione,
3106 520 3284 588 hunc
3348 523 3786 606 processione:
3850 524 4279 593 inenarrabili

2322 604 2536 683 modo,
2580 616 2660 669 00
2699 606 3127 688 praemissum
3186 616 3288 674 est
3338 609 3545 676 filium
3690 619 3992 677 neratum
4035 621 4103 675 et
4142 614 4275 696 spi-

2322 690 2527 755 ritum
2607 700 2910 756 sanctum
2986 691 3460 775 procedentem.
3637 715 3710 760 00
3785 695 4141 780 quidquam
4204 719 4278 764 00

2320 777 2478 842 novi
2536 777 2914 861 excogitare
2968 779 3379 856 existimant,
3446 800 3521 845 ac
3564 780 3838 863 perinde
3891 803 4034 848 esse
4086 784 4278 850 aiunt

2318 870 2575 944 patrem
2619 862 2972 928 autotheon
3019 866 3256 942 vocari,
3301 866 3471 932 sicut
3512 867 3874 948 antiquitus
3918 867 4274 947 dicebatur,

2319 956 2575 1029 patrem
2634 968 2777 1013 esse
2835 949 3243 1033 ingenitum,
3308 950 3520 1015 filium
3566 951 3866 1035 genitum
3886 1004 3901 1029 ,
3968 954 4273 1038 spiritum

2318 1044 2617 1099 sanctum
2677 1033 3154 1117 procedentem.
3246 1037 3343 1101 Ac
3401 1057 3657 1120 semper
3715 1038 4087 1104 addendum
4133 1059 4275 1106 esse

2319 1129 2628 1197 censent,
2694 1140 2820 1184 non
2889 1139 2971 1184 ex
3031 1120 3271 1199 aliena,
3339 1119 3455 1186 sed
3513 1143 3597 1187 ex
3655 1124 3861 1207 patris
3904 1125 4276 1191 substantia

2318 1203 2534 1269 filium
2601 1213 2668 1270 et
2726 1206 3033 1289 spiritum
3099 1217 3398 1272 sanctum
3419 1257 3434 1282 ,
3522 1219 3830 1292 tanquam
3913 1210 4274 1278 divinitatis

2319 1289 2500 1355 fonte
2543 1290 2965 1372 profiuxisse:
3036 1293 3202 1357 citra
3268 1300 3489 1357 tamen
3532 1294 3732 1359 ullius
3775 1297 4091 1378 temporis
4132 1317 4271 1362 mo-

2317 1375 2524 1439 menti
2567 1390 2683 1440 aut
2723 1376 3054 1441 intervalli
3101 1377 3640 1462 imaginationem
3664 1430 3679 1456 ,
3746 1378 3916 1462 quod
3960 1381 4123 1448 haec
4165 1403 4270 1448 ac-

2317 1458 2606 1526 cidentia
2641 1463 2713 1526 in
2756 1460 3172 1528 divinitatem
3218 1484 3349 1527 non
3389 1464 3659 1542 cadant,
3733 1466 3847 1530 sed
3893 1486 4011 1549 per
4052 1469 4273 1533 omnia

2317 1557 2619 1612 aeternos
2662 1568 2745 1611 01
2790 1555 3091 1626 aeterno,
3150 1550 3736 1616 consubstantiales
3778 1571 3862 1616 ex
3906 1553 4271 1618 substantia

2315 1632 2543 1713 patris,
2587 1633 2748 1716 pari,
2794 1641 2871 1697 ut
2910 1633 3158 1699 dictum
3198 1642 3314 1710 est,
3354 1637 3664 1719 potentia,
3701 1637 3928 1721 gloria,
3972 1639 4267 1722 imperio,

2316 1719 2686 1795 maiestate,
2724 1739 2800 1784 ac
2834 1739 2967 1783 000
3001 1730 3069 1784 00
3109 1719 3337 1785 eadem
3382 1720 3720 1787 voluntate
3763 1732 3830 1788 et
3872 1725 4267 1807 operatione.

2313 1801 2419 1867 Ita
2462 1803 2633 1886 quod
2675 1804 2846 1869 nihil
2891 1804 3092 1870 addat
3134 1805 3259 1871 hoc
3301 1808 3513 1890 ipsum
3560 1810 3751 1890 patri,
3817 1809 3990 1891 quod
4036 1811 4126 1875 sit
4165 1813 4269 1875 in·

2314 1890 2605 1973 genitus,
2673 1910 2792 1955 nec
2846 1889 3095 1954 adimat
3160 1901 3276 1956 aut
3341 1892 3645 1958 detrahat
3700 1893 4045 1977 quicquam
4115 1895 4269 1975 filio,

2313 1972 2488 2057 quod
2531 1985 2727 2040 natus
2770 1986 2898 2052 est,
2965 1997 3085 2043 nec
3128 1977 3391 2059 spiritui
3436 1989 3688 2056 sancto,
3750 1978 3922 2062 quod
3965 1981 4274 2064 procedat

2314 2080 2355 2125 a
2396 2070 2586 2143 patre
2642 2080 2719 2125 ac
2774 2061 2855 2127 de
2901 2060 3033 2126 filio
3090 2063 3320 2144 capiat.
3410 2063 3545 2130 Sed
3593 2074 3817 2130 tamen
3874 2086 4132 2150 semper
4176 2079 4272 2132 te-

2314 2146 2604 2211 nendum
2683 2146 3035 2212 discrimen
3112 2148 3288 2214 inter
3365 2150 3731 2234 ingenitum
3813 2163 3882 2215 et
3946 2154 4267 2237 genitum,

2312 2231 2533 2296 Deum
2568 2231 2843 2298 missum
2876 2240 2945 2298 et
2977 2234 3365 2312 mittentem,
3404 2234 3668 2301 dantem
3707 2251 3773 2302 et
3806 2237 4271 2321 accipientem:

2313 2328 2382 2381 00
2423 2316 2596 2400 00011
2654 2317 2723 2382 111
2768 2318 2896 2384 duo
2940 2339 3112 2384 unns
3169 2340 3312 2385 0000
3368 2341 3500 2385 000
3546 2322 3814 2405 possint.
3907 2323 4040 2388 Pro
4081 2325 4269 2390 cuins

2312 2404 2675 2468 sententiae
2732 2404 3089 2470 assertione
3145 2403 3480 2471 adducunt
3537 2428 3617 2471 ex
3665 2406 3922 2473 Hilario
3967 2414 4067 2473 26.
4113 2430 4267 2475 con·

2313 2488 2671 2554 elusionem
2731 2490 3110 2574 synodalem
3174 2503 3545 2575 temporum
3619 2492 3881 2558 illorum
3948 2493 4267 2561 adversus

2313 2575 2664 2650 Arrianos,
2724 2595 2893 2657 quae
2950 2576 3044 2640 sic
3097 2575 3323 2642 habet:
3417 2575 3532 2654 „Si
3598 2579 3747 2661 quis
3812 2580 4265 2647 innascibilem

2316 2667 2423 2736 „et
2464 2660 2607 2725 sine
2647 2660 2837 2725 initio
2879 2660 3054 2727 dicat
3097 2660 3325 2741 filium,
3370 2671 3679 2746 tanquam
3724 2664 3854 2730 dno
3896 2666 4040 2731 sine
4085 2668 4264 2750 prin·

2315 2745 2542 2828 „cipio,
2587 2753 2655 2811 et
2690 2745 2822 2810 duo
2845 2745 3260 2812 innascibilia
3295 2757 3364 2812 et
3396 2747 3527 2813 duo
3562 2750 3790 2814 innata
3823 2749 4065 2826 dicens,
4102 2752 4267 2818 duos

2316 2830 2552 2906 „faciat
2593 2830 2772 2896 Deos
2789 2881 2804 2908 ,
2849 2831 3204 2897 anathema
3259 2834 3362 2898 sit.
3452 2835 3672 2918 Caput
3732 2836 3909 2901 enim
3954 2836 4125 2919 quod
4164 2853 4266 2904 est

2315 2917 2749 3000 „principium
2792 2918 3106 2992 omnium,
3152 2918 3357 2983 filins:
3400 2931 3596 3003 caput
3639 2929 3857 2986 autem
3876 2973 3892 3000 ,
3948 2922 4119 3005 quod
4163 2933 4265 2989 est

2313 3003 2747 3088 „principium
2790 3003 3062 3081 Christi,
3108 3003 3310 3070 Deus.
3384 3005 3500 3072 Sic
3544 3005 3721 3072 enim
3756 3007 3839 3074 ad
3880 3029 4105 3087 unum,
4151 3011 4262 3094 001

2314 3100 2458 3165 „est
2497 3089 2889 3173 principium
2933 3090 3229 3155 omnium
3275 3112 3394 3174 per
3434 3091 3644 3158 fllium
3688 3093 4000 3160 universa
4032 3095 4263 3161 referi·

2316 3195 2519 3254 „mua
2606 3175 2856 3240 Filium
2921 3175 3372 3243 innascibilem
3436 3179 3738 3244 confiteri
3800 3180 4259 3263 impiissimum

2315 3268 2470 3335 „est
2558 3261 2702 3327 Iam
2755 3261 2932 3326 enim
2988 3281 3121 3326 non
3181 3264 3307 3328 erit
3351 3264 3533 3328 Deus
3576 3285 3777 3343 unus,
3843 3266 3997 3348 quia
4036 3266 4257 3332 Deum

2313 3366 2559 3423 „unum
2649 3345 2964 3413 raedicari
3015 3355 3254 3412 natura
3295 3350 3490 3414 unius
3532 3349 3938 3416 innascibilis
3970 3352 4098 3417 Dei
4142 3371 4259 3417 ex-

2313 3432 2492 3517 „igit
2648 3453 2804 3499 uum
2846 3451 3005 3517 ergo
3048 3432 3235 3498 Deus
3276 3455 3451 3501 unns
3492 3435 3611 3513 sit,
3662 3434 3795 3500 duo
3837 3436 4259 3504 innascibiles

2312 3537 2494 3595 „esse
2557 3540 2685 3584 non
2752 3526 3056 3601 possunt,
3121 3539 3321 3602 quum
3387 3519 3631 3587 idcirco
3670 3521 3857 3587 Deus
3921 3542 4095 3588 unus
4152 3524 4256 3603 sit,

2315 3624 2551 3688 „quum
2692 3612 2794 3668 ter
2835 3604 3022 3670 Deus
3064 3605 3154 3669 sit
3194 3614 3262 3671 et
3304 3605 3479 3672 filius
3522 3607 3649 3671 Dei
3694 3605 3879 3673 Deus
3934 3608 4041 3687 sit,
4106 3608 4260 3692 quia

2313 3690 2603 3767 „innasci
2649 3690 2825 3755 ilitas
2882 3689 3020 3755 sola
3078 3709 3279 3773 penes
3333 3713 3538 3757 unum
3599 3692 3714 3770 sit,
3780 3692 3959 3757 filius
4035 3704 4257 3759 autem

2315 3775 2592 3853 „idcirco
2636 3776 2851 3851 Dens,
2916 3776 3072 3858 quia
3135 3798 3219 3841 01
3282 3777 3653 3844 innascibili
3708 3778 3996 3844 essentia
4061 3788 4257 3845 natus

2314 3861 2607 3940 „existat
2696 3861 2979 3945 Respuit
3029 3882 3186 3946 ergo
3241 3862 3690 3930 innascibilem
3746 3863 3955 3928 filium
3998 3863 4256 3946 praedi-

2311 3949 2484 4023 „cari
2527 3946 2688 4013 fides
2731 3959 2987 4024 sancta,
3032 3957 3110 4011 ut
3152 3967 3271 4030 per
3311 3969 3518 4014 unum
3561 3948 4010 4014 innascibilem
4032 3946 4254 4013 Deum

2314 4053 2558 4113 „unum
2600 4033 2948 4117 praedicet,
2993 4044 3070 4099 ut
3106 4042 3415 4099 naturam
3460 4034 3871 4118 unigenitam
3915 4052 4000 4097 ex
4035 4033 4255 4098 innas-

2311 4118 2525 4195 „cihili
2568 4120 2866 4205 genitum
2910 4120 3214 4196 00000010,
3259 4119 3323 4184 10
3370 4141 3506 4185 000
3548 4117 3951 4184 innascibilis
3972 4117 4102 4182 Dei
4136 4138 4253 4181 no-

2309 4206 2527 4280 „mine
2590 4203 3074 4288 complectatur.
3164 4203 3381 4288 Caput
3443 4206 3623 4270 enim
3721 4203 4017 4268 omnium
4073 4200 4253 4267 611110

2309 4300 2477 4367 „est,
2542 4288 2655 4354 sed
2721 4297 2915 4372 caput
2965 4289 3085 4354 filii
3141 4289 3323 4355 Deus
3385 4300 3489 4355 est
3538 4299 3609 4355 et
3651 4288 3733 4352 ad
3779 4306 3989 4351 unum
4034 4285 4251 4349 Deum

2308 4375 2567 4451 „omnia
2612 4374 2735 4440 hoc
2778 4374 2987 4459 gradu
3024 4383 3219 4458 atque
3253 4373 3377 4441 hac
3413 4374 3824 4442 confessione
3856 4370 4254 4446 reseruntur,

2307 4480 2551 4543 „quum
2596 4459 2679 4523 ab
2721 4479 2799 4524 eo
2839 4469 3109 4526 sumant
3151 4460 3459 4526 universa
3499 4457 3921 4544 011110101οω,
3967 4454 4072 4519 001
4117 4454 4257 4535 1000

2307 4546 2555 4645 „princi
2602 4545 2744 4610 ium
2786 4546 2932 4611 sit-⁸·
3023 4546 3111 4611 Et
3154 4545 3353 4628 plana
3395 4545 3585 4621 haec,
3645 4539 3979 4607 evidentia
4021 4545 4090 4601 et
4131 4539 4256 4601 mi-

2302 4652 2482 4696 nime
2523 4652 2564 4696 o
2724 4650 2799 4696 ra
2839 4651 2982 4696 esse
3024 4628 3274 4696 docent.

2473 4716 2784 4782 Ceterum
2841 4715 2925 4781 de
2977 4714 3382 4799 processione
3444 4712 3722 4798 spiritus
3788 4706 3996 4773 sancti
4042 4704 4259 4770 Grae-

2300 4822 2529 4869 corum
2580 4802 2945 4868 sententiae
3000 4801 3212 4887 magis
3274 4818 3472 4881 quam
3514 4795 3917 4862 Latinorum
3961 4788 4261 4870 adstipu-

2301 4888 2527 4953 lantur
2541 4938 2556 4964 ,
2613 4908 2811 4972 quam
2869 4886 3196 4970 duplicem
3236 4904 3383 4950 esse
3424 4887 3761 4949 statuunt:
3831 4874 4106 4974 alteram
4150 4891 4264 4970 00-

2302 4985 2557 5039 ternam
2616 4993 2657 5038 a
2711 4974 2851 5039 solo
2908 4982 3097 5056 patre
3112 5022 3130 5051 ,
3199 4970 3322 5035 hoc
3360 4974 3465 5034 est
3507 4987 3593 5031 01
3640 4963 4010 5060 substantia
4051 4964 4272 5039 pat-¹·-

2305 5067 2460 5126 ante
2501 5060 2722 5124 omnia
2762 5058 3049 5137 saecula,
3096 5057 3163 5122 id
3207 5062 3339 5129 est,
3394 5070 3533 5117 una
3576 5068 3731 5115 cum
3776 5063 3923 5128 1000
3963 5056 4158 5141 patro
4202 5046 4275 5102 et

2304 5144 2440 5211 6110
2484 5145 2627 5211 0100
2669 5144 3008 5229 unigenito
3050 5140 3410 5209 exstitisse:
3455 5135 3741 5201 alteram
3786 5142 4281 5226 processionem

2307 5228 2392 5296 ab
2433 5240 2709 5313 utroque
2752 5231 2915 5312 6011,
2956 5236 3093 5294 tam
3138 5249 3178 5293 a
3220 5232 3407 5307 patre
3444 5238 3652 5305 quam
3699 5236 3745 5280 a
3784 5214 3953 5289 6110,
3997 5211 4127 5275 hac
4173 5224 4285 5272 vi·
