4900 6125
274 443 390 504 669
1706 441 2011 512 INDEX
2053 444 2145 511 II.
2190 443 2886 513 EPISTOLARUM.
4186 449 4312 512 670

272 630 487 698 Citius
531 629 656 696 has
698 630 1025 696 missurus
1067 650 1250 696 eram
1297 634 1483 694 3885.

275 716 483 784 Citius
526 736 676 781 mea
717 717 1026 800 opinione
1079 718 1262 780 1121.

272 802 641 869 Clarissimi
683 803 796 869 isti
841 807 1024 865 4235.

273 887 730 955 Clarissimum
775 889 997 953 virum
1042 887 1582 955 Maximilianum
1628 891 1815 956 2707.

273 974 689 1059 Cogaturque
733 974 1077 1040 hominum
1121 974 1413 1041 inventis
1457 978 1603 1042 600.

271 1060 587 1144 Cogimur
628 1059 712 1126 ad
757 1070 823 1124 te
858 1060 1177 1125 nuncium
1217 1065 1405 1124 3118.

271 1146 605 1230 Cogitanti
648 1145 811 1211 mihi
857 1145 937 1210 de
980 1155 1353 1229 temporum
1395 1152 1579 1213 1533.

271 1232 639 1316 Cognatum
686 1232 1005 1298 hactenus
1052 1233 1238 1297 4246.

269 1319 639 1402 Cognosces
682 1339 767 1383 ex
805 1317 1053 1383 Farelli
1098 1317 1309 1383 literis
1362 1324 1544 1382 1576.

269 1405 640 1488 Cognosces
683 1425 767 1469 ex
810 1402 1022 1468 literis
1067 1402 1330 1469 Sonerii
1376 1408 1567 1470 2112.

267 1491 568 1575 Cognovi
613 1511 653 1555 a
696 1487 978 1573 quodam
1027 1491 1213 1551 2891.

268 1577 564 1660 Cognovi
609 1596 692 1640 ex
738 1576 872 1640 tuis
914 1574 1124 1641 literis
1174 1581 1357 1642 1777.

266 1663 483 1748 Cogor
525 1680 753 1727 eorum
796 1669 1035 1746 rogatu
1079 1665 1265 1725 3849.

406 1769 480 1814 or
524 1747 646 1812 has
689 1747 974 1812 scribere
1020 1750 1207 1811 3797.

264 1834 361 1899 Co
389 1833 537 1918 lega
579 1832 737 1898 dum
781 1832 850 1897 in
897 1841 1084 1898 coetu
1136 1835 1320 1898 2497.

264 1918 570 2004 Collegae
612 1919 822 1984 nostri
863 1927 1209 2001 postquam
1258 1922 1442 1986 2735.

262 2003 847 2071 commendatione
890 2012 1005 2069 tua
1048 2005 1351 2070 effectum
1402 2010 1589 2070 2661.

261 2089 741 2159 Commendavi
786 2089 905 2156 tibi
952 2110 1163 2172 nuper
1214 2095 1401 2154 1866.

260 2176 667 2244 Commendo
708 2176 830 2241 tibi
856 2175 1261 2242 D.Checum
1318 2182 1499 2243 1954.

258 2260 617 2328 Commode
662 2260 902 2328 accidit
943 2260 1115 2344 quod
1162 2260 1360 2329 biduo
1404 2267 1590 2330 3122.

259 2347 699 2414 Commodum
744 2347 923 2413 hunc
965 2355 1196 2413 nactus
1245 2353 1387 2411 507.

257 2433 696 2502 Commodum
736 2454 807 2498 se
842 2432 951 2498 hic
996 2434 1099 2498 vir
1150 2437 1331 2498 1720.

258 2519 759 2586 Communicavi
803 2538 955 2583 cum
998 2517 1269 2601 reliquis
1316 2523 1497 2585 1235.

257 2603 708 2672 Condolemus
748 2604 1061 2670 ecelesiae
1104 2613 1369 2672 vestrae
1418 2611 1603 2674 1569.

258 2691 576 2758 Confecta
617 2711 725 2755 res
768 2699 870 2758 est
902 2693 1085 2754 1969.

255 2776 754 2844 Confessionem
801 2779 1264 2859 Augustanam
1309 2780 1497 2844 2356.

257 2862 672 2930 Confessioni
715 2861 1013 2947 publicae
1047 2862 1407 2947 adiungere
1452 2868 1639 2929 3479.

259 2948 708 3034 Congratulor
748 2948 867 3013 tibi
913 2958 1204 3013 mentem
1252 2953 1438 3014 3462.

256 3034 656 3119 Coniugium
702 3033 823 3099 tibi
866 3033 1181 3119 obtigisse
1216 3038 1395 3099 1694.

257 3121 641 3189 Consensus
683 3122 891 3186 nostri
934 3119 1224 3186 defensio
1267 3142 1463 3205 quam
1511 3124 1696 3186 2053.

257 3209 635 3275 Consensus
672 3207 879 3273 nostri
921 3204 1372 3273 defensionem
1414 3209 1509 3275 sic
1554 3210 1741 3274 2037.

254 3293 682 3361 Conservabo
723 3292 1261 3359 consuetudinem
1308 3298 1497 3358 4150.

254 3378 651 3446 Consideres
696 3398 812 3443 oro
856 3377 1228 3445 consideres
1252 3383 1399 3442 239.

256 3464 576 3533 Consiliis
617 3463 959 3531 Christum
1007 3467 1195 3528 3294.

253 3551 626 3618 Consilium
670 3559 862 3615 tuum
906 3550 1075 3614 mihi
1121 3554 1308 3615 4049.

253 3635 627 3704 Consilium
670 3644 861 3701 tuum
907 3635 1338 3702 vehementer
1380 3643 1565 3700 3301.

252 3723 749 3789 Constitueram
795 3721 1048 3804 pridem
1105 3726 1287 3787 1830.

250 3808 837 3875 Consultissimum
881 3807 1009 3873 fuit
1056 3810 1243 3873 3057.

252 3894 658 3977 Consumpsi
699 3913 927 3958 omnes
973 3894 1391 3960 excusandae
1445 3898 1631 3960 1648.

252 3981 458 4047 Conti
510 3980 560 4044 ’t
600 3979 972 4062 praeteritis
1018 3981 1203 4043 2611.

252 4002 530 4133 006151
574 4086 725 4132 cum
768 4065 853 4130 Β.
902 4066 1242 4131 Ludovico
1288 4070 1473 4130 3391.

252 4152 531 4218 Contuli
577 4172 685 4219 me
727 4148 978 4217 Orbam
1034 4155 1211 4214 1480.

253 4238 713 4304 Conveniebat
759 4236 979 4302 hercle
1029 4240 1210 4300 1258.

251 4323 527 4390 Coraldi
572 4330 783 4387 morte
826 4323 922 4387 ita
964 4343 1109 4389 sum
1166 4327 1302 4386 148.

249 4407 631 4476 Credebam
676 4428 886 4491 nuper
931 4408 1267 4474 Buoerum
1320 4414 1453 4474 115.

248 4494 547 4561 Credere
589 4495 861 4560 fortasse
904 4515 1128 4577 posses
1182 4498 1361 4559 1462.

248 4580 593 4647 Credibile
637 4601 768 4645 non
811 4590 911 4644 est
950 4584 1088 4645 183.

120 4684 129 4694 ·
247 4666 610 4733 Credimus
652 4663 1097 4749 amplissimas
1144 4668 1329 4730 2824.

250 4751 477 4819 Credo
523 4772 629 4817 me
672 4752 810 4817 fore
853 4755 1042 4813 4140.

247 4837 480 4905 Credo
522 4848 589 4903 te
632 4859 761 4902 non
810 4838 1063 4903 nescire
1111 4840 1295 4900 2507.

248 4924 515 5007 Culpae
559 4924 824 4989 veniam
870 4944 1067 5007 quam
1110 4922 1482 5006 deprecaris
1531 4928 1717 4990 1740.

247 5009 436 5077 Cum
478 5010 563 5074 D.
614 5008 849 5075 Carolo
903 5014 1038 5071 187.

244 5095 436 5162 Cum
476 5094 790 5161 fratribus
833 5093 1328 5162 Gebennatibus
1373 5099 1474 5159 89.

248 5182 433 5249 Cum
477 5180 583 5248 1116
626 5179 1141 5247 adolescentibus
1194 5186 1376 5243 1473.

252 5268 436 5335 Cum
482 5266 607 5332 hoo
649 5267 819 5333 bono
863 5269 1004 5332 viro
1058 5271 1235 5330 1704.

250 5356 592 5439 Cuperem
636 5353 913 5419 meliora
956 5375 1039 5419 ex
1085 5352 1453 5419 Germania
1498 5355 1685 5419 3704.

2338 632 2668 717 Cuperem
2713 635 2983 700 omnino
3038 638 3220 698 1287.

2337 719 2663 803 Cuperem
2710 721 2841 787 tuis
2883 728 2952 786 et
2995 719 3490 787 Genevensium
3538 725 3684 788 629.

2337 804 2698 888 Cupiebam
2743 813 2812 871 et
2854 827 2888 871 s
2935 806 3198 874 erabam
3247 811 3432 872 3100.

2338 890 2551 973 Cupio
2594 892 2724 955 iam
2769 892 2876 976 pri
2923 912 3027 957 em
3073 891 3155 957 ad
3192 899 3260 956 te
3289 896 3471 958 1086.

2335 976 2478 1042 Cur
2520 975 2603 1041 ad
2647 997 2767 1042 vos
2811 977 3025 1044 rarius
3070 982 3257 1042 4043.

2336 1060 2478 1129 Cur
2520 1062 2629 1127 hio
2672 1062 2911 1130 nobilis
2952 1071 3022 1128 et
3061 1064 3210 1146 pius
3257 1067 3402 1131 606.

2334 1148 2477 1213 Cur
2519 1148 2902 1216 Matthaeus
2945 1160 3168 1215 noster
3220 1154 3401 1214 1735.

2334 1233 2475 1299 Cur
2519 1235 2740 1301 minus
2785 1236 3300 1317 exoptatissimis
3325 1238 3471 1303 522.

2334 1320 2475 1386 Cur
2519 1318 2825 1387 Sechelio
2869 1327 3093 1386 nostro
3139 1324 3322 1384 2206.

2335 1405 2616 1472 Curavit
2659 1408 2917 1491 legatus
2963 1408 3184 1491 regius
3231 1411 3417 1476 3481.

3268 1617 3361 1684 D.

2332 1750 2545 1816 Dabis
2588 1749 2753 1815 mihi
2796 1750 3062 1816 veniam
3106 1750 3279 1833 quod
3325 1773 3499 1818 nuno
3550 1754 3732 1814 1484.

2333 1834 2544 1901 Dabis
2589 1837 2850 1902 veniam
2896 1834 3068 1919 quod
3112 1857 3196 1901 ex
3220 1858 3347 1921 quo
3387 1843 3572 1902 1990.

2333 1921 2546 1987 Dabis
2589 1922 2852 1988 veniam
2899 1922 2955 1986 si
3000 1923 3241 1989 iterum
3281 1927 3468 1989 2140.

2332 2007 2597 2072 Dabitis
2638 2007 2802 2073 mihi
2857 2012 3038 2072 1750.

2332 2091 2670 2159 Damnavi
2716 2095 2976 2176 saepius
3011 2115 3228 2160 meam
3277 2096 3464 2160 2236.

2331 2178 2573 2244 Daniel
2598 2177 2929 2245 Osiander
2972 2183 3160 2242 3909.

2331 2262 2438 2329 ΒΘ
2485 2263 2775 2331 adventu
2821 2265 2906 2330 ad
2950 2286 3068 2331 nos
3116 2269 3261 2330 889.

2331 2351 2436 2415 ΒΘ
2481 2348 2894 2434 aegritudine
2935 2370 3083 2416 mea
3136 2355 3318 2414 1736.

2329 2436 2435 2501 Βο
2480 2437 2698 2502 Bezae
2739 2437 2945 2502 nostri
2989 2437 3390 2521 profectione
3436 2439 3623 2502 2801.

2330 2522 2436 2587 Β6
2482 2521 2744 2587 Brentii
2788 2529 2854 2587 et
2898 2521 3084 2588 ducis
3128 2525 3315 2587 4012.

2330 2607 2436 2673 ΒΘ
2482 2607 2842 2674 Carmelita
2888 2628 3092 2691 quum
3137 2629 3261 2693 ego
3308 2612 3453 2674 591.

2331 2693 2436 2759 Β6
2482 2692 2860 2765 Castalione
2904 2714 3039 2759 non
3082 2703 3186 2761 est
3231 2698 3416 2759 3696.

2332 2779 2438 2844 Β6
2481 2799 2679 2846 06666
2714 2779 3138 2845 Garneriana
3184 2784 3368 2845 2237.

2331 2862 2438 2929 ΒΘ
2482 2885 2684 2931 00666
2727 2865 3000 2930 Domini
3047 2867 3232 2928 2629.

2332 2950 2438 3015 Β6
2482 2950 2799 3034 colloquio
2841 2970 3087 3034 magna
3129 2971 3280 3034 spes
3327 2953 3515 3016 2806.

2330 3034 2437 3101 ΒΘ
2481 3036 2801 3121 colloquio
2845 3036 3019 3121 quod
3065 3039 3253 3099 4162.

2328 3123 2437 3189 ΒΘ
2480 3121 2865 3189 Combaudo
2908 3125 3003 3190 610
3044 3123 3447 3208 respondent
3493 3129 3638 3189 714.

2329 3207 2437 3273 ΒΘ
2476 3208 2823 3275 concordia
2842 3211 3356 3275 sacramentaria
3387 3213 3568 3275 1260.

2330 3293 2437 3359 ΒΘ
2481 3293 2876 3361 decanorum
2923 3314 3235 3378 responso
3279 3298 3424 3358 424.

2329 3379 2436 3445 ΒΘ
2480 3380 2822 3447 Deothaeo
2864 3379 3193 3446 nihildum
3237 3383 3398 3447 oerti
3444 3383 3587 3446 724.

2326 3466 2433 3531 ΒΘ
2477 3465 2823 3549 disciplina
2863 3465 2980 3531 illa
3027 3469 3209 3530 1802.

2326 3552 2433 3617 ΒΘ
2477 3551 2922 3636 disputatione
2966 3552 3448 3638 Heidelbergae
3495 3556 3684 3616 3250.

2327 3636 2434 3702 ΒΘ
2479 3637 2752 3704 60016616
2794 3635 3067 3704 Orbana
3107 3643 3290 3703 1771.

2326 3724 2432 3789 Β6
2478 3732 2724 3789 eventu
2913 3722 3138 3789 oediae
3184 3728 3372 3789 2188.

2326 3809 2433 3874 Β6
2476 3809 2728 3875 Farelli
2768 3818 2835 3876 et
2941 3830 3094 3875 ezae
3137 3810 3542 3877 confessione
3588 3812 3777 3876 2667.

2325 3894 2433 3960 ΒΘ
2474 3893 2606 3962 fide
2647 3896 3156 3978 sinceritateque
3195 3899 3340 3960 549.

2326 3980 2434 4046 ΒΘ
2478 3981 2794 4047 fratribus
2828 3981 3051 4065 quieto
3097 4001 3276 4047 nunc
3321 3983 3540 4047 animo
3588 3984 3731 4046 767.

2325 4067 2433 4133 ΒΘ
2477 4065 2738 4133 Galliae
2781 4067 2979 4133 rebus
3025 4068 3212 4132 3223.

2326 4151 2434 4217 ΒΘ
2479 4151 2738 4218 Gallico
2782 4152 3073 4218 tumultu
3111 4156 3298 4216 3192.

2327 4239 2432 4303 ΒΘ
2477 4236 2906 4304 Gebennensi
2947 4237 3223 4304 eeclesia
3268 4244 3413 4304 293.

2326 4322 2434 4388 ΒΘ
2478 4323 2903 4389 Genevatum
2949 4332 3128 4389 statu
3175 4328 3361 4389 2317.

2327 4410 2433 4474 ΒΘ
2479 4409 2604 4475 1100
2647 4410 2854 4476 fratre
2897 4429 3030 4475 non
3077 4408 3286 4475 habeo
3337 4414 3521 4475 1330.

2326 4496 2432 4560 Β6
2476 4494 2809 4561 horrenda
2849 4495 2980 4561 ista
3022 4496 3394 4562 calamitate
3446 4500 3628 4559 1013.

2326 4581 2431 4645 ΒΘ
2476 4581 2678 4647 116166
2723 4582 2949 4648 nuncii
2992 4580 3282 4648 discessu
3330 4585 3516 4645 3242.

2326 4665 2433 4731 ΒΘ
2474 4666 2748 4731 Iaffredi
2791 4666 3104 4733 Varallae
3146 4668 3432 4733 vinculis
3476 4669 3666 4732 2821.

2326 4753 2432 4817 Β6
2477 4750 2588 4816 1110
2624 4752 2886 4837 negotio
2929 4774 3062 4818 non
3108 4754 3326 4819 visum
3371 4761 3475 4819 est
3520 4756 3709 4817 2868.

2327 4838 2432 4903 ΒΘ
2475 4837 2588 4901 illo
2633 4859 2896 4904 rumore
2939 4859 3134 4922 quem
3176 4838 3472 4905 medicus
3510 4840 3696 4903 2768.

2326 4922 2435 4988 Β6
2479 4923 2738 4990 iniuriis
2785 4945 2949 5008 quas
2991 4924 3281 5008 quotidie
3328 4930 3518 4990 3157.

2326 5008 2433 5074 Β6
2477 5011 2620 5093 ipso
2664 5010 3057 5093 imperatore
3102 5016 3248 5075 511.

2327 5096 2432 5161 ΒΘ
2473 5096 3064 5163 Lausannensibus
3106 5098 3178 5161 in
3217 5096 3658 5179 praesentiam
3689 5099 3873 5161 1366.

2326 5180 2432 5246 ΒΘ
2475 5180 2724 5247 librarii
2768 5203 3049 5249 censura
3098 5185 3281 5247 1324.

2325 5265 2432 5332 ΒΘ
2476 5265 2641 5333 libro
2685 5290 2862 5334 nuno
2903 5268 3056 5335 licet
3106 5271 3286 5331 1280.

2326 5353 2431 5418 ΒΘ
2473 5351 2683 5420 literis
2727 5354 2970 5420 Buceri
3011 5364 3187 5422 recte
3230 5359 3374 5420 735.
