4900 6125
619 415 750 479 595

628 1454 733 1518 44.

626 1794 733 1860 50.
779 1794 1011 1860 Herm.
1055 1793 1178 1860 ΪῪ.
1231 1797 1349 1859 187
1396 1794 1570 1860 hanc
1611 1793 1742 1878 ipsi
1780 1793 2149 1881 Megandro
2201 1795 2597 1879 inscriptam

626 1965 732 2032 53.

620 2737 726 2805 59.
787 2738 942 2805 Not.
1000 2741 1060 2803 2.
1148 2736 1469 2804 Claudius
1557 2735 1825 2822 Savoye
1910 2759 2045 2803 non
2134 2738 2595 2806 antitrinarius

797 2824 913 2891 ille
969 2822 1086 2890 sed
1143 2822 1480 2908 syndicus.
1569 2823 1765 2889 Alter
1818 2824 2084 2907 proprio
2139 2844 2261 2890 suo
2327 2825 2594 2890 nomine

793 2906 991 2976 Aliod
1035 2909 1430 2988 vocabatur,
1499 2908 1582 2975 de
1624 2928 1752 2992 quo
1794 2908 1947 2975 vide
1990 2909 2224 2975 Herm.
2269 2908 2398 2975 III.
2450 2913 2593 2975 173.

792 2995 917 3061 IV.
965 2997 1093 3060 235
1137 2994 1222 3060 Ὺ.
1277 2999 1419 3061 152.
1510 2993 2026 3082 Herminjardus
2080 2995 2253 3061 hanc
2309 3016 2444 3063 non
2489 3016 2594 3063 re-

631 4022 741 4177 ΞΒ

637 4366 743 4432 70.

636 4794 745 4864 88.
800 4796 1033 4863 Herm.
1077 4794 1162 4863 V.
1211 4800 1335 4861 275
1382 4797 1467 4862 ad
1508 4817 1598 4861 m.
1630 4795 1950 4863 Martium
1995 4797 2159 4862 1539
2217 4803 2605 4881 vergentem

815 4882 1034 4949 refert.
1123 4882 1493 4949 Pessimam
1539 4881 1837 4969 Grynaei
1879 4882 2294 4948 literaturam
2339 4890 2407 4948 et
2449 4901 2606 4950 ocu-

814 4968 904 5035 lis
962 4967 1099 5034 fere
1154 4968 1478 5035 letiferam
1536 4976 1604 5034 et
1667 4968 1775 5035 hic
1818 4974 1887 5033 et
1928 4967 2083 5034 alibi
2127 4969 2448 5035 extricare
2492 4967 2609 5035 vix

815 5056 1170 5204 Potuimus.
1258 5054 1432 5122 Ecce
1475 5054 1787 5121 lectiones
1828 5053 1962 5120 viri
2010 5053 2371 5120 doctissimi
2412 5053 2609 5119 modo

1292 5190 1308 5205 .
1375 5143 1495 5205 135
1554 5139 1668 5206 lin.
1723 5140 1840 5206 ult.
1896 5158 2045 5224 pro:
2110 5140 2368 5206 irritam
2410 5139 2613 5206 habet

819 5227 1075 5292 veritus.
1121 5263 1208 5274 —
1251 5223 1403 5293 1bid.
1467 5246 1586 5309 pro
1642 5226 1894 5293 videtur
1936 5225 1979 5291 l.
2024 5226 2284 5293 iudicat.
2329 5262 2414 5273 —
2504 5245 2610 5310 ag.

824 5314 947 5374 136
1008 5311 1050 5375 1.
1122 5318 1185 5377 l:
1247 5332 1367 5396 pro
1410 5312 1758 5380 certissima
1812 5311 1853 5377 l.
1895 5312 2267 5379 rectissima.
2329 5348 2407 5360 —
2488 5362 2503 5378 .
2548 5321 2609 5376 4.

1983 404 2447 473 ADDENDA
2489 406 2612 471 Em
2654 402 3288 472 OORRIGENDA.

798 597 840 661 l.
884 601 995 662 10:
1038 595 1389 677 disquirite.
1432 630 1518 643 —
1560 595 1603 660 l.
1658 599 1756 660 15.
1799 595 2164 661 reiicite.—
2205 595 2247 661 1.
2296 596 2381 660 30
2427 614 2594 661 erec-

798 683 953 782 turi.
996 713 1083 727 —
1125 681 1167 747 l.
1215 683 1318 746 31.
1364 679 1564 760 liceat,
1605 700 1701 746 ne.
1747 716 1835 727 —
1876 680 1921 746 1.
1980 685 2024 745 4
2065 701 2106 745 a
2148 680 2318 747 fine:
2384 700 2596 747 omnes

800 768 1116 834 domnum
1174 764 1269 850 (ἲ)
1314 802 1401 814 -
1443 786 1591 852 pag.
1640 769 1742 831 73.
1802 765 1846 831 1.
1891 772 1932 829 4
1978 786 2020 831 a
2062 766 2196 832 fine
2237 767 2462 832 simus.

799 853 933 918 Hic
975 851 1223 918 Farelli
1293 873 1496 918 manu
1565 849 1818 935 decepti
1874 852 2241 919 Heniclium
2308 851 2594 934 aliquem

802 935 1128 1005 detexisse
1190 937 1381 1004 nobis
1446 938 1573 1003 visi
1641 958 1872 1004 sumus
1947 937 2060 1022 qui
2124 935 2596 1023 Herminjardo

804 1024 1127 1091 Henrims
1168 1030 1287 1103 est,
1329 1044 1568 1107 nempe
1612 1022 1692 1089 de
1734 1022 1800 1089 la
1842 1023 2051 1090 Mare.
2101 1022 2250 1107 (ΙῪ.
2304 1028 2475 1099 123).

924 1108 1138 1175 Paulo
1160 1117 1354 1175 antea
1375 1109 1478 1175 bis
1500 1129 1618 1192 pro
1642 1107 1823 1176 Lina
1843 1116 2043 1193 (quae
2066 1109 2251 1174 nulla
2272 1114 2400 1188 est)
2419 1106 2596 1175 idem

801 1192 1156 1280 legendum
1213 1203 1438 1261 censet
1501 1193 1745 1261 bellona.
1828 1195 2081 1261 Verum
2139 1215 2333 1278 quem
2397 1195 2597 1261 huius

801 1279 1104 1349 vocabuli
1147 1300 1417 1346 sensum
1439 1279 1820 1364 suppeditat
1862 1280 2051 1347 nobie
2073 1282 2233 1347 satis
2255 1288 2596 1347 contortus

802 1366 1083 1433 videtur.

799 1452 950 1517 Not.
997 1456 1057 1518 7.
1135 1451 1466 1534 Loquitur
1544 1450 1626 1517 de
1681 1450 1774 1517 Io.
1846 1450 1928 1517 de
1992 1452 2304 1538 'I'ournay
2368 1460 2598 1537 postea

800 1536 1185 1621 saepissime
1219 1535 1505 1603 laudato.
1581 1538 1677 1603 Et
1713 1536 1809 1603 sic
1830 1557 2086 1621 quoque
2109 1537 2597 1604 emendandum

800 1623 886 1689 N.
935 1625 1017 1687 56
1061 1631 1179 1688 not
1222 1627 1280 1688 3.
1370 1622 1602 1690 Mense
1647 1621 1934 1690 Octobre
2000 1627 2163 1688 1536
2217 1623 2431 1690 factus
2495 1631 2599 1690 est

799 1709 1105 1775 minister
1146 1707 1426 1775 Viviaoi.

802 1879 1029 1947 credit.

796 1964 1057 2049 Sinapii
1116 1985 1389 2031 uxorem
1441 1964 1615 2031 male
1658 1964 1724 2031 h.
1786 1964 1828 2030 l.
1872 1963 2272 2050 Bata-ynam
2329 1967 2595 2052 scripsi-

801 2072 949 2118 mus
1013 2071 1217 2133 quum
1260 2049 1630 2135 Bucyronia
1695 2071 1839 2118 esse
1904 2049 2171 2118 deberet
2234 2051 2345 2138 (N.
2420 2051 2594 2140 181).

800 2136 1058 2202 Verum
1112 2157 1247 2202 non
1292 2137 1482 2203 nobis
1526 2134 1643 2203 sed
1687 2136 2003 2223 Grynaeo
2066 2136 2192 2205 hoc
2235 2139 2401 2206 vitio
2442 2160 2597 2205 ver-

800 2231 996 2288 tatur.
1095 2220 1611 2308 Herminjardus
1652 2222 1815 2308 legit
1857 2221 2201 2307 Bueeryna
2216 2275 2232 2305 ,
2302 2224 2481 2310 quod
2522 2225 2598 2290 in

796 2308 1099 2393 margine
1141 2309 1466 2374 emendat.
1553 2307 1762 2374 Plura
1818 2307 2024 2374 habes
2075 2308 2251 2394 apud
2293 2308 2596 2377 eundem.

970 2392 1193 2476 Quam
1236 2393 1437 2478 paulo
1478 2402 1630 2479 post
1672 2399 1837 2472 (not.
1883 2396 1952 2477 2)
1998 2394 2382 2478 reliquimus
2415 2394 2598 2463 lacu-

799 2500 955 2546 nam
1018 2477 1197 2546 idem
1264 2480 1488 2564 explet
1590 2480 1840 2546 inserto
1906 2479 2223 2548 vocabulo
2288 2482 2595 2564 aliquam.

796 2564 912 2633 Sic
955 2586 1121 2632 vero
1162 2564 1507 2632 evidenter
1548 2565 1854 2633 Donatus
1903 2566 2174 2651 vapulat
2218 2566 2371 2645 (ῙῪ.
2416 2565 2593 2654 205).

974 2651 1126 2718 Not.
1171 2657 1234 2718 4.
1281 2651 1448 2718 bene
1490 2649 1668 2718 idem
1704 2650 2002 2735 supplet:
2046 2658 2284 2720 naehta.

796 3082 988 3166 cepit.

970 3167 1260 3234 'sextum
1335 3168 1589 3234 iteratis
1674 3167 1855 3235 curis
1920 3167 2168 3252 passim
2246 3165 2597 3234 emendare

842 3252 1166 3321 otnimus:
1213 3253 1375 3338 Pag.
1425 3257 1529 3320 98.
1573 3253 1620 3319 1.
1671 3257 1744 3317 11
1791 3252 1973 3337 lege:
2016 3255 2289 3320 doceant.
2334 3252 2488 3318 -1,
2514 3257 2598 3318 30

856 3339 1224 3406 alumniam
1278 3341 1481 3406 nostri
1538 3339 2162 3406 manifestissimam.
2209 3373 2292 3386 —
2336 3338 2382 3406 1.
2435 3343 2514 3405 13
2560 3360 2602 3405 a

797 3427 930 3492 fine
973 3430 1184 3491 moues
1220 3445 1341 3508 pro
1385 3429 1603 3491 metus.
1647 3459 1737 3474 -
1777 3445 1841 3508 p.
1886 3428 1990 3490 99.
2033 3424 2078 3491 1.
2127 3429 2199 3491 9:
2244 3423 2426 3490 Dum
2468 3424 2602 3491 col-

794 3510 1140 3595 loquimur.
1182 3546 1267 3557 —
1305 3509 1351 3576 l.
1386 3513 1424 3574 2
1451 3511 1674 3577 afine:
1718 3510 2021 3577 curabant
2059 3531 2211 3611 pro:
2255 3510 2600 3578 evocabant.

797 3600 1557 3751 5m⁹²313301lm¹2312u425
1602 3601 1784 3748 1⁶⁶?
1823 3597 2601 3766 Yssffispssooeffsssstz

800 3805 884 3818 -
927 3767 972 3835 l.
1025 3772 1133 3833 17:
1191 3768 1370 3835 clara
1420 3767 1709 3853 ingenia.
1766 3802 1852 3814 —
1906 3766 1951 3833 1.
1999 3771 2113 3833 29:
2170 3786 2291 3835 nos
2332 3774 2601 3835 temere.

801 3892 886 3903 —
932 3854 977 3920 l.
1025 3857 1126 3919 31.
1175 3852 1446 3921 Baalim
1487 3874 1608 3938 pro
1665 3851 1969 3919 Balaam.
2040 3888 2126 3900 —
2166 3874 2317 3939 pag.
2370 3859 2510 3921 103.
2555 3854 2599 3922 l.

808 3946 843 4005 5
882 3960 926 4006 a
957 3940 1121 4006 fine:
1174 3940 1371 4022 Quem

797 4025 954 4092 Not.
1011 4035 1062 4092 1.
1111 4025 1347 4092 Herm.

1458 3959 1775 4006 mamur-

810 4283 1150 4368 sequentia
1190 4302 1362 4368 quae
1401 4282 1835 4368 negleximus.

800 4370 873 4434 in
910 4370 1040 4435 fine
1078 4390 1197 4453 pro
1220 4367 1552 4453 Goynentio
1588 4367 1823 4433 Herm.
1846 4367 1970 4434 IV.
1996 4371 2116 4433 261
2159 4369 2347 4452 ponit
2371 4366 2602 4452 Goym-

811 4456 988 4533 tism,
1033 4475 1232 4538 quem
1252 4454 1558 4539 perhibet
1584 4453 1869 4519 eundem
1892 4454 2092 4519 fnisse
2112 4475 2190 4520 ac
2212 4454 2329 4520 cel.
2359 4453 2600 4519 Matth.

814 4538 1100 4625 Ooignet
1140 4538 1592 4606 consiliarium
1635 4539 1892 4638 regium
1937 4540 2052 4622 qui
2109 4539 2491 4624 saepissime
2529 4539 2603 4604 in

814 4625 1125 4692 thesauro
1188 4633 1418 4691 nostro
1481 4631 1768 4692 occurrit
1851 4625 2056 4711 legati
2136 4625 2351 4691 officio
2428 4625 2604 4709 apud

814 4710 1161 4778 Helvetios
1201 4711 1510 4796 fungens.

843 5137 1099 5205 audati:
1159 5160 1203 5224 p

1437 4046 1474 4090 e
1498 4025 1734 4092 Mauro
1756 4025 2035 4091 Musaeo
2075 4024 2303 4091 nullus
2325 4023 2598 4091 dubitat.

800 4111 1028 4179 Verba
1070 4110 1344 4178 ultima:
1437 4110 1683 4177 Rerum
1726 4112 2010 4177 omnium
2050 4110 2276 4195 ignaro
2317 4117 2375 4179 et
2415 4110 2602 4178 stulto

806 4199 944 4264 viro
984 4217 1327 4282 perperam
1372 4198 1437 4264 h.
1498 4196 1543 4262 l.
1590 4195 1815 4264 addita
1858 4203 2031 4263 sunt.
2120 4195 2476 4263 Pertinent
2516 4197 2602 4263 ad

2694 847 2802 917 87.

4499 404 4596 467 5⁹5

2870 592 3425 744 Ξυρρξξερεῑῑωη
3466 594 3633 661 enim
3673 612 3930 659 omnm
3969 628 4056 693 3-
4090 591 4602 742 17εεόαόιὶῖ-1.

2956 697 3205 831 amitz
3249 677 4450 832 moretanmlgeguresmanm—
4559 680 4606 742 2.

2859 850 3016 1002 Nat.
3038 853 3192 1003 385·
3222 784 3468 918 serim:
3531 847 3835 917 Gamla.
3923 850 4018 916 Et
4070 851 4166 917 sic
4208 869 4454 934 quoque
4489 868 4610 934 pag.

2694 1020 2798 1089 88.
2842 1021 2996 1088 Not.
3049 1027 3101 1088 1.
3145 1021 3376 1087 Herm.
3422 1041 3556 1087 non
3579 1021 3977 1106 Negelinum
4010 1020 4126 1087 sed
4163 1021 4304 1088 Nic.
4348 1019 4427 1086 de
4455 1019 4616 1086 Dies-

2869 1107 3038 1174 bach
3081 1108 3282 1175 fuisse
3326 1108 3728 1192 praefectum
3776 1109 4261 1174 Tononiensem
4304 1104 4498 1172 doust.

3042 1194 3102 1259 P
3190 1243 3206 1260 .
3250 1198 3392 1258 146.
3437 1191 3480 1258 l.
3527 1196 3567 1256 2
3608 1193 3785 1277 lege:
3831 1193 4196 1262 Ammaous
4235 1192 4622 1275 (Hel-manes,

2868 1279 3057 1346 vicus
3099 1299 3140 1344 a
3225 1278 3441 1345 lacum
3482 1278 3703 1364 situs).

3045 1364 3149 1430 De
3192 1363 3465 1432 Colineo
3527 1364 3693 1432 haec
3751 1364 3952 1432 habe:
4041 1365 4176 1432 Pro
4221 1364 4324 1430 rio
4377 1384 4489 1429 sno
4523 1381 4624 1428 no·

2870 1453 3050 1516 mine
3100 1449 3463 1518 vocabatur
3502 1449 3597 1517 Io.
3642 1450 3694 1518 J
3692 1450 3852 1517 anin
3907 1449 4005 1517 dit
4055 1451 4120 1517 le
4260 1449 4508 1535 lognier
4553 1468 4626 1513 ou

2873 1535 3196 1621 Oologny.
3286 1535 3603 1602 Genevae
3668 1537 3953 1638 degebat
4015 1558 4056 1603 a
4127 1539 4293 1601 1537
4360 1543 4426 1601 et
4481 1535 4626 1601 aa&

2873 1796 3020 1860 296.
3068 1796 3213 1858 351.
3302 1791 3439 1875 Qui
3478 1793 3721 1860 1b1dem
3775 1814 3916 1861 voc.
3957 1794 4266 1860 Bacchus
4305 1799 4630 1944 Ἢ

2870 1876 3233 1945 secundum
3312 1877 3593 1945 eundem
3659 1879 3811 1958 (IV.
3877 1885 3981 1947 44.
4048 1879 4205 1965 350)
4269 1879 4404 1945 fuit
4526 1877 4539 1891 ⁶

2871 1962 3212 2042 Lambert,
3258 1964 3373 2049 qui
3414 1965 3617 2031 etiam
3659 1965 3944 2032 occurrit
3981 1965 4067 2033 N.
4111 1968 4217 2030 83.

3042 2049 3149 2116 De
3173 2049 3407 2116 Gastio
3451 2050 3649 2117 adeas
3692 2049 3978 2117 eundem
4019 2050 4142 2117 rV.
4190 2053 4340 2116 351.
4385 2048 4468 2115 V.
4514 2050 4627 2114 1³8.

2875 2138 3020 2200 235.
3043 2139 3188 2200 245.
3257 2134 3728 2220 Anabaptismi
3766 2135 4031 2222 quidem
4074 2145 4444 2220 suspectus,
4483 2133 4630 2200 nihi·

2870 2220 3158 2288 lominus
3215 2241 3256 2286 a
3297 2220 3748 2287 Beruensibus
3803 2222 4300 2289 commendatus
4363 2219 4634 2287 mium

2870 2307 3002 2372 fuit
3040 2306 3115 2372 in
3157 2306 3570 2391 praefectura
3612 2307 3889 2375 Gaiensi
3932 2306 4040 2375 vel
4080 2307 4519 2374 Ternincensi.

2862 2391 3374 2478 Herminjardus
3430 2392 3605 2460 hanc
3661 2414 3749 2460 ex
3813 2392 4130 2460 mendosa
4183 2393 4469 2460 Orotteti
4519 2389 4631 2457 edi-

2871 2478 3055 2544 tione
3098 2477 3463 2561 descripsit,
3507 2487 3586 2544 ut
3625 2487 3695 2544 et
3735 2479 3819 2546 N.
3865 2482 3968 2546 99.

3077 2563 3231 2631 Not.
3273 2568 3332 2628 2.
3375 2562 3697 2630 Ioannem
3742 2565 3923 2632 hunc
3965 2564 4296 2632 Ludovici
4336 2564 4428 2632 dn
4465 2560 4634 2630 'Eua

2870 2649 3169 2800 gamm}
3222 2649 3426 2717 fuisse
3504 2650 3767 2717 dubitat
3825 2649 4027 2717 idem.
4138 2649 4316 2717 Vide
4381 2649 4634 2718 maxim

2930 2756 3058 2801 om.
3170 2786 3187 2801 .
3232 2756 3294 2819 p.
3349 2739 3486 2802 108.

2699 2818 2803 2886 94.
2863 2821 3171 2888 Lacunas
3215 2820 3415 2888 laceri
3455 2820 3702 2889 codicis
3743 2822 3838 2889 sic
3886 2821 4112 2906 explet
4151 2820 4634 2907 Herminjardn

2703 4447 2809 4518 96.

2704 4534 2810 4605 97.

2870 2906 3489 2990 Lbzne(nae)si
3882 2908 4248 2991 fuit—l.
4317 2913 4634 2974 12:001:-

2872 2992 3107 3059 stituta
3146 2997 3351 3059 antea.
3398 3028 3481 3040 —
3523 2992 3568 3058 1.
3618 2998 3694 3058 17
3714 3014 3730 3058 :
3775 3013 3942 3079 repu
4231 2990 4288 3083 ].

2869 3078 3114 3146 Franc.
3158 3080 3506 3146 Fontanus
3551 3080 3668 3164 (du
3689 3079 3898 3159 Pont)
3939 3082 4247 3149 minister
4285 3082 4363 3148 in
4383 3081 4633 3164 Boinga

2875 3164 3135 3247 (Herm.
3193 3164 3300 3230 IV
3301 3216 3318 3233 .
3381 3163 3556 3265 363).
3643 3165 3729 3231 In
3795 3166 3925 3233 hoc
3983 3168 4250 3233 nomine
4303 3168 4368 3233 si
4429 3164 4635 3233 incerti

2871 3249 3222 3316 haeremus
3235 3300 3254 3331 ,
3322 3259 3398 3317 tu
3459 3272 3521 3316 ει
3584 3251 3754 3317 forte
3818 3253 4260 3319 erraverimus
4339 3252 4469 3319 hoc
4525 3270 4635 3316 nun

2874 3335 3118 3437 solum·
3153 3336 3577 3436 ignorantiae
3624 3343 3907 3437 nostrae·
3943 3337 4235 3405 tribuere
4275 3338 4452 3439 velis
4469 3388 4487 3417 ,
4541 3332 4636 3402 ωδ

2874 3428 3532 3609 {maur
3615 3422 4635 3576 -.¹:¹,2:⁰..¹¹².2ff÷20ss¹‘¹¹⁸...„.³²⁰03ar

2873 3601 3316 3659 mmstenum
3360 3593 3527 3659 fllud
3561 3613 3644 3678 ap
3666 3593 4099 3662 Genevenses
4133 3596 4512 3680 auspicato
4538 3602 4632 3660 α.

2874 3681 2989 3744 An
3059 3699 3213 3745 vero
3255 3678 3339 3745 N.
3407 3682 3563 3744 1261
3646 3680 3731 3745 de
3797 3679 4027 3747 eodem
4089 3680 4516 3766 cogitandum
4567 3678 4636 3744 sit

2875 3764 3288 3849 ambigimus.
3375 3765 3481 3830 Ea
3535 3786 3694 3832 vero
3745 3787 3916 3850 quae
3967 3766 4054 3832 ad
4092 3766 4179 3834 N.
4247 3772 4424 3832 3005
4464 3784 4636 3831 anno·

2875 3850 3164 3917 tavimus
3207 3850 3478 3916 omnino
3523 3849 3725 3919 dubia
3760 3851 3870 3919 vel
3911 3853 4132 3936 potins
4164 3872 4450 3920 erronea
4479 3860 4635 3937 put*

2872 3956 3043 4002 mus.
3109 3934 3197 4000 D.
3243 3934 3326 4002 de
3351 3935 3769 4021 Oorguillera
3844 3937 4117 4004 nomine
4151 3958 4270 4004 sno
4303 3937 4637 4005 οδε-’Βίην

2873 4021 3228 4106 Philippus
3286 4023 3654 4089 vocabatur.
3809 4023 3878 4088 ui
3934 4023 4019 4090 N.
4102 4027 4274 4089 3470
4367 4023 4636 4090 laud-m

2875 4106 2995 4172 vix
3051 4128 3206 4174 cnm
3245 4106 3604 4175 Francisco
3675 4107 3781 4175 vel
3824 4107 4105 4176 Claudio
4168 4104 4636 4176 confundenda

2877 4190 3159 4274 videtur,
3200 4192 3316 4259 sed
3359 4192 3739 4260 Pontanum
3771 4193 3856 4260 N.
3903 4198 4072 4261 3527
4115 4203 4428 4263 nostrum
4459 4193 4636 4260 Fru-

2874 4279 3120 4345 eiscum
3163 4277 3511 4346 credimus.
3581 4278 3843 4345 Verum
3883 4280 4047 4347 haec
4087 4280 4316 4346 omnia
4358 4300 4445 4347 ex
4481 4296 4636 4345 mm

2872 4362 3267 4431 coniectura.

2863 4448 3111 4516 Donna
3153 4450 3443 4517 Granta:
3488 4450 3756 4517 Perrini
3797 4459 4030 4532 mater,
4072 4452 4396 4518 Pernette
4429 4451 4634 4519 emt

2867 4537 3096 4603 Etiam
3165 4536 3238 4601 in
3320 4535 3447 4602 hac
3506 4535 3808 4621 Grynaei
3872 4537 4153 4622 epistola
4207 4532 4634 4622 Herminjarffi

2878 4621 3080 4687 editio
3138 4619 3316 4687 haud
3370 4642 3526 4687 raro
3580 4641 3621 4685 a
3678 4632 3908 4688 nostra
3949 4619 4298 4708 discrepat.
4553 4622 4568 4633 '

2874 4709 3010 4773 iam
3045 4705 3145 4772 illi
3179 4706 3681 4791 adstipulamur,
3727 4709 3797 4773 in
3818 4707 3966 4775 aliis
3998 4716 4294 4775 nostram
4321 4708 4632 4774 leudona

2877 4801 3161 4860 tuemur.
3248 4793 3421 4859 Ecce
3463 4794 3757 4878 potiora:

3051 4878 3213 4964 Pag.
3289 4884 3430 4949 159.
3494 4877 3540 4944 l.
3607 4880 3719 4944 21:
3800 4901 3921 4965 pro
3975 4879 4266 4962 prinum
4329 4882 4374 4947 l.
4437 4877 4630 4951 M

2879 4964 3310 5050 praecedente
3373 4964 3606 5030 maiori
3684 4965 4238 5051 interpunctione.
4295 5002 4382 5015 —
4437 4965 4478 5031 l.
4537 4964 4628 5026 ³8:

2881 5051 3277 5134 disiungunt
3291 5101 3306 5129 ,
3378 5050 3536 5136 quia
3590 5100 3862 5117 .....
3922 5051 4275 5119 vobiscum.
4336 5089 4416 5101 —
4469 5050 4508 5115 1.
4545 5049 4626 5112 46.

2885 5136 3061 5203 delet
3102 5134 3387 5203 alterum
3426 5156 3563 5203 nos.
3606 5173 3692 5185 —
3733 5157 3882 5223 pag.
3933 5139 4055 5203 160
4097 5138 4142 5203 1.
4189 5142 4250 5204 7.
4292 5159 4412 5224 pro
4463 5150 4630 5202 m

2885 5220 2932 5290 1.
2975 5226 3270 5289 oratores.
3312 5258 3398 5271 -
3431 5222 3476 5288 1.
3513 5226 3573 5289 9.
3610 5221 3779 5291 bene
3820 5222 4130 5291 emendat
4167 5223 4502 5307 fusium-'a
4533 5214 4628 5285 d

2886 5307 3277 5375 mendosum
3314 5309 3626 5391 famae-ii
3664 5306 3969 5393 Grynaei
4023 5330 4160 5376 non
4201 5322 4494 5378 noan-um
4527 5314 4624 5371 α
