<?xml version="1.0" encoding="UTF-8"?>
<!DOCTYPE html PUBLIC "-//W3C//DTD XHTML 1.0 Transitional//EN"
    "http://www.w3.org/TR/xhtml1/DTD/xhtml1-transitional.dtd">
<html xmlns="http://www.w3.org/1999/xhtml" xml:lang="en" lang="en">
 <head>
  <title>
</title>
<meta http-equiv="Content-Type" content="text/html;charset=utf-8" />
  <meta name='ocr-system' content='tesseract 3.04.00' />
  <meta name='ocr-capabilities' content='ocr_page ocr_carea ocr_par ocr_line ocrx_word'/>
</head>
<body>
  <div class='ocr_page' id='page_1' title='image "./ioanniscalvinio12unkngoog/ioanniscalvinio12unkngoog_0420.png"; bbox 0 0 4900 6125; ppageno 0'>
   <div class='ocr_carea' id='block_1_1' title="bbox 614 425 699 487">
    <p class='ocr_par' dir='ltr' id='par_1_1' title="bbox 614 425 699 487">
     <span class='ocr_line' id='line_1_1' title="bbox 614 425 699 487; baseline -0.012 0"><span class='ocrx_word' id='word_1_1' title='bbox 614 425 699 487; x_wconf 83' lang='lat'>27</span> 
     </span>
    </p>
   </div>
   <div class='ocr_carea' id='block_1_2' title="bbox 612 608 2569 3526">
    <p class='ocr_par' dir='ltr' id='par_1_2' title="bbox 612 608 2569 2392">
     <span class='ocr_line' id='line_1_2' title="bbox 615 608 2569 694; baseline -0.001 -15"><span class='ocrx_word' id='word_1_2' title='bbox 615 611 799 679; x_wconf 88' lang='lat' dir='ltr'>illam</span> <span class='ocrx_word' id='word_1_3' title='bbox 835 631 876 676; x_wconf 88' lang='lat' dir='ltr'>a</span> <span class='ocrx_word' id='word_1_4' title='bbox 908 630 1068 675; x_wconf 86' lang='lat' dir='ltr'>vera</span> <span class='ocrx_word' id='word_1_5' title='bbox 1089 608 1387 676; x_wconf 85' lang='lat' dir='ltr'>doctrina</span> <span class='ocrx_word' id='word_1_6' title='bbox 1428 631 1546 693; x_wconf 88' lang='lat' dir='ltr'>per</span> <span class='ocrx_word' id='word_1_7' title='bbox 1574 609 2119 694; x_wconf 71' lang='lat' dir='ltr'>oecolampadimn</span> <span class='ocrx_word' id='word_1_8' title='bbox 2159 610 2251 676; x_wconf 92' lang='lat' dir='ltr'>ibi</span> <span class='ocrx_word' id='word_1_9' title='bbox 2294 610 2569 678; x_wconf 82' lang='lat' dir='ltr'>fundata</span> 
     </span>
     <span class='ocr_line' id='line_1_3' title="bbox 616 695 2568 782; baseline -0.001 -18"><span class='ocrx_word' id='word_1_10' title='bbox 616 698 700 764; x_wconf 89' lang='lat' dir='ltr'>ad</span> <span class='ocrx_word' id='word_1_11' title='bbox 734 697 1191 764; x_wconf 83' lang='lat' dir='ltr'>Lutheranam</span> <span class='ocrx_word' id='word_1_12' title='bbox 1235 695 1576 763; x_wconf 88' lang='lat' dir='ltr'>abducere.</span> <span class='ocrx_word' id='word_1_13' title='bbox 1595 700 1653 775; x_wconf 68' lang='grc'>2)</span> <span class='ocrx_word' id='word_1_14' title='bbox 1720 697 1813 762; x_wconf 85' lang='lat' dir='ltr'>Et</span> <span class='ocrx_word' id='word_1_15' title='bbox 1855 718 2032 764; x_wconf 89' lang='lat' dir='ltr'>nuuc</span> <span class='ocrx_word' id='word_1_16' title='bbox 2075 696 2295 782; x_wconf 85' lang='lat' dir='ltr'>palam</span> <span class='ocrx_word' id='word_1_17' title='bbox 2338 707 2568 763; x_wconf 87' lang='lat' dir='ltr'>contra</span> 
     </span>
     <span class='ocr_line' id='line_1_4' title="bbox 616 781 2566 862; baseline 0.001 -13"><span class='ocrx_word' id='word_1_18' title='bbox 616 791 876 849; x_wconf 84' lang='lat' dir='ltr'>nostras</span> <span class='ocrx_word' id='word_1_19' title='bbox 952 781 1257 848; x_wconf 86' lang='lat' dir='ltr'>ecclesias</span> <span class='ocrx_word' id='word_1_20' title='bbox 1320 781 1621 850; x_wconf 82' lang='lat' dir='ltr'>adiunxit</span> <span class='ocrx_word' id='word_1_21' title='bbox 1682 802 1755 848; x_wconf 95' lang='lat' dir='ltr'>se</span> <span class='ocrx_word' id='word_1_22' title='bbox 1822 781 2214 849; x_wconf 71' lang='lat' dir='ltr'>Martbachio</span> <span class='ocrx_word' id='word_1_23' title='bbox 2277 791 2345 850; x_wconf 90' lang='lat' dir='ltr'>et</span> <span class='ocrx_word' id='word_1_24' title='bbox 2408 785 2566 862; x_wconf 90' lang='lat' dir='ltr'>suis,</span> 
     </span>
     <span class='ocr_line' id='line_1_5' title="bbox 613 867 2569 953; baseline -0.002 -17"><span class='ocrx_word' id='word_1_25' title='bbox 613 868 1124 953; x_wconf 75' lang='lat' dir='ltr'>subscripsitque</span> <span class='ocrx_word' id='word_1_26' title='bbox 1167 867 1561 934; x_wconf 79' lang='lat' dir='ltr'>confessioni</span> <span class='ocrx_word' id='word_1_27' title='bbox 1604 869 2035 953; x_wconf 82' lang='lat' dir='ltr'>Augustanae</span> <span class='ocrx_word' id='word_1_28' title='bbox 2092 877 2159 935; x_wconf 91' lang='lat' dir='ltr'>et</span> <span class='ocrx_word' id='word_1_29' title='bbox 2211 870 2352 935; x_wconf 89' lang='lat' dir='ltr'>eius</span> <span class='ocrx_word' id='word_1_30' title='bbox 2397 872 2569 952; x_wconf 84' lang='lat' dir='ltr'>Apo·</span> 
     </span>
     <span class='ocr_line' id='line_1_6' title="bbox 612 952 2567 1040; baseline 0 -19"><span class='ocrx_word' id='word_1_31' title='bbox 612 954 845 1040; x_wconf 84' lang='lat' dir='ltr'>logias,</span> <span class='ocrx_word' id='word_1_32' title='bbox 911 974 1079 1038; x_wconf 88' lang='lat' dir='ltr'>quae</span> <span class='ocrx_word' id='word_1_33' title='bbox 1137 952 1350 1037; x_wconf 87' lang='lat' dir='ltr'>qualis</span> <span class='ocrx_word' id='word_1_34' title='bbox 1408 955 1494 1020; x_wconf 89' lang='lat' dir='ltr'>sit</span> <span class='ocrx_word' id='word_1_35' title='bbox 1559 954 1629 1019; x_wconf 90' lang='lat' dir='ltr'>in</span> <span class='ocrx_word' id='word_1_36' title='bbox 1694 977 1757 1019; x_wconf 85' lang='lat' dir='ltr'>x.</span> <span class='ocrx_word' id='word_1_37' title='bbox 1827 954 2103 1021; x_wconf 88' lang='lat' dir='ltr'>articulo</span> <span class='ocrx_word' id='word_1_38' title='bbox 2160 976 2295 1020; x_wconf 91' lang='lat' dir='ltr'>non</span> <span class='ocrx_word' id='word_1_39' title='bbox 2334 953 2567 1022; x_wconf 87' lang='lat' dir='ltr'>nescis.</span> 
     </span>
     <span class='ocr_line' id='line_1_7' title="bbox 613 1038 2568 1125; baseline -0.002 -18"><span class='ocrx_word' id='word_1_40' title='bbox 613 1040 834 1107; x_wconf 85' lang='lat' dir='ltr'>Audio</span> <span class='ocrx_word' id='word_1_41' title='bbox 875 1040 1012 1105; x_wconf 86' lang='lat' dir='ltr'>iam</span> <span class='ocrx_word' id='word_1_42' title='bbox 1054 1040 1244 1104; x_wconf 88' lang='lat' dir='ltr'>initia</span> <span class='ocrx_word' id='word_1_43' title='bbox 1285 1038 1604 1123; x_wconf 87' lang='lat' dir='ltr'>quaedam</span> <span class='ocrx_word' id='word_1_44' title='bbox 1647 1039 1903 1106; x_wconf 90' lang='lat' dir='ltr'>occulta</span> <span class='ocrx_word' id='word_1_45' title='bbox 1936 1039 2263 1125; x_wconf 80' lang='lat' dir='ltr'>pullulare</span> <span class='ocrx_word' id='word_1_46' title='bbox 2298 1050 2568 1106; x_wconf 89' lang='lat' dir='ltr'>conten-</span> 
     </span>
     <span class='ocr_line' id='line_1_8' title="bbox 612 1125 2567 1192; baseline 0 -1"><span class='ocrx_word' id='word_1_47' title='bbox 612 1126 816 1192; x_wconf 87' lang='lat' dir='ltr'>tionis</span> <span class='ocrx_word' id='word_1_48' title='bbox 871 1146 1081 1191; x_wconf 86' lang='lat' dir='ltr'>novae</span> <span class='ocrx_word' id='word_1_49' title='bbox 1134 1127 1310 1191; x_wconf 87' lang='lat' dir='ltr'>inter</span> <span class='ocrx_word' id='word_1_50' title='bbox 1352 1125 1771 1192; x_wconf 86' lang='lat' dir='ltr'>Basilienses.</span> <span class='ocrx_word' id='word_1_51' title='bbox 1854 1125 2062 1192; x_wconf 80' lang='lat' dir='ltr'>Venit</span> <span class='ocrx_word' id='word_1_52' title='bbox 2118 1126 2261 1192; x_wconf 90' lang='lat' dir='ltr'>heri</span> <span class='ocrx_word' id='word_1_53' title='bbox 2320 1127 2404 1191; x_wconf 90' lang='lat' dir='ltr'>ad</span> <span class='ocrx_word' id='word_1_54' title='bbox 2448 1148 2567 1192; x_wconf 87' lang='lat' dir='ltr'>nos</span> 
     </span>
     <span class='ocr_line' id='line_1_9' title="bbox 614 1210 2566 1296; baseline 0 -18"><span class='ocrx_word' id='word_1_55' title='bbox 614 1212 919 1296; x_wconf 74' lang='lat' dir='ltr'>&#39;l&#39;ubinga</span> <span class='ocrx_word' id='word_1_56' title='bbox 960 1210 1249 1277; x_wconf 83' lang='lat' dir='ltr'>Michael</span> <span class='ocrx_word' id='word_1_57' title='bbox 1289 1211 1576 1295; x_wconf 77' lang='lat' dir='ltr'>Anyelus</span> <span class='ocrx_word' id='word_1_58' title='bbox 1618 1212 1730 1294; x_wconf 91' lang='lat' dir='ltr'>qui</span> <span class='ocrx_word' id='word_1_59' title='bbox 1773 1219 1950 1278; x_wconf 89' lang='lat' dir='ltr'>certo</span> <span class='ocrx_word' id='word_1_60' title='bbox 1985 1213 2344 1278; x_wconf 86' lang='lat' dir='ltr'>affirmavit</span> <span class='ocrx_word' id='word_1_61' title='bbox 2365 1211 2566 1278; x_wconf 80' lang='lat' dir='ltr'>Bren-</span> 
     </span>
     <span class='ocr_line' id='line_1_10' title="bbox 614 1296 2568 1381; baseline -0.001 -17"><span class='ocrx_word' id='word_1_62' title='bbox 614 1299 776 1364; x_wconf 74' lang='lat' dir='ltr'>tium</span> <span class='ocrx_word' id='word_1_63' title='bbox 818 1296 940 1364; x_wconf 91' lang='lat' dir='ltr'>sub</span> <span class='ocrx_word' id='word_1_64' title='bbox 981 1297 1165 1381; x_wconf 92' lang='lat' dir='ltr'>prelo</span> <span class='ocrx_word' id='word_1_65' title='bbox 1208 1296 1448 1362; x_wconf 91' lang='lat' dir='ltr'>habere</span> <span class='ocrx_word' id='word_1_66' title='bbox 1514 1296 1755 1363; x_wconf 90' lang='lat' dir='ltr'>librum</span> <span class='ocrx_word' id='word_1_67' title='bbox 1800 1306 2030 1363; x_wconf 89' lang='lat' dir='ltr'>contra</span> <span class='ocrx_word' id='word_1_68' title='bbox 2088 1319 2193 1363; x_wconf 92' lang='lat' dir='ltr'>me</span> <span class='ocrx_word' id='word_1_69' title='bbox 2236 1319 2482 1364; x_wconf 88' lang='lat' dir='ltr'>novum</span> <span class='ocrx_word' id='word_1_70' title='bbox 2514 1300 2568 1376; x_wconf 78' lang='lat'>³)</span> 
     </span>
     <span class='ocr_line' id='line_1_11' title="bbox 616 1381 2568 1467; baseline 0 -19"><span class='ocrx_word' id='word_1_71' title='bbox 616 1405 899 1467; x_wconf 90' lang='lat' dir='ltr'>eumque</span> <span class='ocrx_word' id='word_1_72' title='bbox 942 1381 1653 1449; x_wconf 76' lang='lat' dir='ltr'>maledicentissimum.</span> <span class='ocrx_word' id='word_1_73' title='bbox 1744 1383 1992 1448; x_wconf 85' lang='lat' dir='ltr'>Attulit</span> <span class='ocrx_word' id='word_1_74' title='bbox 2041 1383 2268 1450; x_wconf 88' lang='lat' dir='ltr'>literas</span> <span class='ocrx_word' id='word_1_75' title='bbox 2330 1406 2371 1449; x_wconf 86' lang='lat' dir='ltr'>a</span> <span class='ocrx_word' id='word_1_76' title='bbox 2413 1404 2568 1467; x_wconf 87' lang='lat' dir='ltr'>quo·</span> 
     </span>
     <span class='ocr_line' id='line_1_12' title="bbox 615 1468 2569 1552; baseline -0.001 -17"><span class='ocrx_word' id='word_1_77' title='bbox 615 1470 768 1535; x_wconf 89' lang='lat' dir='ltr'>dam</span> <span class='ocrx_word' id='word_1_78' title='bbox 812 1490 957 1534; x_wconf 90' lang='lat' dir='ltr'>meo</span> <span class='ocrx_word' id='word_1_79' title='bbox 1002 1470 1210 1535; x_wconf 88' lang='lat' dir='ltr'>amico</span> <span class='ocrx_word' id='word_1_80' title='bbox 1251 1469 1362 1552; x_wconf 93' lang='lat' dir='ltr'>qui</span> <span class='ocrx_word' id='word_1_81' title='bbox 1416 1469 1488 1533; x_wconf 91' lang='lat' dir='ltr'>in</span> <span class='ocrx_word' id='word_1_82' title='bbox 1554 1469 1717 1533; x_wconf 85' lang='lat' dir='ltr'>haec</span> <span class='ocrx_word' id='word_1_83' title='bbox 1759 1468 1961 1535; x_wconf 88' lang='lat' dir='ltr'>verba</span> <span class='ocrx_word' id='word_1_84' title='bbox 2004 1468 2268 1535; x_wconf 82' lang='lat' dir='ltr'>scribit:</span> <span class='ocrx_word' id='word_1_85' title='bbox 2312 1469 2569 1534; x_wconf 70' lang='lat' dir='ltr'>Brentii</span> 
     </span>
     <span class='ocr_line' id='line_1_13' title="bbox 614 1554 2568 1639; baseline -0.001 -19"><span class='ocrx_word' id='word_1_86' title='bbox 614 1555 1051 1621; x_wconf 81' lang='lat' dir='ltr'>catechismus</span> <span class='ocrx_word' id='word_1_87' title='bbox 1094 1555 1166 1618; x_wconf 91' lang='lat' dir='ltr'>in</span> <span class='ocrx_word' id='word_1_88' title='bbox 1209 1554 1509 1638; x_wconf 81' lang='lat' dir='ltr'>gallicam</span> <span class='ocrx_word' id='word_1_89' title='bbox 1555 1554 1847 1639; x_wconf 85' lang='lat' dir='ltr'>linguam</span> <span class='ocrx_word' id='word_1_90' title='bbox 1890 1556 2074 1619; x_wconf 91' lang='lat' dir='ltr'>iussu</span> <span class='ocrx_word' id='word_1_91' title='bbox 2109 1555 2435 1637; x_wconf 89' lang='lat' dir='ltr'>Principis</span> <span class='ocrx_word' id='word_1_92' title='bbox 2469 1561 2568 1620; x_wconf 88' lang='lat' dir='ltr'>est</span> 
     </span>
     <span class='ocr_line' id='line_1_14' title="bbox 620 1640 2568 1724; baseline -0.002 -17"><span class='ocrx_word' id='word_1_93' title='bbox 620 1662 975 1708; x_wconf 88' lang='lat' dir='ltr'>conversus</span> <span class='ocrx_word' id='word_1_94' title='bbox 1024 1646 1091 1704; x_wconf 90' lang='lat' dir='ltr'>et</span> <span class='ocrx_word' id='word_1_95' title='bbox 1132 1641 1265 1704; x_wconf 89' lang='lat' dir='ltr'>iam</span> <span class='ocrx_word' id='word_1_96' title='bbox 1312 1662 1351 1704; x_wconf 89' lang='lat' dir='ltr'>a</span> <span class='ocrx_word' id='word_1_97' title='bbox 1408 1640 1725 1706; x_wconf 82' lang='lat' dir='ltr'>Volmario</span> <span class='ocrx_word' id='word_1_98' title='bbox 1744 1645 1799 1717; x_wconf 84' lang='lat'>⁴)</span> <span class='ocrx_word' id='word_1_99' title='bbox 1840 1641 2260 1724; x_wconf 85' lang='lat' dir='ltr'>imprimitur.</span> <span class='ocrx_word' id='word_1_100' title='bbox 2340 1641 2568 1706; x_wconf 83' lang='lat' dir='ltr'>Mitte·</span> 
     </span>
     <span class='ocr_line' id='line_1_15' title="bbox 615 1724 2567 1810; baseline 0.001 -19"><span class='ocrx_word' id='word_1_101' title='bbox 615 1737 725 1791; x_wconf 83' lang='lat' dir='ltr'>tur</span> <span class='ocrx_word' id='word_1_102' title='bbox 768 1727 953 1792; x_wconf 87' lang='lat' dir='ltr'>brevi</span> <span class='ocrx_word' id='word_1_103' title='bbox 998 1725 1066 1790; x_wconf 91' lang='lat' dir='ltr'>iu</span> <span class='ocrx_word' id='word_1_104' title='bbox 1112 1725 1403 1792; x_wconf 87' lang='lat' dir='ltr'>Galliam</span> <span class='ocrx_word' id='word_1_105' title='bbox 1465 1724 1724 1810; x_wconf 87' lang='lat' dir='ltr'>legatus</span> <span class='ocrx_word' id='word_1_106' title='bbox 1788 1727 1899 1809; x_wconf 92' lang='lat' dir='ltr'>qui</span> <span class='ocrx_word' id='word_1_107' title='bbox 1953 1725 2102 1792; x_wconf 87' lang='lat' dir='ltr'>illos</span> <span class='ocrx_word' id='word_1_108' title='bbox 2164 1726 2366 1793; x_wconf 91' lang='lat' dir='ltr'>libros</span> <span class='ocrx_word' id='word_1_109' title='bbox 2409 1726 2567 1793; x_wconf 90' lang='lat' dir='ltr'>illuc</span> 
     </span>
     <span class='ocr_line' id='line_1_16' title="bbox 614 1810 2566 1897; baseline -0.001 -20"><span class='ocrx_word' id='word_1_110' title='bbox 614 1813 902 1897; x_wconf 83' lang='lat' dir='ltr'>perferet</span> <span class='ocrx_word' id='word_1_111' title='bbox 944 1821 1064 1877; x_wconf 90' lang='lat' dir='ltr'>etc.</span> <span class='ocrx_word' id='word_1_112' title='bbox 1144 1811 1292 1876; x_wconf 89' lang='lat' dir='ltr'>Hoc</span> <span class='ocrx_word' id='word_1_113' title='bbox 1334 1812 1401 1876; x_wconf 92' lang='lat' dir='ltr'>in</span> <span class='ocrx_word' id='word_1_114' title='bbox 1447 1821 1739 1896; x_wconf 90' lang='lat' dir='ltr'>tempore</span> <span class='ocrx_word' id='word_1_115' title='bbox 1782 1810 2071 1876; x_wconf 87' lang='lat' dir='ltr'>indicare</span> <span class='ocrx_word' id='word_1_116' title='bbox 2115 1812 2296 1877; x_wconf 83' lang='lat' dir='ltr'>volui</span> <span class='ocrx_word' id='word_1_117' title='bbox 2341 1821 2415 1877; x_wconf 87' lang='lat' dir='ltr'>ut</span> <span class='ocrx_word' id='word_1_118' title='bbox 2449 1833 2566 1896; x_wconf 84' lang='lat' dir='ltr'>pa·</span> 
     </span>
     <span class='ocr_line' id='line_1_17' title="bbox 615 1894 2568 1981; baseline -0.002 -17"><span class='ocrx_word' id='word_1_119' title='bbox 615 1899 775 1964; x_wconf 91' lang='lat' dir='ltr'>retis</span> <span class='ocrx_word' id='word_1_120' title='bbox 819 1896 909 1962; x_wconf 90' lang='lat' dir='ltr'>ibi</span> <span class='ocrx_word' id='word_1_121' title='bbox 952 1894 1331 1962; x_wconf 81' lang='lat' dir='ltr'>antidotum.</span> <span class='ocrx_word' id='word_1_122' title='bbox 1414 1896 1686 1963; x_wconf 88' lang='lat' dir='ltr'>Utinam</span> <span class='ocrx_word' id='word_1_123' title='bbox 1747 1904 1966 1962; x_wconf 89' lang='lat' dir='ltr'>vertat</span> <span class='ocrx_word' id='word_1_124' title='bbox 2023 1896 2257 1980; x_wconf 87' lang='lat' dir='ltr'>aliquis</span> <span class='ocrx_word' id='word_1_125' title='bbox 2313 1898 2385 1962; x_wconf 92' lang='lat' dir='ltr'>in</span> <span class='ocrx_word' id='word_1_126' title='bbox 2428 1897 2568 1981; x_wconf 86' lang='lat' dir='ltr'>gal-</span> 
     </span>
     <span class='ocr_line' id='line_1_18' title="bbox 618 1982 2568 2067; baseline 0 -19"><span class='ocrx_word' id='word_1_127' title='bbox 618 1983 812 2051; x_wconf 89' lang='lat' dir='ltr'>licam</span> <span class='ocrx_word' id='word_1_128' title='bbox 869 1982 1165 2067; x_wconf 81' lang='lat' dir='ltr'>linguam</span> <span class='ocrx_word' id='word_1_129' title='bbox 1211 1982 1603 2049; x_wconf 86' lang='lat' dir='ltr'>Catechesin</span> <span class='ocrx_word' id='word_1_130' title='bbox 1645 1982 1933 2049; x_wconf 85' lang='lat' dir='ltr'>Palatini</span> <span class='ocrx_word' id='word_1_131' title='bbox 1973 1983 2298 2049; x_wconf 87' lang='lat' dir='ltr'>Electoris</span> <span class='ocrx_word' id='word_1_132' title='bbox 2353 2004 2568 2066; x_wconf 87' lang='lat' dir='ltr'>nuper</span> 
     </span>
     <span class='ocr_line' id='line_1_19' title="bbox 612 2067 2567 2153; baseline -0.001 -19"><span class='ocrx_word' id='word_1_133' title='bbox 612 2069 1007 2153; x_wconf 82' lang='lat' dir='ltr'>evulgatam.</span> <span class='ocrx_word' id='word_1_134' title='bbox 1113 2067 1419 2134; x_wconf 85' lang='lat' dir='ltr'>Oderunt</span> <span class='ocrx_word' id='word_1_135' title='bbox 1483 2068 1666 2134; x_wconf 86' lang='lat' dir='ltr'>illam</span> <span class='ocrx_word' id='word_1_136' title='bbox 1732 2069 2099 2134; x_wconf 86' lang='lat' dir='ltr'>Lutherani</span> <span class='ocrx_word' id='word_1_137' title='bbox 2162 2089 2321 2135; x_wconf 90' lang='lat' dir='ltr'>cane</span> <span class='ocrx_word' id='word_1_138' title='bbox 2380 2070 2567 2151; x_wconf 90' lang='lat' dir='ltr'>peius</span> 
     </span>
     <span class='ocr_line' id='line_1_20' title="bbox 613 2154 2566 2238; baseline -0.001 -18"><span class='ocrx_word' id='word_1_139' title='bbox 613 2165 682 2220; x_wconf 89' lang='lat' dir='ltr'>et</span> <span class='ocrx_word' id='word_1_140' title='bbox 746 2175 980 2238; x_wconf 84' lang='lat' dir='ltr'>angue.</span> <span class='ocrx_word' id='word_1_141' title='bbox 1068 2154 1344 2220; x_wconf 87' lang='lat' dir='ltr'>Certum</span> <span class='ocrx_word' id='word_1_142' title='bbox 1401 2163 1519 2234; x_wconf 89' lang='lat' dir='ltr'>est,</span> <span class='ocrx_word' id='word_1_143' title='bbox 1564 2154 2238 2238; x_wconf 77' lang='lat' dir='ltr'>wirtembergensem</span> <span class='ocrx_word' id='word_1_144' title='bbox 2296 2157 2365 2218; x_wconf 91' lang='lat' dir='ltr'>in</span> <span class='ocrx_word' id='word_1_145' title='bbox 2403 2154 2566 2221; x_wconf 86' lang='lat' dir='ltr'>Gal·</span> 
     </span>
     <span class='ocr_line' id='line_1_21' title="bbox 614 2240 2568 2324; baseline 0.001 -19"><span class='ocrx_word' id='word_1_146' title='bbox 614 2240 705 2305; x_wconf 89' lang='lat' dir='ltr'>lia</span> <span class='ocrx_word' id='word_1_147' title='bbox 748 2242 968 2305; x_wconf 89' lang='lat' dir='ltr'>omnia</span> <span class='ocrx_word' id='word_1_148' title='bbox 1011 2247 1421 2306; x_wconf 87' lang='lat' dir='ltr'>tentaturum</span> <span class='ocrx_word' id='word_1_149' title='bbox 1465 2249 1541 2305; x_wconf 92' lang='lat' dir='ltr'>ut</span> <span class='ocrx_word' id='word_1_150' title='bbox 1584 2240 2009 2324; x_wconf 85' lang='lat' dir='ltr'>Zuinglianos</span> <span class='ocrx_word' id='word_1_151' title='bbox 2052 2248 2120 2305; x_wconf 90' lang='lat' dir='ltr'>et</span> <span class='ocrx_word' id='word_1_152' title='bbox 2142 2240 2568 2306; x_wconf 75' lang='lat' dir='ltr'>calvinianos</span> 
     </span>
     <span class='ocr_line' id='line_1_22' title="bbox 620 2324 1843 2392; baseline 0.002 -2"><span class='ocrx_word' id='word_1_153' title='bbox 620 2324 899 2391; x_wconf 85' lang='lat' dir='ltr'>adducat</span> <span class='ocrx_word' id='word_1_154' title='bbox 945 2326 1012 2391; x_wconf 92' lang='lat' dir='ltr'>in</span> <span class='ocrx_word' id='word_1_155' title='bbox 1058 2324 1277 2391; x_wconf 90' lang='lat' dir='ltr'>odium</span> <span class='ocrx_word' id='word_1_156' title='bbox 1324 2326 1681 2392; x_wconf 85' lang='lat' dir='ltr'>multorum</span> <span class='ocrx_word' id='word_1_157' title='bbox 1723 2337 1843 2392; x_wconf 87' lang='lat' dir='ltr'>etc.</span> 
     </span>
    </p>

    <p class='ocr_par' dir='ltr' id='par_1_3' title="bbox 614 2411 2567 3096">
     <span class='ocr_line' id='line_1_23' title="bbox 788 2411 2567 2495; baseline -0.001 -17"><span class='ocrx_word' id='word_1_158' title='bbox 788 2411 1054 2495; x_wconf 87' lang='lat' dir='ltr'>Optime</span> <span class='ocrx_word' id='word_1_159' title='bbox 1098 2412 1325 2490; x_wconf 81' lang='lat' dir='ltr'>fecisti,</span> <span class='ocrx_word' id='word_1_160' title='bbox 1371 2411 1466 2475; x_wconf 93' lang='lat' dir='ltr'>mi</span> <span class='ocrx_word' id='word_1_161' title='bbox 1511 2411 1773 2477; x_wconf 90' lang='lat' dir='ltr'>domine</span> <span class='ocrx_word' id='word_1_162' title='bbox 1818 2418 1885 2476; x_wconf 89' lang='lat' dir='ltr'>et</span> <span class='ocrx_word' id='word_1_163' title='bbox 1926 2411 2149 2490; x_wconf 78' lang='lat' dir='ltr'>frater,</span> <span class='ocrx_word' id='word_1_164' title='bbox 2205 2411 2317 2494; x_wconf 92' lang='lat' dir='ltr'>qui</span> <span class='ocrx_word' id='word_1_165' title='bbox 2360 2433 2567 2493; x_wconf 86' lang='lat' dir='ltr'>nuper</span> 
     </span>
     <span class='ocr_line' id='line_1_24' title="bbox 614 2496 2566 2581; baseline -0.001 -18"><span class='ocrx_word' id='word_1_166' title='bbox 614 2496 912 2563; x_wconf 85' lang='lat' dir='ltr'>adiecisti</span> <span class='ocrx_word' id='word_1_167' title='bbox 955 2497 1298 2580; x_wconf 88' lang='lat' dir='ltr'>epistolam</span> <span class='ocrx_word' id='word_1_168' title='bbox 1342 2496 1424 2562; x_wconf 90' lang='lat' dir='ltr'>ad</span> <span class='ocrx_word' id='word_1_169' title='bbox 1471 2496 1979 2563; x_wconf 90' lang='lat' dir='ltr'>admonitionem</span> <span class='ocrx_word' id='word_1_170' title='bbox 2022 2497 2096 2561; x_wconf 91' lang='lat' dir='ltr'>in</span> <span class='ocrx_word' id='word_1_171' title='bbox 2132 2497 2414 2581; x_wconf 85' lang='lat' dir='ltr'>gratiam</span> <span class='ocrx_word' id='word_1_172' title='bbox 2437 2498 2566 2562; x_wconf 90' lang='lat' dir='ltr'>Po-</span> 
     </span>
     <span class='ocr_line' id='line_1_25' title="bbox 614 2583 2566 2662; baseline -0.001 -14"><span class='ocrx_word' id='word_1_173' title='bbox 614 2584 920 2648; x_wconf 90' lang='lat' dir='ltr'>lonorum</span> <span class='ocrx_word' id='word_1_174' title='bbox 962 2585 1263 2647; x_wconf 85' lang='lat' dir='ltr'>fratrum.</span> <span class='ocrx_word' id='word_1_175' title='bbox 1286 2584 1344 2662; x_wconf 80' lang='lat'>⁵)</span> <span class='ocrx_word' id='word_1_176' title='bbox 1432 2583 1725 2649; x_wconf 86' lang='lat' dir='ltr'>Gavisus</span> <span class='ocrx_word' id='word_1_177' title='bbox 1768 2591 1870 2650; x_wconf 89' lang='lat' dir='ltr'>est</span> <span class='ocrx_word' id='word_1_178' title='bbox 1918 2584 2169 2649; x_wconf 74' lang='lat' dir='ltr'>Tretius</span> <span class='ocrx_word' id='word_1_179' title='bbox 2211 2583 2450 2647; x_wconf 90' lang='lat' dir='ltr'>mirum</span> <span class='ocrx_word' id='word_1_180' title='bbox 2495 2583 2566 2647; x_wconf 95' lang='lat' dir='ltr'>in</span> 
     </span>
     <span class='ocr_line' id='line_1_26' title="bbox 616 2667 2562 2751; baseline 0 -17"><span class='ocrx_word' id='word_1_181' title='bbox 616 2668 901 2734; x_wconf 89' lang='lat' dir='ltr'>modum.</span> <span class='ocrx_word' id='word_1_182' title='bbox 991 2668 1208 2733; x_wconf 84' lang='lat' dir='ltr'>Allata</span> <span class='ocrx_word' id='word_1_183' title='bbox 1251 2677 1411 2733; x_wconf 90' lang='lat' dir='ltr'>sunt</span> <span class='ocrx_word' id='word_1_184' title='bbox 1464 2668 1768 2751; x_wconf 84' lang='lat' dir='ltr'>exempla</span> <span class='ocrx_word' id='word_1_185' title='bbox 1831 2667 1989 2733; x_wconf 90' lang='lat' dir='ltr'>dum</span> <span class='ocrx_word' id='word_1_186' title='bbox 2042 2669 2154 2733; x_wconf 91' lang='lat' dir='ltr'>ille</span> <span class='ocrx_word' id='word_1_187' title='bbox 2206 2667 2562 2734; x_wconf 88' lang='lat' dir='ltr'>abituriret.</span> 
     </span>
     <span class='ocr_line' id='line_1_27' title="bbox 616 2753 2566 2838; baseline -0.001 -17"><span class='ocrx_word' id='word_1_188' title='bbox 616 2754 912 2821; x_wconf 85' lang='lat' dir='ltr'>Accessit</span> <span class='ocrx_word' id='word_1_189' title='bbox 955 2755 1039 2820; x_wconf 93' lang='lat' dir='ltr'>D.</span> <span class='ocrx_word' id='word_1_190' title='bbox 1083 2753 1405 2833; x_wconf 75' lang='lat' dir='ltr'>Ochinum,</span> <span class='ocrx_word' id='word_1_191' title='bbox 1450 2755 1563 2838; x_wconf 90' lang='lat' dir='ltr'>qui</span> <span class='ocrx_word' id='word_1_192' title='bbox 1605 2753 1703 2818; x_wconf 89' lang='lat' dir='ltr'>illi</span> <span class='ocrx_word' id='word_1_193' title='bbox 1748 2755 1971 2820; x_wconf 87' lang='lat' dir='ltr'>literas</span> <span class='ocrx_word' id='word_1_194' title='bbox 2012 2755 2314 2838; x_wconf 89' lang='lat' dir='ltr'>promisit</span> <span class='ocrx_word' id='word_1_195' title='bbox 2347 2755 2415 2819; x_wconf 90' lang='lat' dir='ltr'>in</span> <span class='ocrx_word' id='word_1_196' title='bbox 2439 2755 2566 2820; x_wconf 91' lang='lat' dir='ltr'>Po-</span> 
     </span>
     <span class='ocr_line' id='line_1_28' title="bbox 614 2840 2565 2922; baseline -0.001 -16"><span class='ocrx_word' id='word_1_197' title='bbox 614 2840 858 2906; x_wconf 88' lang='lat' dir='ltr'>loniam</span> <span class='ocrx_word' id='word_1_198' title='bbox 902 2840 1136 2922; x_wconf 90' lang='lat' dir='ltr'>quibus</span> <span class='ocrx_word' id='word_1_199' title='bbox 1172 2847 1452 2905; x_wconf 89' lang='lat' dir='ltr'>testetur</span> <span class='ocrx_word' id='word_1_200' title='bbox 1494 2862 1564 2906; x_wconf 89' lang='lat' dir='ltr'>se</span> <span class='ocrx_word' id='word_1_201' title='bbox 1607 2840 2078 2906; x_wconf 89' lang='lat' dir='ltr'>alienissimum</span> <span class='ocrx_word' id='word_1_202' title='bbox 2122 2861 2264 2905; x_wconf 84' lang='lat' dir='ltr'>esee</span> <span class='ocrx_word' id='word_1_203' title='bbox 2306 2841 2386 2905; x_wconf 90' lang='lat' dir='ltr'>ab</span> <span class='ocrx_word' id='word_1_204' title='bbox 2423 2840 2565 2906; x_wconf 89' lang='lat' dir='ltr'>istis</span> 
     </span>
     <span class='ocr_line' id='line_1_29' title="bbox 615 2924 2564 3010; baseline -0.001 -18"><span class='ocrx_word' id='word_1_205' title='bbox 615 2924 1000 2992; x_wconf 83' lang='lat' dir='ltr'>Servetanis</span> <span class='ocrx_word' id='word_1_206' title='bbox 1063 2926 1512 2991; x_wconf 87' lang='lat' dir='ltr'>nebulonibus.</span> <span class='ocrx_word' id='word_1_207' title='bbox 1536 2927 1593 3010; x_wconf 78' lang='lat'>⁶)</span> <span class='ocrx_word' id='word_1_208' title='bbox 1676 2926 1976 3010; x_wconf 78' lang='lat' dir='ltr'>Ingenuo</span> <span class='ocrx_word' id='word_1_209' title='bbox 2035 2935 2103 2991; x_wconf 92' lang='lat' dir='ltr'>et</span> <span class='ocrx_word' id='word_1_210' title='bbox 2159 2926 2360 2990; x_wconf 89' lang='lat' dir='ltr'>libere</span> <span class='ocrx_word' id='word_1_211' title='bbox 2413 2947 2564 2991; x_wconf 91' lang='lat' dir='ltr'>cum</span> 
     </span>
     <span class='ocr_line' id='line_1_30' title="bbox 622 3010 2561 3096; baseline -0.001 -18"><span class='ocrx_word' id='word_1_212' title='bbox 622 3012 831 3078; x_wconf 79' lang='lat' dir='ltr'>Tretio</span> <span class='ocrx_word' id='word_1_213' title='bbox 889 3021 987 3077; x_wconf 89' lang='lat' dir='ltr'>est</span> <span class='ocrx_word' id='word_1_214' title='bbox 1042 3011 1452 3096; x_wconf 90' lang='lat' dir='ltr'>colloquutus</span> <span class='ocrx_word' id='word_1_215' title='bbox 1507 3012 1959 3096; x_wconf 86' lang='lat' dir='ltr'>praesentibus</span> <span class='ocrx_word' id='word_1_216' title='bbox 2000 3013 2197 3078; x_wconf 86' lang='lat' dir='ltr'>etiam</span> <span class='ocrx_word' id='word_1_217' title='bbox 2252 3010 2397 3077; x_wconf 91' lang='lat' dir='ltr'>aliis</span> <span class='ocrx_word' id='word_1_218' title='bbox 2440 3023 2561 3079; x_wconf 88' lang='lat' dir='ltr'>etc.</span> 
     </span>
    </p>

    <p class='ocr_par' dir='ltr' id='par_1_4' title="bbox 615 3096 2568 3526">
     <span class='ocr_line' id='line_1_31' title="bbox 788 3096 2565 3183; baseline 0.001 -21"><span class='ocrx_word' id='word_1_219' title='bbox 788 3096 1286 3164; x_wconf 90' lang='lat' dir='ltr'>Illustrissimus</span> <span class='ocrx_word' id='word_1_220' title='bbox 1352 3098 1634 3164; x_wconf 77' lang='lat' dir='ltr'>Hassiae</span> <span class='ocrx_word' id='word_1_221' title='bbox 1695 3101 1999 3183; x_wconf 91' lang='lat' dir='ltr'>princeps</span> <span class='ocrx_word' id='word_1_222' title='bbox 2063 3098 2245 3163; x_wconf 92' lang='lat' dir='ltr'>misit</span> <span class='ocrx_word' id='word_1_223' title='bbox 2310 3097 2389 3163; x_wconf 90' lang='lat' dir='ltr'>ad</span> <span class='ocrx_word' id='word_1_224' title='bbox 2458 3119 2565 3163; x_wconf 92' lang='lat' dir='ltr'>me</span> 
     </span>
     <span class='ocr_line' id='line_1_32' title="bbox 616 3182 2566 3268; baseline 0 -20"><span class='ocrx_word' id='word_1_225' title='bbox 616 3182 817 3249; x_wconf 89' lang='lat' dir='ltr'>Pauli</span> <span class='ocrx_word' id='word_1_226' title='bbox 860 3182 1063 3249; x_wconf 82' lang='lat' dir='ltr'>Eberi</span> <span class='ocrx_word' id='word_1_227' title='bbox 1105 3182 1344 3248; x_wconf 89' lang='lat' dir='ltr'>librum</span> <span class='ocrx_word' id='word_1_228' title='bbox 1385 3182 1465 3249; x_wconf 89' lang='lat' dir='ltr'>de</span> <span class='ocrx_word' id='word_1_229' title='bbox 1524 3205 1745 3264; x_wconf 87' lang='lat' dir='ltr'>coena,</span> <span class='ocrx_word' id='word_1_230' title='bbox 1776 3187 1832 3262; x_wconf 84' lang='lat'>⁷)</span> <span class='ocrx_word' id='word_1_231' title='bbox 1890 3193 2124 3268; x_wconf 90' lang='lat' dir='ltr'>petens</span> <span class='ocrx_word' id='word_1_232' title='bbox 2168 3205 2207 3248; x_wconf 90' lang='lat' dir='ltr'>a</span> <span class='ocrx_word' id='word_1_233' title='bbox 2249 3204 2354 3248; x_wconf 89' lang='lat' dir='ltr'>me</span> <span class='ocrx_word' id='word_1_234' title='bbox 2398 3183 2566 3248; x_wconf 86' lang='lat' dir='ltr'>iudi-</span> 
     </span>
     <span class='ocr_line' id='line_1_33' title="bbox 618 3268 2568 3336; baseline -0.001 -1"><span class='ocrx_word' id='word_1_235' title='bbox 618 3270 793 3335; x_wconf 92' lang='lat' dir='ltr'>cium</span> <span class='ocrx_word' id='word_1_236' title='bbox 858 3289 1077 3335; x_wconf 90' lang='lat' dir='ltr'>meum</span> <span class='ocrx_word' id='word_1_237' title='bbox 1144 3268 1224 3335; x_wconf 90' lang='lat' dir='ltr'>de</span> <span class='ocrx_word' id='word_1_238' title='bbox 1288 3268 1454 3334; x_wconf 90' lang='lat' dir='ltr'>libro</span> <span class='ocrx_word' id='word_1_239' title='bbox 1518 3269 1650 3336; x_wconf 91' lang='lat' dir='ltr'>illo.</span> <span class='ocrx_word' id='word_1_240' title='bbox 1741 3272 1835 3335; x_wconf 88' lang='lat' dir='ltr'>At</span> <span class='ocrx_word' id='word_1_241' title='bbox 1876 3269 2093 3336; x_wconf 85' lang='lat' dir='ltr'>vidisti</span> <span class='ocrx_word' id='word_1_242' title='bbox 2153 3268 2330 3334; x_wconf 89' lang='lat' dir='ltr'>haud</span> <span class='ocrx_word' id='word_1_243' title='bbox 2373 3268 2568 3335; x_wconf 90' lang='lat' dir='ltr'>dubie</span> 
     </span>
     <span class='ocr_line' id='line_1_34' title="bbox 615 3354 2567 3438; baseline -0.001 -17"><span class='ocrx_word' id='word_1_244' title='bbox 615 3355 828 3438; x_wconf 84' lang='lat' dir='ltr'>qualis</span> <span class='ocrx_word' id='word_1_245' title='bbox 872 3356 977 3420; x_wconf 90' lang='lat' dir='ltr'>sit.</span> <span class='ocrx_word' id='word_1_246' title='bbox 1067 3354 1379 3422; x_wconf 88' lang='lat' dir='ltr'>Abstinet</span> <span class='ocrx_word' id='word_1_247' title='bbox 1421 3354 1688 3438; x_wconf 88' lang='lat' dir='ltr'>quidem</span> <span class='ocrx_word' id='word_1_248' title='bbox 1732 3378 1772 3422; x_wconf 86' lang='lat' dir='ltr'>a</span> <span class='ocrx_word' id='word_1_249' title='bbox 1814 3356 2149 3435; x_wconf 88' lang='lat' dir='ltr'>conviciis,</span> <span class='ocrx_word' id='word_1_250' title='bbox 2220 3375 2430 3438; x_wconf 91' lang='lat' dir='ltr'>neque</span> <span class='ocrx_word' id='word_1_251' title='bbox 2474 3356 2567 3419; x_wconf 91' lang='lat' dir='ltr'>ita</span> 
     </span>
     <span class='ocr_line' id='line_1_35' title="bbox 616 3440 2564 3526; baseline 0 -21"><span class='ocrx_word' id='word_1_252' title='bbox 616 3443 922 3525; x_wconf 85' lang='lat' dir='ltr'>iurgatur</span> <span class='ocrx_word' id='word_1_253' title='bbox 960 3448 1039 3506; x_wconf 92' lang='lat' dir='ltr'>ut</span> <span class='ocrx_word' id='word_1_254' title='bbox 1081 3441 1340 3507; x_wconf 86' lang='lat' dir='ltr'>caeteri.</span> <span class='ocrx_word' id='word_1_255' title='bbox 1430 3440 1565 3507; x_wconf 79' lang='lat' dir='ltr'>Sed</span> <span class='ocrx_word' id='word_1_256' title='bbox 1610 3442 1828 3526; x_wconf 87' lang='lat' dir='ltr'>palam</span> <span class='ocrx_word' id='word_1_257' title='bbox 1886 3452 2113 3509; x_wconf 90' lang='lat' dir='ltr'>contra</span> <span class='ocrx_word' id='word_1_258' title='bbox 2157 3460 2277 3506; x_wconf 90' lang='lat' dir='ltr'>nos</span> <span class='ocrx_word' id='word_1_259' title='bbox 2320 3441 2564 3506; x_wconf 86' lang='lat' dir='ltr'>scribit.</span> 
     </span>
    </p>
   </div>
   <div class='ocr_carea' id='block_1_3' title="bbox 644 3634 1015 3641">
    <p class='ocr_par' dir='ltr' id='par_1_5' title="bbox 644 3634 1015 3641">
     <span class='ocr_line' id='line_1_36' title="bbox 644 3634 1015 3641; baseline 0 0"><span class='ocrx_word' id='word_1_260' title='bbox 644 3634 1015 3641; x_wconf 95' lang='lat' dir='ltr'> </span> 
     </span>
    </p>
   </div>
   <div class='ocr_carea' id='block_1_4' title="bbox 615 3764 2573 5003">
    <p class='ocr_par' dir='ltr' id='par_1_6' title="bbox 615 3764 2573 4451">
     <span class='ocr_line' id='line_1_37' title="bbox 821 3764 2566 3831; baseline 0 -13"><span class='ocrx_word' id='word_1_261' title='bbox 821 3764 883 3831; x_wconf 82' lang='grc'>2)</span> <span class='ocrx_word' id='word_1_262' title='bbox 922 3764 1145 3820; x_wconf 75' lang='lat' dir='ltr'>Constat</span> <span class='ocrx_word' id='word_1_263' title='bbox 1196 3780 1317 3819; x_wconf 76' lang='lat' dir='ltr'>eum</span> <span class='ocrx_word' id='word_1_264' title='bbox 1368 3764 1614 3820; x_wconf 68' lang='lat' dir='ltr'>amicitia</span> <span class='ocrx_word' id='word_1_265' title='bbox 1665 3780 1787 3819; x_wconf 80' lang='lat' dir='ltr'>cum</span> <span class='ocrx_word' id='word_1_266' title='bbox 1838 3764 2166 3819; x_wconf 80' lang='lat' dir='ltr'>Morbochio</span> <span class='ocrx_word' id='word_1_267' title='bbox 2220 3766 2566 3818; x_wconf 76' lang='lat' dir='ltr'>coniunctum</span> 
     </span>
     <span class='ocr_line' id='line_1_38' title="bbox 617 3833 2573 3903; baseline 0.001 -18"><span class='ocrx_word' id='word_1_268' title='bbox 617 3833 806 3903; x_wconf 70' lang='lat' dir='ltr'>fuisse,</span> <span class='ocrx_word' id='word_1_269' title='bbox 841 3842 891 3888; x_wconf 77' lang='lat' dir='ltr'>et</span> <span class='ocrx_word' id='word_1_270' title='bbox 927 3834 1286 3901; x_wconf 68' lang='lat' dir='ltr'>Auyustanoe</span> <span class='ocrx_word' id='word_1_271' title='bbox 1318 3834 1706 3902; x_wconf 79' lang='lat' dir='ltr'>subscripsisse</span> <span class='ocrx_word' id='word_1_272' title='bbox 1738 3849 1902 3901; x_wconf 73' lang='lat' dir='ltr'>quum</span> <span class='ocrx_word' id='word_1_273' title='bbox 1929 3834 2356 3901; x_wconf 72' lang='lat' dir='ltr'>Aryentoratum</span> <span class='ocrx_word' id='word_1_274' title='bbox 2390 3834 2573 3887; x_wconf 77' lang='lat' dir='ltr'>venis-</span> 
     </span>
     <span class='ocr_line' id='line_1_39' title="bbox 616 3901 2567 3970; baseline -0.001 -13"><span class='ocrx_word' id='word_1_275' title='bbox 616 3908 697 3957; x_wconf 72' lang='lat' dir='ltr'>set</span> <span class='ocrx_word' id='word_1_276' title='bbox 728 3904 791 3957; x_wconf 76' lang='lat' dir='ltr'>in</span> <span class='ocrx_word' id='word_1_277' title='bbox 822 3917 995 3958; x_wconf 75' lang='lat' dir='ltr'>causa</span> <span class='ocrx_word' id='word_1_278' title='bbox 1011 3903 1261 3957; x_wconf 70' lang='lat' dir='ltr'>Zouchii.</span> <span class='ocrx_word' id='word_1_279' title='bbox 1324 3902 1522 3957; x_wconf 72' lang='lat' dir='ltr'>Verum</span> <span class='ocrx_word' id='word_1_280' title='bbox 1544 3903 1649 3956; x_wconf 77' lang='lat' dir='ltr'>hac</span> <span class='ocrx_word' id='word_1_281' title='bbox 1681 3903 1964 3957; x_wconf 72' lang='lat' dir='ltr'>occasione</span> <span class='ocrx_word' id='word_1_282' title='bbox 1994 3903 2124 3970; x_wconf 77' lang='lat' dir='ltr'>paci</span> <span class='ocrx_word' id='word_1_283' title='bbox 2159 3905 2210 3955; x_wconf 76' lang='lat' dir='ltr'>ei</span> <span class='ocrx_word' id='word_1_284' title='bbox 2242 3901 2567 3956; x_wconf 77' lang='lat' dir='ltr'>concordiae</span> 
     </span>
     <span class='ocr_line' id='line_1_40' title="bbox 616 3969 2567 4052; baseline -0.002 -25"><span class='ocrx_word' id='word_1_285' title='bbox 616 3970 891 4027; x_wconf 57' lang='lat' dir='ltr'>“adunisse</span> <span class='ocrx_word' id='word_1_286' title='bbox 922 3972 1137 4052; x_wconf 61' lang='lat' dir='ltr'>videtur</span> <span class='ocrx_word' id='word_1_287' title='bbox 1171 3978 1223 4026; x_wconf 81' lang='lat' dir='ltr'>et</span> <span class='ocrx_word' id='word_1_288' title='bbox 1240 3970 1497 4052; x_wconf 39' lang='lat' dir='ltr'>&amp;asi-leae</span> <span class='ocrx_word' id='word_1_289' title='bbox 1526 3969 2013 4025; x_wconf 63' lang='lat' dir='ltr'>Mevaniam„-</span> <span class='ocrx_word' id='word_1_290' title='bbox 2046 3969 2333 4025; x_wconf 69' lang='lat' dir='ltr'>obtrudere</span> <span class='ocrx_word' id='word_1_291' title='bbox 2366 3986 2436 4024; x_wconf 78' lang='lat' dir='ltr'>ne</span> <span class='ocrx_word' id='word_1_292' title='bbox 2466 3984 2567 4038; x_wconf 78' lang='lat' dir='ltr'>per</span> 
     </span>
     <span class='ocr_line' id='line_1_41' title="bbox 617 4038 2565 4190; baseline -0.001 -27"><span class='ocrx_word' id='word_1_293' title='bbox 617 4053 883 4190; x_wconf 43' lang='lat' dir='ltr'>waning)</span> <span class='ocrx_word' id='word_1_294' title='bbox 900 4038 1763 4187; x_wconf 45' lang='lat' dir='ltr'>qffietoffzffiiislvinzzaeit</span> <span class='ocrx_word' id='word_1_295' title='bbox 1794 4107 2027 4171; x_wconf 76' lang='lat' dir='ltr'>pertinet</span> <span class='ocrx_word' id='word_1_296' title='bbox 2041 4106 2120 4161; x_wconf 78' lang='lat' dir='ltr'>ad</span> <span class='ocrx_word' id='word_1_297' title='bbox 2154 4123 2209 4160; x_wconf 81' lang='lat' dir='ltr'>a.</span> <span class='ocrx_word' id='word_1_298' title='bbox 2233 4106 2400 4160; x_wconf 81' lang='lat'>1562:</span> <span class='ocrx_word' id='word_1_299' title='bbox 2437 4108 2565 4162; x_wconf 86' lang='lat' dir='ltr'>Von</span> 
     </span>
     <span class='ocr_line' id='line_1_42' title="bbox 616 4175 2564 4246; baseline -0.001 -15"><span class='ocrx_word' id='word_1_300' title='bbox 616 4178 718 4231; x_wconf 87' lang='lat' dir='ltr'>der</span> <span class='ocrx_word' id='word_1_301' title='bbox 737 4179 991 4246; x_wconf 61' lang='lat' dir='ltr'>majestat</span> <span class='ocrx_word' id='word_1_302' title='bbox 1026 4194 1217 4231; x_wconf 83' lang='lat' dir='ltr'>unsers</span> <span class='ocrx_word' id='word_1_303' title='bbox 1251 4178 1487 4232; x_wconf 75' lang='lat' dir='ltr'>LHcrrn</span> <span class='ocrx_word' id='word_1_304' title='bbox 1523 4194 1572 4229; x_wconf 91' lang='lat' dir='ltr'>u.</span> <span class='ocrx_word' id='word_1_305' title='bbox 1600 4176 1742 4231; x_wconf 74' lang='lat' dir='ltr'>Heil.</span> <span class='ocrx_word' id='word_1_306' title='bbox 1776 4176 1830 4229; x_wconf 84' lang='lat' dir='ltr'>J.</span> <span class='ocrx_word' id='word_1_307' title='bbox 1851 4177 1906 4230; x_wconf 90' lang='lat' dir='ltr'>C.</span> <span class='ocrx_word' id='word_1_308' title='bbox 1942 4175 2080 4229; x_wconf 82' lang='lat' dir='ltr'>auch</span> <span class='ocrx_word' id='word_1_309' title='bbox 2117 4192 2169 4229; x_wconf 87' lang='lat' dir='ltr'>v.</span> <span class='ocrx_word' id='word_1_310' title='bbox 2207 4175 2306 4229; x_wconf 91' lang='lat' dir='ltr'>der</span> <span class='ocrx_word' id='word_1_311' title='bbox 2341 4175 2564 4230; x_wconf 77' lang='lat' dir='ltr'>wahren</span> 
     </span>
     <span class='ocr_line' id='line_1_43' title="bbox 616 4244 2563 4316; baseline -0.003 -15"><span class='ocrx_word' id='word_1_312' title='bbox 616 4246 959 4316; x_wconf 77' lang='lat' dir='ltr'>Gegenwiirti</span> <span class='ocrx_word' id='word_1_313' title='bbox 999 4247 1115 4301; x_wconf 86' lang='lat' dir='ltr'>keit</span> <span class='ocrx_word' id='word_1_314' title='bbox 1159 4246 1258 4299; x_wconf 81' lang='lat' dir='ltr'>des</span> <span class='ocrx_word' id='word_1_315' title='bbox 1294 4247 1458 4301; x_wconf 85' lang='lat' dir='ltr'>Leibs</span> <span class='ocrx_word' id='word_1_316' title='bbox 1500 4263 1554 4300; x_wconf 89' lang='grc' dir='ltr'><strong>ιι.</strong></span> <span class='ocrx_word' id='word_1_317' title='bbox 1588 4246 1749 4299; x_wconf 88' lang='lat' dir='ltr'>Bluts</span> <span class='ocrx_word' id='word_1_318' title='bbox 1793 4245 1865 4297; x_wconf 89' lang='lat' dir='ltr'>im</span> <span class='ocrx_word' id='word_1_319' title='bbox 1904 4244 2208 4298; x_wconf 79' lang='lat' dir='ltr'>Nachtmal.</span> <span class='ocrx_word' id='word_1_320' title='bbox 2278 4245 2467 4299; x_wconf 83' lang='lat' dir='ltr'>Wider</span> <span class='ocrx_word' id='word_1_321' title='bbox 2503 4245 2563 4300; x_wconf 90' lang='lat' dir='ltr'>P.</span> 
     </span>
     <span class='ocr_line' id='line_1_44' title="bbox 615 4311 2563 4385; baseline -0.001 -16"><span class='ocrx_word' id='word_1_322' title='bbox 615 4315 829 4385; x_wconf 78' lang='lat' dir='ltr'>Martyr</span> <span class='ocrx_word' id='word_1_323' title='bbox 864 4333 915 4368; x_wconf 92' lang='lat' dir='ltr'>u.</span> <span class='ocrx_word' id='word_1_324' title='bbox 1006 4355 1021 4370; x_wconf 90' lang='lat'>.</span> <span class='ocrx_word' id='word_1_325' title='bbox 1058 4315 1351 4385; x_wconf 81' lang='lat' dir='ltr'>Bullinger.</span> <span class='ocrx_word' id='word_1_326' title='bbox 1421 4315 1557 4369; x_wconf 85' lang='lat' dir='ltr'>Tiib.</span> <span class='ocrx_word' id='word_1_327' title='bbox 1596 4312 1749 4368; x_wconf 81' lang='lat'>1562.</span> <span class='ocrx_word' id='word_1_328' title='bbox 1783 4311 1836 4369; x_wconf 82' lang='grc'>4.</span> <span class='ocrx_word' id='word_1_329' title='bbox 1907 4313 2101 4368; x_wconf 74' lang='lat' dir='ltr'>Etiam</span> <span class='ocrx_word' id='word_1_330' title='bbox 2132 4314 2328 4367; x_wconf 74' lang='lat' dir='ltr'>latine.-</span> <span class='ocrx_word' id='word_1_331' title='bbox 2364 4314 2445 4368; x_wconf 91' lang='lat' dir='ltr'>De</span> <span class='ocrx_word' id='word_1_332' title='bbox 2483 4314 2563 4367; x_wconf 87' lang='lat' dir='ltr'>di-</span> 
     </span>
     <span class='ocr_line' id='line_1_45' title="bbox 618 4380 2295 4451; baseline -0.003 -13"><span class='ocrx_word' id='word_1_333' title='bbox 618 4384 744 4438; x_wconf 76' lang='lat' dir='ltr'>vina</span> <span class='ocrx_word' id='word_1_334' title='bbox 779 4386 1065 4438; x_wconf 76' lang='lat' dir='ltr'>maiestate</span> <span class='ocrx_word' id='word_1_335' title='bbox 1101 4392 1196 4438; x_wconf 82' lang='lat' dir='ltr'>etc.</span> <span class='ocrx_word' id='word_1_336' title='bbox 1265 4382 1352 4449; x_wconf 78' lang='lat' dir='ltr'>Cf.</span> <span class='ocrx_word' id='word_1_337' title='bbox 1389 4383 1707 4438; x_wconf 72' lang='lat' dir='ltr'>Hermann</span> <span class='ocrx_word' id='word_1_338' title='bbox 1742 4397 1795 4435; x_wconf 79' lang='grc' dir='ltr'><strong>ιι.</strong></span> <span class='ocrx_word' id='word_1_339' title='bbox 1832 4381 2035 4451; x_wconf 72' lang='lat' dir='ltr'>Joeqer</span> <span class='ocrx_word' id='word_1_340' title='bbox 2068 4381 2138 4435; x_wconf 90' lang='lat'>11.</span> <span class='ocrx_word' id='word_1_341' title='bbox 2176 4380 2295 4436; x_wconf 87' lang='grc'><strong>386.</strong></span> 
     </span>
    </p>

    <p class='ocr_par' dir='ltr' id='par_1_7' title="bbox 629 4451 2560 4657">
     <span class='ocr_line' id='line_1_46' title="bbox 817 4451 2560 4519; baseline -0.001 -13"><span class='ocrx_word' id='word_1_342' title='bbox 817 4453 877 4519; x_wconf 85' lang='grc'>4)</span> <span class='ocrx_word' id='word_1_343' title='bbox 914 4453 1101 4507; x_wconf 74' lang='lat' dir='ltr'>Lectio</span> <span class='ocrx_word' id='word_1_344' title='bbox 1148 4452 1333 4507; x_wconf 75' lang='lat' dir='ltr'>dubia.</span> <span class='ocrx_word' id='word_1_345' title='bbox 1402 4451 1493 4506; x_wconf 87' lang='lat' dir='ltr'>De</span> <span class='ocrx_word' id='word_1_346' title='bbox 1544 4453 1647 4507; x_wconf 74' lang='lat' dir='ltr'>toli</span> <span class='ocrx_word' id='word_1_347' title='bbox 1693 4452 1942 4505; x_wconf 72' lang='lat' dir='ltr'>versione</span> <span class='ocrx_word' id='word_1_348' title='bbox 1994 4451 2135 4505; x_wconf 72' lang='lat' dir='ltr'>nihil</span> <span class='ocrx_word' id='word_1_349' title='bbox 2185 4452 2335 4506; x_wconf 79' lang='lat' dir='ltr'>olibi.</span> <span class='ocrx_word' id='word_1_350' title='bbox 2410 4451 2560 4505; x_wconf 81' lang='lat' dir='ltr'>Num</span> 
     </span>
     <span class='ocr_line' id='line_1_47' title="bbox 629 4519 1905 4657; baseline -0.001 -82"><span class='ocrx_word' id='word_1_351' title='bbox 629 4519 893 4657; x_wconf 49' lang='lat' dir='ltr'>Voluntas-153</span> <span class='ocrx_word' id='word_1_352' title='bbox 918 4522 1072 4643; x_wconf 61' lang='lat' dir='ltr'>gline</span> <span class='ocrx_word' id='word_1_353' title='bbox 1093 4521 1321 4643; x_wconf 48' lang='lat' dir='ltr'>Icixliqgasl</span> <span class='ocrx_word' id='word_1_354' title='bbox 1341 4522 1553 4589; x_wconf 67' lang='lat' dir='ltr'>prelum</span> <span class='ocrx_word' id='word_1_355' title='bbox 1587 4520 1861 4575; x_wconf 72' lang='lat' dir='ltr'>exercebat</span> <span class='ocrx_word' id='word_1_356' title='bbox 1874 4520 1905 4572; x_wconf 64' lang='grc' dir='ltr'><em>Ρ</em></span> 
     </span>
    </p>

    <p class='ocr_par' dir='ltr' id='par_1_8' title="bbox 616 4607 2566 5003">
     <span class='ocr_line' id='line_1_48' title="bbox 827 4607 2564 4723; baseline 0 -12"><span class='ocrx_word' id='word_1_357' title='bbox 827 4663 887 4723; x_wconf 82' lang='grc'>6)</span> <span class='ocrx_word' id='word_1_358' title='bbox 926 4607 1051 4713; x_wconf 60' lang='lat'>12:¹³³·</span> <span class='ocrx_word' id='word_1_359' title='bbox 1084 4674 1197 4712; x_wconf 76' lang='lat' dir='ltr'>non</span> <span class='ocrx_word' id='word_1_360' title='bbox 1230 4658 1394 4713; x_wconf 71' lang='lat' dir='ltr'>semel</span> <span class='ocrx_word' id='word_1_361' title='bbox 1437 4659 1568 4713; x_wconf 78' lang='lat' dir='ltr'>libri</span> <span class='ocrx_word' id='word_1_362' title='bbox 1610 4659 1729 4712; x_wconf 72' lang='lat' dir='ltr'>eius</span> <span class='ocrx_word' id='word_1_363' title='bbox 1774 4657 2157 4712; x_wconf 64' lang='lat' dir='ltr'>Turiam-bus</span> <span class='ocrx_word' id='word_1_364' title='bbox 2199 4658 2355 4711; x_wconf 77' lang='lat' dir='ltr'>bilem</span> <span class='ocrx_word' id='word_1_365' title='bbox 2390 4672 2564 4711; x_wconf 72' lang='lat' dir='ltr'>move-</span> 
     </span>
     <span class='ocr_line' id='line_1_49' title="bbox 617 4725 2564 4797; baseline 0 -17"><span class='ocrx_word' id='word_1_366' title='bbox 617 4732 761 4793; x_wconf 75' lang='lat' dir='ltr'>rant,</span> <span class='ocrx_word' id='word_1_367' title='bbox 818 4743 1039 4797; x_wconf 67' lang='lat' dir='ltr'>eumque</span> <span class='ocrx_word' id='word_1_368' title='bbox 1072 4728 1431 4797; x_wconf 62' lang='lat' dir='ltr'>Bullinum-us</span> <span class='ocrx_word' id='word_1_369' title='bbox 1480 4728 1623 4781; x_wconf 82' lang='lat' dir='ltr'>serio</span> <span class='ocrx_word' id='word_1_370' title='bbox 1676 4725 2036 4781; x_wconf 72' lang='lat' dir='ltr'>admonuerat</span> <span class='ocrx_word' id='word_1_371' title='bbox 2085 4732 2147 4780; x_wconf 76' lang='grc' dir='ltr'>ιιι</span> <span class='ocrx_word' id='word_1_372' title='bbox 2201 4728 2408 4795; x_wconf 78' lang='lat' dir='ltr'>scripto</span> <span class='ocrx_word' id='word_1_373' title='bbox 2460 4741 2564 4780; x_wconf 80' lang='lat' dir='ltr'>sua</span> 
     </span>
     <span class='ocr_line' id='line_1_50' title="bbox 616 4794 2566 4865; baseline 0 -17"><span class='ocrx_word' id='word_1_374' title='bbox 616 4802 743 4850; x_wconf 74' lang='lat' dir='ltr'>ante</span> <span class='ocrx_word' id='word_1_375' title='bbox 778 4798 1183 4865; x_wconf 70' lang='lat' dir='ltr'>impressionem</span> <span class='ocrx_word' id='word_1_376' title='bbox 1218 4811 1482 4852; x_wconf 72' lang='lat' dir='ltr'>censurae</span> <span class='ocrx_word' id='word_1_377' title='bbox 1516 4797 1860 4851; x_wconf 74' lang='lat' dir='ltr'>submitteret.</span> <span class='ocrx_word' id='word_1_378' title='bbox 1932 4794 2043 4849; x_wconf 81' lang='lat' dir='ltr'>Sed</span> <span class='ocrx_word' id='word_1_379' title='bbox 2076 4809 2138 4848; x_wconf 92' lang='lat' dir='ltr'>eo</span> <span class='ocrx_word' id='word_1_380' title='bbox 2172 4796 2195 4847; x_wconf 87' lang='lat' dir='ltr'>i</span> <span class='ocrx_word' id='word_1_381' title='bbox 2233 4810 2294 4849; x_wconf 94' lang='lat' dir='ltr'>so</span> <span class='ocrx_word' id='word_1_382' title='bbox 2328 4800 2566 4862; x_wconf 71' lang='lat' dir='ltr'>tempore</span> 
     </span>
     <span class='ocr_line' id='line_1_51' title="bbox 619 4811 2560 4985; baseline -0.001 -68"><span class='ocrx_word' id='word_1_383' title='bbox 619 4864 889 4933; x_wconf 71' lang='lat' dir='ltr'>Dialoqos</span> <span class='ocrx_word' id='word_1_384' title='bbox 934 4879 1063 4918; x_wconf 79' lang='lat' dir='ltr'>suos</span> <span class='ocrx_word' id='word_1_385' title='bbox 1096 4864 1353 4919; x_wconf 74' lang='lat' dir='ltr'>Basileus</span> <span class='ocrx_word' id='word_1_386' title='bbox 1400 4866 1554 4933; x_wconf 81' lang='lat' dir='ltr'>prelo</span> <span class='ocrx_word' id='word_1_387' title='bbox 1603 4863 1927 4930; x_wconf 74' lang='lat' dir='ltr'>tradiderat,</span> <span class='ocrx_word' id='word_1_388' title='bbox 1980 4862 2048 4917; x_wconf 74' lang='lat' dir='ltr'>de</span> <span class='ocrx_word' id='word_1_389' title='bbox 2066 4811 2290 4985; x_wconf 52' lang='lat' dir='ltr'>guigo</span> <span class='ocrx_word' id='word_1_390' title='bbox 2318 4863 2472 4917; x_wconf 78' lang='lat' dir='ltr'>Besa</span> <span class='ocrx_word' id='word_1_391' title='bbox 2507 4863 2560 4917; x_wconf 78' lang='lat' dir='ltr'>d.</span> 
     </span>
     <span class='ocr_line' id='line_1_52' title="bbox 617 4931 2561 5003; baseline 0 -18"><span class='ocrx_word' id='word_1_392' title='bbox 617 4933 669 4985; x_wconf 86' lang='lat'>5.</span> <span class='ocrx_word' id='word_1_393' title='bbox 692 4933 854 4987; x_wconf 72' lang='lat' dir='ltr'>lunii</span> <span class='ocrx_word' id='word_1_394' title='bbox 884 4934 1087 4987; x_wconf 79' lang='lat' dir='ltr'>acriter</span> <span class='ocrx_word' id='word_1_395' title='bbox 1120 4934 1199 4988; x_wconf 79' lang='lat' dir='ltr'>ad</span> <span class='ocrx_word' id='word_1_396' title='bbox 1222 4933 1599 5003; x_wconf 69' lang='lat' dir='ltr'>Bullinqerum</span> <span class='ocrx_word' id='word_1_397' title='bbox 1633 4938 1854 5003; x_wconf 74' lang='lat' dir='ltr'>questus</span> <span class='ocrx_word' id='word_1_398' title='bbox 1887 4938 1981 4986; x_wconf 77' lang='lat' dir='ltr'>ssi.</span> <span class='ocrx_word' id='word_1_399' title='bbox 2036 4934 2058 4997; x_wconf 96' lang='lat'>(</span> <span class='ocrx_word' id='word_1_400' title='bbox 2117 4932 2327 4997; x_wconf 64' lang='lat' dir='ltr'>euram,</span> <span class='ocrx_word' id='word_1_401' title='bbox 2371 4931 2561 4987; x_wconf 75' lang='lat' dir='ltr'>Ochin.</span> 
     </span>
    </p>
   </div>
   <div class='ocr_carea' id='block_1_5' title="bbox 620 5001 1145 5067">
    <p class='ocr_par' dir='ltr' id='par_1_9' title="bbox 620 5001 1145 5067">
     <span class='ocr_line' id='line_1_53' title="bbox 620 5001 1145 5067; baseline -0.004 -10"><span class='ocrx_word' id='word_1_402' title='bbox 620 5003 689 5057; x_wconf 87' lang='lat' dir='ltr'>L.</span> <span class='ocrx_word' id='word_1_403' title='bbox 729 5002 875 5057; x_wconf 78' lang='lat'>1875.</span> <span class='ocrx_word' id='word_1_404' title='bbox 951 5041 965 5056; x_wconf 90' lang='lat'>.</span> <span class='ocrx_word' id='word_1_405' title='bbox 1001 5001 1145 5067; x_wconf 84' lang='lat'>300.)</span> 
     </span>
    </p>
   </div>
   <div class='ocr_carea' id='block_1_6' title="bbox 2609 613 2629 5057">
    <p class='ocr_par' dir='ltr' id='par_1_10' title="bbox 2609 613 2629 5057">
     <span class='ocr_line' id='line_1_54' title="bbox 2609 613 2629 5057; baseline 0 0"><span class='ocrx_word' id='word_1_406' title='bbox 2609 613 2629 5057; x_wconf 95' lang='lat' dir='ltr'> </span> 
     </span>
    </p>
   </div>
   <div class='ocr_carea' id='block_1_7' title="bbox 2122 422 4597 492">
    <p class='ocr_par' dir='ltr' id='par_1_11' title="bbox 2122 422 4597 492">
     <span class='ocr_line' id='line_1_55' title="bbox 2122 422 4597 492; baseline -0.004 -1"><span class='ocrx_word' id='word_1_407' title='bbox 2122 422 2651 492; x_wconf 73' lang='lat' dir='ltr'>EPISTOLAE</span> <span class='ocrx_word' id='word_1_408' title='bbox 2695 424 3124 490; x_wconf 83' lang='lat'>3956—3958</span> <span class='ocrx_word' id='word_1_409' title='bbox 4533 429 4597 491; x_wconf 76' lang='lat'>28</span> 
     </span>
    </p>
   </div>
   <div class='ocr_carea' id='block_1_8' title="bbox 2654 610 4628 4636">
    <p class='ocr_par' dir='ltr' id='par_1_12' title="bbox 2666 610 4603 1295">
     <span class='ocr_line' id='line_1_56' title="bbox 2666 610 4598 700; baseline 0.003 -24"><span class='ocrx_word' id='word_1_410' title='bbox 2666 610 2807 677; x_wconf 88' lang='lat' dir='ltr'>Nec</span> <span class='ocrx_word' id='word_1_411' title='bbox 2891 611 3203 677; x_wconf 86' lang='lat' dir='ltr'>satisfecit</span> <span class='ocrx_word' id='word_1_412' title='bbox 3279 613 3417 678; x_wconf 86' lang='lat' dir='ltr'>suis</span> <span class='ocrx_word' id='word_1_413' title='bbox 3481 612 4181 700; x_wconf 85' lang='lat' dir='ltr'>Witembergensibus.</span> <span class='ocrx_word' id='word_1_414' title='bbox 4293 612 4598 681; x_wconf 85' lang='lat' dir='ltr'>Plurimos</span> 
     </span>
     <span class='ocr_line' id='line_1_57' title="bbox 2667 697 4598 783; baseline 0.003 -21"><span class='ocrx_word' id='word_1_415' title='bbox 2667 697 2956 781; x_wconf 83' lang='lat' dir='ltr'>graviter</span> <span class='ocrx_word' id='word_1_416' title='bbox 3034 697 3308 763; x_wconf 88' lang='lat' dir='ltr'>offendit</span> <span class='ocrx_word' id='word_1_417' title='bbox 3383 698 3648 782; x_wconf 87' lang='lat' dir='ltr'>passim.</span> <span class='ocrx_word' id='word_1_418' title='bbox 3773 700 4094 783; x_wconf 85' lang='lat' dir='ltr'>Princeps</span> <span class='ocrx_word' id='word_1_419' title='bbox 4162 698 4426 766; x_wconf 78' lang='lat' dir='ltr'>Hassus</span> <span class='ocrx_word' id='word_1_420' title='bbox 4500 700 4598 768; x_wconf 77' lang='grc'><strong>1100</strong></span> 
     </span>
     <span class='ocr_line' id='line_1_58' title="bbox 2667 781 4601 867; baseline 0.002 -19"><span class='ocrx_word' id='word_1_421' title='bbox 2667 803 2895 848; x_wconf 90' lang='lat' dir='ltr'>mense</span> <span class='ocrx_word' id='word_1_422' title='bbox 2941 781 3366 867; x_wconf 79' lang='lat' dir='ltr'>Stutgardiae</span> <span class='ocrx_word' id='word_1_423' title='bbox 3407 785 3548 849; x_wconf 64' lang='lat' dir='ltr'>fuit.</span> <span class='ocrx_word' id='word_1_424' title='bbox 3561 789 3614 864; x_wconf 83' lang='lat'>⁸)</span> <span class='ocrx_word' id='word_1_425' title='bbox 3700 784 3875 851; x_wconf 88' lang='lat' dir='ltr'>Nam</span> <span class='ocrx_word' id='word_1_426' title='bbox 3939 785 4115 851; x_wconf 89' lang='lat' dir='ltr'>filius</span> <span class='ocrx_word' id='word_1_427' title='bbox 4159 786 4301 851; x_wconf 88' lang='lat' dir='ltr'>eius</span> <span class='ocrx_word' id='word_1_428' title='bbox 4345 784 4601 852; x_wconf 72' lang='lat' dir='ltr'>Ludwi—</span> 
     </span>
     <span class='ocr_line' id='line_1_59' title="bbox 2666 868 4596 955; baseline 0.002 -21"><span class='ocrx_word' id='word_1_429' title='bbox 2666 888 2775 934; x_wconf 77' lang='lat' dir='ltr'>cus</span> <span class='ocrx_word' id='word_1_430' title='bbox 2839 869 3152 952; x_wconf 88' lang='lat' dir='ltr'>principis</span> <span class='ocrx_word' id='word_1_431' title='bbox 3211 868 3784 955; x_wconf 72' lang='lat' dir='ltr'>Wirtemberyensis</span> <span class='ocrx_word' id='word_1_432' title='bbox 3826 871 4030 937; x_wconf 82' lang='lat' dir='ltr'>filiam</span> <span class='ocrx_word' id='word_1_433' title='bbox 4094 870 4286 936; x_wconf 81' lang='lat' dir='ltr'>duxit</span> <span class='ocrx_word' id='word_1_434' title='bbox 4349 892 4596 937; x_wconf 84' lang='lat' dir='ltr'>uxorem</span> 
     </span>
     <span class='ocr_line' id='line_1_60' title="bbox 2668 954 4600 1042; baseline 0.001 -22"><span class='ocrx_word' id='word_1_435' title='bbox 2668 962 2735 1020; x_wconf 93' lang='lat' dir='ltr'>et</span> <span class='ocrx_word' id='word_1_436' title='bbox 2776 954 3042 1038; x_wconf 88' lang='lat' dir='ltr'>nuptias</span> <span class='ocrx_word' id='word_1_437' title='bbox 3097 954 3453 1022; x_wconf 89' lang='lat' dir='ltr'>celebravit</span> <span class='ocrx_word' id='word_1_438' title='bbox 3510 977 3710 1040; x_wconf 88' lang='lat' dir='ltr'>prope</span> <span class='ocrx_word' id='word_1_439' title='bbox 3773 958 3957 1042; x_wconf 84' lang='lat' dir='ltr'>regio</span> <span class='ocrx_word' id='word_1_440' title='bbox 4021 956 4187 1022; x_wconf 81' lang='lat' dir='ltr'>luxu</span> <span class='ocrx_word' id='word_1_441' title='bbox 4248 959 4600 1036; x_wconf 70' lang='lat' dir='ltr'>instructas,</span> 
     </span>
     <span class='ocr_line' id='line_1_61' title="bbox 2668 1039 4602 1126; baseline 0.002 -22"><span class='ocrx_word' id='word_1_442' title='bbox 2668 1051 2746 1104; x_wconf 91' lang='lat' dir='ltr'>ut</span> <span class='ocrx_word' id='word_1_443' title='bbox 2788 1039 2999 1118; x_wconf 90' lang='lat' dir='ltr'>audio,</span> <span class='ocrx_word' id='word_1_444' title='bbox 3043 1062 3177 1106; x_wconf 88' lang='lat' dir='ltr'>non</span> <span class='ocrx_word' id='word_1_445' title='bbox 3237 1042 3379 1107; x_wconf 91' lang='lat' dir='ltr'>sine</span> <span class='ocrx_word' id='word_1_446' title='bbox 3433 1042 3787 1109; x_wconf 89' lang='lat' dir='ltr'>multorum</span> <span class='ocrx_word' id='word_1_447' title='bbox 3834 1040 4195 1109; x_wconf 89' lang='lat' dir='ltr'>offensione</span> <span class='ocrx_word' id='word_1_448' title='bbox 4236 1043 4349 1126; x_wconf 89' lang='lat' dir='ltr'>qui</span> <span class='ocrx_word' id='word_1_449' title='bbox 4405 1043 4602 1125; x_wconf 82' lang='lat' dir='ltr'>inopia</span> 
     </span>
     <span class='ocr_line' id='line_1_62' title="bbox 2673 1128 4603 1195; baseline 0.002 -4"><span class='ocrx_word' id='word_1_450' title='bbox 2673 1146 2896 1191; x_wconf 90' lang='lat' dir='ltr'>rerum</span> <span class='ocrx_word' id='word_1_451' title='bbox 2961 1135 3222 1192; x_wconf 88' lang='lat' dir='ltr'>tantum</span> <span class='ocrx_word' id='word_1_452' title='bbox 3286 1148 3423 1192; x_wconf 89' lang='lat' dir='ltr'>non</span> <span class='ocrx_word' id='word_1_453' title='bbox 3488 1129 3917 1193; x_wconf 89' lang='lat' dir='ltr'>emoriuntur.</span> <span class='ocrx_word' id='word_1_454' title='bbox 4005 1128 4281 1195; x_wconf 88' lang='lat' dir='ltr'>Utinam</span> <span class='ocrx_word' id='word_1_455' title='bbox 4338 1128 4603 1194; x_wconf 78' lang='lat' dir='ltr'>affinitas</span> 
     </span>
     <span class='ocr_line' id='line_1_63' title="bbox 2671 1210 3626 1295; baseline 0.003 -20"><span class='ocrx_word' id='word_1_456' title='bbox 2671 1210 2787 1278; x_wconf 90' lang='lat' dir='ltr'>illa</span> <span class='ocrx_word' id='word_1_457' title='bbox 2827 1231 2961 1276; x_wconf 90' lang='lat' dir='ltr'>non</span> <span class='ocrx_word' id='word_1_458' title='bbox 3007 1211 3166 1277; x_wconf 86' lang='lat' dir='ltr'>mali</span> <span class='ocrx_word' id='word_1_459' title='bbox 3209 1212 3452 1295; x_wconf 91' lang='lat' dir='ltr'>aliquid</span> <span class='ocrx_word' id='word_1_460' title='bbox 3498 1213 3626 1278; x_wconf 90' lang='lat' dir='ltr'>det.</span> 
     </span>
    </p>

    <p class='ocr_par' dir='ltr' id='par_1_13' title="bbox 2667 1297 4612 1962">
     <span class='ocr_line' id='line_1_64' title="bbox 2843 1297 4604 1381; baseline 0.001 -19"><span class='ocrx_word' id='word_1_461' title='bbox 2843 1297 3023 1362; x_wconf 86' lang='lat' dir='ltr'>Male</span> <span class='ocrx_word' id='word_1_462' title='bbox 3081 1307 3148 1363; x_wconf 92' lang='lat' dir='ltr'>et</span> <span class='ocrx_word' id='word_1_463' title='bbox 3201 1297 3672 1381; x_wconf 88' lang='lat' dir='ltr'>imprudenter,</span> <span class='ocrx_word' id='word_1_464' title='bbox 3728 1320 3875 1364; x_wconf 90' lang='lat' dir='ltr'>meo</span> <span class='ocrx_word' id='word_1_465' title='bbox 3933 1298 4196 1376; x_wconf 77' lang='lat' dir='ltr'>iudicio,</span> <span class='ocrx_word' id='word_1_466' title='bbox 4251 1300 4408 1366; x_wconf 82' lang='lat' dir='ltr'>fecit</span> <span class='ocrx_word' id='word_1_467' title='bbox 4452 1299 4604 1364; x_wconf 76' lang='lat' dir='ltr'>Zon-</span> 
     </span>
     <span class='ocr_line' id='line_1_65' title="bbox 2669 1382 4604 1467; baseline 0.001 -20"><span class='ocrx_word' id='word_1_468' title='bbox 2669 1382 2822 1448; x_wconf 75' lang='lat' dir='ltr'>ckus</span> <span class='ocrx_word' id='word_1_469' title='bbox 2882 1391 3106 1448; x_wconf 90' lang='lat' dir='ltr'>noster</span> <span class='ocrx_word' id='word_1_470' title='bbox 3163 1392 3230 1448; x_wconf 92' lang='lat' dir='ltr'>et</span> <span class='ocrx_word' id='word_1_471' title='bbox 3276 1383 3617 1462; x_wconf 67' lang='lat' dir='ltr'>Simmiae,</span> <span class='ocrx_word' id='word_1_472' title='bbox 3676 1386 3788 1467; x_wconf 89' lang='lat' dir='ltr'>qui</span> <span class='ocrx_word' id='word_1_473' title='bbox 3842 1383 4306 1451; x_wconf 89' lang='lat' dir='ltr'>subscribendo</span> <span class='ocrx_word' id='word_1_474' title='bbox 4374 1387 4604 1452; x_wconf 80' lang='lat' dir='ltr'>conses-</span> 
     </span>
     <span class='ocr_line' id='line_1_66' title="bbox 2667 1468 4606 1555; baseline 0.002 -22"><span class='ocrx_word' id='word_1_475' title='bbox 2667 1468 2841 1534; x_wconf 90' lang='lat' dir='ltr'>sioni</span> <span class='ocrx_word' id='word_1_476' title='bbox 2884 1470 3313 1552; x_wconf 84' lang='lat' dir='ltr'>Augustanae</span> <span class='ocrx_word' id='word_1_477' title='bbox 3367 1478 3434 1534; x_wconf 91' lang='lat' dir='ltr'>et</span> <span class='ocrx_word' id='word_1_478' title='bbox 3479 1471 3843 1555; x_wconf 83' lang='lat' dir='ltr'>Apologiae</span> <span class='ocrx_word' id='word_1_479' title='bbox 3909 1470 4366 1553; x_wconf 88' lang='lat' dir='ltr'>triumphandi</span> <span class='ocrx_word' id='word_1_480' title='bbox 4421 1481 4606 1536; x_wconf 83' lang='lat' dir='ltr'>mate-</span> 
     </span>
     <span class='ocr_line' id='line_1_67' title="bbox 2669 1553 4606 1638; baseline 0.002 -20"><span class='ocrx_word' id='word_1_481' title='bbox 2669 1555 2836 1618; x_wconf 89' lang='lat' dir='ltr'>riam</span> <span class='ocrx_word' id='word_1_482' title='bbox 2903 1553 3295 1620; x_wconf 88' lang='lat' dir='ltr'>adversariis</span> <span class='ocrx_word' id='word_1_483' title='bbox 3361 1556 3809 1638; x_wconf 86' lang='lat' dir='ltr'>praebuerunt</span> <span class='ocrx_word' id='word_1_484' title='bbox 3891 1556 4308 1622; x_wconf 89' lang='lat' dir='ltr'>uberrimam.</span> <span class='ocrx_word' id='word_1_485' title='bbox 4329 1561 4389 1634; x_wconf 71' lang='grc'>9)</span> <span class='ocrx_word' id='word_1_486' title='bbox 4489 1556 4606 1621; x_wconf 83' lang='lat' dir='ltr'>Vix</span> 
     </span>
     <span class='ocr_line' id='line_1_68' title="bbox 2668 1638 4609 1724; baseline 0.001 -18"><span class='ocrx_word' id='word_1_487' title='bbox 2668 1638 2896 1706; x_wconf 86' lang='lat' dir='ltr'>credas</span> <span class='ocrx_word' id='word_1_488' title='bbox 2939 1661 3134 1722; x_wconf 89' lang='lat' dir='ltr'>quam</span> <span class='ocrx_word' id='word_1_489' title='bbox 3180 1640 3599 1706; x_wconf 89' lang='lat' dir='ltr'>offendantur</span> <span class='ocrx_word' id='word_1_490' title='bbox 3654 1642 3898 1724; x_wconf 89' lang='lat' dir='ltr'>passim</span> <span class='ocrx_word' id='word_1_491' title='bbox 3956 1643 4222 1719; x_wconf 87' lang='lat' dir='ltr'>infirmi,</span> <span class='ocrx_word' id='word_1_492' title='bbox 4285 1663 4488 1724; x_wconf 88' lang='lat' dir='ltr'>quam</span> <span class='ocrx_word' id='word_1_493' title='bbox 4527 1643 4609 1706; x_wconf 90' lang='lat' dir='ltr'>in-</span> 
     </span>
     <span class='ocr_line' id='line_1_69' title="bbox 2669 1724 4612 1812; baseline 0.002 -22"><span class='ocrx_word' id='word_1_494' title='bbox 2669 1724 2954 1791; x_wconf 89' lang='lat' dir='ltr'>solenter</span> <span class='ocrx_word' id='word_1_495' title='bbox 2977 1725 3310 1791; x_wconf 82' lang='lat' dir='ltr'>exsultent</span> <span class='ocrx_word' id='word_1_496' title='bbox 3331 1727 3704 1793; x_wconf 87' lang='lat' dir='ltr'>Lutherani</span> <span class='ocrx_word' id='word_1_497' title='bbox 3749 1727 4199 1812; x_wconf 81' lang='lat' dir='ltr'>insultantque</span> <span class='ocrx_word' id='word_1_498' title='bbox 4215 1727 4612 1812; x_wconf 80' lang='lat' dir='ltr'>Zuinglianis</span> 
     </span>
     <span class='ocr_line' id='line_1_70' title="bbox 2668 1811 4610 1961; baseline 0.002 -86"><span class='ocrx_word' id='word_1_499' title='bbox 2668 1821 2735 1876; x_wconf 91' lang='lat' dir='ltr'>et</span> <span class='ocrx_word' id='word_1_500' title='bbox 2776 1811 3192 1961; x_wconf 52' lang='lat' dir='ltr'>galvinistis.</span> <span class='ocrx_word' id='word_1_501' title='bbox 3285 1811 3652 1878; x_wconf 88' lang='lat' dir='ltr'>Dominum</span> <span class='ocrx_word' id='word_1_502' title='bbox 3713 1835 3827 1879; x_wconf 92' lang='lat' dir='ltr'>oro</span> <span class='ocrx_word' id='word_1_503' title='bbox 3891 1823 3967 1878; x_wconf 90' lang='lat' dir='ltr'>ut</span> <span class='ocrx_word' id='word_1_504' title='bbox 4031 1813 4186 1880; x_wconf 91' lang='lat' dir='ltr'>huic</span> <span class='ocrx_word' id='word_1_505' title='bbox 4243 1814 4420 1878; x_wconf 90' lang='lat' dir='ltr'>malo</span> <span class='ocrx_word' id='word_1_506' title='bbox 4486 1813 4610 1898; x_wconf 80' lang='lat' dir='ltr'>ipse</span> 
     </span>
     <span class='ocr_line' id='line_1_71' title="bbox 2668 1905 3027 1962; baseline 0 0"><span class='ocrx_word' id='word_1_507' title='bbox 2668 1917 2774 1962; x_wconf 91' lang='lat' dir='ltr'>me</span> <span class='ocrx_word' id='word_1_508' title='bbox 2821 1905 3027 1962; x_wconf 90' lang='lat' dir='ltr'>eatur.</span> 
     </span>
    </p>

    <p class='ocr_par' dir='ltr' id='par_1_14' title="bbox 2654 1983 4620 3008">
     <span class='ocr_line' id='line_1_72' title="bbox 2836 1983 4610 2065; baseline 0 -17"><span class='ocrx_word' id='word_1_509' title='bbox 2836 1983 3166 2065; x_wconf 87' lang='lat' dir='ltr'>Receptus</span> <span class='ocrx_word' id='word_1_510' title='bbox 3233 1993 3332 2049; x_wconf 88' lang='lat' dir='ltr'>est</span> <span class='ocrx_word' id='word_1_511' title='bbox 3385 1984 3494 2050; x_wconf 92' lang='lat' dir='ltr'>hic</span> <span class='ocrx_word' id='word_1_512' title='bbox 3550 1984 3618 2048; x_wconf 92' lang='lat' dir='ltr'>in</span> <span class='ocrx_word' id='word_1_513' title='bbox 3673 1984 3900 2051; x_wconf 84' lang='lat' dir='ltr'>schola</span> <span class='ocrx_word' id='word_1_514' title='bbox 3942 1991 4172 2050; x_wconf 89' lang='lat' dir='ltr'>nostra</span> <span class='ocrx_word' id='word_1_515' title='bbox 4215 1984 4610 2051; x_wconf 80' lang='lat' dir='ltr'>concorditer</span> 
     </span>
     <span class='ocr_line' id='line_1_73' title="bbox 2666 2069 4610 2152; baseline 0.001 -19"><span class='ocrx_word' id='word_1_516' title='bbox 2666 2089 2870 2152; x_wconf 81' lang='lat' dir='ltr'>gener</span> <span class='ocrx_word' id='word_1_517' title='bbox 2937 2090 3123 2133; x_wconf 89' lang='lat' dir='ltr'>meus</span> <span class='ocrx_word' id='word_1_518' title='bbox 3188 2069 3398 2135; x_wconf 85' lang='lat' dir='ltr'>Iosias</span> <span class='ocrx_word' id='word_1_519' title='bbox 3470 2069 3778 2136; x_wconf 81' lang='lat' dir='ltr'>Simlerus</span> <span class='ocrx_word' id='word_1_520' title='bbox 3807 2073 3892 2148; x_wconf 86' lang='lat'>¹⁰)</span> <span class='ocrx_word' id='word_1_521' title='bbox 3959 2071 4031 2134; x_wconf 93' lang='lat' dir='ltr'>in</span> <span class='ocrx_word' id='word_1_522' title='bbox 4095 2072 4314 2136; x_wconf 91' lang='lat' dir='ltr'>locum</span> <span class='ocrx_word' id='word_1_523' title='bbox 4397 2069 4610 2135; x_wconf 80' lang='lat' dir='ltr'>beatae</span> 
     </span>
     <span class='ocr_line' id='line_1_74' title="bbox 2667 2154 4612 2238; baseline 0.001 -20"><span class='ocrx_word' id='word_1_524' title='bbox 2667 2154 3016 2219; x_wconf 89' lang='lat' dir='ltr'>memoriae</span> <span class='ocrx_word' id='word_1_525' title='bbox 3063 2154 3376 2238; x_wconf 69' lang='lat' dir='ltr'>Martyris</span> <span class='ocrx_word' id='word_1_526' title='bbox 3419 2157 3650 2232; x_wconf 90' lang='lat' dir='ltr'>nostri,</span> <span class='ocrx_word' id='word_1_527' title='bbox 3718 2167 3784 2221; x_wconf 91' lang='lat' dir='ltr'>et</span> <span class='ocrx_word' id='word_1_528' title='bbox 3850 2154 4201 2221; x_wconf 88' lang='lat' dir='ltr'>adiunctus</span> <span class='ocrx_word' id='word_1_529' title='bbox 4247 2166 4350 2222; x_wconf 91' lang='lat' dir='ltr'>est</span> <span class='ocrx_word' id='word_1_530' title='bbox 4393 2157 4455 2221; x_wconf 92' lang='lat' dir='ltr'>ei</span> <span class='ocrx_word' id='word_1_531' title='bbox 4499 2155 4612 2222; x_wconf 90' lang='lat' dir='ltr'>col·</span> 
     </span>
     <span class='ocr_line' id='line_1_75' title="bbox 2665 2238 4614 2324; baseline 0.001 -19"><span class='ocrx_word' id='word_1_532' title='bbox 2665 2239 2818 2323; x_wconf 83' lang='lat' dir='ltr'>lega</span> <span class='ocrx_word' id='word_1_533' title='bbox 2862 2242 2966 2305; x_wconf 91' lang='lat' dir='ltr'>vir</span> <span class='ocrx_word' id='word_1_534' title='bbox 3007 2238 3339 2324; x_wconf 81' lang='lat' dir='ltr'>piissimus</span> <span class='ocrx_word' id='word_1_535' title='bbox 3398 2251 3464 2306; x_wconf 92' lang='lat' dir='ltr'>et</span> <span class='ocrx_word' id='word_1_536' title='bbox 3521 2239 3936 2320; x_wconf 85' lang='lat' dir='ltr'>doctissimus</span> <span class='ocrx_word' id='word_1_537' title='bbox 3985 2242 4067 2307; x_wconf 93' lang='lat' dir='ltr'>D.</span> <span class='ocrx_word' id='word_1_538' title='bbox 4115 2241 4408 2307; x_wconf 87' lang='lat' dir='ltr'>Ioannes</span> <span class='ocrx_word' id='word_1_539' title='bbox 4469 2241 4614 2308; x_wconf 65' lang='lat' dir='ltr'><strong><em>Wol-</em></strong></span> 
     </span>
     <span class='ocr_line' id='line_1_76' title="bbox 2654 2325 4614 2410; baseline 0.002 -21"><span class='ocrx_word' id='word_1_540' title='bbox 2654 2325 2875 2407; x_wconf 77' lang='lat' dir='ltr'>phiu8‚</span> <span class='ocrx_word' id='word_1_541' title='bbox 2919 2327 3029 2407; x_wconf 90' lang='lat' dir='ltr'>qui</span> <span class='ocrx_word' id='word_1_542' title='bbox 3073 2327 3144 2390; x_wconf 91' lang='lat' dir='ltr'>in</span> <span class='ocrx_word' id='word_1_543' title='bbox 3189 2348 3462 2391; x_wconf 91' lang='lat' dir='ltr'>munere</span> <span class='ocrx_word' id='word_1_544' title='bbox 3520 2327 3787 2409; x_wconf 87' lang='lat' dir='ltr'>quidem</span> <span class='ocrx_word' id='word_1_545' title='bbox 3844 2349 3962 2392; x_wconf 92' lang='lat' dir='ltr'>suo</span> <span class='ocrx_word' id='word_1_546' title='bbox 4007 2327 4461 2410; x_wconf 85' lang='lat' dir='ltr'>perseverabit</span> <span class='ocrx_word' id='word_1_547' title='bbox 4501 2327 4614 2410; x_wconf 76' lang='lat' dir='ltr'>(est</span> 
     </span>
     <span class='ocr_line' id='line_1_77' title="bbox 2666 2411 4615 2496; baseline 0.001 -22"><span class='ocrx_word' id='word_1_548' title='bbox 2666 2421 2887 2475; x_wconf 90' lang='lat' dir='ltr'>autem</span> <span class='ocrx_word' id='word_1_549' title='bbox 2931 2419 3155 2493; x_wconf 79' lang='lat' dir='ltr'>pastor</span> <span class='ocrx_word' id='word_1_550' title='bbox 3215 2413 3496 2496; x_wconf 83' lang='lat' dir='ltr'>insignis</span> <span class='ocrx_word' id='word_1_551' title='bbox 3539 2413 3878 2479; x_wconf 84' lang='lat' dir='ltr'>cuiusdam</span> <span class='ocrx_word' id='word_1_552' title='bbox 3931 2413 4001 2478; x_wconf 93' lang='lat' dir='ltr'>in</span> <span class='ocrx_word' id='word_1_553' title='bbox 4058 2414 4221 2478; x_wconf 89' lang='lat' dir='ltr'>urbe</span> <span class='ocrx_word' id='word_1_554' title='bbox 4276 2411 4456 2494; x_wconf 88' lang='lat' dir='ltr'>apud</span> <span class='ocrx_word' id='word_1_555' title='bbox 4509 2433 4615 2476; x_wconf 79' lang='lat' dir='ltr'>nos</span> 
     </span>
     <span class='ocr_line' id='line_1_78' title="bbox 2667 2496 4616 2581; baseline 0 -19"><span class='ocrx_word' id='word_1_556' title='bbox 2667 2496 3024 2576; x_wconf 86' lang='lat' dir='ltr'>ecclesiae),</span> <span class='ocrx_word' id='word_1_557' title='bbox 3088 2497 3203 2562; x_wconf 87' lang='lat' dir='ltr'>sed</span> <span class='ocrx_word' id='word_1_558' title='bbox 3268 2497 3466 2563; x_wconf 89' lang='lat' dir='ltr'>simul</span> <span class='ocrx_word' id='word_1_559' title='bbox 3512 2500 3710 2563; x_wconf 89' lang='lat' dir='ltr'>etiam</span> <span class='ocrx_word' id='word_1_560' title='bbox 3775 2498 4207 2581; x_wconf 88' lang='lat' dir='ltr'>profitebitur.</span> <span class='ocrx_word' id='word_1_561' title='bbox 4295 2499 4456 2563; x_wconf 85' lang='lat' dir='ltr'>Fiet</span> <span class='ocrx_word' id='word_1_562' title='bbox 4507 2497 4616 2562; x_wconf 86' lang='lat' dir='ltr'>hoc</span> 
     </span>
     <span class='ocr_line' id='line_1_79' title="bbox 2669 2583 4618 2667; baseline 0 -19"><span class='ocrx_word' id='word_1_563' title='bbox 2669 2602 2786 2665; x_wconf 87' lang='lat' dir='ltr'>per</span> <span class='ocrx_word' id='word_1_564' title='bbox 2848 2583 3059 2662; x_wconf 87' lang='lat' dir='ltr'>vices,</span> <span class='ocrx_word' id='word_1_565' title='bbox 3126 2605 3251 2666; x_wconf 91' lang='lat' dir='ltr'>quo</span> <span class='ocrx_word' id='word_1_566' title='bbox 3316 2583 3570 2649; x_wconf 87' lang='lat' dir='ltr'>facilius</span> <span class='ocrx_word' id='word_1_567' title='bbox 3636 2584 3903 2667; x_wconf 89' lang='lat' dir='ltr'>utrique</span> <span class='ocrx_word' id='word_1_568' title='bbox 3969 2586 4176 2666; x_wconf 88' lang='lat' dir='ltr'>possit</span> <span class='ocrx_word' id='word_1_569' title='bbox 4233 2584 4618 2649; x_wconf 77' lang='lat' dir='ltr'>satisfacere.</span> 
     </span>
     <span class='ocr_line' id='line_1_80' title="bbox 2669 2666 4616 2752; baseline 0 -20"><span class='ocrx_word' id='word_1_570' title='bbox 2669 2666 2997 2751; x_wconf 87' lang='lat' dir='ltr'>Adempta</span> <span class='ocrx_word' id='word_1_571' title='bbox 3042 2677 3198 2733; x_wconf 90' lang='lat' dir='ltr'>sunt</span> <span class='ocrx_word' id='word_1_572' title='bbox 3239 2669 3507 2752; x_wconf 89' lang='lat' dir='ltr'>insuper</span> <span class='ocrx_word' id='word_1_573' title='bbox 3567 2670 3723 2736; x_wconf 90' lang='lat' dir='ltr'>huic</span> <span class='ocrx_word' id='word_1_574' title='bbox 3768 2669 4086 2752; x_wconf 87' lang='lat' dir='ltr'>quaedam</span> <span class='ocrx_word' id='word_1_575' title='bbox 4131 2691 4334 2735; x_wconf 90' lang='lat' dir='ltr'>onera</span> <span class='ocrx_word' id='word_1_576' title='bbox 4380 2681 4459 2735; x_wconf 89' lang='lat' dir='ltr'>ut</span> <span class='ocrx_word' id='word_1_577' title='bbox 4500 2670 4616 2733; x_wconf 81' lang='lat' dir='ltr'>iam</span> 
     </span>
     <span class='ocr_line' id='line_1_81' title="bbox 2669 2752 4618 2839; baseline 0.001 -22"><span class='ocrx_word' id='word_1_578' title='bbox 2669 2752 2924 2819; x_wconf 88' lang='lat' dir='ltr'>facilius</span> <span class='ocrx_word' id='word_1_579' title='bbox 2965 2755 3258 2838; x_wconf 88' lang='lat' dir='ltr'>profiteri</span> <span class='ocrx_word' id='word_1_580' title='bbox 3302 2756 3524 2837; x_wconf 89' lang='lat' dir='ltr'>possit.</span> <span class='ocrx_word' id='word_1_581' title='bbox 3618 2753 3825 2821; x_wconf 90' lang='lat' dir='ltr'>Orate</span> <span class='ocrx_word' id='word_1_582' title='bbox 3870 2777 3988 2839; x_wconf 92' lang='lat' dir='ltr'>pro</span> <span class='ocrx_word' id='word_1_583' title='bbox 4032 2756 4219 2822; x_wconf 90' lang='lat' dir='ltr'>nobis</span> <span class='ocrx_word' id='word_1_584' title='bbox 4258 2754 4618 2820; x_wconf 89' lang='lat' dir='ltr'>Dominum</span> 
     </span>
     <span class='ocr_line' id='line_1_82' title="bbox 2673 2838 4620 2907; baseline 0.001 -4"><span class='ocrx_word' id='word_1_585' title='bbox 2673 2849 2748 2903; x_wconf 90' lang='lat' dir='ltr'>ut</span> <span class='ocrx_word' id='word_1_586' title='bbox 2789 2860 3016 2904; x_wconf 91' lang='lat' dir='ltr'>eorum</span> <span class='ocrx_word' id='word_1_587' title='bbox 3060 2839 3395 2906; x_wconf 90' lang='lat' dir='ltr'>laboribus</span> <span class='ocrx_word' id='word_1_588' title='bbox 3438 2838 3781 2906; x_wconf 88' lang='lat' dir='ltr'>benedicat</span> <span class='ocrx_word' id='word_1_589' title='bbox 3821 2855 3889 2907; x_wconf 90' lang='lat' dir='ltr'>et</span> <span class='ocrx_word' id='word_1_590' title='bbox 3927 2840 4218 2907; x_wconf 89' lang='lat' dir='ltr'>scholam</span> <span class='ocrx_word' id='word_1_591' title='bbox 4255 2840 4620 2907; x_wconf 86' lang='lat' dir='ltr'>ecclesiam·</span> 
     </span>
     <span class='ocr_line' id='line_1_83' title="bbox 2668 2935 3671 3008; baseline 0.001 -18"><span class='ocrx_word' id='word_1_592' title='bbox 2668 2946 2793 3008; x_wconf 90' lang='lat' dir='ltr'>que</span> <span class='ocrx_word' id='word_1_593' title='bbox 2829 2935 3117 2990; x_wconf 84' lang='lat' dir='ltr'>nostram</span> <span class='ocrx_word' id='word_1_594' title='bbox 3163 2937 3505 2992; x_wconf 89' lang='lat' dir='ltr'>conservet</span> <span class='ocrx_word' id='word_1_595' title='bbox 3551 2941 3671 2991; x_wconf 89' lang='lat' dir='ltr'>etc.</span> 
     </span>
    </p>

    <p class='ocr_par' dir='ltr' id='par_1_15' title="bbox 2668 3010 4624 3591">
     <span class='ocr_line' id='line_1_84' title="bbox 2840 3010 4620 3096; baseline 0.001 -20"><span class='ocrx_word' id='word_1_596' title='bbox 2840 3010 3038 3076; x_wconf 89' lang='lat' dir='ltr'>Nulla</span> <span class='ocrx_word' id='word_1_597' title='bbox 3094 3033 3386 3096; x_wconf 89' lang='lat' dir='ltr'>uuquam</span> <span class='ocrx_word' id='word_1_598' title='bbox 3452 3012 3796 3077; x_wconf 90' lang='lat' dir='ltr'>hominum</span> <span class='ocrx_word' id='word_1_599' title='bbox 3863 3012 4176 3079; x_wconf 88' lang='lat' dir='ltr'>memoria</span> <span class='ocrx_word' id='word_1_600' title='bbox 4219 3011 4620 3078; x_wconf 82' lang='lat' dir='ltr'>frumentum</span> 
     </span>
     <span class='ocr_line' id='line_1_85' title="bbox 2668 3097 4618 3181; baseline -0.001 -17"><span class='ocrx_word' id='word_1_601' title='bbox 2668 3097 2879 3164; x_wconf 88' lang='lat' dir='ltr'>veniit</span> <span class='ocrx_word' id='word_1_602' title='bbox 2941 3106 3127 3163; x_wconf 87' lang='lat' dir='ltr'>tanto</span> <span class='ocrx_word' id='word_1_603' title='bbox 3167 3098 3374 3181; x_wconf 89' lang='lat' dir='ltr'>pretio</span> <span class='ocrx_word' id='word_1_604' title='bbox 3420 3108 3666 3181; x_wconf 86' lang='lat' dir='ltr'>quanto</span> <span class='ocrx_word' id='word_1_605' title='bbox 3703 3117 3896 3164; x_wconf 88' lang='lat' dir='ltr'>nunc.</span> <span class='ocrx_word' id='word_1_606' title='bbox 3978 3098 4363 3164; x_wconf 85' lang='lat' dir='ltr'>Medimnus</span> <span class='ocrx_word' id='word_1_607' title='bbox 4411 3098 4618 3171; x_wconf 78' lang='lat' dir='ltr'>tritici,</span> 
     </span>
     <span class='ocr_line' id='line_1_86' title="bbox 2671 3182 4622 3266; baseline 0.001 -18"><span class='ocrx_word' id='word_1_608' title='bbox 2671 3184 2782 3266; x_wconf 91' lang='lat' dir='ltr'>qui</span> <span class='ocrx_word' id='word_1_609' title='bbox 2823 3182 3231 3248; x_wconf 88' lang='lat' dir='ltr'>vendebatur</span> <span class='ocrx_word' id='word_1_610' title='bbox 3287 3183 3538 3249; x_wconf 89' lang='lat' dir='ltr'>duobus</span> <span class='ocrx_word' id='word_1_611' title='bbox 3594 3186 3863 3261; x_wconf 89' lang='lat' dir='ltr'>florinis,</span> <span class='ocrx_word' id='word_1_612' title='bbox 3919 3206 4099 3250; x_wconf 91' lang='lat' dir='ltr'>nunc</span> <span class='ocrx_word' id='word_1_613' title='bbox 4156 3184 4406 3249; x_wconf 88' lang='lat' dir='ltr'>emitur</span> <span class='ocrx_word' id='word_1_614' title='bbox 4471 3202 4622 3266; x_wconf 80' lang='lat' dir='ltr'>qua·</span> 
     </span>
     <span class='ocr_line' id='line_1_87' title="bbox 2671 3269 4620 3352; baseline -0.001 -19"><span class='ocrx_word' id='word_1_615' title='bbox 2671 3280 2836 3334; x_wconf 89' lang='lat' dir='ltr'>tuor.</span> <span class='ocrx_word' id='word_1_616' title='bbox 2903 3269 3180 3334; x_wconf 89' lang='lat' dir='ltr'>Interim</span> <span class='ocrx_word' id='word_1_617' title='bbox 3205 3288 3337 3334; x_wconf 91' lang='lat' dir='ltr'>non</span> <span class='ocrx_word' id='word_1_618' title='bbox 3373 3270 3712 3334; x_wconf 89' lang='lat' dir='ltr'>invenitur</span> <span class='ocrx_word' id='word_1_619' title='bbox 3748 3270 4178 3334; x_wconf 85' lang='lat' dir='ltr'>frumentum.</span> <span class='ocrx_word' id='word_1_620' title='bbox 4247 3270 4432 3335; x_wconf 83' lang='lat' dir='ltr'>Mira</span> <span class='ocrx_word' id='word_1_621' title='bbox 4476 3288 4620 3352; x_wconf 86' lang='lat' dir='ltr'>ergo</span> 
     </span>
     <span class='ocr_line' id='line_1_88' title="bbox 2671 3354 4624 3436; baseline -0.002 -15"><span class='ocrx_word' id='word_1_622' title='bbox 2671 3362 2771 3421; x_wconf 89' lang='lat' dir='ltr'>est</span> <span class='ocrx_word' id='word_1_623' title='bbox 2811 3355 3036 3436; x_wconf 90' lang='lat' dir='ltr'>inopia</span> <span class='ocrx_word' id='word_1_624' title='bbox 3077 3355 3283 3420; x_wconf 89' lang='lat' dir='ltr'>fames</span> <span class='ocrx_word' id='word_1_625' title='bbox 3328 3364 3394 3419; x_wconf 92' lang='lat' dir='ltr'>et</span> <span class='ocrx_word' id='word_1_626' title='bbox 3428 3355 3782 3420; x_wconf 87' lang='lat' dir='ltr'>calamitas.</span> <span class='ocrx_word' id='word_1_627' title='bbox 3871 3354 4203 3420; x_wconf 88' lang='lat' dir='ltr'>Dominus</span> <span class='ocrx_word' id='word_1_628' title='bbox 4235 3355 4624 3420; x_wconf 70' lang='lat' dir='ltr'>misereatur</span> 
     </span>
     <span class='ocr_line' id='line_1_89' title="bbox 2669 3439 4622 3523; baseline -0.001 -19"><span class='ocrx_word' id='word_1_629' title='bbox 2669 3440 2877 3504; x_wconf 89' lang='lat' dir='ltr'>nostri</span> <span class='ocrx_word' id='word_1_630' title='bbox 2943 3450 3009 3504; x_wconf 89' lang='lat' dir='ltr'>et</span> <span class='ocrx_word' id='word_1_631' title='bbox 3074 3448 3332 3505; x_wconf 88' lang='lat' dir='ltr'>avertat</span> <span class='ocrx_word' id='word_1_632' title='bbox 3395 3441 3565 3505; x_wconf 89' lang='lat' dir='ltr'>iram</span> <span class='ocrx_word' id='word_1_633' title='bbox 3628 3460 3817 3505; x_wconf 86' lang='lat' dir='ltr'>suam</span> <span class='ocrx_word' id='word_1_634' title='bbox 3860 3461 3901 3505; x_wconf 92' lang='lat' dir='ltr'>a</span> <span class='ocrx_word' id='word_1_635' title='bbox 3964 3439 4167 3506; x_wconf 90' lang='lat' dir='ltr'>nobis.</span> <span class='ocrx_word' id='word_1_636' title='bbox 4255 3439 4472 3507; x_wconf 87' lang='lat' dir='ltr'>Orate</span> <span class='ocrx_word' id='word_1_637' title='bbox 4515 3460 4622 3523; x_wconf 87' lang='lat' dir='ltr'>pro</span> 
     </span>
     <span class='ocr_line' id='line_1_90' title="bbox 2668 3526 2874 3591; baseline 0 -2"><span class='ocrx_word' id='word_1_638' title='bbox 2668 3526 2874 3591; x_wconf 89' lang='lat' dir='ltr'>nobis.</span> 
     </span>
    </p>

    <p class='ocr_par' dir='ltr' id='par_1_16' title="bbox 2662 3608 4628 4636">
     <span class='ocr_line' id='line_1_91' title="bbox 2838 3608 4622 3691; baseline -0.001 -16"><span class='ocrx_word' id='word_1_639' title='bbox 2838 3608 3016 3691; x_wconf 81' lang='lat' dir='ltr'>Quid</span> <span class='ocrx_word' id='word_1_640' title='bbox 3061 3610 3358 3676; x_wconf 86' lang='lat' dir='ltr'>Basileae</span> <span class='ocrx_word' id='word_1_641' title='bbox 3403 3619 3620 3675; x_wconf 87' lang='lat' dir='ltr'>actum</span> <span class='ocrx_word' id='word_1_642' title='bbox 3667 3611 3755 3676; x_wconf 87' lang='lat' dir='ltr'>sit</span> <span class='ocrx_word' id='word_1_643' title='bbox 3796 3614 3868 3676; x_wconf 85' lang='lat' dir='ltr'>in</span> <span class='ocrx_word' id='word_1_644' title='bbox 3913 3611 4194 3679; x_wconf 86' lang='lat' dir='ltr'>comitiis</span> <span class='ocrx_word' id='word_1_645' title='bbox 4221 3616 4306 3689; x_wconf 83' lang='lat'>¹¹)</span> <span class='ocrx_word' id='word_1_646' title='bbox 4353 3620 4435 3676; x_wconf 87' lang='lat' dir='ltr'>tu</span> <span class='ocrx_word' id='word_1_647' title='bbox 4497 3631 4622 3675; x_wconf 86' lang='lat' dir='ltr'>me—</span> 
     </span>
     <span class='ocr_line' id='line_1_92' title="bbox 2663 3693 4626 3780; baseline 0.001 -20"><span class='ocrx_word' id='word_1_648' title='bbox 2663 3696 2793 3761; x_wconf 92' lang='lat' dir='ltr'>lius</span> <span class='ocrx_word' id='word_1_649' title='bbox 2827 3697 3019 3760; x_wconf 89' lang='lat' dir='ltr'>nosti.</span> <span class='ocrx_word' id='word_1_650' title='bbox 3081 3696 3226 3780; x_wconf 85' lang='lat' dir='ltr'>Ego</span> <span class='ocrx_word' id='word_1_651' title='bbox 3270 3693 3567 3761; x_wconf 90' lang='lat' dir='ltr'>nondum</span> <span class='ocrx_word' id='word_1_652' title='bbox 3606 3696 3796 3779; x_wconf 90' lang='lat' dir='ltr'>plene</span> <span class='ocrx_word' id='word_1_653' title='bbox 3841 3718 3880 3761; x_wconf 97' lang='lat' dir='ltr'>a</span> <span class='ocrx_word' id='word_1_654' title='bbox 3919 3697 4136 3780; x_wconf 81' lang='lat' dir='ltr'>legato</span> <span class='ocrx_word' id='word_1_655' title='bbox 4179 3706 4412 3763; x_wconf 83' lang='lat' dir='ltr'>nostro</span> <span class='ocrx_word' id='word_1_656' title='bbox 4448 3697 4626 3762; x_wconf 83' lang='lat' dir='ltr'>edoc-</span> 
     </span>
     <span class='ocr_line' id='line_1_93' title="bbox 2666 3780 4626 3865; baseline -0.001 -19"><span class='ocrx_word' id='word_1_657' title='bbox 2666 3792 2773 3847; x_wconf 87' lang='lat' dir='ltr'>tus</span> <span class='ocrx_word' id='word_1_658' title='bbox 2840 3802 2991 3847; x_wconf 91' lang='lat' dir='ltr'>sum</span> <span class='ocrx_word' id='word_1_659' title='bbox 3046 3780 3365 3863; x_wconf 90' lang='lat' dir='ltr'>quomodo</span> <span class='ocrx_word' id='word_1_660' title='bbox 3424 3782 3762 3865; x_wconf 84' lang='lat' dir='ltr'>negotium</span> <span class='ocrx_word' id='word_1_661' title='bbox 3818 3781 4056 3847; x_wconf 90' lang='lat' dir='ltr'>habeat</span> <span class='ocrx_word' id='word_1_662' title='bbox 4106 3792 4228 3848; x_wconf 90' lang='lat' dir='ltr'>etc.</span> <span class='ocrx_word' id='word_1_663' title='bbox 4325 3782 4626 3865; x_wconf 87' lang='lat' dir='ltr'>Undique</span> 
     </span>
     <span class='ocr_line' id='line_1_94' title="bbox 2664 3867 4626 3934; baseline -0.002 0"><span class='ocrx_word' id='word_1_664' title='bbox 2664 3876 2960 3934; x_wconf 89' lang='lat' dir='ltr'>coarctor</span> <span class='ocrx_word' id='word_1_665' title='bbox 3024 3867 3323 3933; x_wconf 89' lang='lat' dir='ltr'>miseriis.</span> <span class='ocrx_word' id='word_1_666' title='bbox 3428 3869 3753 3933; x_wconf 89' lang='lat' dir='ltr'>Dominus</span> <span class='ocrx_word' id='word_1_667' title='bbox 3818 3867 3989 3933; x_wconf 85' lang='lat' dir='ltr'>adsit</span> <span class='ocrx_word' id='word_1_668' title='bbox 4052 3869 4259 3934; x_wconf 86' lang='lat' dir='ltr'>nobis.</span> <span class='ocrx_word' id='word_1_669' title='bbox 4351 3867 4440 3933; x_wconf 89' lang='lat' dir='ltr'>In</span> <span class='ocrx_word' id='word_1_670' title='bbox 4515 3868 4626 3931; x_wconf 86' lang='lat' dir='ltr'>hoc</span> 
     </span>
     <span class='ocr_line' id='line_1_95' title="bbox 2664 3952 4624 4036; baseline -0.002 -17"><span class='ocrx_word' id='word_1_671' title='bbox 2664 3954 2907 4036; x_wconf 89' lang='lat' dir='ltr'>optime</span> <span class='ocrx_word' id='word_1_672' title='bbox 2972 3952 3137 4031; x_wconf 87' lang='lat' dir='ltr'>vale,</span> <span class='ocrx_word' id='word_1_673' title='bbox 3206 3953 3543 4018; x_wconf 86' lang='lat' dir='ltr'>carissime</span> <span class='ocrx_word' id='word_1_674' title='bbox 3599 3953 3820 4017; x_wconf 79' lang='lat' dir='ltr'>frater.</span> <span class='ocrx_word' id='word_1_675' title='bbox 3915 3953 4235 4018; x_wconf 85' lang='lat' dir='ltr'>Audimus</span> <span class='ocrx_word' id='word_1_676' title='bbox 4281 3953 4624 4019; x_wconf 73' lang='lat' dir='ltr'>Genevam</span> 
     </span>
     <span class='ocr_line' id='line_1_96' title="bbox 2666 4038 4622 4125; baseline -0.001 -22"><span class='ocrx_word' id='word_1_677' title='bbox 2666 4038 2937 4104; x_wconf 89' lang='lat' dir='ltr'>rediisse</span> <span class='ocrx_word' id='word_1_678' title='bbox 2982 4038 3396 4103; x_wconf 88' lang='lat' dir='ltr'>carissimum</span> <span class='ocrx_word' id='word_1_679' title='bbox 3443 4047 3740 4104; x_wconf 90' lang='lat' dir='ltr'>nostrum</span> <span class='ocrx_word' id='word_1_680' title='bbox 3778 4038 4048 4104; x_wconf 86' lang='lat' dir='ltr'>fratrem</span> <span class='ocrx_word' id='word_1_681' title='bbox 4087 4049 4154 4104; x_wconf 89' lang='lat' dir='ltr'>et</span> <span class='ocrx_word' id='word_1_682' title='bbox 4188 4050 4622 4125; x_wconf 69' lang='lat' dir='ltr'>symmystam</span> 
     </span>
     <span class='ocr_line' id='line_1_97' title="bbox 2665 4123 4624 4203; baseline -0.001 -13"><span class='ocrx_word' id='word_1_683' title='bbox 2665 4124 2926 4190; x_wconf 63' lang='lat' dir='ltr'>Bonam.</span> <span class='ocrx_word' id='word_1_684' title='bbox 2995 4123 3428 4189; x_wconf 82' lang='lat' dir='ltr'>Gratulamur</span> <span class='ocrx_word' id='word_1_685' title='bbox 3470 4123 3568 4187; x_wconf 90' lang='lat' dir='ltr'>illi</span> <span class='ocrx_word' id='word_1_686' title='bbox 3612 4124 3866 4190; x_wconf 88' lang='lat' dir='ltr'>felicem</span> <span class='ocrx_word' id='word_1_687' title='bbox 3903 4125 4208 4203; x_wconf 87' lang='lat' dir='ltr'>reditum,</span> <span class='ocrx_word' id='word_1_688' title='bbox 4254 4134 4326 4190; x_wconf 90' lang='lat' dir='ltr'>et</span> <span class='ocrx_word' id='word_1_689' title='bbox 4359 4144 4624 4190; x_wconf 82' lang='lat' dir='ltr'>oramus</span> 
     </span>
     <span class='ocr_line' id='line_1_98' title="bbox 2668 4209 4628 4293; baseline 0.001 -18"><span class='ocrx_word' id='word_1_690' title='bbox 2668 4220 2743 4275; x_wconf 91' lang='lat' dir='ltr'>ut</span> <span class='ocrx_word' id='word_1_691' title='bbox 2795 4210 2983 4275; x_wconf 90' lang='lat' dir='ltr'>illum</span> <span class='ocrx_word' id='word_1_692' title='bbox 3039 4219 3263 4275; x_wconf 89' lang='lat' dir='ltr'>nostro</span> <span class='ocrx_word' id='word_1_693' title='bbox 3324 4211 3591 4274; x_wconf 90' lang='lat' dir='ltr'>nomine</span> <span class='ocrx_word' id='word_1_694' title='bbox 3633 4209 3920 4275; x_wconf 87' lang='lat' dir='ltr'>salutare</span> <span class='ocrx_word' id='word_1_695' title='bbox 3963 4210 4278 4293; x_wconf 87' lang='lat' dir='ltr'>digneris.</span> <span class='ocrx_word' id='word_1_696' title='bbox 4367 4211 4628 4293; x_wconf 75' lang='lat' dir='ltr'>Repm·</span> 
     </span>
     <span class='ocr_line' id='line_1_99' title="bbox 2667 4293 4626 4378; baseline -0.001 -19"><span class='ocrx_word' id='word_1_697' title='bbox 2667 4295 2776 4362; x_wconf 91' lang='lat' dir='ltr'>det</span> <span class='ocrx_word' id='word_1_698' title='bbox 2819 4295 2914 4360; x_wconf 90' lang='lat' dir='ltr'>illi</span> <span class='ocrx_word' id='word_1_699' title='bbox 2959 4296 3285 4361; x_wconf 90' lang='lat' dir='ltr'>Dominus</span> <span class='ocrx_word' id='word_1_700' title='bbox 3328 4293 3581 4360; x_wconf 86' lang='lat' dir='ltr'>labores</span> <span class='ocrx_word' id='word_1_701' title='bbox 3636 4295 3783 4359; x_wconf 92' lang='lat' dir='ltr'>illos</span> <span class='ocrx_word' id='word_1_702' title='bbox 3827 4315 3989 4378; x_wconf 89' lang='lat' dir='ltr'>quos</span> <span class='ocrx_word' id='word_1_703' title='bbox 4031 4296 4101 4360; x_wconf 92' lang='lat' dir='ltr'>in</span> <span class='ocrx_word' id='word_1_704' title='bbox 4148 4295 4381 4361; x_wconf 76' lang='lat' dir='ltr'>Gallia</span> <span class='ocrx_word' id='word_1_705' title='bbox 4436 4294 4626 4361; x_wconf 77' lang='lat' dir='ltr'>susti·</span> 
     </span>
     <span class='ocr_line' id='line_1_100' title="bbox 2667 4380 4625 4447; baseline -0.002 0"><span class='ocrx_word' id='word_1_706' title='bbox 2667 4382 2812 4447; x_wconf 89' lang='lat' dir='ltr'>nuit</span> <span class='ocrx_word' id='word_1_707' title='bbox 2867 4381 3192 4446; x_wconf 86' lang='lat' dir='ltr'>maximos</span> <span class='ocrx_word' id='word_1_708' title='bbox 3256 4388 3324 4445; x_wconf 91' lang='lat' dir='ltr'>et</span> <span class='ocrx_word' id='word_1_709' title='bbox 3388 4380 3871 4447; x_wconf 89' lang='lat' dir='ltr'>saluberrimos.</span> <span class='ocrx_word' id='word_1_710' title='bbox 3960 4382 4204 4447; x_wconf 87' lang='lat' dir='ltr'>Merito</span> <span class='ocrx_word' id='word_1_711' title='bbox 4263 4392 4536 4447; x_wconf 83' lang='lat' dir='ltr'>amatur</span> <span class='ocrx_word' id='word_1_712' title='bbox 4590 4400 4625 4443; x_wconf 78' lang='lat' dir='ltr'>s</span> 
     </span>
     <span class='ocr_line' id='line_1_101' title="bbox 2666 4464 4624 4551; baseline -0.002 -19"><span class='ocrx_word' id='word_1_713' title='bbox 2666 4467 2852 4533; x_wconf 91' lang='lat' dir='ltr'>nobis</span> <span class='ocrx_word' id='word_1_714' title='bbox 2907 4476 2974 4533; x_wconf 92' lang='lat' dir='ltr'>et</span> <span class='ocrx_word' id='word_1_715' title='bbox 3036 4468 3112 4532; x_wconf 84' lang='lat' dir='ltr'>fit</span> <span class='ocrx_word' id='word_1_716' title='bbox 3174 4467 3460 4551; x_wconf 89' lang='lat' dir='ltr'>plurimi.</span> <span class='ocrx_word' id='word_1_717' title='bbox 3552 4464 3872 4532; x_wconf 80' lang='lat' dir='ltr'>Salveant</span> <span class='ocrx_word' id='word_1_718' title='bbox 3915 4466 4308 4533; x_wconf 67' lang='lat' dir='ltr'>lonviuaeus</span> <span class='ocrx_word' id='word_1_719' title='bbox 4374 4476 4448 4533; x_wconf 85' lang='lat' dir='ltr'>et</span> <span class='ocrx_word' id='word_1_720' title='bbox 4489 4465 4624 4531; x_wconf 64' lang='lat' dir='ltr'>Bu-</span> 
     </span>
     <span class='ocr_line' id='line_1_102' title="bbox 2662 4550 4622 4636; baseline -0.001 -17"><span class='ocrx_word' id='word_1_721' title='bbox 2662 4555 2862 4620; x_wconf 82' lang='lat' dir='ltr'>daeus</span> <span class='ocrx_word' id='word_1_722' title='bbox 2925 4552 3294 4636; x_wconf 88' lang='lat' dir='ltr'>caeterique</span> <span class='ocrx_word' id='word_1_723' title='bbox 3359 4552 3488 4616; x_wconf 88' lang='lat' dir='ltr'>viri</span> <span class='ocrx_word' id='word_1_724' title='bbox 3557 4550 3728 4617; x_wconf 92' lang='lat' dir='ltr'>boni.</span> <span class='ocrx_word' id='word_1_725' title='bbox 3819 4552 4133 4619; x_wconf 82' lang='lat' dir='ltr'>Salutant</span> <span class='ocrx_word' id='word_1_726' title='bbox 4196 4573 4319 4618; x_wconf 88' lang='lat' dir='ltr'>vos</span> <span class='ocrx_word' id='word_1_727' title='bbox 4389 4554 4622 4618; x_wconf 76' lang='lat' dir='ltr'>fratres</span> 
     </span>
    </p>
   </div>
   <div class='ocr_carea' id='block_1_9' title="bbox 2671 4709 3055 4722">
    <p class='ocr_par' dir='ltr' id='par_1_17' title="bbox 2671 4709 3055 4722">
     <span class='ocr_line' id='line_1_103' title="bbox 2671 4709 3055 4722; baseline 0 0"><span class='ocrx_word' id='word_1_728' title='bbox 2671 4709 3055 4722; x_wconf 95' lang='lat' dir='ltr'> </span> 
     </span>
    </p>
   </div>
   <div class='ocr_carea' id='block_1_10' title="bbox 2666 4789 4622 4991">
    <p class='ocr_par' dir='ltr' id='par_1_18' title="bbox 2666 4789 4622 4991">
     <span class='ocr_line' id='line_1_104' title="bbox 2869 4789 4622 4914; baseline 0 -68"><span class='ocrx_word' id='word_1_729' title='bbox 2869 4792 2932 4857; x_wconf 87' lang='grc'>8)</span> <span class='ocrx_word' id='word_1_730' title='bbox 2975 4791 3233 4855; x_wconf 65' lang='lat' dir='ltr'>Romani,</span> <span class='ocrx_word' id='word_1_731' title='bbox 3259 4790 3486 4914; x_wconf 48' lang='lat' dir='ltr'>Phaissp</span> <span class='ocrx_word' id='word_1_732' title='bbox 3503 4792 3556 4847; x_wconf 76' lang='lat' dir='ltr'>d.</span> <span class='ocrx_word' id='word_1_733' title='bbox 3581 4792 3678 4847; x_wconf 81' lang='lat' dir='ltr'>Gr.</span> <span class='ocrx_word' id='word_1_734' title='bbox 3718 4791 3908 4857; x_wconf 82' lang='lat'>1.584,·</span> <span class='ocrx_word' id='word_1_735' title='bbox 3943 4790 4006 4844; x_wconf 84' lang='lat' dir='ltr'><strong><em>K</em></strong></span> <span class='ocrx_word' id='word_1_736' title='bbox 4077 4789 4306 4847; x_wconf 60' lang='lat' dir='ltr'>leruflt.</span> <span class='ocrx_word' id='word_1_737' title='bbox 4328 4789 4622 4858; x_wconf 54' lang='lat' dir='ltr'>muium</span> 
     </span>
     <span class='ocr_line' id='line_1_105' title="bbox 2666 4858 4336 4991; baseline -0.001 -76"><span class='ocrx_word' id='word_1_738' title='bbox 2666 4861 2733 4915; x_wconf 91' lang='lat'>11.</span> <span class='ocrx_word' id='word_1_739' title='bbox 2771 4860 2876 4914; x_wconf 81' lang='lat'>624</span> <span class='ocrx_word' id='word_1_740' title='bbox 2870 4861 3209 4991; x_wconf 57' lang='lat' dir='ltr'>9&#39;)113vepg{&#39;35</span> <span class='ocrx_word' id='word_1_741' title='bbox 3192 4860 3398 4982; x_wconf 48' lang='grc' dir='ltr'>ᾲεέθσέὸ</span> <span class='ocrx_word' id='word_1_742' title='bbox 3401 4968 3414 4982; x_wconf 46' lang='grc'><strong>.</strong></span> <span class='ocrx_word' id='word_1_743' title='bbox 3457 4903 3468 4914; x_wconf 93' lang='lat'>.</span> <span class='ocrx_word' id='word_1_744' title='bbox 3506 4862 3794 4918; x_wconf 63' lang='lat' dir='ltr'>deutschen</span> <span class='ocrx_word' id='word_1_745' title='bbox 3833 4861 3981 4915; x_wconf 66' lang='lat' dir='ltr'>Ptol.</span> <span class='ocrx_word' id='word_1_746' title='bbox 4017 4860 4040 4912; x_wconf 93' lang='lat'>1</span> <span class='ocrx_word' id='word_1_747' title='bbox 4122 4858 4211 4913; x_wconf 79' lang='lat'>26.</span> <span class='ocrx_word' id='word_1_748' title='bbox 4248 4858 4336 4913; x_wconf 83' lang='grc'>30.</span> 
     </span>
    </p>
   </div>
   <div class='ocr_carea' id='block_1_11' title="bbox 2839 4996 4622 5061">
    <p class='ocr_par' dir='ltr' id='par_1_19' title="bbox 2839 4996 4622 5061">
     <span class='ocr_line' id='line_1_106' title="bbox 2839 4996 4622 5061; baseline -0.002 -10"><span class='ocrx_word' id='word_1_749' title='bbox 2839 4998 2930 5061; x_wconf 88' lang='grc'>10)</span> <span class='ocrx_word' id='word_1_750' title='bbox 2971 4999 3178 5052; x_wconf 70' lang='lat' dir='ltr'>Adonai</span> <span class='ocrx_word' id='word_1_751' title='bbox 3222 4999 3324 5054; x_wconf 71' lang='lat' dir='ltr'>vit.</span> <span class='ocrx_word' id='word_1_752' title='bbox 3361 4998 3513 5053; x_wconf 74' lang='lat' dir='ltr'>theol.</span> <span class='ocrx_word' id='word_1_753' title='bbox 3549 4996 3657 5051; x_wconf 75' lang='lat'>244</span> <span class='ocrx_word' id='word_1_754' title='bbox 3693 4997 3792 5052; x_wconf 71' lang='lat' dir='ltr'>hoe</span> <span class='ocrx_word' id='word_1_755' title='bbox 3823 4998 4029 5060; x_wconf 76' lang='lat' dir='ltr'>factum</span> <span class='ocrx_word' id='word_1_756' title='bbox 4067 4996 4205 5053; x_wconf 69' lang='lat' dir='ltr'>dic-&#39;i</span> <span class='ocrx_word' id='word_1_757' title='bbox 4239 4996 4296 5049; x_wconf 77' lang='lat' dir='ltr'>d.</span> <span class='ocrx_word' id='word_1_758' title='bbox 4336 4997 4426 5050; x_wconf 84' lang='grc'>19.</span> <span class='ocrx_word' id='word_1_759' title='bbox 4455 4998 4622 5051; x_wconf 62' lang='lat' dir='ltr'>Iuni.</span> 
     </span>
    </p>
   </div>
   <div class='ocr_carea' id='block_1_12' title="bbox 825 5064 4622 5157">
    <p class='ocr_par' dir='ltr' id='par_1_20' title="bbox 825 5064 4622 5157">
     <span class='ocr_line' id='line_1_107' title="bbox 825 5064 4622 5157; baseline -0.001 -35"><span class='ocrx_word' id='word_1_760' title='bbox 825 5070 885 5133; x_wconf 82' lang='lat'>7)</span> <span class='ocrx_word' id='word_1_761' title='bbox 970 5087 1056 5124; x_wconf 89' lang='lat' dir='ltr'>om</span> <span class='ocrx_word' id='word_1_762' title='bbox 1094 5070 1145 5123; x_wconf 89' lang='lat' dir='ltr'>b.</span> <span class='ocrx_word' id='word_1_763' title='bbox 1183 5071 1497 5126; x_wconf 81' lang='lat' dir='ltr'>Sacrament</span> <span class='ocrx_word' id='word_1_764' title='bbox 1530 5071 1625 5123; x_wconf 85' lang='lat' dir='ltr'>des</span> <span class='ocrx_word' id='word_1_765' title='bbox 1656 5070 1821 5124; x_wconf 84' lang='lat' dir='ltr'>Leibs</span> <span class='ocrx_word' id='word_1_766' title='bbox 1856 5069 2081 5124; x_wconf 82' lang='lat' dir='ltr'>u.Bluts</span> <span class='ocrx_word' id='word_1_767' title='bbox 2118 5086 2307 5123; x_wconf 80' lang='lat' dir='ltr'>unsers</span> <span class='ocrx_word' id='word_1_768' title='bbox 2341 5070 2406 5124; x_wconf 86' lang='lat' dir='ltr'>H.</span> <span class='ocrx_word' id='word_1_769' title='bbox 2428 5070 2484 5123; x_wconf 84' lang='lat' dir='ltr'>J.</span> <span class='ocrx_word' id='word_1_770' title='bbox 2504 5069 2564 5123; x_wconf 81' lang='lat' dir='ltr'>G.</span> <span class='ocrx_word' id='word_1_771' title='bbox 2611 5078 2618 5157; x_wconf 45' lang='grc' dir='ltr'>ι</span> <span class='ocrx_word' id='word_1_772' title='bbox 2669 5066 2752 5133; x_wconf 67' lang='lat' dir='ltr'>Gt.</span> <span class='ocrx_word' id='word_1_773' title='bbox 2792 5067 2983 5122; x_wconf 74' lang='lat' dir='ltr'>Lciben</span> <span class='ocrx_word' id='word_1_774' title='bbox 3019 5067 3093 5121; x_wconf 86' lang='lat' dir='ltr'>H.</span> <span class='ocrx_word' id='word_1_775' title='bbox 3116 5067 3447 5135; x_wconf 72' lang='lat' dir='ltr'>Bullinyer&#39;s</span> <span class='ocrx_word' id='word_1_776' title='bbox 3484 5068 3546 5120; x_wconf 78' lang='lat' dir='ltr'>in</span> <span class='ocrx_word' id='word_1_777' title='bbox 3567 5066 3727 5120; x_wconf 80' lang='lat' dir='ltr'>Misc.</span> <span class='ocrx_word' id='word_1_778' title='bbox 3759 5066 3874 5133; x_wconf 66' lang='grc' dir='ltr'><strong>Τίς.</strong></span> <span class='ocrx_word' id='word_1_779' title='bbox 3915 5066 3965 5119; x_wconf 91' lang='lat'>1.</span> <span class='ocrx_word' id='word_1_780' title='bbox 4005 5064 4070 5118; x_wconf 88' lang='lat' dir='ltr'>P.</span> <span class='ocrx_word' id='word_1_781' title='bbox 4090 5064 4141 5117; x_wconf 70' lang='lat'>2.</span> <span class='ocrx_word' id='word_1_782' title='bbox 4177 5064 4338 5133; x_wconf 57' lang='lat'>1276.</span> <span class='ocrx_word' id='word_1_783' title='bbox 4405 5064 4622 5120; x_wconf 61' lang='lat' dir='ltr'>Rau</span> 
     </span>
    </p>
   </div>
   <div class='ocr_carea' id='block_1_13' title="bbox 620 5135 4235 5277">
    <p class='ocr_par' dir='ltr' id='par_1_21' title="bbox 620 5135 4235 5277">
     <span class='ocr_line' id='line_1_108' title="bbox 622 5135 4235 5205; baseline -0.001 -12"><span class='ocrx_word' id='word_1_784' title='bbox 622 5139 941 5193; x_wconf 79' lang='lat' dir='ltr'>Unterricht</span> <span class='ocrx_word' id='word_1_785' title='bbox 996 5140 1101 5191; x_wconf 89' lang='lat' dir='ltr'>und</span> <span class='ocrx_word' id='word_1_786' title='bbox 1152 5140 1511 5194; x_wconf 80' lang='lat' dir='ltr'>Bekenutniss</span> <span class='ocrx_word' id='word_1_787' title='bbox 1560 5141 1625 5193; x_wconf 89' lang='lat' dir='ltr'>D.</span> <span class='ocrx_word' id='word_1_788' title='bbox 1666 5139 1819 5191; x_wconf 81' lang='lat' dir='ltr'>Pauli</span> <span class='ocrx_word' id='word_1_789' title='bbox 1858 5140 2021 5192; x_wconf 81' lang='lat' dir='ltr'>Eberi</span> <span class='ocrx_word' id='word_1_790' title='bbox 2071 5139 2311 5191; x_wconf 82' lang='lat' dir='ltr'>Pastoris</span> <span class='ocrx_word' id='word_1_791' title='bbox 2362 5139 2461 5190; x_wconf 91' lang='lat' dir='ltr'>der</span> <span class='ocrx_word' id='word_1_792' title='bbox 2495 5137 2560 5191; x_wconf 84' lang='lat' dir='ltr'>K.</span> <span class='ocrx_word' id='word_1_793' title='bbox 2665 5136 2759 5189; x_wconf 79' lang='lat' dir='ltr'>Vl.</span> <span class='ocrx_word' id='word_1_794' title='bbox 2798 5135 2920 5189; x_wconf 77' lang='lat'>502.</span> <span class='ocrx_word' id='word_1_795' title='bbox 2993 5136 3139 5190; x_wconf 77' lang='lat' dir='ltr'>Eius</span> <span class='ocrx_word' id='word_1_796' title='bbox 3185 5139 3363 5205; x_wconf 75' lang='lat' dir='ltr'>imayo</span> <span class='ocrx_word' id='word_1_797' title='bbox 3409 5141 3586 5189; x_wconf 70' lang='lat' dir='ltr'>exstat</span> <span class='ocrx_word' id='word_1_798' title='bbox 3633 5137 3694 5188; x_wconf 84' lang='lat' dir='ltr'>in</span> <span class='ocrx_word' id='word_1_799' title='bbox 3731 5135 3912 5188; x_wconf 70' lang='lat' dir='ltr'>Betae</span> <span class='ocrx_word' id='word_1_800' title='bbox 3959 5135 4235 5188; x_wconf 65' lang='lat' dir='ltr'>leonatus.</span> 
     </span>
     <span class='ocr_line' id='line_1_109' title="bbox 620 5207 2616 5277; baseline -0.001 -18"><span class='ocrx_word' id='word_1_801' title='bbox 620 5226 683 5259; x_wconf 81' lang='lat' dir='ltr'>zu</span> <span class='ocrx_word' id='word_1_802' title='bbox 726 5209 1045 5277; x_wconf 83' lang='lat' dir='ltr'>Witteberg.</span> <span class='ocrx_word' id='word_1_803' title='bbox 1104 5208 1255 5262; x_wconf 76' lang='lat'>1562.</span> <span class='ocrx_word' id='word_1_804' title='bbox 1326 5209 1423 5262; x_wconf 84' lang='lat' dir='ltr'>Pia</span> <span class='ocrx_word' id='word_1_805' title='bbox 1469 5216 1527 5262; x_wconf 85' lang='lat' dir='ltr'>et</span> <span class='ocrx_word' id='word_1_806' title='bbox 1574 5212 1629 5261; x_wconf 87' lang='lat' dir='ltr'>in</span> <span class='ocrx_word' id='word_1_807' title='bbox 1690 5210 1856 5260; x_wconf 88' lang='lat' dir='ltr'>verbo</span> <span class='ocrx_word' id='word_1_808' title='bbox 1912 5207 2009 5261; x_wconf 87' lang='lat' dir='ltr'>Dei</span> <span class='ocrx_word' id='word_1_809' title='bbox 2056 5208 2282 5261; x_wconf 75' lang='lat' dir='ltr'>fundata</span> <span class='ocrx_word' id='word_1_810' title='bbox 2332 5208 2562 5259; x_wconf 83' lang='lat' dir='ltr'>assertio</span> <span class='ocrx_word' id='word_1_811' title='bbox 2611 5212 2616 5237; x_wconf 85' lang='lat'>¹</span> 
     </span>
    </p>
   </div>
   <div class='ocr_carea' id='block_1_14' title="bbox 621 5276 2561 5415">
    <p class='ocr_par' dir='ltr' id='par_1_22' title="bbox 621 5276 2561 5415">
     <span class='ocr_line' id='line_1_110' title="bbox 621 5276 2561 5331; baseline -0.001 -2"><span class='ocrx_word' id='word_1_812' title='bbox 621 5276 912 5329; x_wconf 80' lang='lat' dir='ltr'>declaratio</span> <span class='ocrx_word' id='word_1_813' title='bbox 948 5284 1001 5328; x_wconf 83' lang='lat' dir='ltr'>et</span> <span class='ocrx_word' id='word_1_814' title='bbox 1040 5278 1304 5330; x_wconf 75' lang='lat' dir='ltr'>consessio</span> <span class='ocrx_word' id='word_1_815' title='bbox 1341 5278 1405 5330; x_wconf 90' lang='lat' dir='ltr'>D.</span> <span class='ocrx_word' id='word_1_816' title='bbox 1444 5279 1498 5331; x_wconf 90' lang='lat' dir='ltr'>P.</span> <span class='ocrx_word' id='word_1_817' title='bbox 1538 5279 1698 5330; x_wconf 85' lang='lat' dir='ltr'>Eberi</span> <span class='ocrx_word' id='word_1_818' title='bbox 1739 5284 1841 5329; x_wconf 85' lang='lat' dir='ltr'>etc.</span> <span class='ocrx_word' id='word_1_819' title='bbox 1878 5277 1946 5330; x_wconf 87' lang='lat' dir='ltr'>de</span> <span class='ocrx_word' id='word_1_820' title='bbox 1996 5278 2359 5329; x_wconf 81' lang='lat' dir='ltr'>sacratissima</span> <span class='ocrx_word' id='word_1_821' title='bbox 2395 5292 2561 5329; x_wconf 78' lang='lat' dir='ltr'>coena</span> 
     </span>
     <span class='ocr_line' id='line_1_111' title="bbox 624 5344 2351 5415; baseline -0.001 -19"><span class='ocrx_word' id='word_1_822' title='bbox 624 5345 685 5396; x_wconf 75' lang='lat'>1).</span> <span class='ocrx_word' id='word_1_823' title='bbox 722 5364 769 5397; x_wconf 87' lang='lat' dir='ltr'>n.</span> <span class='ocrx_word' id='word_1_824' title='bbox 807 5344 859 5398; x_wconf 85' lang='lat' dir='ltr'>J.</span> <span class='ocrx_word' id='word_1_825' title='bbox 895 5345 953 5398; x_wconf 88' lang='lat' dir='ltr'>C.</span> <span class='ocrx_word' id='word_1_826' title='bbox 992 5344 1141 5399; x_wconf 84' lang='lat'>1563.</span> <span class='ocrx_word' id='word_1_827' title='bbox 1211 5348 1381 5415; x_wconf 53' lang='lat' dir='ltr'>(sixt,</span> <span class='ocrx_word' id='word_1_828' title='bbox 1422 5347 1485 5399; x_wconf 86' lang='lat' dir='ltr'>P.</span> <span class='ocrx_word' id='word_1_829' title='bbox 1522 5347 1681 5401; x_wconf 79' lang='lat' dir='ltr'>Eber.</span> <span class='ocrx_word' id='word_1_830' title='bbox 1718 5345 1886 5400; x_wconf 77' lang='lat' dir='ltr'>Hdlb.</span> <span class='ocrx_word' id='word_1_831' title='bbox 1926 5344 2076 5398; x_wconf 78' lang='lat'>1843.</span> <span class='ocrx_word' id='word_1_832' title='bbox 2106 5364 2163 5414; x_wconf 80' lang='lat' dir='ltr'>p.</span> <span class='ocrx_word' id='word_1_833' title='bbox 2204 5345 2351 5407; x_wconf 73' lang='lat'>132.)</span> 
     </span>
    </p>
   </div>
   <div class='ocr_carea' id='block_1_15' title="bbox 2663 5133 4620 5410">
    <p class='ocr_par' dir='ltr' id='par_1_23' title="bbox 2663 5133 4620 5410">
     <span class='ocr_line' id='line_1_112' title="bbox 2663 5133 4620 5273; baseline -0.001 -14"><span class='ocrx_word' id='word_1_834' title='bbox 2663 5207 2811 5259; x_wconf 78' lang='lat' dir='ltr'>lerus</span> <span class='ocrx_word' id='word_1_835' title='bbox 2847 5208 3152 5260; x_wconf 70' lang='lat' dir='ltr'>Orationem</span> <span class='ocrx_word' id='word_1_836' title='bbox 3189 5206 3382 5259; x_wconf 81' lang='lat' dir='ltr'>habuit</span> <span class='ocrx_word' id='word_1_837' title='bbox 3415 5212 3465 5258; x_wconf 78' lang='lat' dir='ltr'>et</span> <span class='ocrx_word' id='word_1_838' title='bbox 3501 5205 3673 5258; x_wconf 76' lang='lat' dir='ltr'>edidit</span> <span class='ocrx_word' id='word_1_839' title='bbox 3708 5205 3775 5257; x_wconf 79' lang='lat' dir='ltr'>de</span> <span class='ocrx_word' id='word_1_840' title='bbox 3811 5209 3924 5257; x_wconf 78' lang='lat' dir='ltr'>vita</span> <span class='ocrx_word' id='word_1_841' title='bbox 3961 5212 4009 5256; x_wconf 75' lang='lat' dir='ltr'>et</span> <span class='ocrx_word' id='word_1_842' title='bbox 4044 5203 4194 5258; x_wconf 74' lang='lat' dir='ltr'>obitu</span> <span class='ocrx_word' id='word_1_843' title='bbox 4235 5133 4620 5273; x_wconf 45' lang='lat' dir='ltr'>Elauer-3:</span> 
     </span>
     <span class='ocr_line' id='line_1_113' title="bbox 2667 5274 4116 5410; baseline -0.001 -17"><span class='ocrx_word' id='word_1_844' title='bbox 2667 5274 2818 5328; x_wconf 45' lang='lat'><strong>1562·</strong></span> <span class='ocrx_word' id='word_1_845' title='bbox 2843 5344 2927 5405; x_wconf 88' lang='lat'>11)</span> <span class='ocrx_word' id='word_1_846' title='bbox 2979 5342 3111 5395; x_wconf 79' lang='lat' dir='ltr'>Vide</span> <span class='ocrx_word' id='word_1_847' title='bbox 3145 5356 3285 5410; x_wconf 77' lang='lat' dir='ltr'>quae</span> <span class='ocrx_word' id='word_1_848' title='bbox 3320 5340 3706 5395; x_wconf 75' lang='lat' dir='ltr'>adnotavimus</span> <span class='ocrx_word' id='word_1_849' title='bbox 3740 5341 3816 5395; x_wconf 79' lang='lat' dir='ltr'>ad</span> <span class='ocrx_word' id='word_1_850' title='bbox 3857 5341 3930 5393; x_wconf 91' lang='lat' dir='ltr'>N.</span> <span class='ocrx_word' id='word_1_851' title='bbox 3965 5339 4116 5394; x_wconf 72' lang='lat'>3933.</span> 
     </span>
    </p>
   </div>
   <div class='ocr_carea' id='block_1_16' title="bbox 4799 5 4817 6086">
    <p class='ocr_par' dir='ltr' id='par_1_24' title="bbox 4799 5 4817 6086">
     <span class='ocr_line' id='line_1_114' title="bbox 4799 5 4817 6086; baseline 0 0"><span class='ocrx_word' id='word_1_852' title='bbox 4799 5 4817 6086; x_wconf 95' lang='lat' dir='ltr'> </span> 
     </span>
    </p>
   </div>
  </div>
 </body>
</html>
