4900 6125
660 403 703 465 3
2174 395 2702 464 EPISTOLAE
2750 397 3172 462 3943—3946
4593 405 4618 462 4

666 586 899 652 literas
965 583 1318 651 cracoviae
1386 584 1571 650 datas
1637 583 1720 649 ad
1780 585 1981 650 finem
2047 604 2250 670 prope
2316 584 2552 650 Martii
2573 588 2627 659 ³)

668 670 882 822 pridie
948 672 1184 769 accepi,
1257 691 1333 737 ac
1399 691 1481 736 ex
1526 670 1632 736 bis
1697 669 1993 736 intellexi
2058 670 2416 736 nebulones
2482 669 2628 736 illos

708 756 874 823 talos
939 776 1232 821 maxima
1286 756 1607 822 excitasse
1665 755 1939 821 dissidia
1995 765 2062 822 et
2103 775 2365 840 augere.
2456 755 2628 820 Nam

668 842 939 927 quidam
961 863 1044 907 ex
1068 840 1388 908 ministris
1424 841 1685 907 inscitia
1706 841 1919 926 magis
1942 862 2136 925 quam
2174 841 2425 906 malitia
2459 840 2630 925 ipso-

670 949 817 993 rum
846 935 1070 1011 partes
1104 927 1274 991 tueri
1310 927 1436 992 inci
1485 927 1650 1003 iunt‚
1689 937 1764 991 nt
1799 948 2033 1010 operae
2061 928 2343 1010 pretium
2378 927 2628 994 faceres

668 1013 727 1080 si
770 1012 965 1096 paulo
1009 1011 1389 1096 diligentius
1479 1033 1515 1078 e
1559 1033 1757 1079 causa
1800 1014 2114 1079 trinitatis
2157 1012 2495 1079 scriberes.

842 1097 1059 1164 Simul
1096 1098 1381 1164 infausta
1416 1106 1483 1164 et
1517 1098 1920 1164 calamitates
1956 1119 2193 1184 graves
2226 1097 2623 1164 referuntur.

666 1183 1112 1267 Irruptionem
1158 1183 1311 1249 fecit
1354 1184 1424 1247 in
1458 1183 1843 1248 Lituaniam
1880 1185 2161 1262 Mesene,
2208 1193 2275 1248 et
2318 1192 2511 1267 capto
2555 1185 2626 1248 in

668 1268 911 1336 finibus
947 1270 1089 1335 eius
1131 1268 1418 1353 regionis
1454 1268 1743 1335 Polozko
1773 1274 1829 1352 ⁴)
1875 1269 2238 1336 trucidasse
2275 1268 2518 1336 dicitur
2560 1278 2627 1335 et

667 1356 964 1438 captivos
1021 1353 1373 1420 abduxisse
1425 1374 1629 1437 supra
1673 1359 1883 1420 70000
1926 1355 2273 1420 Litnanos.
2346 1355 2625 1438 Conspi-

667 1441 935 1506 ciuntur
976 1440 1048 1504 in
1090 1440 1270 1505 coelo
1313 1442 1503 1524 signa
1545 1460 1711 1523 quae
1755 1440 2044 1523 trepidos
2088 1441 2250 1506 alias
2293 1440 2445 1525 plus
2491 1448 2625 1507 ter-

667 1527 888 1592 ritant.
960 1524 1290 1590 Dominus
1334 1526 1726 1591 misereatur
1769 1546 2014 1592 eorum.

840 1612 948 1677 Ex
984 1611 1181 1675 Italia
1215 1609 1603 1695 Martinenyi
1629 1611 1682 1696 5)
1748 1613 2003 1678 comitis
2047 1631 2245 1695 opera
2289 1610 2625 1692 habemus,

670 1696 1010 1763 Moromam
1055 1705 1120 1761 et
1168 1696 1606 1780 Nauaqeriam
1663 1696 2027 1762 cardinales
2073 1718 2113 1762 a
2156 1699 2463 1780 pontifice
2517 1706 2626 1762 ut-

666 1803 923 1866 cunque
982 1782 1289 1848 restituto
1347 1781 1578 1847 missos
1634 1803 1776 1848 esse
1821 1782 2213 1848 Tridentum
2272 1782 2544 1867 legatos,
2569 1787 2624 1860 ⁶)

668 1867 901 1934 Martii
955 1873 1049 1933 15.
1096 1868 1379 1932 Romam
1439 1868 1701 1933 venisse
1754 1867 2166 1935 Ludovicum
2226 1869 2303 1933 ab
2347 1867 2547 1933 Avila
2568 1872 2625 1951 ⁷)

667 1974 708 2019 a
753 1974 907 2037 rege
950 1953 1316 2038 Hispaniae
1372 1951 1454 2017 ad
1512 1954 1889 2035 pontificem
1948 1961 2016 2018 et
2072 1961 2420 2037 exceptum
2480 1974 2625 2019 esse

668 2039 743 2104 in
807 2059 1002 2105 suum
1066 2038 1385 2122 palatium
1428 2058 1672 2123 magna
1724 2061 1873 2105 cum
1940 2060 2196 2122 pompa,
2262 2038 2624 2123 prudentes

663 2125 854 2190 varia
899 2124 979 2189 de
1022 2124 1137 2189 illa
1181 2124 1505 2208 legatione
1549 2125 1882 2207 suspicari.
1969 2124 2177 2190 Addit
2221 2124 2352 2204 ille,
2398 2145 2623 2208 regem

663 2209 926 2276 Galliae
984 2231 1176 2275 suum
1235 2217 1560 2275 oratorem
1626 2231 1967 2276 revocasse
2026 2232 2112 2276 ex
2166 2211 2349 2277 curia
2407 2210 2622 2293 ponti-

659 2296 921 2376 ficiszss)
981 2295 1153 2378 quod
1214 2296 1563 2378 pontificiis
1622 2295 1817 2360 valde
1860 2305 1927 2360 et
1971 2294 2191 2361 doleat
2232 2303 2301 2361 et
2359 2317 2622 2380 suspec-

663 2391 807 2446 tum
853 2381 955 2447 sit.
1039 2382 1369 2446 Triremes
1412 2387 1487 2444 14
1525 2381 1833 2447 Turcieas
1878 2380 1958 2447 de
2001 2382 2360 2465 improviso
2405 2383 2624 2466 irrup-

661 2469 912 2532 tionem
955 2467 1186 2532 fecisse
1229 2468 1300 2530 in
1345 2465 1503 2531 litus
1539 2464 1947 2545 Orbatelli,⁹)
1991 2466 2274 2551 indeque
2312 2466 2624 2550 praedam

657 2553 872 2637 egisse
908 2553 1193 2635 opimam
1231 2563 1299 2617 et
1334 2552 1630 2635 captivos
1667 2552 2019 2618 abduxisse
2044 2553 2381 2636 plurimos.
2449 2555 2621 2619 Tur-

657 2638 993 2704 bationem
1040 2658 1182 2704 esse
1239 2657 1371 2702 non
1432 2637 1644 2702 levem
1682 2639 1981 2705 Venetiis
2038 2649 2336 2704 exortam
2379 2639 2461 2704 ob
2508 2659 2623 2704 ne·

659 2725 791 2790 scio
826 2744 1021 2808 quam
1060 2722 1447 2806 proditionis
1491 2725 1945 2806 suspicionem.
2016 2725 2362 2790 Feruntur
2400 2733 2467 2789 et
2493 2724 2624 2789 alia

659 2810 857 2875 huius
949 2809 1163 2874 eneris
1206 2809 1527 2892 plurima:
1573 2810 1766 2892 quale
1801 2808 1965 2875 illud
1989 2832 2242 2894 quoque
2278 2820 2395 2890 est,
2423 2810 2621 2876 Pala-

655 2897 861 2961 tinum
968 2895 1274 2960 lectorem
1332 2894 1414 2959 ad
1474 2894 1964 2960 reformandum
2020 2896 2325 2962 ecclesias
2370 2897 2618 2978 profec-

654 2988 796 3047 tum
857 2981 930 3045 in
986 2980 1101 3044 illa
1156 2980 1299 3064 ipsa
1355 2982 1756 3065 profectione
1798 3002 1964 3066 equo
2009 3001 2359 3047 excussum
2415 2991 2483 3046 et
2537 2981 2618 3047 ab

655 3087 822 3151 equo
878 3076 1215 3149 raptatum
1276 3068 1408 3131 sato
1462 3068 1760 3133 functum
1819 3090 1977 3134 esse.
2004 3070 2089 3149 ¹⁰)
2183 3067 2379 3135 Unde
2436 3067 2618 3134 colli-

653 3162 944 3237 quescat,
1002 3152 1315 3235 inquiunt
1358 3152 1749 3230 Lutherani,
1795 3174 1993 3237 quam
2036 3154 2295 3221 invisus
2338 3154 2425 3219 sit
2469 3153 2617 3219 Deo

654 3238 1221 3323 Zuinglianismus
1257 3246 1323 3303 et
1360 3238 1937 3305 Calvinianismus.
2015 3240 2161 3324 Ego
2197 3260 2351 3305 vero
2396 3260 2616 3304 rumo-

654 3345 796 3390 rem
865 3325 1043 3390 hunc
1111 3323 1452 3403 duntaxat,
1520 3325 1683 3390 certi
1750 3324 1919 3390 nihil
1982 3324 2192 3392 babeo
2259 3323 2339 3390 de
2405 3335 2616 3391 morte

655 3410 990 3494 principis.
1064 3409 1295 3494 Nugas
1329 3430 1473 3475 esse
1517 3430 1727 3493 spero.
1802 3409 1880 3476 Si
1916 3431 2076 3477 vera
2120 3411 2414 3476 referunt
2448 3411 2618 3476 vivit

654 3508 879 3562 tamen
926 3495 1271 3561 Dominus.
1357 3496 1437 3560 In
1494 3495 1615 3562 hoc
1660 3495 1811 3561 vale
1867 3505 2229 3571 aeternum,
2288 3518 2424 3562 una
2466 3516 2617 3562 cum

652 3603 685 3647 s
808 3584 1046 3666 mystis
1100 3582 1421 3659 omnibus,
1483 3581 1786 3665 inprimis
1832 3601 1980 3646 cum
2028 3582 2326 3649 Ionvilleo
2368 3592 2613 3647 nostro.

715 3668 882 3732 ostri
936 3688 1165 3733 omnes
1224 3676 1289 3732 te
1345 3678 1411 3733 et
1474 3676 1619 3732 tuos
1675 3667 1967 3733 salutant
2009 3668 2416 3733 amicissime.
2507 3667 2614 3732 Ex

644 3752 893 3819 Galliis
950 3754 1134 3819 varia
1188 3755 1461 3831 incerta,
1520 3754 1814 3820 infausta
1874 3754 2251 3819 referuntur
2311 3753 2611 3836 plurima.

855 3938 917 4007 3)
948 3938 1071 3993 Non
1105 3946 1341 3996 exeram.
1376 3970 1443 3979 —
1484 3939 1660 3995 Italos
1690 3946 1751 3995 tu
1785 3939 2305 4001 eeisBlandratam
2346 3938 2614 3995 Gentilem

649 4010 703 4063 ei
738 4008 946 4063 sinales
979 4009 1170 4072 fuisse.

856 4074 890 4128 4
955 4076 1030 4131 N.
1065 4077 1218 4131 3931.
1253 4077 1411 4131 3939.

858 4144 893 4197 5
963 4144 1175 4215 Ulyssis
1209 4150 1325 4201 scil.
1358 4146 1465 4215 (N.
1501 4145 1679 4215 3935).

859 4214 892 4267 6
959 4214 1225 4285 Goneoqa
1292 4222 1341 4268 et
1398 4214 1709 4283 Seripando
1760 4217 1993 4269 mortuis
2043 4216 2204 4268 mussi
2250 4221 2381 4269 sunt
2436 4214 2618 4269 Rem

658 4282 989 4338 Gordinalee
1026 4283 1195 4338 Ber-n.
1234 4284 1590 4353 Navaqert'ue
1640 4285 1887 4345 Venetus,
1927 4284 2077 4339 tituli
2122 4282 2177 4337 S.
2214 4283 2446 4339 Nicolao‘
2476 4286 2618 4339 inter

652 4353 934 4419 insomnes,
972 4356 1023 4406 et
1056 4352 1147 4407 Jo.
1186 4352 1421 4407 Mos-om·
1455 4353 1906 4419 Mediolanenses,
1940 4367 2027 4420 ep.
2066 4352 2483 4417 Praenestinus,
2519 4354 2619 4423 qm·

654 4423 885 4549 annalia
934 4422 1341 4543 piraeeiderent:
1397 4438 1630 4493 quorun
1674 4421 1763 4476 hic
1814 4421 1955 4476 illud
1999 4422 2216 4477 tandem
2265 4423 2500 4488 feliciter
2541 4422 2618 4476 ad

699 4505 819 4543 nen
854 4505 953 4556 per
993 4492 1129 4545 πίε.

864 4556 918 4623 7)
958 4558 1332 4624 Placentinus,
1388 4558 1581 4613 Caroli
1628 4559 1692 4611 V.
1745 4558 1862 4613 dux
1907 4558 2184 4613 mssitaria
2270 4558 2450 4613 Auctor
2503 4558 2620 4625 fuit

656 4626 813 4682 mm‘:
862 4628 971 4680 Los
1015 4628 1436 4682 commentarios
1472 4629 1541 4682 de
1592 4629 1645 4681 la
1691 4645 1891 4697 guerra
1937 4628 2027 4680 del
2073 4628 2173 4680 Em
2221 4667 2234 4681 .
2281 4627 2504 4681 Carolos
2549 4627 2613 4681 V.

656 4702 849 4749 contra
884 4696 966 4749 los
1004 4697 1381 4750 Protestantes
1418 4697 1485 4750 de
1522 4697 1811 4750 Alemania
1845 4696 2094 4759 (Thumt.
2130 4697 2157 4750 1
2190 4736 2202 4748 .
2238 4694 2350 4761 51).

860 4762 895 4816 8
956 4765 1103 4819 Lud.
1138 4766 1205 4820 de
1242 4765 1300 4819 S.
1342 4765 1529 4820 Gelais
1551 4765 1637 4820 Sr.
1662 4766 1729 4819 de
1752 4765 1996 4832 Lansac,
2029 4781 2147 4819 cum
2165 4766 2341 4833 leqato
2360 4765 2618 4833 Hispano

656 4832 724 4887 de
769 4848 837 4902 φ·
916 4848 953 4885 u
1004 4834 1297 4901 diffinitatis
1342 4840 1393 4887 et
1432 4835 1847 4903 praecedentiae
1891 4835 2095 4887 honore
2140 4833 2520 4901 disputaverat
2567 4840 2619 4890 et

730 4916 821 4954 um
875 4901 943 4955 de
1032 4905 1271 4970 erpetui-3
1320 4904 1541 4958 οοηοιἸιῖ
1584 4903 2180 4972 ρνοοναοίίηαίίοπῶυε
2230 4904 2388 4972 queri
2427 4906 2617 4959 iussn&

654 4917 827 5033 παῖε
862 4985 959 5025 ear
1000 4973 1199 5025 dualem
1236 4972 1637 5039 Lothan'nqum
1674 4973 2053 5026 adversariam
2092 4970 2391 5039 habueram·
2433 4973 2616 5042 itaque

658 5038 1027 5093 dimissionem
1062 5042 1363 5107 postulavit
1397 5050 1446 5095 et
1481 5042 1745 5097 obtinuit:
1782 5042 1921 5095 abiit
1958 5040 2143 5096 Nonis
2180 5039 2363 5095 Iuliis.

866 5106 925 5174 9)
966 5108 1229 5163 Orbetello
1264 5113 1329 5163 in
1377 5117 1557 5166 tractu
1604 5110 1835 5164 Tusciae
1880 5109 2247 5163 meridionali.
2332 5110 2614 5163 Caeterum

658 5192 833 5245 neque
867 5177 933 5230 de
968 5177 1067 5233 hoc
1097 5178 1265 5246 sado,
1298 5196 1468 5248 neque
1501 5180 1568 5234 de
1602 5180 1779 5235 uerbis
1834 5179 2084 5234 Venetiae
2117 5182 2256 5234 ortis
2290 5179 2427 5235 abbi
2459 5177 2616 5248 quid·

854 5245 1044 5313 leqisse
1074 5248 1427 5301 minitans.

836 5313 923 5375 10)
974 5315 1160 5371 Vanus
1196 5332 1396 5370 rumor.

2733 585 3471 736 ξῖκέοῃρίίῑὲἒὲοτῇοη
3507 593 3574 651 et
3607 583 3878 652 meliora
3909 593 4382 669 exspectamus.
4448 585 4624 671 'l'ignxi

2777 721 2791 737 .
2916 693 3004 736 au
3222 721 3237 736 .

2901 843 3200 927 Legatus
3266 849 3489 908 noster
3554 862 3637 907 ex
3701 841 3985 908 comitiis

2730 928 3206 995 Basiliensibus
3236 929 3317 1010 ιι)
3364 926 3656 993 nondum
3701 927 3913 993 rediit.

3864 1065 4292 1150 Bullingerus
4339 1073 4496 1130 tuus.

3607 1609 3808 1681 3944.

3203 1763 3677 1831 GALVINUS
3723 1762 4198 1830 MEROERO.

2904 1935 3182 2001 Rumore
3224 1936 3301 2001 de
3344 1936 3482 2001 eius
3517 1935 3842 2019 repentina
3885 1939 4076 2000 morte
4106 1935 4506 2016 aliqvamdiu
4527 1954 4642 2016 per·

2726 2021 2942 2088 culeus
2984 2024 3115 2086 iam
3167 2042 3199 2086 e
3241 2022 3448 2087 morbo
3489 2022 3889 2087 revalescenti
3926 2021 4291 2105 yratulatar
4332 2022 4506 2102 eique
4525 2041 4644 2104 pro-

2726 2127 3085 2258 &gement
3119 2109 3195 2173 de
3228 2127 3483 2173 munere
3509 2107 3854 2173 Genevensi
3887 2107 4175 2172 adeundo
4209 2107 4281 2171 in
4313 2108 4644 2172 maneriam

2728 2364 2924 2430 (Plura
2970 2368 3193 2417 exstant
3238 2363 3573 2433 exemplaria
3623 2364 3678 2416 in
3714 2363 3882 2417 Codd.
3919 2364 4122 2419 Genev.
4161 2363 4304 2426 107..
4357 2363 4454 2417 fol.
4485 2360 4580 2415 264
4607 2367 4652 2414 et

2723 2433 2816 2487 fol.
2851 2430 2972 2502 265,
3007 2438 3123 2485 tum
3159 2430 3275 2496 108,
3312 2433 3404 2485 fol.
3439 2431 3554 2498 150,
3591 2434 3806 2485 Bet-nae
3841 2433 3898 2485 in
3934 2433 4107 2487 Temo
4141 2434 4284 2504 Epp.
4305 2431 4402 2486 vl.
4441 2449 4492 2501 p.
4525 2429 4649 2496 121,

3189 2501 3426 2570 deniqne
3460 2518 3548 2570 ap.
3583 2501 3871 2555 Simlerum
3908 2501 4035 2556 Vol.
4074 2501 4222 2569 107.)

2899 2670 3113 2737 Biduo
3175 2679 3522 2755 postquam
3591 2672 3754 2737 mihi
3823 2672 4118 2737 redditae
4196 2673 4472 2738 fuerunt
4531 2681 4654 2734 tuse

2727 2757 2988 2835 literae,
3019 2763 3068 2836 ¹)
3128 2778 3276 2824 ecce
3337 2758 3756 2841 repentinum
3823 2759 4070 2824 fulmen
4132 2757 4213 2824 de
4271 2767 4487 2824 morte
4549 2767 4656 2830 tun.

2727 2843 2902 2926 quod
2948 2864 3055 2909 me
3098 2853 3166 2908 et
3208 2842 3371 2908 alios
3415 2843 3782 2927 complures
3825 2864 3955 2908 non
3995 2843 4185 2909 modo
4221 2844 4526 2927 perculit,
4565 2840 4657 2907 sed

2725 2929 2864 2995 fere
2924 2928 3237 2994 attonitos
3295 2928 3595 2994 reddidit.
3690 2929 3776 2994 In
3830 2930 3954 2995 hoc
4022 2928 4140 2994 tibi
4197 2930 4464 3013 placeas
4517 2924 4660 3012 quod

2721 3013 2910 3082 nobis
2945 3014 3346 3081 acerbissimi
3383 3014 3598 3082 luctus
3633 3016 3977 3080 materiam
4001 3014 4256 3081 dedisti.
4325 3017 4436 3082 Ea
4470 3013 4660 3098 opinio

2723 3123 2842 3167 nos
2878 3100 3106 3168 diebus
3149 3100 3518 3183 quindecim
3563 3110 3680 3166 aut
3723 3101 3981 3167 circiter
4024 3102 4372 3180 cruciavit,
4421 3099 4661 3167 tandem

2722 3194 3037 3271 sequutus
3103 3196 3204 3253 est
3267 3187 3550 3252 nuncius
3617 3186 3869 3265 laetior,
3937 3208 4138 3270 quum
4205 3196 4358 3270 post
4423 3194 4663 3269 accept!

2721 3272 2934 3338 multa
2958 3272 3234 3339 vulnera
3265 3273 3595 3355 proiectus
3638 3294 3817 3338 esses
3859 3274 3926 3338 in
3972 3275 4239 3351 flumen,
4283 3272 4447 3337 inde
4491 3272 4662 3337 fuisse

2721 3360 3187 3439 extractum.²)
3259 3358 3406 3443 Ego
3462 3358 3530 3423 in
3590 3357 3842 3424 laetitia
3898 3360 4162 3441 profuse
4218 3360 4484 3425 iocatus
4539 3376 4662 3421 sum

2721 3442 2802 3509 de
2859 3443 3026 3510 felici
3076 3444 3452 3527 piscatione.
3525 3443 3718 3509 Nunc
3778 3450 3968 3509 tuum
4029 3445 4155 3508 erit
4212 3442 4372 3510 dare
4418 3460 4662 3527 operam

2718 3538 2793 3594 ut
2836 3528 2918 3594 de
2975 3538 3092 3595 tua
3145 3528 3593 3595 incolumitate
3650 3529 3906 3613 prolixo
3950 3537 4018 3594 et
4073 3529 4280 3595 solide
4341 3528 4664 3614 gaudeam.

2717 3615 3108 3698 Ubicunque
3152 3614 3299 3695 eris,
3353 3615 3663 3681 ecclesiae
3707 3616 3833 3681 Dei
3891 3615 4291 3699 gratulabor,
4342 3628 4411 3681 te
4458 3632 4663 3697 super-

2717 3700 2938 3766 stitem
2983 3721 3269 3766 manere.
3340 3700 3595 3766 Verum
3639 3700 3767 3766 nisi
3813 3700 4008 3766 fidem
4048 3701 4269 3766 datam
4299 3704 4361 3781 ⁸)
4409 3696 4664 3784 praesti·

2718 3787 2896 3866 teris,
2956 3786 3103 3851 fieri
3163 3807 3297 3851 non
3356 3796 3572 3869 potest
3629 3788 3790 3870 quin
3846 3786 4102 3852 doleam
4159 3796 4226 3852 et
4291 3804 4662 3870 conquerar.

2719 3872 3122 3955 Quanquam
3165 3893 3249 3936 ne
3293 3878 3442 3937 tuae
3487 3873 3890 3938 constantiae
3934 3872 4163 3938 videar
4207 3872 4536 3949 diffidere,
4577 3866 4666 3933 vel

2719 3957 2838 4024 tibi
2902 3957 3159 4040 oblique
3225 3957 3490 4024 inurere
3556 3958 3839 4025 levitatis
3908 3966 4150 4035 notam,
4219 3979 4354 4023 non
4427 3957 4666 4040 longius

2718 4064 3095 4127 prosequar.
3188 4042 3373 4108 Nihil
3438 4044 3616 4108 enim
3682 4043 3941 4126 turpius
4007 4065 4204 4127 quam
4271 4044 4393 4109 ubi
4465 4054 4666 4108 nostra

2718 4150 2916 4196 causa
2952 4128 3337 4193 mirabiliter
3357 4138 3657 4196 servatus
3694 4151 3764 4195 es
3790 4129 4158 4195 redivivum
4183 4127 4494 4195 oblivisci
4527 4122 4665 4211 quid

2716 4214 2906 4281 nobis
2949 4216 3149 4280 fueris
3193 4214 3543 4298 pollicitus.
3616 4216 3939 4281 Memoria
3974 4224 4195 4297 repete
4241 4215 4532 4280 antehac
4573 4208 4664 4273 vel

2717 4299 2921 4365 fuisse
3000 4300 3526 4385 tergiversatum,
3595 4300 3706 4367 vel
3785 4302 4273 4367 excusationem
4360 4300 4665 4371 attulisse,

2717 4387 2951 4470 quibus
3007 4407 3223 4452 moras
3270 4396 3528 4453 nectere
3585 4395 3650 4451 te
3707 4388 3952 4469 putavi.
4023 4386 4220 4452 Hanc
4275 4398 4664 4469 postremam

2718 4492 2946 4539 vocem
2991 4472 3109 4537 tibi
3155 4494 3194 4537 a
3239 4472 3385 4538 Deo
3429 4474 3628 4538 fuisse
3671 4472 3778 4537 vel
3841 4481 4168 4538 extortam
4230 4473 4335 4537 vel
4396 4471 4666 4537 elicitam

2718 4578 3046 4643 agnosces.
3129 4557 3274 4622 Iam
3333 4567 3399 4623 te
3455 4558 3880 4636 convaluisse,
3942 4577 4019 4623 ac
4077 4557 4450 4623 mediocres
4509 4557 4668 4619 vires

2717 4663 3138 4728 recuperasse
3194 4643 3468 4710 confido.
3555 4643 3786 4727 Itaque
3843 4644 3972 4709 nisi
4025 4644 4464 4721 occasionem,
4519 4658 4668 4725 quae

2718 4729 2837 4795 tibi
2903 4729 3118 4812 prima
3177 4729 3395 4795 oblata
3460 4731 3688 4807 fuerit,
3755 4729 4056 4796 celeriter
4120 4730 4428 4811 arripias,
4499 4726 4666 4791 nulls

2890 4970 2980 5037 11)
3015 4968 3106 5022 De
3137 4970 3336 5039 quibus
3367 4985 3415 5024 v.
3453 4969 3533 5027 N.
3568 4968 3722 5024 3933.

2718 5039 2994 5101 89441)
3031 5037 3359 5106 deperditae.

2922 5106 2983 5171 2)
3023 5107 3284 5177 Haaqius
3325 5106 3468 5175 (Vn.
3515 5104 3646 5171 328)
3703 5110 3832 5161 teste
3893 5107 4160 5174 Pasqmsser
4207 5105 4344 5159 due-3
4391 5122 4516 5159 eu-
4557 5104 4666 5157 fid·

2719 5182 2957 5258 tenqpore
2991 5188 3177 5231 secure
3215 5176 3467 5231 Lutetiae
3497 5176 3780 5231 mansisse.
3857 5174 4048 5231 Elian
4091 5174 4362 5230 manue
4393 5175 4516 5239 (lv,
4549 5171 4666 5229 815)

2719 5246 2858 5301 mua
2891 5261 3003 5380 ’.ἔς
3023 5244 3293 5369 besmed-
3329 5314 3597 5368 veniendi.
