4900 6125
308 397 415 462 713

303 592 617 672 pastorum
659 593 775 653 aut
817 585 1261 671 diaconorum,
1320 591 1611 675 exceptis
1664 594 1949 671 senibus,
2009 595 2122 677 qui
2166 596 2238 662 in

302 691 431 738 eam
493 672 1006 740 coniurationem
1066 677 1436 743 consentire
1502 677 1873 758 noluerant,
1939 701 2048 746 me
2104 702 2237 747 uno

302 757 591 843 dignetur
653 757 973 843 colloquio
1034 771 1150 827 aut
1200 762 1439 829 verbo:
1509 771 1580 828 et
1619 772 1695 830 ut
1746 785 1971 832 omnes
2036 768 2238 833 talem

298 864 396 910 me
435 863 573 910 esse
612 845 1011 929 praedicent,
1056 846 1317 930 qualem
1362 869 1503 915 esse
1546 852 1840 934 persuasi
1884 851 2156 919 fuerant
2197 875 2238 920 a

298 928 670 1008 Marbacleio,
724 951 963 1015 nempe
1016 932 1528 1018 Zwinglianum,
1586 935 2071 1017 Gabinianum,
2115 939 2238 1007 Sa-

296 1017 805 1097 cramentarium,
884 1018 1225 1085 inimicum
1302 1020 1727 1088 confessionis
1791 1026 2239 1109 Augustanae,

298 1101 538 1167 hostem
644 1102 958 1169 ecclesiae
1068 1107 1567 1187 Argentinensis
1592 1159 1609 1186 ,
1719 1108 2237 1195 Anabaptistam,

295 1185 995 1264 Schwenkfeldianum,
1030 1190 1497 1270 Novatianum,
1536 1192 1922 1274 Catharum,
1968 1207 2038 1262 et
2080 1197 2237 1281 quid

294 1273 467 1338 non?
540 1277 748 1356 Atque
790 1274 885 1341 ita
928 1284 1142 1341 totum
1179 1277 1303 1344 hoc
1337 1277 1673 1345 biennium
1718 1280 1813 1346 fui
1857 1282 1936 1347 iis
1981 1292 2049 1348 et
2092 1282 2238 1349 aliis

295 1359 563 1444 egregiis
604 1359 833 1440 titulis,
879 1362 1141 1445 publice
1184 1370 1254 1428 et
1293 1364 1625 1448 privatim,
1673 1385 1831 1433 voce
1875 1375 1943 1433 et
1976 1369 2239 1452 scriptis

274 1456 553 1528 ¹ornatus
586 1443 1057 1531 traductusque
1091 1469 1213 1533 per
1245 1471 1361 1516 ora
1395 1452 1708 1518 omnium.
1781 1452 1996 1534 Quale
2040 1455 2240 1520 fuerit

292 1529 540 1597 illorum
606 1532 988 1612 consilium,
1053 1534 1241 1600 facile
1307 1545 1493 1619 potes
1559 1548 1628 1603 tu
1708 1539 1850 1623 ipse
1926 1540 2235 1618 iudicare,

292 1640 516 1702 nempe
557 1626 633 1684 ut
673 1619 781 1685 vel
826 1629 1097 1687 senatus
1131 1642 1239 1687 me
1284 1622 1576 1702 eiiceret,
1620 1623 1728 1690 vel
1772 1645 1891 1708 ego
1928 1625 2238 1692 diuturna

292 1705 577 1772 molestia
640 1705 916 1772 affectus
981 1719 1213 1792 sponte
1280 1707 1699 1775 discederem.
1783 1712 2052 1795 Agitata
2114 1711 2239 1777 fuit

292 1792 726 1858 controversia
768 1792 836 1856 in
882 1793 1172 1877 capitulo
1213 1804 1455 1874 nostro,
1500 1793 1616 1860 sed
1654 1797 1916 1880 scriptis
1952 1806 2234 1863 tantum.

289 1877 508 1961 Neque
573 1879 752 1942 enim
817 1900 1113 1962 unquam
1181 1880 1432 1947 amicus
1490 1882 1698 1946 voluit
1754 1903 2016 1950 mecum
2081 1905 2235 1950 con-

289 1963 482 2048 gredi,
549 1974 745 2046 atque
803 1965 898 2029 ita
951 1965 1167 2030 noluit
1231 1967 1564 2051 congredi,
1631 1977 1707 2032 ut
1761 1989 1971 2052 neque
2038 1971 2234 2035 etiam

290 2050 567 2133 potuerit
624 2070 915 2133 unquam
975 2072 1014 2115 a
1071 2051 1344 2118 consilio
1400 2063 1626 2118 nostro
1691 2053 1947 2135 adduci,
2015 2066 2089 2120 ut
2153 2053 2237 2119 ad

286 2155 425 2200 mea
478 2135 711 2201 saltem
773 2145 1164 2219 argumenta
1218 2145 1287 2204 et
1340 2139 1727 2205 autoritates
1790 2140 2235 2226 responderet,

287 2219 391 2286 sed
436 2221 695 2288 deserto
738 2231 917 2287 statu
964 2244 1201 2289 causae
1242 2224 1379 2291 suis
1424 2224 1809 2310 ambagibus
1851 2227 2233 2311 capitulum,

285 2304 517 2373 multos
574 2329 838 2374 meuses
892 2317 1281 2392 occupatum
1339 2310 1579 2375 tenuit:
1640 2312 1770 2377 imo
1826 2320 1894 2377 et
1945 2314 2017 2378 in
2062 2333 2238 2378 nova

285 2392 541 2458 dissidia
583 2395 924 2477 pertraxit,
981 2414 1058 2460 ac
1099 2393 1368 2460 tandem
1411 2405 1618 2462 totam
1663 2418 1927 2463 causam
1973 2420 2014 2463 a
2059 2400 2233 2483 capi-

284 2478 413 2543 tulo
446 2478 527 2544 ad
567 2479 687 2544 xiii
724 2481 900 2546 viros
937 2490 1149 2546 astute
1188 2481 1543 2547 transtulit.
1602 2482 1982 2566 Capitulum
2013 2493 2232 2551 tamen

282 2585 405 2630 non
438 2566 739 2650 permisit
775 2585 918 2631 eam
958 2567 1326 2646 transferri,
1363 2569 1518 2651 quin
1553 2570 1740 2653 prius
1764 2568 2011 2636 diceret
2043 2590 2230 2636 suam

283 2649 356 2715 de
417 2672 495 2716 ea
562 2651 869 2717 Dominis
932 2652 1052 2718 xiii
1119 2654 1281 2718 viris
1352 2655 1766 2720 sentent-iam.
1861 2656 2009 2722 Etsi
2074 2678 2230 2722 vero

280 2738 595 2819 sperabat,
655 2757 815 2801 mox
869 2759 907 2803 a
955 2738 1253 2804 Dominis
1307 2760 1414 2804 me
1475 2740 1859 2805 damnatum
1924 2742 2029 2824 iri,
2095 2764 2231 2808 non

278 2821 456 2888 facile
515 2833 738 2888 tamen
794 2822 863 2887 id
921 2826 1137 2907 potuit
1192 2826 1353 2904 fieri,
1410 2825 1583 2909 quod
1626 2827 1697 2906 ii,
1751 2837 1831 2893 ut
1875 2829 2231 2912 prudentes

279 2916 340 2970 et
378 2908 730 2992 sapientes,
777 2908 1065 2975 viderint
1120 2931 1261 2975 rem
1309 2932 1439 2977 non
1486 2912 1576 2977 ita
1619 2912 1867 2979 habere
1908 2913 2081 2980 sicut
2123 2934 2228 2980 ac-

276 3003 532 3059 cusatus
586 2994 876 3059 fueram:
936 3007 1021 3075 et,
1076 3003 1153 3064 ιιι
1204 2997 1379 3076 iusti,
1438 2997 1850 3066 innocentem
1912 2999 2228 3066 damnare

274 3080 618 3146 noluerint.
707 3080 843 3147 Sed
901 3104 1115 3166 neque
1159 3083 1502 3149 absolvere
1546 3087 1689 3152 ausi
1736 3095 1910 3166 sunt,
1969 3087 2123 3154 licet
2160 3094 2230 3152 et

274 3168 661 3232 seutentiam
729 3168 995 3250 capituli
1062 3169 1411 3249 audierint,
1478 3179 1546 3237 et
1602 3173 1977 3238 testimonia
2035 3180 2228 3257 atque

272 3250 503 3318 iudicia
569 3251 1051 3319 academiarum
1119 3264 1186 3320 et
1249 3256 1669 3323 ecclesiarum
1726 3259 2086 3324 multarum
2149 3259 2229 3325 de

271 3338 427 3404 meis
472 3338 775 3404 thesibus
832 3339 1136 3424 legerint,
1185 3349 1250 3407 et
1293 3362 1509 3407 meam
1557 3342 1835 3428 denique
1880 3353 2023 3410 tum
2071 3366 2225 3429 sup·

270 3422 683 3505 plicationem
728 3434 869 3489 tum
916 3427 1393 3493 confessionem
1442 3428 1744 3495 viderint.
1830 3432 1919 3497 Ac
1962 3450 2083 3514 per
2127 3439 2226 3496 to-

270 3520 402 3576 tum
449 3511 577 3577 hoc
624 3519 886 3593 tempus
932 3532 1065 3577 non
1109 3524 1452 3579 cessarunt
1488 3536 1609 3598 pro
1649 3517 2075 3583 concionibus
2110 3516 2224 3582 ad-

270 3597 537 3663 versarii
593 3596 663 3661 in
728 3618 848 3663 nos
907 3598 1130 3664 invehi
1191 3601 1584 3684 (suppressis
1652 3611 1874 3668 tamen
1942 3604 2224 3669 nomini-

267 3680 381 3831 Rus
446 3683 762 3766 propriis)
829 3692 898 3748 et
963 3683 1330 3750 doctrinam
1410 3686 1619 3770 ipsam
1683 3696 1763 3754 ut
1827 3688 2226 3756 haereticam

306 3788 593 3834 amnare.

427 3854 655 3936 Quum
704 3851 997 3920 viderem
1053 3876 1195 3921 rem
1254 3858 1349 3921 ita
1393 3878 1466 3923 se
1511 3857 1771 3938 habere,
1828 3859 2224 3926 adversariis

264 3940 502 4007 scilicet
544 3940 746 4006 licere
790 3952 1106 4024 perpetuo
1151 3951 1291 4007 tum
1332 3941 1585 4009 Christi
1631 3944 1993 4011 doctrinam
2037 3945 2221 4011 dam-

264 4045 434 4105 nare,
502 4036 648 4092 tum
693 4046 801 4091 me
859 4026 1033 4110 apud
1090 4049 1321 4095 omnes
1381 4037 1450 4095 et
1504 4030 1764 4114 scriptis
1821 4031 2046 4097 multis
2091 4033 2221 4099 huc

263 4120 451 4195 atque
492 4111 658 4179 illuc
702 4133 821 4194 per
854 4112 1284 4180 Germaniam
1334 4116 1598 4200 sparsis,
1645 4124 1713 4182 et
1746 4137 1908 4185 voce
1948 4138 2066 4201 per
2109 4140 2219 4183 ur-

262 4197 403 4262 bem
459 4198 545 4264 ad
602 4198 917 4283 populum
963 4200 1337 4279 traducere,
1398 4201 1565 4266 mihi
1616 4223 1775 4269 vero
1831 4203 2055 4270 omnia
2107 4202 2219 4269 de-

261 4282 568 4350 fensionis
616 4304 802 4349 arma
846 4296 1072 4369 erepta
1117 4306 1290 4352 esse:
1334 4286 1634 4354 consului
1680 4289 1925 4355 amicos
1973 4290 2059 4354 ali
2104 4298 2221 4356 uot

260 4389 465 4452 nuper
508 4391 713 4454 quum
769 4392 980 4436 essem
1024 4372 1464 4452 Franoofurti,
1524 4375 1679 4458 quid
1731 4375 1897 4440 mihi
1950 4384 2064 4443 tan
2113 4396 2219 4441 em

260 4454 625 4521 faciendum
681 4476 825 4521 esse
878 4458 1312 4525 consulerent.
1420 4460 1797 4526 Probarunt
1862 4482 2077 4527 meam
2139 4461 2220 4527 de

258 4542 727 4623 protestatione
770 4542 1071 4609 facienda
1104 4546 1518 4623 sententiam,
1566 4566 1765 4630 quam
1809 4545 1925 4612 tibi
1962 4568 2220 4632 quoque

258 4646 371 4710 per
423 4628 513 4694 D.
562 4628 746 4693 Ioan.
800 4628 1175 4696 Gravelium
1198 4632 1260 4714 ⁷)
1326 4631 1884 4717 significaveram:
1951 4634 2065 4701 sed
2126 4635 2219 4699 ita

258 4720 327 4777 nt
390 4714 578 4798 prius
645 4722 787 4779 tum
853 4715 1094 4781 iudicia
1157 4718 1241 4783 ab
1287 4717 1658 4784 Academiis
1724 4727 2009 4804 accepta,
2074 4727 2217 4785 tum

259 4818 433 4866 meas
492 4798 577 4865 de
642 4800 839 4867 rebus
902 4803 1343 4870 controversis
1406 4803 1738 4886 lectiones,
1806 4813 1945 4871 tum
2014 4807 2216 4872 etiam

260 4882 336 4949 de
380 4885 703 4952 ulsionem
779 4886 1262 4954 calumniarum
1327 4911 1525 4974 quam
1590 4888 1897 4958 Dominis
1975 4892 2218 4959 nostris

258 4989 294 5034 e
390 4969 632 5052 ’buere,
673 4970 1117 5056 imprimenda
1159 4994 1495 5043 curarem:
1550 4997 1687 5042 non
1731 4977 1911 5042 enim
1954 4999 2061 5044 me
2105 4977 2217 5044 de-

461 5261 523 5332 7)
562 5262 796 5320 Obvius·
838 5264 1133 5319 habuimus
1175 5266 1413 5336 aliquem
1457 5264 1553 5327 Jo.
1592 5266 1874 5350 ‘Graecae‘
1900 5268 2215 5324 ministrum

257 5343 345 5399 ap.
392 5329 696 5401 memes,
731 5331 799 5387 N.
832 5331 991 5403 3795,
1028 5348 1213 5391 mm
1248 5352 1325 5391 an
1359 5335 1507 5392 hunc
1539 5334 1689 5393 ducat
1722 5352 2007 5392 necemus.

2036 405 2201 470 1563
2244 403 2556 471 APRIL.

4179 407 4308 476 ⁷14

2340 594 2496 660 bere
2557 613 2842 677 sperare,
2909 592 3206 660 futurum
3265 601 3338 658 ut
3403 614 3694 678 unquam
3749 594 4174 678 magistratus
4229 599 4303 664 in

2340 680 2466 745 hac
2518 699 2711 746 causa
2776 679 3023 764 aliquid
3080 679 3503 764 pronunciet:
3566 681 4011 746 necessarium
4078 689 4302 750 tamen

2339 786 2500 848 esse,
2538 772 2613 832 ut
2648 765 2822 850 apud
2846 766 3155 832 ecclesias
3190 765 3407 848 aliquo
3428 765 3623 831 modo
3658 766 3989 833 iustificet.
4054 768 4302 835 Audivi

2339 859 2405 917 et
2448 861 2524 917 ut
2568 851 3030 918 consuluerant
3072 851 3215 932 feci,
3276 850 3391 917 sed
3443 870 3590 918 ecce
3650 871 3856 935 quum
3912 852 4082 919 liber
4123 862 4301 922 totus

2337 935 2478 1002 fere
2524 945 2698 1003 esset
2739 936 2822 1003 ab
2874 937 3148 1020 Oporino
3173 940 3231 1019 8)
3279 938 3655 1021 impressus,
3714 937 3971 1003 detecta
4023 960 4132 1005 res
4175 940 4304 1007 fuit

2338 1031 2406 1088 et
2447 1023 2738 1089 indicata
2781 1023 3087 1089 Dominis
3130 1022 3314 1088 meis.
3394 1022 3534 1107 Ipsi
3575 1044 3735 1088 vero
3779 1043 3933 1088 mox
3978 1024 4153 1109 apud
4196 1047 4299 1092 se·

2339 1120 2570 1175 natum
2637 1108 3072 1175 Basiliensem
3151 1108 3546 1188 effecerunt,
3627 1118 3703 1175 ut
3779 1121 3848 1174 et
3923 1111 4298 1194 exemplum

2340 1215 2547 1260 unum
2584 1203 2652 1261 et
2684 1197 2901 1277 ipsum
2935 1188 3305 1278 αὖιόγραφον
3347 1193 3429 1259 ad
3475 1215 3546 1260 se
3590 1195 3983 1274 mitteretur,
4031 1195 4300 1281 reliquis

2339 1281 2646 1347 omnibus
2714 1282 2782 1345 in
2848 1280 3097 1346 dolium
3165 1278 3491 1363 quoddam
3557 1281 3886 1346 coniectis.
3966 1281 4301 1349 Viderunt

2340 1366 2630 1444 Domini,
2689 1366 2933 1432 librum
2978 1386 3122 1432 esse
3156 1365 3545 1444 modestum,
3607 1367 3751 1432 sine
3796 1365 3928 1432 ullo
3972 1369 4297 1436 convicio:

2340 1454 2673 1518 neminem
2718 1452 2809 1518 ibi
2852 1452 3202 1530 nominari,
3258 1452 3588 1517 neminem
3633 1453 4009 1537 perstringi,
4054 1456 4296 1520 verita·

2340 1546 2474 1603 tem
2521 1546 2781 1604 tantum
2827 1535 3109 1604 defendi.
3182 1538 3447 1603 Interea
3491 1547 3734 1617 tamen,
3781 1559 3866 1604 an
3995 1540 4297 1606 rmissuri

2341 1625 2477 1689 sint
2541 1623 2727 1690 illum
2795 1624 3048 1690 absolvi
3113 1631 3181 1688 et
3244 1624 3310 1689 in
3388 1622 3601 1690 lucem
3664 1623 3968 1706 produci,
4048 1626 4299 1710 ignoro.

2339 1707 2559 1776 Venio
2603 1731 2778 1776 nunc
2822 1708 2902 1775 ad
2948 1709 3204 1776 exitum
3245 1729 3498 1777 causae.

2515 1796 2746 1862 Mense
2790 1796 3141 1879 praeterito
3175 1803 3505 1861 venerunt
3546 1794 3630 1861 ad
3666 1816 3805 1873 nos,
3849 1794 4125 1864 Iacobus
4161 1798 4299 1864 An-

2338 1881 2527 1947 dreae
2561 1881 2923 1966 theologus,
2961 1890 3029 1946 et
3047 1879 3134 1946 D.
3164 1879 3500 1947 chilianus
3532 1881 3697 1946 iuris
3729 1882 3999 1965 peritus,
4038 1884 4221 1949 missi
4257 1902 4299 1948 a

2354 1966 2807 2053 Wmeberqioe,
2854 1975 2921 2031 et
2964 1965 3446 2033 Chunmannus
3493 1965 3949 2033 Rossbachius
3999 1970 4298 2051 superin-

2339 2054 2637 2134 tendens,
2683 2061 2749 2119 et
2790 2052 2961 2118 alius
3003 2052 3267 2137 quidam
3315 2053 3479 2119 iuris
3525 2053 3748 2133 eritus,
3773 2057 3826 2128 ⁹)
3870 2053 4053 2119 missi
4099 2076 4137 2119 a
4181 2054 4299 2120 Bo·-

2326 2141 2618 2221 pontino:
2680 2136 2978 2205 Sulcerus
3037 2160 3292 2223 quoque
3337 2145 3404 2203 et
3602 2139 3838 2220 iusffl’)
3882 2141 4068 2206 missi
4114 2161 4154 2205 a
4196 2160 4296 2206 se-

2339 2236 2502 2290 natu
2547 2225 2931 2291 Basiliensi:
2980 2225 3278 2291 accersiti
3323 2244 3480 2289 vero
3526 2244 3754 2289 omnes
3799 2246 3837 2290 a
3882 2226 4120 2291 nostris
4157 2224 4297 2291 Do-

2337 2311 2553 2377 minis.
2637 2311 2954 2377 Adiuncti
3020 2311 3102 2375 iis
3166 2310 3433 2376 fuerunt
3499 2319 3778 2393 quatuor
3841 2330 3923 2375 ex
3993 2311 4298 2377 Dominis

2337 2397 2604 2477 nostris,
2632 2400 2716 2473 ¹¹)
2761 2406 2837 2463 ut
2889 2398 2933 2461 ii
2980 2416 3209 2462 omnes
3261 2396 3748 2462 controversiae
3790 2403 4054 2462 nostrae
4097 2398 4295 2462 finem

2338 2482 2603 2549 tandem
2674 2482 3022 2567 aliquando
3086 2482 3501 2565 imponerent
3566 2481 3868 2565 aliquem.
3952 2483 4059 2548 De
4113 2485 4295 2566 prin-

2337 2569 2505 2651 cipio
2548 2570 2722 2636 facta
2766 2568 2927 2634 mihi
2975 2570 3188 2633 fuerat
3229 2567 3595 2634 certissima
3637 2588 3805 2651 spes,
3850 2575 3967 2633 aut
4002 2567 4295 2652 disputa·

2336 2654 2532 2719 tionis
2576 2663 2693 2721 aut
2735 2655 2970 2721 saltem
3014 2652 3316 2737 colloquii
3360 2674 3511 2720 cum
3556 2651 3834 2719 adversa
3873 2665 4080 2736 parte.
4161 2654 4295 2722 Hic

2334 2761 2370 2804 e
2457 2792 2473 2818 ,
2521 2741 2636 2825 qui
2682 2762 2722 2805 a
2765 2739 3066 2807 Palatino
3109 2739 3410 2806 Electore
3453 2741 3784 2804 neminem
3828 2739 4106 2804 missum
4150 2760 4292 2807 esse

2335 2823 2655 2905 videbam,
2713 2827 2886 2910 quod
2944 2847 3139 2891 nemo
3194 2826 3391 2890 etiam
3451 2825 3803 2891 accersitus
3845 2824 3999 2891 inde
4045 2825 4288 2905 fuisset,

2337 2911 2587 2995 aliquid
2630 2921 2928 2978 metuere
2972 2912 3172 2995 coepi.
3245 2911 3521 2976 Interim
3559 2917 3783 2975 tamen
3822 2912 3975 2994 quia
4010 2909 4290 2977 fidebam

2337 2997 2613 3064 bonitati
2658 3018 2912 3077 causae,
2969 3004 3039 3063 et
3091 2998 3549 3081 exspectabam
3593 2997 3860 3063 omnino
3903 2995 4290 3081 disputatio·

2332 3106 2486 3150 nem
2533 3094 2650 3149 aut
2692 3084 3102 3169 colloquium,
3155 3083 3434 3150 Stumio
3478 3082 3649 3148 dixi:
3710 3083 3813 3147 ‘ru
3859 3090 4123 3148 tantum
4166 3104 4289 3169 pro

2331 3178 2447 3235 tua
2491 3169 2844 3254 prudentia
2900 3179 3130 3237 caveto
3196 3181 3261 3235 et
3305 3177 3551 3250 curato,
3609 3174 3687 3235 ut
3740 3188 3954 3253 neque
4012 3170 4289 3236 circum-

2331 3255 2682 3322 veniamur
2745 3277 2958 3341 neque
3023 3255 3489 3339 opprimamur.
3572 3254 3766 3336 Quod
3832 3276 3988 3321 vero
4052 3256 4290 3321 attinet

2329 3342 2414 3407 ad
2460 3341 2987 3427 disputationem,
3033 3342 3210 3407 illius
3245 3361 3412 3407 onus
3456 3340 3618 3405 mihi
3655 3341 4049 3424 permittito:
4097 3340 4289 3407 modo

2331 3428 2638 3494 veniatur
2701 3428 2783 3493 ad
2852 3426 3390 3511 disputationem,
3458 3434 3572 3493 aut
3634 3425 4061 3510 colloquium,
4127 3427 4290 3494 vicit

2332 3514 2596 3580 veritas.
2669 3515 2851 3580 Dum
2887 3534 3044 3580 vero
3079 3534 3187 3579 me
3223 3512 3604 3597 diligentius
3649 3510 3732 3577 ad
3776 3512 4286 3596 disputationem

2327 3620 2667 3684 praepare,
2736 3600 3206 3683 compositores
3259 3597 3377 3677 illi,
3444 3607 3588 3665 acta
3644 3606 3710 3662 et
3752 3619 3978 3664 omnes
4029 3607 4289 3664 nostras

2327 3687 2735 3770 scriptiones,
2780 3706 2945 3769 quas
2988 3684 3404 3770 magistratui
3450 3681 3974 3765 exhibueramus,
4019 3683 4283 3768 legunt:

2325 3770 2422 3836 Iis
2467 3771 2793 3855 perlectis,
2840 3781 3118 3854 utraque
3161 3791 3318 3854 pars
3362 3769 3491 3835 fuit
3532 3777 3783 3847 vocata,
3829 3769 3946 3835 sed
3992 3771 4284 3837 seorsim.

2325 3856 2507 3939 Quid
2546 3878 2696 3924 cum
2742 3865 2930 3942 parte
2973 3857 3251 3924 adversa
3296 3856 3573 3940 egerint,
3619 3876 3725 3919 me
3769 3855 3949 3921 latet.
4018 3856 4286 3923 Mecum

2327 3965 2484 4009 vero
2527 3952 2806 4026 quatuor
2849 3942 2945 4008 illi
2991 3941 3277 4027 theologi
3322 3941 3745 4009 contulerunt
3785 3951 3930 4006 tum
3976 3941 4058 4006 de
4092 3963 4283 4027 prae·

2326 4028 2778 4109 destinatione,
2825 4038 2968 4094 tum
3015 4028 3096 4094 de
3137 4028 3650 4111 perseverantia.
3724 4025 3951 4108 Quum
3994 4028 4067 4092 in
4103 4036 4286 4093 utro·

2324 4136 2453 4200 que
2512 4115 2789 4182 articulo
2845 4115 3078 4182 fuisset
3131 4114 3266 4180 illis
3312 4133 3445 4179 non
3504 4112 3716 4178 solum
3777 4112 3945 4178 meis
4003 4113 4283 4198 scriptis,

2322 4201 2437 4267 sed
2504 4202 2703 4266 etiam
2760 4222 2800 4266 a
2853 4222 2961 4266 me
3023 4201 3173 4266 viva
3216 4220 3377 4266 voce
3435 4198 3877 4279 satisfactum,
3947 4198 4283 4277 dixerunt,

2322 4287 2501 4353 inter
2542 4298 2835 4370 pastores
2879 4301 2948 4352 et
2990 4308 3097 4353 me
3163 4287 3284 4351 hos
3329 4283 3496 4349 duos
3541 4283 3851 4351 articulos
3894 4284 4084 4349 facile
4127 4304 4283 4351 con-

2322 4373 2534 4439 ciliari
2577 4395 2797 4457 posse:
2859 4372 3032 4457 quod
3079 4372 3205 4456 ipsi
3248 4391 3502 4455 quoque
3546 4388 3681 4436 non
3726 4369 4099 4453 improbent
4141 4374 4283 4435 Au-

2320 4460 2685 4546 gustinum,
2730 4459 3127 4538 Lutherum,
3174 4458 3541 4523 Bucerum:
3601 4474 3944 4540 superesse
4000 4463 4281 4535 tantum,

2322 4554 2397 4610 ut
2462 4543 2544 4611 de
2610 4566 2812 4611 coena
2875 4565 3093 4610 meam
3152 4541 3425 4609 audiant
3488 4541 3902 4607 sententiam.
3977 4540 4108 4606 Hic
4174 4562 4282 4608 me

2319 4650 2534 4697 meam
2602 4630 2964 4716 explicasse
3044 4629 3438 4696 sententiam
3501 4627 3571 4691 in
3636 4647 3783 4691 mea
3853 4627 4278 4706 confessione,

2320 4738 2516 4801 quam
2563 4717 2894 4802 legerunt:
2954 4725 3021 4781 et
3063 4715 3132 4780 in
3177 4712 3559 4797 depulsione
3616 4719 3986 4797 postremae
4029 4712 4279 4780 calum-

2319 4804 2491 4881 niae,
2551 4805 2743 4868 iuxta
2800 4802 3001 4868 verba
3047 4799 3303 4868 Christi
3354 4798 3437 4865 ab
3493 4797 3917 4883 evangelistis
3970 4798 4280 4866 recitata:

2524 5058 2587 5129 s)
2627 5057 2871 5114 &anm
2898 5072 2960 5141 1?-
2980 5056 3084 5113 ιω
3113 5056 3183 5140 ar,
3206 5056 3317 5127 Ep.
3350 5054 3430 5111 aa
3446 5053 3786 5110 Hourm
3822 5053 3876 5108 a.
3913 5052 3967 5137 ᾳ.
4003 5051 4275 5176 ιιὲαᾱ

2321 5123 3512 5274 ωωαὲἐιῗῗὲᾟοῗὺεᾜὲῗὲἰοῖ
3567 5122 3994 5275 ξ’·,ἓὲΚΜ
4024 5128 4076 5178 ‘¹
4152 5136 4273 5180 ''⁸''

2491 5265 2587 5402 ιιι
2622 5264 2854 5405 m:
2883 5263 3618 5404 msam·
