<?xml version="1.0" encoding="UTF-8"?>
<!DOCTYPE html PUBLIC "-//W3C//DTD XHTML 1.0 Transitional//EN"
    "http://www.w3.org/TR/xhtml1/DTD/xhtml1-transitional.dtd">
<html xmlns="http://www.w3.org/1999/xhtml" xml:lang="en" lang="en">
 <head>
  <title>
</title>
<meta http-equiv="Content-Type" content="text/html;charset=utf-8" />
  <meta name='ocr-system' content='tesseract 3.04.00' />
  <meta name='ocr-capabilities' content='ocr_page ocr_carea ocr_par ocr_line ocrx_word'/>
</head>
<body>
  <div class='ocr_page' id='page_1' title='image "./ioanniscalvinio12unkngoog/ioanniscalvinio12unkngoog_0280.png"; bbox 0 0 4900 6125; ppageno 0'>
   <div class='ocr_carea' id='block_1_1' title="bbox 607 413 734 477">
    <p class='ocr_par' dir='ltr' id='par_1_1' title="bbox 607 413 734 477">
     <span class='ocr_line' id='line_1_1' title="bbox 607 413 734 477; baseline -0.008 0"><span class='ocrx_word' id='word_1_1' title='bbox 607 413 734 477; x_wconf 84' lang='lat'><strong>523</strong></span> 
     </span>
    </p>
   </div>
   <div class='ocr_carea' id='block_1_2' title="bbox 599 598 2577 5060">
    <p class='ocr_par' dir='ltr' id='par_1_2' title="bbox 599 598 2577 5060">
     <span class='ocr_line' id='line_1_2' title="bbox 607 598 2573 682; baseline 0 -16"><span class='ocrx_word' id='word_1_2' title='bbox 607 601 796 667; x_wconf 86' lang='lat' dir='ltr'><strong>nobis</strong></span> <span class='ocrx_word' id='word_1_3' title='bbox 861 619 995 665; x_wconf 91' lang='lat' dir='ltr'><strong>non</strong></span> <span class='ocrx_word' id='word_1_4' title='bbox 1055 617 1482 664; x_wconf 85' lang='lat' dir='ltr'><strong>concessuros</strong></span> <span class='ocrx_word' id='word_1_5' title='bbox 1548 598 1847 682; x_wconf 83' lang='lat' dir='ltr'><strong>putabas,</strong></span> <span class='ocrx_word' id='word_1_6' title='bbox 1913 599 2230 665; x_wconf 88' lang='lat' dir='ltr'><strong>nimirum</strong></span> <span class='ocrx_word' id='word_1_7' title='bbox 2295 600 2377 666; x_wconf 91' lang='lat' dir='ltr'><strong>de</strong></span> <span class='ocrx_word' id='word_1_8' title='bbox 2442 599 2573 667; x_wconf 86' lang='lat' dir='ltr'><strong>fide</strong></span> 
     </span>
     <span class='ocr_line' id='line_1_3' title="bbox 605 685 2574 753; baseline 0 -1"><span class='ocrx_word' id='word_1_9' title='bbox 605 699 830 752; x_wconf 88' lang='lat' dir='ltr'><strong>nostra</strong></span> <span class='ocrx_word' id='word_1_10' title='bbox 891 696 960 750; x_wconf 83' lang='lat' dir='ltr'><strong>et</strong></span> <span class='ocrx_word' id='word_1_11' title='bbox 1020 685 1484 750; x_wconf 84' lang='lat' dir='ltr'><strong>coniunctione</strong></span> <span class='ocrx_word' id='word_1_12' title='bbox 1548 706 1704 752; x_wconf 86' lang='lat' dir='ltr'><strong>cum</strong></span> <span class='ocrx_word' id='word_1_13' title='bbox 1767 686 1914 751; x_wconf 89' lang='lat' dir='ltr'><strong>aliis</strong></span> <span class='ocrx_word' id='word_1_14' title='bbox 1973 687 2219 751; x_wconf 90' lang='lat' dir='ltr'><strong>nostris</strong></span> <span class='ocrx_word' id='word_1_15' title='bbox 2280 686 2574 753; x_wconf 89' lang='lat' dir='ltr'><strong>ecclesiis</strong></span> 
     </span>
     <span class='ocr_line' id='line_1_4' title="bbox 605 770 2573 854; baseline -0.001 -16"><span class='ocrx_word' id='word_1_16' title='bbox 605 791 867 854; x_wconf 86' lang='lat' dir='ltr'><strong>semper</strong></span> <span class='ocrx_word' id='word_1_17' title='bbox 931 770 1153 835; x_wconf 86' lang='lat' dir='ltr'><strong>testati</strong></span> <span class='ocrx_word' id='word_1_18' title='bbox 1218 792 1466 836; x_wconf 89' lang='lat' dir='ltr'><strong>sumus.</strong></span> <span class='ocrx_word' id='word_1_19' title='bbox 1561 771 1826 837; x_wconf 78' lang='lat' dir='ltr'><strong>Testem</strong></span> <span class='ocrx_word' id='word_1_20' title='bbox 1887 771 2015 837; x_wconf 91' lang='lat' dir='ltr'><strong>cito</strong></span> <span class='ocrx_word' id='word_1_21' title='bbox 2071 772 2157 837; x_wconf 90' lang='lat' dir='ltr'><strong>D.</strong></span> <span class='ocrx_word' id='word_1_22' title='bbox 2203 771 2573 838; x_wconf 86' lang='lat' dir='ltr'><strong>Arnoldum</strong></span> 
     </span>
     <span class='ocr_line' id='line_1_5' title="bbox 605 855 2576 941; baseline -0.001 -18"><span class='ocrx_word' id='word_1_23' title='bbox 605 857 919 934; x_wconf 67' lang='lat' dir='ltr'><strong>Baracum,</strong></span> <span class='ocrx_word' id='word_1_24' title='bbox 977 855 1197 921; x_wconf 84' lang='lat' dir='ltr'><strong>virum</strong></span> <span class='ocrx_word' id='word_1_25' title='bbox 1256 856 1757 940; x_wconf 83' lang='lat' dir='ltr'><strong>integerrimum</strong></span> <span class='ocrx_word' id='word_1_26' title='bbox 1812 856 2059 941; x_wconf 86' lang='lat' dir='ltr'><strong>tibique</strong></span> <span class='ocrx_word' id='word_1_27' title='bbox 2114 867 2181 923; x_wconf 94' lang='lat' dir='ltr'><strong>et</strong></span> <span class='ocrx_word' id='word_1_28' title='bbox 2234 877 2461 923; x_wconf 90' lang='lat' dir='ltr'><strong>carum</strong></span> <span class='ocrx_word' id='word_1_29' title='bbox 2505 867 2576 924; x_wconf 92' lang='lat' dir='ltr'><strong>et</strong></span> 
     </span>
     <span class='ocr_line' id='line_1_6' title="bbox 605 940 2575 1027; baseline 0 -19"><span class='ocrx_word' id='word_1_30' title='bbox 605 953 852 1009; x_wconf 88' lang='lat' dir='ltr'><strong>notum.</strong></span> <span class='ocrx_word' id='word_1_31' title='bbox 923 940 995 1007; x_wconf 92' lang='lat' dir='ltr'><strong>Is</strong></span> <span class='ocrx_word' id='word_1_32' title='bbox 1037 943 1210 1007; x_wconf 89' lang='lat' dir='ltr'><strong>enim</strong></span> <span class='ocrx_word' id='word_1_33' title='bbox 1256 941 1457 1008; x_wconf 91' lang='lat' dir='ltr'><strong>huius</strong></span> <span class='ocrx_word' id='word_1_34' title='bbox 1515 943 1886 1026; x_wconf 78' lang='lat' dir='ltr'><strong>tragoediae</strong></span> <span class='ocrx_word' id='word_1_35' title='bbox 1946 964 2100 1027; x_wconf 90' lang='lat' dir='ltr'><strong>pars</strong></span> <span class='ocrx_word' id='word_1_36' title='bbox 2143 965 2276 1008; x_wconf 88' lang='lat' dir='ltr'><strong>una</strong></span> <span class='ocrx_word' id='word_1_37' title='bbox 2336 945 2464 1008; x_wconf 83' lang='lat' dir='ltr'><strong>fuit</strong></span> <span class='ocrx_word' id='word_1_38' title='bbox 2506 958 2575 1009; x_wconf 91' lang='lat' dir='ltr'><strong>et</strong></span> 
     </span>
     <span class='ocr_line' id='line_1_7' title="bbox 604 1027 2572 1114; baseline 0 -20"><span class='ocrx_word' id='word_1_39' title='bbox 604 1030 742 1095; x_wconf 90' lang='lat' dir='ltr'><strong>suis</strong></span> <span class='ocrx_word' id='word_1_40' title='bbox 786 1027 1142 1111; x_wconf 83' lang='lat' dir='ltr'><strong>diligenter</strong></span> <span class='ocrx_word' id='word_1_41' title='bbox 1200 1030 1424 1106; x_wconf 80' lang='lat' dir='ltr'>suasit,</span> <span class='ocrx_word' id='word_1_42' title='bbox 1483 1051 1567 1093; x_wconf 90' lang='lat' dir='ltr'><strong>ne</strong></span> <span class='ocrx_word' id='word_1_43' title='bbox 1623 1028 2010 1095; x_wconf 79' lang='lat' dir='ltr'><strong>lutheranae</strong></span> <span class='ocrx_word' id='word_1_44' title='bbox 2054 1029 2366 1095; x_wconf 90' lang='lat' dir='ltr'><strong>ecclesiae</strong></span> <span class='ocrx_word' id='word_1_45' title='bbox 2413 1029 2572 1114; x_wconf 90' lang='lat' dir='ltr'><strong>bap-</strong></span> 
     </span>
     <span class='ocr_line' id='line_1_8' title="bbox 604 1115 2572 1198; baseline 0.001 -19"><span class='ocrx_word' id='word_1_46' title='bbox 604 1117 876 1180; x_wconf 86' lang='lat' dir='ltr'><strong>tismum</strong></span> <span class='ocrx_word' id='word_1_47' title='bbox 920 1121 1436 1192; x_wconf 73' lang='lat' dir='ltr'><strong>contemnerent,</strong></span> <span class='ocrx_word' id='word_1_48' title='bbox 1499 1136 1701 1197; x_wconf 90' lang='lat' dir='ltr'><strong>quum</strong></span> <span class='ocrx_word' id='word_1_49' title='bbox 1758 1115 1889 1181; x_wconf 90' lang='lat' dir='ltr'><strong>iam</strong></span> <span class='ocrx_word' id='word_1_50' title='bbox 1942 1117 2272 1198; x_wconf 89' lang='lat' dir='ltr'><strong>peregrini</strong></span> <span class='ocrx_word' id='word_1_51' title='bbox 2317 1115 2398 1180; x_wconf 92' lang='lat' dir='ltr'><strong>de</strong></span> <span class='ocrx_word' id='word_1_52' title='bbox 2443 1116 2572 1181; x_wconf 89' lang='lat' dir='ltr'><strong>fide</strong></span> 
     </span>
     <span class='ocr_line' id='line_1_9' title="bbox 605 1199 2573 1282; baseline 0 -17"><span class='ocrx_word' id='word_1_53' title='bbox 605 1221 729 1265; x_wconf 88' lang='lat' dir='ltr'><strong>sua</strong></span> <span class='ocrx_word' id='word_1_54' title='bbox 770 1207 839 1264; x_wconf 90' lang='lat' dir='ltr'><strong>et</strong></span> <span class='ocrx_word' id='word_1_55' title='bbox 880 1199 1402 1281; x_wconf 87' lang='lat' dir='ltr'><strong>corruptelarum</strong></span> <span class='ocrx_word' id='word_1_56' title='bbox 1450 1200 1924 1282; x_wconf 83' lang='lat' dir='ltr'><strong>improbatione</strong></span> <span class='ocrx_word' id='word_1_57' title='bbox 1962 1223 2181 1267; x_wconf 91' lang='lat' dir='ltr'><strong>coram</strong></span> <span class='ocrx_word' id='word_1_58' title='bbox 2227 1213 2460 1267; x_wconf 89' lang='lat' dir='ltr'><strong>senatu</strong></span> <span class='ocrx_word' id='word_1_59' title='bbox 2503 1209 2573 1268; x_wconf 90' lang='lat' dir='ltr'><strong>ct</strong></span> 
     </span>
     <span class='ocr_line' id='line_1_10' title="bbox 605 1284 2571 1353; baseline -0.001 -1"><span class='ocrx_word' id='word_1_60' title='bbox 605 1284 1169 1353; x_wconf 78' lang='lat' dir='ltr'><strong>concionatoribus</strong></span> <span class='ocrx_word' id='word_1_61' title='bbox 1205 1287 1367 1350; x_wconf 86' lang='lat' dir='ltr'><strong>satis</strong></span> <span class='ocrx_word' id='word_1_62' title='bbox 1402 1287 1622 1350; x_wconf 86' lang='lat' dir='ltr'><strong>testati</strong></span> <span class='ocrx_word' id='word_1_63' title='bbox 1660 1300 1899 1352; x_wconf 79' lang='lat' dir='ltr'><strong>essent.</strong></span> <span class='ocrx_word' id='word_1_64' title='bbox 1973 1289 2067 1352; x_wconf 86' lang='lat' dir='ltr'><strong>At</strong></span> <span class='ocrx_word' id='word_1_65' title='bbox 2103 1287 2209 1352; x_wconf 89' lang='lat' dir='ltr'><strong>his</strong></span> <span class='ocrx_word' id='word_1_66' title='bbox 2244 1307 2376 1352; x_wconf 92' lang='lat' dir='ltr'><strong>non</strong></span> <span class='ocrx_word' id='word_1_67' title='bbox 2414 1308 2571 1353; x_wconf 90' lang='lat' dir='ltr'><strong>con-</strong></span> 
     </span>
     <span class='ocr_line' id='line_1_11' title="bbox 607 1371 2573 1454; baseline 0.002 -18"><span class='ocrx_word' id='word_1_68' title='bbox 607 1372 772 1438; x_wconf 89' lang='lat' dir='ltr'><strong>tenti</strong></span> <span class='ocrx_word' id='word_1_69' title='bbox 831 1371 1095 1454; x_wconf 86' lang='lat' dir='ltr'><strong>aliquot,</strong></span> <span class='ocrx_word' id='word_1_70' title='bbox 1152 1391 1431 1453; x_wconf 90' lang='lat' dir='ltr'><strong>quorum</strong></span> <span class='ocrx_word' id='word_1_71' title='bbox 1485 1371 2005 1437; x_wconf 87' lang='lat' dir='ltr'><strong>inconsideratus</strong></span> <span class='ocrx_word' id='word_1_72' title='bbox 2059 1372 2240 1437; x_wconf 85' lang='lat' dir='ltr'><strong>zelus</strong></span> <span class='ocrx_word' id='word_1_73' title='bbox 2298 1373 2573 1439; x_wconf 87' lang='lat' dir='ltr'><strong>scientia</strong></span> 
     </span>
     <span class='ocr_line' id='line_1_12' title="bbox 605 1456 2572 1540; baseline -0.001 -17"><span class='ocrx_word' id='word_1_74' title='bbox 605 1469 673 1523; x_wconf 90' lang='lat' dir='ltr'><strong>et</strong></span> <span class='ocrx_word' id='word_1_75' title='bbox 715 1456 957 1523; x_wconf 84' lang='lat' dir='ltr'><strong>iudicio</strong></span> <span class='ocrx_word' id='word_1_76' title='bbox 1003 1477 1129 1540; x_wconf 93' lang='lat' dir='ltr'><strong>quo</strong></span> <span class='ocrx_word' id='word_1_77' title='bbox 1189 1456 1436 1539; x_wconf 91' lang='lat' dir='ltr'><strong>pollent</strong></span> <span class='ocrx_word' id='word_1_78' title='bbox 1481 1458 1687 1522; x_wconf 90' lang='lat' dir='ltr'><strong>maior</strong></span> <span class='ocrx_word' id='word_1_79' title='bbox 1743 1467 1865 1535; x_wconf 85' lang='lat' dir='ltr'><strong>est,</strong></span> <span class='ocrx_word' id='word_1_80' title='bbox 1926 1479 2219 1523; x_wconf 87' lang='lat' dir='ltr'><strong>asserere</strong></span> <span class='ocrx_word' id='word_1_81' title='bbox 2274 1480 2408 1522; x_wconf 92' lang='lat' dir='ltr'><strong>non</strong></span> <span class='ocrx_word' id='word_1_82' title='bbox 2453 1479 2572 1524; x_wconf 81' lang='lat' dir='ltr'><strong>ve-</strong></span> 
     </span>
     <span class='ocr_line' id='line_1_13' title="bbox 605 1541 2574 1627; baseline 0.001 -19"><span class='ocrx_word' id='word_1_83' title='bbox 605 1555 857 1618; x_wconf 89' lang='lat' dir='ltr'><strong>rentur,</strong></span> <span class='ocrx_word' id='word_1_84' title='bbox 901 1543 1078 1626; x_wconf 89' lang='lat' dir='ltr'><strong>ipsos</strong></span> <span class='ocrx_word' id='word_1_85' title='bbox 1101 1541 1527 1608; x_wconf 90' lang='lat' dir='ltr'><strong>Lutheranos</strong></span> <span class='ocrx_word' id='word_1_86' title='bbox 1563 1566 1693 1608; x_wconf 92' lang='lat' dir='ltr'><strong>non</strong></span> <span class='ocrx_word' id='word_1_87' title='bbox 1730 1544 2058 1627; x_wconf 87' lang='lat' dir='ltr'><strong>pertinere</strong></span> <span class='ocrx_word' id='word_1_88' title='bbox 2104 1543 2188 1608; x_wconf 89' lang='lat' dir='ltr'><strong>ad</strong></span> <span class='ocrx_word' id='word_1_89' title='bbox 2231 1544 2574 1610; x_wconf 87' lang='lat' dir='ltr'><strong>ecclesiam</strong></span> 
     </span>
     <span class='ocr_line' id='line_1_14' title="bbox 605 1628 2572 1712; baseline 0 -18"><span class='ocrx_word' id='word_1_90' title='bbox 605 1628 894 1694; x_wconf 87' lang='lat' dir='ltr'><strong>Christi:</strong></span> <span class='ocrx_word' id='word_1_91' title='bbox 973 1629 1131 1693; x_wconf 91' lang='lat' dir='ltr'><strong>item</strong></span> <span class='ocrx_word' id='word_1_92' title='bbox 1201 1628 1530 1693; x_wconf 91' lang='lat' dir='ltr'><strong>hominem</strong></span> <span class='ocrx_word' id='word_1_93' title='bbox 1611 1630 1792 1712; x_wconf 90' lang='lat' dir='ltr'><strong>pium</strong></span> <span class='ocrx_word' id='word_1_94' title='bbox 1872 1628 2138 1694; x_wconf 90' lang='lat' dir='ltr'><strong>illorum</strong></span> <span class='ocrx_word' id='word_1_95' title='bbox 2205 1632 2572 1696; x_wconf 88' lang='lat' dir='ltr'><strong>ministerio</strong></span> 
     </span>
     <span class='ocr_line' id='line_1_15' title="bbox 606 1713 2574 1797; baseline -0.001 -17"><span class='ocrx_word' id='word_1_96' title='bbox 606 1715 1060 1781; x_wconf 88' lang='lat' dir='ltr'><strong>contaminari.</strong></span> <span class='ocrx_word' id='word_1_97' title='bbox 1127 1713 1276 1778; x_wconf 93' lang='lat' dir='ltr'><strong>Non</strong></span> <span class='ocrx_word' id='word_1_98' title='bbox 1333 1713 1745 1780; x_wconf 82' lang='lat' dir='ltr'><strong>obstantibus</strong></span> <span class='ocrx_word' id='word_1_99' title='bbox 1799 1715 2378 1797; x_wconf 86' lang='lat' dir='ltr'><strong>protestationibus</strong></span> <span class='ocrx_word' id='word_1_100' title='bbox 2432 1737 2574 1780; x_wconf 91' lang='lat' dir='ltr'><strong>om-</strong></span> 
     </span>
     <span class='ocr_line' id='line_1_16' title="bbox 605 1798 2571 1886; baseline 0 -20"><span class='ocrx_word' id='word_1_101' title='bbox 605 1800 800 1866; x_wconf 90' lang='lat' dir='ltr'><strong>nibus</strong></span> <span class='ocrx_word' id='word_1_102' title='bbox 845 1798 926 1864; x_wconf 91' lang='lat' dir='ltr'><strong>ad</strong></span> <span class='ocrx_word' id='word_1_103' title='bbox 972 1800 1452 1883; x_wconf 85' lang='lat' dir='ltr'><strong>separationem</strong></span> <span class='ocrx_word' id='word_1_104' title='bbox 1498 1801 2014 1884; x_wconf 90' lang='lat' dir='ltr'><strong>progrediuntur</strong></span> <span class='ocrx_word' id='word_1_105' title='bbox 2057 1810 2200 1878; x_wconf 69' lang='lat' dir='ltr'><strong>etc„</strong></span> <span class='ocrx_word' id='word_1_106' title='bbox 2258 1801 2571 1886; x_wconf 91' lang='lat' dir='ltr'><strong>quemad·</strong></span> 
     </span>
     <span class='ocr_line' id='line_1_17' title="bbox 605 1885 2575 1970; baseline 0.001 -19"><span class='ocrx_word' id='word_1_107' title='bbox 605 1885 874 1951; x_wconf 90' lang='lat' dir='ltr'><strong>modum</strong></span> <span class='ocrx_word' id='word_1_108' title='bbox 920 1906 1006 1950; x_wconf 83' lang='lat' dir='ltr'><strong>ex</strong></span> <span class='ocrx_word' id='word_1_109' title='bbox 1049 1885 1301 1951; x_wconf 92' lang='lat' dir='ltr'><strong>duobus</strong></span> <span class='ocrx_word' id='word_1_110' title='bbox 1344 1887 1606 1969; x_wconf 89' lang='lat' dir='ltr'><strong>scriptis</strong></span> <span class='ocrx_word' id='word_1_111' title='bbox 1649 1907 1814 1970; x_wconf 88' lang='lat' dir='ltr'><strong>quae</strong></span> <span class='ocrx_word' id='word_1_112' title='bbox 1861 1887 1984 1954; x_wconf 91' lang='lat' dir='ltr'><strong>hac</strong></span> <span class='ocrx_word' id='word_1_113' title='bbox 2028 1885 2109 1953; x_wconf 91' lang='lat' dir='ltr'><strong>de</strong></span> <span class='ocrx_word' id='word_1_114' title='bbox 2151 1908 2226 1952; x_wconf 88' lang='lat' dir='ltr'><strong>re</strong></span> <span class='ocrx_word' id='word_1_115' title='bbox 2270 1903 2575 1970; x_wconf 88' lang='lat' dir='ltr'><strong>acceptu·</strong></span> 
     </span>
     <span class='ocr_line' id='line_1_18' title="bbox 604 1970 2573 2055; baseline 0.001 -19"><span class='ocrx_word' id='word_1_116' title='bbox 604 1993 720 2036; x_wconf 88' lang='lat' dir='ltr'><strong>rus</strong></span> <span class='ocrx_word' id='word_1_117' title='bbox 784 1993 855 2036; x_wconf 88' lang='lat' dir='ltr'><strong>cs</strong></span> <span class='ocrx_word' id='word_1_118' title='bbox 920 1970 1175 2036; x_wconf 89' lang='lat' dir='ltr'><strong>abunde</strong></span> <span class='ocrx_word' id='word_1_119' title='bbox 1243 1971 1589 2055; x_wconf 86' lang='lat' dir='ltr'><strong>intelliges.</strong></span> <span class='ocrx_word' id='word_1_120' title='bbox 1670 1974 1935 2039; x_wconf 90' lang='lat' dir='ltr'><strong>Liceret</strong></span> <span class='ocrx_word' id='word_1_121' title='bbox 1998 1983 2174 2040; x_wconf 88' lang='lat' dir='ltr'><strong>certe</strong></span> <span class='ocrx_word' id='word_1_122' title='bbox 2238 1974 2386 2039; x_wconf 87' lang='lat' dir='ltr'><strong>istis</strong></span> <span class='ocrx_word' id='word_1_123' title='bbox 2443 1974 2573 2038; x_wconf 91' lang='lat' dir='ltr'><strong>alio</strong></span> 
     </span>
     <span class='ocr_line' id='line_1_19' title="bbox 603 2057 2572 2142; baseline 0.001 -20"><span class='ocrx_word' id='word_1_124' title='bbox 603 2057 1037 2142; x_wconf 84' lang='lat' dir='ltr'><strong>commigrare</strong></span> <span class='ocrx_word' id='word_1_125' title='bbox 1102 2078 1178 2123; x_wconf 88' lang='lat' dir='ltr'><strong>ac</strong></span> <span class='ocrx_word' id='word_1_126' title='bbox 1245 2078 1404 2122; x_wconf 91' lang='lat' dir='ltr'><strong>suae</strong></span> <span class='ocrx_word' id='word_1_127' title='bbox 1468 2059 1905 2124; x_wconf 88' lang='lat' dir='ltr'><strong>conscientiae</strong></span> <span class='ocrx_word' id='word_1_128' title='bbox 1961 2060 2370 2125; x_wconf 84' lang='lat' dir='ltr'><strong>satisfacere:</strong></span> <span class='ocrx_word' id='word_1_129' title='bbox 2436 2059 2572 2124; x_wconf 91' lang='lat' dir='ltr'><strong>iam</strong></span> 
     </span>
     <span class='ocr_line' id='line_1_20' title="bbox 605 2142 2571 2228; baseline 0.001 -20"><span class='ocrx_word' id='word_1_130' title='bbox 605 2163 765 2210; x_wconf 82' lang='lat' dir='ltr'><strong>vero</strong></span> <span class='ocrx_word' id='word_1_131' title='bbox 800 2152 866 2208; x_wconf 90' lang='lat' dir='ltr'><strong>et</strong></span> <span class='ocrx_word' id='word_1_132' title='bbox 901 2142 1065 2208; x_wconf 88' lang='lat' dir='ltr'><strong>alios</strong></span> <span class='ocrx_word' id='word_1_133' title='bbox 1101 2142 1422 2207; x_wconf 89' lang='lat' dir='ltr'><strong>damnant</strong></span> <span class='ocrx_word' id='word_1_134' title='bbox 1456 2163 1532 2208; x_wconf 91' lang='lat' dir='ltr'><strong>ac</strong></span> <span class='ocrx_word' id='word_1_135' title='bbox 1568 2145 1855 2223; x_wconf 91' lang='lat' dir='ltr'><strong>turbant,</strong></span> <span class='ocrx_word' id='word_1_136' title='bbox 1901 2152 1970 2210; x_wconf 88' lang='lat' dir='ltr'><strong>et</strong></span> <span class='ocrx_word' id='word_1_137' title='bbox 2011 2145 2137 2228; x_wconf 88' lang='lat' dir='ltr'><strong>ipsi</strong></span> <span class='ocrx_word' id='word_1_138' title='bbox 2183 2145 2401 2211; x_wconf 92' lang='lat' dir='ltr'><strong>locum</strong></span> <span class='ocrx_word' id='word_1_139' title='bbox 2435 2164 2571 2209; x_wconf 91' lang='lat' dir='ltr'><strong>non</strong></span> 
     </span>
     <span class='ocr_line' id='line_1_21' title="bbox 606 2227 2574 2314; baseline 0.001 -21"><span class='ocrx_word' id='word_1_140' title='bbox 606 2236 889 2294; x_wconf 90' lang='lat' dir='ltr'><strong>mutant.</strong></span> <span class='ocrx_word' id='word_1_141' title='bbox 977 2227 1235 2309; x_wconf 77' lang='lat' dir='ltr'><strong>Quare,</strong></span> <span class='ocrx_word' id='word_1_142' title='bbox 1297 2238 1373 2293; x_wconf 91' lang='lat' dir='ltr'><strong>ut</strong></span> <span class='ocrx_word' id='word_1_143' title='bbox 1428 2229 1764 2313; x_wconf 85' lang='lat' dir='ltr'><strong>paulisper</strong></span> <span class='ocrx_word' id='word_1_144' title='bbox 1822 2241 2280 2314; x_wconf 81' lang='lat' dir='ltr'><strong>compescatur</strong></span> <span class='ocrx_word' id='word_1_145' title='bbox 2337 2230 2574 2297; x_wconf 90' lang='lat' dir='ltr'><strong>horum</strong></span> 
     </span>
     <span class='ocr_line' id='line_1_22' title="bbox 604 2314 2572 2401; baseline 0.002 -23"><span class='ocrx_word' id='word_1_146' title='bbox 604 2315 959 2390; x_wconf 87' lang='lat' dir='ltr'><strong>temeritas,</strong></span> <span class='ocrx_word' id='word_1_147' title='bbox 1020 2329 1087 2378; x_wconf 90' lang='lat' dir='ltr'><strong>te</strong></span> <span class='ocrx_word' id='word_1_148' title='bbox 1146 2335 1263 2398; x_wconf 90' lang='lat' dir='ltr'><strong>per</strong></span> <span class='ocrx_word' id='word_1_149' title='bbox 1308 2314 1655 2381; x_wconf 81' lang='lat' dir='ltr'><strong>Christum</strong></span> <span class='ocrx_word' id='word_1_150' title='bbox 1714 2318 1882 2382; x_wconf 88' lang='lat' dir='ltr'><strong>serio</strong></span> <span class='ocrx_word' id='word_1_151' title='bbox 1942 2315 2231 2382; x_wconf 89' lang='lat' dir='ltr'><strong>obtestor</strong></span> <span class='ocrx_word' id='word_1_152' title='bbox 2287 2316 2445 2401; x_wconf 91' lang='lat' dir='ltr'><strong>quid</strong></span> <span class='ocrx_word' id='word_1_153' title='bbox 2492 2316 2572 2382; x_wconf 91' lang='lat' dir='ltr'><strong>de</strong></span> 
     </span>
     <span class='ocr_line' id='line_1_23' title="bbox 606 2399 2573 2487; baseline 0.001 -22"><span class='ocrx_word' id='word_1_154' title='bbox 606 2401 964 2483; x_wconf 89' lang='lat' dir='ltr'><strong>propositis</strong></span> <span class='ocrx_word' id='word_1_155' title='bbox 988 2399 1480 2483; x_wconf 90' lang='lat' dir='ltr'><strong>quaestionibus</strong></span> <span class='ocrx_word' id='word_1_156' title='bbox 1525 2401 1945 2467; x_wconf 86' lang='lat' dir='ltr'><strong>sentiendum</strong></span> <span class='ocrx_word' id='word_1_157' title='bbox 1991 2403 2096 2481; x_wconf 87' lang='lat' dir='ltr'><strong>sit,</strong></span> <span class='ocrx_word' id='word_1_158' title='bbox 2140 2404 2327 2468; x_wconf 91' lang='lat' dir='ltr'><strong>nobis</strong></span> <span class='ocrx_word' id='word_1_159' title='bbox 2358 2403 2573 2487; x_wconf 90' lang='lat' dir='ltr'><strong>primo</strong></span> 
     </span>
     <span class='ocr_line' id='line_1_24' title="bbox 605 2486 2576 2573; baseline 0.001 -22"><span class='ocrx_word' id='word_1_160' title='bbox 605 2506 858 2571; x_wconf 90' lang='lat' dir='ltr'><strong>quoque</strong></span> <span class='ocrx_word' id='word_1_161' title='bbox 895 2494 1187 2569; x_wconf 91' lang='lat' dir='ltr'><strong>tempore</strong></span> <span class='ocrx_word' id='word_1_162' title='bbox 1222 2486 1595 2569; x_wconf 86' lang='lat' dir='ltr'><strong>significare</strong></span> <span class='ocrx_word' id='word_1_163' title='bbox 1630 2507 1715 2552; x_wconf 90' lang='lat' dir='ltr'><strong>ne</strong></span> <span class='ocrx_word' id='word_1_164' title='bbox 1750 2490 2068 2571; x_wconf 81' lang='lat' dir='ltr'><strong>graveris.</strong></span> <span class='ocrx_word' id='word_1_165' title='bbox 2139 2489 2576 2573; x_wconf 81' lang='lat' dir='ltr'><strong>Exaggerant</strong></span> 
     </span>
     <span class='ocr_line' id='line_1_25' title="bbox 605 2571 2572 2657; baseline 0.002 -21"><span class='ocrx_word' id='word_1_166' title='bbox 605 2571 716 2636; x_wconf 92' lang='lat' dir='ltr'><strong>alii</strong></span> <span class='ocrx_word' id='word_1_167' title='bbox 762 2573 1295 2638; x_wconf 90' lang='lat' dir='ltr'><strong>concionatorum</strong></span> <span class='ocrx_word' id='word_1_168' title='bbox 1337 2573 1522 2650; x_wconf 83' lang='lat' dir='ltr'><strong>vitia,</strong></span> <span class='ocrx_word' id='word_1_169' title='bbox 1582 2595 1717 2638; x_wconf 91' lang='lat' dir='ltr'><strong>non</strong></span> <span class='ocrx_word' id='word_1_170' title='bbox 1759 2576 1833 2638; x_wconf 91' lang='lat' dir='ltr'><strong>in</strong></span> <span class='ocrx_word' id='word_1_171' title='bbox 1877 2573 2083 2640; x_wconf 91' lang='lat' dir='ltr'><strong>alium</strong></span> <span class='ocrx_word' id='word_1_172' title='bbox 2129 2575 2330 2639; x_wconf 87' lang='lat' dir='ltr'><strong>finem</strong></span> <span class='ocrx_word' id='word_1_173' title='bbox 2374 2596 2572 2657; x_wconf 90' lang='lat' dir='ltr'><strong>quam</strong></span> 
     </span>
     <span class='ocr_line' id='line_1_26' title="bbox 603 2659 2572 2742; baseline 0.001 -20"><span class='ocrx_word' id='word_1_174' title='bbox 603 2667 679 2722; x_wconf 93' lang='lat' dir='ltr'><strong>ut</strong></span> <span class='ocrx_word' id='word_1_175' title='bbox 741 2659 1049 2724; x_wconf 81' lang='lat' dir='ltr'><strong>evincant</strong></span> <span class='ocrx_word' id='word_1_176' title='bbox 1120 2677 1231 2724; x_wconf 88' lang='lat' dir='ltr'><strong>eos</strong></span> <span class='ocrx_word' id='word_1_177' title='bbox 1298 2680 1569 2742; x_wconf 89' lang='lat' dir='ltr'><strong>peccare</strong></span> <span class='ocrx_word' id='word_1_178' title='bbox 1632 2660 1744 2742; x_wconf 89' lang='lat' dir='ltr'><strong>qui</strong></span> <span class='ocrx_word' id='word_1_179' title='bbox 1823 2660 2054 2725; x_wconf 88' lang='lat' dir='ltr'><strong>talium</strong></span> <span class='ocrx_word' id='word_1_180' title='bbox 2120 2661 2572 2726; x_wconf 89' lang='lat' dir='ltr'><strong>ministrorum</strong></span> 
     </span>
     <span class='ocr_line' id='line_1_27' title="bbox 602 2743 2572 2827; baseline 0.001 -18"><span class='ocrx_word' id='word_1_181' title='bbox 602 2764 640 2809; x_wconf 91' lang='lat' dir='ltr'><strong>o</strong></span> <span class='ocrx_word' id='word_1_182' title='bbox 727 2763 801 2808; x_wconf 92' lang='lat' dir='ltr'><strong>ra</strong></span> <span class='ocrx_word' id='word_1_183' title='bbox 857 2743 928 2807; x_wconf 93' lang='lat' dir='ltr'><strong>in</strong></span> <span class='ocrx_word' id='word_1_184' title='bbox 988 2743 1404 2827; x_wconf 85' lang='lat' dir='ltr'><strong>baptizandis</strong></span> <span class='ocrx_word' id='word_1_185' title='bbox 1459 2746 1825 2810; x_wconf 87' lang='lat' dir='ltr'><strong>infantibus</strong></span> <span class='ocrx_word' id='word_1_186' title='bbox 1890 2753 2187 2812; x_wconf 90' lang='lat' dir='ltr'><strong>utuntur.</strong></span> <span class='ocrx_word' id='word_1_187' title='bbox 2272 2748 2371 2811; x_wconf 86' lang='lat' dir='ltr'><strong>An</strong></span> <span class='ocrx_word' id='word_1_188' title='bbox 2436 2766 2572 2811; x_wconf 90' lang='lat' dir='ltr'><strong>non</strong></span> 
     </span>
     <span class='ocr_line' id='line_1_28' title="bbox 603 2829 2574 2917; baseline 0.002 -24"><span class='ocrx_word' id='word_1_189' title='bbox 603 2829 622 2893; x_wconf 92' lang='lat' dir='ltr'><strong>i</strong></span> <span class='ocrx_word' id='word_1_190' title='bbox 673 2850 778 2895; x_wconf 90' lang='lat' dir='ltr'><strong>em</strong></span> <span class='ocrx_word' id='word_1_191' title='bbox 807 2850 1078 2913; x_wconf 90' lang='lat' dir='ltr'><strong>prorsus</strong></span> <span class='ocrx_word' id='word_1_192' title='bbox 1102 2829 1406 2895; x_wconf 89' lang='lat' dir='ltr'><strong>Donatus</strong></span> <span class='ocrx_word' id='word_1_193' title='bbox 1443 2831 1769 2896; x_wconf 80' lang='lat' dir='ltr'><strong>asseruit?</strong></span> <span class='ocrx_word' id='word_1_194' title='bbox 1829 2831 2106 2898; x_wconf 87' lang='lat' dir='ltr'><strong>Fratres</strong></span> <span class='ocrx_word' id='word_1_195' title='bbox 2141 2832 2361 2917; x_wconf 84' lang='lat' dir='ltr'><strong>gallici</strong></span> <span class='ocrx_word' id='word_1_196' title='bbox 2404 2831 2574 2897; x_wconf 90' lang='lat' dir='ltr'><strong>idio-</strong></span> 
     </span>
     <span class='ocr_line' id='line_1_29' title="bbox 600 2915 2573 3003; baseline 0.002 -23"><span class='ocrx_word' id='word_1_197' title='bbox 600 2916 800 2980; x_wconf 88' lang='lat' dir='ltr'><strong>matis</strong></span> <span class='ocrx_word' id='word_1_198' title='bbox 844 2915 968 2981; x_wconf 90' lang='lat' dir='ltr'><strong>hac</strong></span> <span class='ocrx_word' id='word_1_199' title='bbox 1011 2915 1094 2981; x_wconf 89' lang='lat' dir='ltr'><strong>dc</strong></span> <span class='ocrx_word' id='word_1_200' title='bbox 1137 2936 1210 2980; x_wconf 93' lang='lat' dir='ltr'><strong>re</strong></span> <span class='ocrx_word' id='word_1_201' title='bbox 1253 2915 1424 2981; x_wconf 91' lang='lat' dir='ltr'><strong>nihil</strong></span> <span class='ocrx_word' id='word_1_202' title='bbox 1483 2917 1751 2983; x_wconf 91' lang='lat' dir='ltr'><strong>omnino</strong></span> <span class='ocrx_word' id='word_1_203' title='bbox 1808 2918 2187 3003; x_wconf 87' lang='lat' dir='ltr'><strong>ambigunt:</strong></span> <span class='ocrx_word' id='word_1_204' title='bbox 2249 2918 2373 2984; x_wconf 90' lang='lat' dir='ltr'><strong>soli</strong></span> <span class='ocrx_word' id='word_1_205' title='bbox 2417 2939 2573 2984; x_wconf 85' lang='lat' dir='ltr'><strong>nos-</strong></span> 
     </span>
     <span class='ocr_line' id='line_1_30' title="bbox 602 3000 2572 3089; baseline 0.002 -22"><span class='ocrx_word' id='word_1_206' title='bbox 602 3007 810 3068; x_wconf 88' lang='lat' dir='ltr'><strong>trates</strong></span> <span class='ocrx_word' id='word_1_207' title='bbox 827 3003 887 3081; x_wconf 80' lang='lat'><strong>⁴)</strong></span> <span class='ocrx_word' id='word_1_208' title='bbox 931 3000 1181 3087; x_wconf 89' lang='lat' dir='ltr'><strong>aliquot</strong></span> <span class='ocrx_word' id='word_1_209' title='bbox 1223 3003 1450 3069; x_wconf 84' lang='lat' dir='ltr'><strong>turbas</strong></span> <span class='ocrx_word' id='word_1_210' title='bbox 1487 3003 1610 3070; x_wconf 89' lang='lat' dir='ltr'><strong>has</strong></span> <span class='ocrx_word' id='word_1_211' title='bbox 1631 3016 1931 3070; x_wconf 84' lang='lat' dir='ltr'><strong>movent:</strong></span> <span class='ocrx_word' id='word_1_212' title='bbox 1976 3025 2179 3089; x_wconf 91' lang='lat' dir='ltr'><strong>quare</strong></span> <span class='ocrx_word' id='word_1_213' title='bbox 2214 3004 2572 3072; x_wconf 86' lang='lat' dir='ltr'><strong>necessitas</strong></span> 
     </span>
     <span class='ocr_line' id='line_1_31' title="bbox 601 3087 2574 3174; baseline 0.003 -22"><span class='ocrx_word' id='word_1_214' title='bbox 601 3087 912 3171; x_wconf 89' lang='lat' dir='ltr'><strong>postulat,</strong></span> <span class='ocrx_word' id='word_1_215' title='bbox 959 3109 1043 3154; x_wconf 90' lang='lat' dir='ltr'><strong>ne</strong></span> <span class='ocrx_word' id='word_1_216' title='bbox 1076 3087 1277 3155; x_wconf 89' lang='lat' dir='ltr'><strong>latius</strong></span> <span class='ocrx_word' id='word_1_217' title='bbox 1313 3088 1437 3156; x_wconf 91' lang='lat' dir='ltr'><strong>hoc</strong></span> <span class='ocrx_word' id='word_1_218' title='bbox 1472 3090 1721 3155; x_wconf 89' lang='lat' dir='ltr'><strong>malum</strong></span> <span class='ocrx_word' id='word_1_219' title='bbox 1758 3098 1999 3174; x_wconf 89' lang='lat' dir='ltr'><strong>serpat,</strong></span> <span class='ocrx_word' id='word_1_220' title='bbox 2036 3100 2114 3157; x_wconf 93' lang='lat' dir='ltr'><strong>ut</strong></span> <span class='ocrx_word' id='word_1_221' title='bbox 2155 3091 2574 3174; x_wconf 88' lang='lat' dir='ltr'><strong>quaestiones</strong></span> 
     </span>
     <span class='ocr_line' id='line_1_32' title="bbox 601 3174 2574 3261; baseline 0.002 -23"><span class='ocrx_word' id='word_1_222' title='bbox 601 3174 979 3257; x_wconf 89' lang='lat' dir='ltr'><strong>propositae</strong></span> <span class='ocrx_word' id='word_1_223' title='bbox 1020 3174 1434 3257; x_wconf 87' lang='lat' dir='ltr'><strong>explicentur</strong></span> <span class='ocrx_word' id='word_1_224' title='bbox 1477 3176 1878 3261; x_wconf 88' lang='lat' dir='ltr'><strong>diligentius.</strong></span> <span class='ocrx_word' id='word_1_225' title='bbox 1962 3177 2153 3258; x_wconf 79' lang='lat' dir='ltr'><strong>Quae</strong></span> <span class='ocrx_word' id='word_1_226' title='bbox 2198 3177 2368 3243; x_wconf 90' lang='lat' dir='ltr'><strong>duae</strong></span> <span class='ocrx_word' id='word_1_227' title='bbox 2425 3186 2574 3242; x_wconf 89' lang='lat' dir='ltr'><strong>tan-</strong></span> 
     </span>
     <span class='ocr_line' id='line_1_33' title="bbox 603 3260 2571 3346; baseline 0.003 -24"><span class='ocrx_word' id='word_1_228' title='bbox 603 3270 746 3323; x_wconf 92' lang='lat' dir='ltr'><strong>tum</strong></span> <span class='ocrx_word' id='word_1_229' title='bbox 791 3268 968 3336; x_wconf 87' lang='lat' dir='ltr'><strong>sunt,</strong></span> <span class='ocrx_word' id='word_1_230' title='bbox 1026 3260 1363 3340; x_wconf 90' lang='lat' dir='ltr'><strong>nimirum,</strong></span> <span class='ocrx_word' id='word_1_231' title='bbox 1421 3283 1581 3326; x_wconf 91' lang='lat' dir='ltr'><strong>num</strong></span> <span class='ocrx_word' id='word_1_232' title='bbox 1627 3273 1851 3328; x_wconf 89' lang='lat' dir='ltr'><strong>coetus</strong></span> <span class='ocrx_word' id='word_1_233' title='bbox 1896 3263 2023 3342; x_wconf 92' lang='lat' dir='ltr'><strong>hic,</strong></span> <span class='ocrx_word' id='word_1_234' title='bbox 2082 3263 2151 3327; x_wconf 92' lang='lat' dir='ltr'><strong>in</strong></span> <span class='ocrx_word' id='word_1_235' title='bbox 2196 3283 2325 3346; x_wconf 92' lang='lat' dir='ltr'><strong>quo</strong></span> <span class='ocrx_word' id='word_1_236' title='bbox 2369 3284 2571 3330; x_wconf 88' lang='lat' dir='ltr'><strong>evan·</strong></span> 
     </span>
     <span class='ocr_line' id='line_1_34' title="bbox 602 3343 2572 3432; baseline 0.002 -22"><span class='ocrx_word' id='word_1_237' title='bbox 602 3343 851 3429; x_wconf 90' lang='lat' dir='ltr'><strong>gelium</strong></span> <span class='ocrx_word' id='word_1_238' title='bbox 895 3353 1087 3411; x_wconf 90' lang='lat' dir='ltr'><strong>sonat</strong></span> <span class='ocrx_word' id='word_1_239' title='bbox 1130 3353 1199 3410; x_wconf 91' lang='lat' dir='ltr'><strong>et</strong></span> <span class='ocrx_word' id='word_1_240' title='bbox 1241 3357 1803 3412; x_wconf 86' lang='lat' dir='ltr'><strong>sacramentorum</strong></span> <span class='ocrx_word' id='word_1_241' title='bbox 1839 3370 2044 3432; x_wconf 92' lang='lat' dir='ltr'><strong>purus</strong></span> <span class='ocrx_word' id='word_1_242' title='bbox 2080 3370 2238 3414; x_wconf 91' lang='lat' dir='ltr'><strong>usus</strong></span> <span class='ocrx_word' id='word_1_243' title='bbox 2274 3358 2393 3425; x_wconf 91' lang='lat' dir='ltr'><strong>est,</strong></span> <span class='ocrx_word' id='word_1_244' title='bbox 2437 3370 2572 3413; x_wconf 93' lang='lat' dir='ltr'><strong>non</strong></span> 
     </span>
     <span class='ocr_line' id='line_1_35' title="bbox 601 3430 2575 3501; baseline 0.003 -6"><span class='ocrx_word' id='word_1_245' title='bbox 601 3430 1017 3497; x_wconf 88' lang='lat' dir='ltr'><strong>obstantibus</strong></span> <span class='ocrx_word' id='word_1_246' title='bbox 1106 3433 1656 3499; x_wconf 88' lang='lat' dir='ltr'><strong>sacramentariae</strong></span> <span class='ocrx_word' id='word_1_247' title='bbox 1745 3434 2077 3501; x_wconf 89' lang='lat' dir='ltr'><strong>doctrinae</strong></span> <span class='ocrx_word' id='word_1_248' title='bbox 2166 3444 2235 3500; x_wconf 91' lang='lat' dir='ltr'><strong>et</strong></span> <span class='ocrx_word' id='word_1_249' title='bbox 2312 3456 2575 3500; x_wconf 90' lang='lat' dir='ltr'><strong>morum</strong></span> 
     </span>
     <span class='ocr_line' id='line_1_36' title="bbox 599 3516 2574 3600; baseline 0.002 -19"><span class='ocrx_word' id='word_1_250' title='bbox 599 3517 848 3594; x_wconf 85' lang='lat' dir='ltr'><strong>naevis,</strong></span> <span class='ocrx_word' id='word_1_251' title='bbox 909 3516 1000 3583; x_wconf 91' lang='lat' dir='ltr'><strong>sit</strong></span> <span class='ocrx_word' id='word_1_252' title='bbox 1056 3538 1210 3600; x_wconf 91' lang='lat' dir='ltr'><strong>pars</strong></span> <span class='ocrx_word' id='word_1_253' title='bbox 1265 3518 1581 3584; x_wconf 91' lang='lat' dir='ltr'><strong>ecclesiae</strong></span> <span class='ocrx_word' id='word_1_254' title='bbox 1639 3519 1892 3586; x_wconf 81' lang='lat' dir='ltr'><strong>Christi</strong></span> <span class='ocrx_word' id='word_1_255' title='bbox 1951 3541 2074 3586; x_wconf 91' lang='lat' dir='ltr'><strong>nec</strong></span> <span class='ocrx_word' id='word_1_256' title='bbox 2128 3542 2232 3586; x_wconf 88' lang='lat' dir='ltr'><strong>ne.</strong></span> <span class='ocrx_word' id='word_1_257' title='bbox 2313 3520 2574 3586; x_wconf 90' lang='lat' dir='ltr'><strong>Deinde</strong></span> 
     </span>
     <span class='ocr_line' id='line_1_37' title="bbox 605 3601 2576 3690; baseline 0.003 -25"><span class='ocrx_word' id='word_1_258' title='bbox 605 3623 767 3666; x_wconf 91' lang='lat' dir='ltr'><strong>num</strong></span> <span class='ocrx_word' id='word_1_259' title='bbox 815 3602 957 3666; x_wconf 85' lang='lat' dir='ltr'><strong>viro</strong></span> <span class='ocrx_word' id='word_1_260' title='bbox 998 3603 1109 3686; x_wconf 93' lang='lat' dir='ltr'><strong>pio</strong></span> <span class='ocrx_word' id='word_1_261' title='bbox 1154 3601 1261 3669; x_wconf 92' lang='lat' dir='ltr'><strong>hic</strong></span> <span class='ocrx_word' id='word_1_262' title='bbox 1306 3602 1572 3690; x_wconf 87' lang='lat' dir='ltr'><strong>degenti</strong></span> <span class='ocrx_word' id='word_1_263' title='bbox 1627 3614 1696 3669; x_wconf 91' lang='lat' dir='ltr'><strong>et</strong></span> <span class='ocrx_word' id='word_1_264' title='bbox 1737 3605 1917 3670; x_wconf 89' lang='lat' dir='ltr'><strong>aliud</strong></span> <span class='ocrx_word' id='word_1_265' title='bbox 1956 3606 2393 3671; x_wconf 89' lang='lat' dir='ltr'><strong>ministerium</strong></span> <span class='ocrx_word' id='word_1_266' title='bbox 2441 3626 2576 3670; x_wconf 91' lang='lat' dir='ltr'><strong>non</strong></span> 
     </span>
     <span class='ocr_line' id='line_1_38' title="bbox 607 3686 2574 3775; baseline 0.003 -24"><span class='ocrx_word' id='word_1_267' title='bbox 607 3686 892 3765; x_wconf 90' lang='lat' dir='ltr'><strong>habenti,</strong></span> <span class='ocrx_word' id='word_1_268' title='bbox 940 3708 1016 3753; x_wconf 89' lang='lat' dir='ltr'><strong>ac</strong></span> <span class='ocrx_word' id='word_1_269' title='bbox 1059 3688 1260 3754; x_wconf 90' lang='lat' dir='ltr'><strong>fidem</strong></span> <span class='ocrx_word' id='word_1_270' title='bbox 1314 3711 1502 3756; x_wconf 89' lang='lat' dir='ltr'><strong>suam</strong></span> <span class='ocrx_word' id='word_1_271' title='bbox 1546 3700 1772 3775; x_wconf 89' lang='lat' dir='ltr'><strong>aperte</strong></span> <span class='ocrx_word' id='word_1_272' title='bbox 1814 3712 2017 3774; x_wconf 90' lang='lat' dir='ltr'><strong>quum</strong></span> <span class='ocrx_word' id='word_1_273' title='bbox 2063 3691 2408 3757; x_wconf 90' lang='lat' dir='ltr'><strong>christiani</strong></span> <span class='ocrx_word' id='word_1_274' title='bbox 2451 3691 2574 3756; x_wconf 92' lang='lat' dir='ltr'><strong>ho-</strong></span> 
     </span>
     <span class='ocr_line' id='line_1_39' title="bbox 607 3772 2576 3861; baseline 0.003 -25"><span class='ocrx_word' id='word_1_275' title='bbox 607 3772 808 3838; x_wconf 89' lang='lat' dir='ltr'><strong>minis</strong></span> <span class='ocrx_word' id='word_1_276' title='bbox 850 3774 1137 3839; x_wconf 85' lang='lat' dir='ltr'><strong>officium</strong></span> <span class='ocrx_word' id='word_1_277' title='bbox 1173 3775 1464 3858; x_wconf 85' lang='lat' dir='ltr'><strong>postulat</strong></span> <span class='ocrx_word' id='word_1_278' title='bbox 1504 3777 1842 3860; x_wconf 89' lang='lat' dir='ltr'><strong>profitenti</strong></span> <span class='ocrx_word' id='word_1_279' title='bbox 1877 3777 2409 3861; x_wconf 84' lang='lat' dir='ltr'><strong>corruptelaeque</strong></span> <span class='ocrx_word' id='word_1_280' title='bbox 2450 3778 2576 3842; x_wconf 90' lang='lat' dir='ltr'><strong>im-</strong></span> 
     </span>
     <span class='ocr_line' id='line_1_40' title="bbox 606 3859 2574 3945; baseline 0.003 -23"><span class='ocrx_word' id='word_1_281' title='bbox 606 3860 934 3942; x_wconf 87' lang='lat' dir='ltr'><strong>probanti,</strong></span> <span class='ocrx_word' id='word_1_282' title='bbox 991 3860 1184 3927; x_wconf 89' lang='lat' dir='ltr'><strong>liceat</strong></span> <span class='ocrx_word' id='word_1_283' title='bbox 1237 3859 1499 3926; x_wconf 91' lang='lat' dir='ltr'><strong>illorum</strong></span> <span class='ocrx_word' id='word_1_284' title='bbox 1545 3863 1994 3928; x_wconf 90' lang='lat' dir='ltr'><strong>ministrorum</strong></span> <span class='ocrx_word' id='word_1_285' title='bbox 2038 3883 2242 3945; x_wconf 87' lang='lat' dir='ltr'><strong>opera</strong></span> <span class='ocrx_word' id='word_1_286' title='bbox 2296 3863 2366 3927; x_wconf 93' lang='lat' dir='ltr'><strong>in</strong></span> <span class='ocrx_word' id='word_1_287' title='bbox 2413 3863 2574 3945; x_wconf 90' lang='lat' dir='ltr'><strong>bap-</strong></span> 
     </span>
     <span class='ocr_line' id='line_1_41' title="bbox 609 3945 2576 4030; baseline 0.002 -21"><span class='ocrx_word' id='word_1_288' title='bbox 609 3946 806 4010; x_wconf 90' lang='lat' dir='ltr'><strong>tismo</strong></span> <span class='ocrx_word' id='word_1_289' title='bbox 863 3945 983 4022; x_wconf 90' lang='lat' dir='ltr'><strong>uti,</strong></span> <span class='ocrx_word' id='word_1_290' title='bbox 1041 3947 1154 4029; x_wconf 93' lang='lat' dir='ltr'><strong>qui</strong></span> <span class='ocrx_word' id='word_1_291' title='bbox 1207 3948 1527 4030; x_wconf 89' lang='lat' dir='ltr'><strong>templum</strong></span> <span class='ocrx_word' id='word_1_292' title='bbox 1587 3949 1775 4015; x_wconf 90' lang='lat' dir='ltr'><strong>nobis</strong></span> <span class='ocrx_word' id='word_1_293' title='bbox 1828 3949 2042 4015; x_wconf 90' lang='lat' dir='ltr'><strong>claudi</strong></span> <span class='ocrx_word' id='word_1_294' title='bbox 2099 3962 2166 4014; x_wconf 89' lang='lat' dir='ltr'><strong>et</strong></span> <span class='ocrx_word' id='word_1_295' title='bbox 2207 3948 2576 4014; x_wconf 89' lang='lat' dir='ltr'><strong>ministerio</strong></span> 
     </span>
     <span class='ocr_line' id='line_1_42' title="bbox 607 4030 2575 4118; baseline 0.003 -23"><span class='ocrx_word' id='word_1_296' title='bbox 607 4030 908 4096; x_wconf 91' lang='lat' dir='ltr'><strong>interdici</strong></span> <span class='ocrx_word' id='word_1_297' title='bbox 972 4046 1305 4097; x_wconf 89' lang='lat' dir='ltr'><strong>curarunt.</strong></span> <span class='ocrx_word' id='word_1_298' title='bbox 1398 4034 1582 4099; x_wconf 79' lang='lat' dir='ltr'><strong>Satis</strong></span> <span class='ocrx_word' id='word_1_299' title='bbox 1639 4033 1798 4117; x_wconf 89' lang='lat' dir='ltr'><strong>quid</strong></span> <span class='ocrx_word' id='word_1_300' title='bbox 1854 4035 1964 4100; x_wconf 90' lang='lat' dir='ltr'><strong>hic</strong></span> <span class='ocrx_word' id='word_1_301' title='bbox 2009 4035 2262 4100; x_wconf 89' lang='lat' dir='ltr'><strong>homini</strong></span> <span class='ocrx_word' id='word_1_302' title='bbox 2305 4036 2413 4118; x_wconf 90' lang='lat' dir='ltr'><strong>pio</strong></span> <span class='ocrx_word' id='word_1_303' title='bbox 2471 4056 2575 4100; x_wconf 89' lang='lat' dir='ltr'><strong>se-</strong></span> 
     </span>
     <span class='ocr_line' id='line_1_43' title="bbox 607 4116 2574 4200; baseline 0.001 -19"><span class='ocrx_word' id='word_1_304' title='bbox 607 4116 941 4200; x_wconf 90' lang='lat' dir='ltr'><strong>quendum</strong></span> <span class='ocrx_word' id='word_1_305' title='bbox 996 4119 1085 4182; x_wconf 92' lang='lat' dir='ltr'><strong>sit</strong></span> <span class='ocrx_word' id='word_1_306' title='bbox 1138 4117 1376 4183; x_wconf 90' lang='lat' dir='ltr'><strong>docent</strong></span> <span class='ocrx_word' id='word_1_307' title='bbox 1425 4117 1840 4186; x_wconf 89' lang='lat' dir='ltr'><strong>doctissimae</strong></span> <span class='ocrx_word' id='word_1_308' title='bbox 1882 4121 2342 4186; x_wconf 86' lang='lat' dir='ltr'><strong>Institutiones</strong></span> <span class='ocrx_word' id='word_1_309' title='bbox 2387 4130 2574 4186; x_wconf 88' lang='lat' dir='ltr'><strong>tuae:</strong></span> 
     </span>
     <span class='ocr_line' id='line_1_44' title="bbox 607 4200 2574 4287; baseline 0.002 -20"><span class='ocrx_word' id='word_1_310' title='bbox 607 4200 722 4267; x_wconf 89' lang='lat' dir='ltr'><strong>sed</strong></span> <span class='ocrx_word' id='word_1_311' title='bbox 760 4200 955 4268; x_wconf 90' lang='lat' dir='ltr'><strong>debet</strong></span> <span class='ocrx_word' id='word_1_312' title='bbox 975 4202 1100 4269; x_wconf 92' lang='lat' dir='ltr'><strong>hoc</strong></span> <span class='ocrx_word' id='word_1_313' title='bbox 1123 4205 1332 4287; x_wconf 88' lang='lat' dir='ltr'><strong>repeti</strong></span> <span class='ocrx_word' id='word_1_314' title='bbox 1366 4215 1434 4269; x_wconf 94' lang='lat' dir='ltr'><strong>et</strong></span> <span class='ocrx_word' id='word_1_315' title='bbox 1469 4218 1695 4271; x_wconf 89' lang='lat' dir='ltr'><strong>nostro</strong></span> <span class='ocrx_word' id='word_1_316' title='bbox 1731 4206 2038 4271; x_wconf 89' lang='lat' dir='ltr'><strong>instituto</strong></span> <span class='ocrx_word' id='word_1_317' title='bbox 2074 4204 2574 4273; x_wconf 87' lang='lat' dir='ltr'><strong>accommodari.</strong></span> 
     </span>
     <span class='ocr_line' id='line_1_45' title="bbox 607 4288 2574 4372; baseline 0.001 -18"><span class='ocrx_word' id='word_1_318' title='bbox 607 4288 820 4372; x_wconf 77' lang='lat' dir='ltr'><strong>Spero</strong></span> <span class='ocrx_word' id='word_1_319' title='bbox 863 4289 1041 4353; x_wconf 88' lang='lat' dir='ltr'><strong>enim</strong></span> <span class='ocrx_word' id='word_1_320' title='bbox 1086 4292 1443 4355; x_wconf 89' lang='lat' dir='ltr'><strong>autoritate</strong></span> <span class='ocrx_word' id='word_1_321' title='bbox 1479 4299 1698 4357; x_wconf 88' lang='lat' dir='ltr'><strong>vestra</strong></span> <span class='ocrx_word' id='word_1_322' title='bbox 1730 4291 1801 4355; x_wconf 92' lang='lat' dir='ltr'><strong>in</strong></span> <span class='ocrx_word' id='word_1_323' title='bbox 1841 4291 2016 4356; x_wconf 83' lang='lat' dir='ltr'><strong>viam</strong></span> <span class='ocrx_word' id='word_1_324' title='bbox 2052 4291 2383 4357; x_wconf 89' lang='lat' dir='ltr'><strong>redituros</strong></span> <span class='ocrx_word' id='word_1_325' title='bbox 2425 4291 2574 4356; x_wconf 91' lang='lat' dir='ltr'><strong>illos</strong></span> 
     </span>
     <span class='ocr_line' id='line_1_46' title="bbox 605 4372 2574 4460; baseline 0.002 -21"><span class='ocrx_word' id='word_1_326' title='bbox 605 4375 718 4456; x_wconf 89' lang='lat' dir='ltr'><strong>qui</strong></span> <span class='ocrx_word' id='word_1_327' title='bbox 757 4375 824 4438; x_wconf 90' lang='lat' dir='ltr'><strong>in</strong></span> <span class='ocrx_word' id='word_1_328' title='bbox 850 4372 1240 4440; x_wconf 86' lang='lat' dir='ltr'><strong>damnandis</strong></span> <span class='ocrx_word' id='word_1_329' title='bbox 1262 4375 1568 4455; x_wconf 89' lang='lat' dir='ltr'><strong>ecclesiis,</strong></span> <span class='ocrx_word' id='word_1_330' title='bbox 1606 4383 1722 4443; x_wconf 90' lang='lat' dir='ltr'><strong>aut</strong></span> <span class='ocrx_word' id='word_1_331' title='bbox 1757 4386 2025 4460; x_wconf 89' lang='lat' dir='ltr'><strong>propter</strong></span> <span class='ocrx_word' id='word_1_332' title='bbox 2047 4398 2292 4444; x_wconf 82' lang='lat' dir='ltr'><strong>naevos</strong></span> <span class='ocrx_word' id='word_1_333' title='bbox 2317 4377 2405 4443; x_wconf 89' lang='lat' dir='ltr'><strong>ali</strong></span> <span class='ocrx_word' id='word_1_334' title='bbox 2451 4397 2574 4443; x_wconf 92' lang='lat' dir='ltr'><strong>uos</strong></span> 
     </span>
     <span class='ocr_line' id='line_1_47' title="bbox 606 4461 2577 4543; baseline 0.002 -19"><span class='ocrx_word' id='word_1_335' title='bbox 606 4468 726 4525; x_wconf 91' lang='lat' dir='ltr'><strong>aut</strong></span> <span class='ocrx_word' id='word_1_336' title='bbox 745 4461 1117 4543; x_wconf 87' lang='lat' dir='ltr'><strong>personalia</strong></span> <span class='ocrx_word' id='word_1_337' title='bbox 1131 4461 1312 4540; x_wconf 83' lang='lat' dir='ltr'><strong>vitia,</strong></span> <span class='ocrx_word' id='word_1_338' title='bbox 1339 4462 1535 4529; x_wconf 89' lang='lat' dir='ltr'><strong>nimis</strong></span> <span class='ocrx_word' id='word_1_339' title='bbox 1556 4472 1715 4528; x_wconf 91' lang='lat' dir='ltr'><strong>sunt</strong></span> <span class='ocrx_word' id='word_1_340' title='bbox 1736 4464 1958 4529; x_wconf 85' lang='lat' dir='ltr'><strong>faciles</strong></span> <span class='ocrx_word' id='word_1_341' title='bbox 1979 4472 2051 4529; x_wconf 90' lang='lat' dir='ltr'><strong>et</strong></span> <span class='ocrx_word' id='word_1_342' title='bbox 2071 4462 2394 4529; x_wconf 90' lang='lat' dir='ltr'><strong>audaculi.</strong></span> <span class='ocrx_word' id='word_1_343' title='bbox 2513 4464 2577 4528; x_wconf 93' lang='lat' dir='ltr'><strong>io</strong></span> 
     </span>
     <span class='ocr_line' id='line_1_48' title="bbox 606 4546 2568 4647; baseline 0.002 -37"><span class='ocrx_word' id='word_1_344' title='bbox 606 4554 674 4610; x_wconf 89' lang='lat' dir='ltr'><strong>te</strong></span> <span class='ocrx_word' id='word_1_345' title='bbox 732 4546 1143 4629; x_wconf 84' lang='lat' dir='ltr'><strong>gravissimis</strong></span> <span class='ocrx_word' id='word_1_346' title='bbox 1198 4548 1483 4647; x_wconf 84' lang='lat' dir='ltr'><strong>negotiis</strong></span> <span class='ocrx_word' id='word_1_347' title='bbox 1541 4550 1674 4613; x_wconf 89' lang='lat' dir='ltr'><strong>iam</strong></span> <span class='ocrx_word' id='word_1_348' title='bbox 1730 4570 1932 4631; x_wconf 88' lang='lat' dir='ltr'><strong>supra</strong></span> <span class='ocrx_word' id='word_1_349' title='bbox 1976 4550 2155 4615; x_wconf 77' lang='lat' dir='ltr'><strong>vires</strong></span> <span class='ocrx_word' id='word_1_350' title='bbox 2209 4549 2568 4633; x_wconf 89' lang='lat' dir='ltr'><strong>implicari:</strong></span> 
     </span>
     <span class='ocr_line' id='line_1_49' title="bbox 606 4633 2573 4718; baseline 0.002 -23"><span class='ocrx_word' id='word_1_351' title='bbox 606 4642 831 4696; x_wconf 89' lang='lat' dir='ltr'><strong>tamen</strong></span> <span class='ocrx_word' id='word_1_352' title='bbox 867 4652 950 4698; x_wconf 93' lang='lat' dir='ltr'><strong>ne</strong></span> <span class='ocrx_word' id='word_1_353' title='bbox 987 4633 1196 4698; x_wconf 88' lang='lat' dir='ltr'><strong>nostri</strong></span> <span class='ocrx_word' id='word_1_354' title='bbox 1232 4644 1430 4699; x_wconf 82' lang='lat' dir='ltr'><strong>etiam</strong></span> <span class='ocrx_word' id='word_1_355' title='bbox 1467 4633 1878 4701; x_wconf 80' lang='lat' dir='ltr'><strong>obliviscaris</strong></span> <span class='ocrx_word' id='word_1_356' title='bbox 1922 4635 2162 4699; x_wconf 91' lang='lat' dir='ltr'><strong>iterum</strong></span> <span class='ocrx_word' id='word_1_357' title='bbox 2209 4642 2405 4718; x_wconf 92' lang='lat' dir='ltr'><strong>atque</strong></span> <span class='ocrx_word' id='word_1_358' title='bbox 2450 4635 2573 4700; x_wconf 88' lang='lat' dir='ltr'><strong>ite-</strong></span> 
     </span>
     <span class='ocr_line' id='line_1_50' title="bbox 607 4718 2571 4806; baseline 0.003 -26"><span class='ocrx_word' id='word_1_359' title='bbox 607 4737 754 4781; x_wconf 88' lang='lat' dir='ltr'><strong>rum</strong></span> <span class='ocrx_word' id='word_1_360' title='bbox 799 4718 1112 4783; x_wconf 87' lang='lat' dir='ltr'><strong>obtestor.</strong></span> <span class='ocrx_word' id='word_1_361' title='bbox 1185 4719 1428 4785; x_wconf 84' lang='lat' dir='ltr'><strong>Valeas</strong></span> <span class='ocrx_word' id='word_1_362' title='bbox 1471 4720 1863 4801; x_wconf 87' lang='lat' dir='ltr'><strong>felicissime,</strong></span> <span class='ocrx_word' id='word_1_363' title='bbox 1909 4721 2000 4785; x_wconf 91' lang='lat' dir='ltr'><strong>mi</strong></span> <span class='ocrx_word' id='word_1_364' title='bbox 2036 4732 2225 4806; x_wconf 91' lang='lat' dir='ltr'><strong>pater</strong></span> <span class='ocrx_word' id='word_1_365' title='bbox 2268 4733 2335 4787; x_wconf 91' lang='lat' dir='ltr'><strong>et</strong></span> <span class='ocrx_word' id='word_1_366' title='bbox 2376 4741 2571 4804; x_wconf 85' lang='lat' dir='ltr'><strong>prae·</strong></span> 
     </span>
     <span class='ocr_line' id='line_1_51' title="bbox 603 4802 2571 4885; baseline 0.002 -16"><span class='ocrx_word' id='word_1_367' title='bbox 603 4812 831 4885; x_wconf 89' lang='lat' dir='ltr'><strong>ceptor</strong></span> <span class='ocrx_word' id='word_1_368' title='bbox 867 4802 1477 4883; x_wconf 87' lang='lat' dir='ltr'><strong>observandissime,</strong></span> <span class='ocrx_word' id='word_1_369' title='bbox 1526 4827 1601 4873; x_wconf 91' lang='lat' dir='ltr'><strong>ac</strong></span> <span class='ocrx_word' id='word_1_370' title='bbox 1639 4805 2041 4873; x_wconf 75' lang='lat' dir='ltr'><strong>Dathaenum</strong></span> <span class='ocrx_word' id='word_1_371' title='bbox 2079 4816 2266 4872; x_wconf 92' lang='lat' dir='ltr'><strong>tuum</strong></span> <span class='ocrx_word' id='word_1_372' title='bbox 2304 4814 2382 4872; x_wconf 93' lang='lat' dir='ltr'><strong>ut</strong></span> <span class='ocrx_word' id='word_1_373' title='bbox 2423 4826 2571 4872; x_wconf 90' lang='lat' dir='ltr'><strong>coe-</strong></span> 
     </span>
     <span class='ocr_line' id='line_1_52' title="bbox 606 4888 2572 4978; baseline 0.003 -26"><span class='ocrx_word' id='word_1_374' title='bbox 606 4888 764 4971; x_wconf 90' lang='lat' dir='ltr'><strong>pisti</strong></span> <span class='ocrx_word' id='word_1_375' title='bbox 823 4910 1045 4955; x_wconf 90' lang='lat' dir='ltr'><strong>amare</strong></span> <span class='ocrx_word' id='word_1_376' title='bbox 1104 4912 1358 4976; x_wconf 87' lang='lat' dir='ltr'><strong>pergas.</strong></span> <span class='ocrx_word' id='word_1_377' title='bbox 1442 4892 1715 4976; x_wconf 88' lang='lat' dir='ltr'><strong>Raptim</strong></span> <span class='ocrx_word' id='word_1_378' title='bbox 1774 4892 2193 4958; x_wconf 81' lang='lat' dir='ltr'><strong>Francofurti</strong></span> <span class='ocrx_word' id='word_1_379' title='bbox 2260 4895 2356 4957; x_wconf 87' lang='lat'><strong>18.</strong></span> <span class='ocrx_word' id='word_1_380' title='bbox 2402 4891 2572 4978; x_wconf 81' lang='lat' dir='ltr'><strong>Sep·</strong></span> 
     </span>
     <span class='ocr_line' id='line_1_53' title="bbox 605 4973 2266 5060; baseline 0.003 -22"><span class='ocrx_word' id='word_1_381' title='bbox 605 4973 881 5041; x_wconf 89' lang='lat' dir='ltr'><strong>tembris</strong></span> <span class='ocrx_word' id='word_1_382' title='bbox 931 4979 1092 5041; x_wconf 86' lang='lat'>1562</span> <span class='ocrx_word' id='word_1_383' title='bbox 1138 4998 1339 5060; x_wconf 90' lang='lat' dir='ltr'><strong>quum</strong></span> <span class='ocrx_word' id='word_1_384' title='bbox 1383 4978 1466 5042; x_wconf 86' lang='lat' dir='ltr'><strong>ad</strong></span> <span class='ocrx_word' id='word_1_385' title='bbox 1511 4985 1874 5044; x_wconf 90' lang='lat' dir='ltr'><strong>mercatum</strong></span> <span class='ocrx_word' id='word_1_386' title='bbox 1919 4979 2266 5043; x_wconf 86' lang='lat' dir='ltr'><strong>venissem.</strong></span> 
     </span>
    </p>
   </div>
   <div class='ocr_carea' id='block_1_3' title="bbox 1328 5114 2400 5267">
    <p class='ocr_par' dir='ltr' id='par_1_3' title="bbox 1328 5114 2400 5267">
     <span class='ocr_line' id='line_1_54' title="bbox 1328 5114 2400 5198; baseline 0.002 -19"><span class='ocrx_word' id='word_1_387' title='bbox 1328 5115 1514 5179; x_wconf 78' lang='lat' dir='ltr'><strong>&#39;runs</strong></span> <span class='ocrx_word' id='word_1_388' title='bbox 1557 5134 1691 5179; x_wconf 91' lang='lat' dir='ltr'><strong>non</strong></span> <span class='ocrx_word' id='word_1_389' title='bbox 1733 5114 1956 5180; x_wconf 90' lang='lat' dir='ltr'><strong>minus</strong></span> <span class='ocrx_word' id='word_1_390' title='bbox 1996 5134 2196 5198; x_wconf 90' lang='lat' dir='ltr'><strong>quam</strong></span> <span class='ocrx_word' id='word_1_391' title='bbox 2238 5135 2400 5181; x_wconf 90' lang='lat' dir='ltr'><strong>suus</strong></span> 
     </span>
     <span class='ocr_line' id='line_1_55' title="bbox 1538 5199 2226 5267; baseline 0.001 -1"><span class='ocrx_word' id='word_1_392' title='bbox 1538 5199 1780 5266; x_wconf 86' lang='lat' dir='ltr'><strong>Petrus</strong></span> <span class='ocrx_word' id='word_1_393' title='bbox 1812 5200 2226 5267; x_wconf 80' lang='lat' dir='ltr'><strong>Dathaenus.</strong></span> 
     </span>
    </p>
   </div>
   <div class='ocr_carea' id='block_1_4' title="bbox 811 5334 1734 5407">
    <p class='ocr_par' dir='ltr' id='par_1_4' title="bbox 811 5334 1734 5407">
     <span class='ocr_line' id='line_1_56' title="bbox 811 5334 1734 5407; baseline -0.013 -4"><span class='ocrx_word' id='word_1_394' title='bbox 811 5336 875 5402; x_wconf 71' lang='lat'><strong>4)</strong></span> <span class='ocrx_word' id='word_1_395' title='bbox 917 5334 1206 5407; x_wconf 65' lang='lat' dir='ltr'><strong>Wallmm.</strong></span> <span class='ocrx_word' id='word_1_396' title='bbox 1237 5337 1308 5403; x_wconf 67' lang='lat' dir='ltr'><strong>cs·</strong></span> <span class='ocrx_word' id='word_1_397' title='bbox 1345 5336 1734 5407; x_wconf 56' lang='lat' dir='ltr'><strong>Appendices.</strong></span> 
     </span>
    </p>
   </div>
   <div class='ocr_carea' id='block_1_5' title="bbox 613 5283 1022 5297">
    <p class='ocr_par' dir='ltr' id='par_1_5' title="bbox 613 5283 1022 5297">
     <span class='ocr_line' id='line_1_57' title="bbox 613 5283 1022 5297; baseline 0 828"><span class='ocrx_word' id='word_1_398' title='bbox 613 5283 1022 5297; x_wconf 95' lang='lat' dir='ltr'><strong> </strong></span> 
     </span>
    </p>
   </div>
   <div class='ocr_carea' id='block_1_6' title="bbox 2283 406 2965 478">
    <p class='ocr_par' dir='ltr' id='par_1_6' title="bbox 2283 406 2965 478">
     <span class='ocr_line' id='line_1_58' title="bbox 2283 406 2965 478; baseline -0.006 -2"><span class='ocrx_word' id='word_1_399' title='bbox 2283 406 2751 478; x_wconf 74' lang='lat' dir='ltr'>EPISTOLA</span> <span class='ocrx_word' id='word_1_400' title='bbox 2797 411 2965 476; x_wconf 83' lang='lat'><strong>3852</strong></span> 
     </span>
    </p>
   </div>
   <div class='ocr_carea' id='block_1_7' title="bbox 2620 601 2633 5377">
    <p class='ocr_par' dir='ltr' id='par_1_7' title="bbox 2620 601 2633 5377">
     <span class='ocr_line' id='line_1_59' title="bbox 2620 601 2633 5377; baseline 0 0"><span class='ocrx_word' id='word_1_401' title='bbox 2620 601 2633 5377; x_wconf 95' lang='lat' dir='ltr'><strong> </strong></span> 
     </span>
    </p>
   </div>
   <div class='ocr_carea' id='block_1_8' title="bbox 4505 411 4607 478">
    <p class='ocr_par' dir='ltr' id='par_1_8' title="bbox 4505 411 4607 478">
     <span class='ocr_line' id='line_1_60' title="bbox 4505 411 4607 478; baseline 0.01 -1"><span class='ocrx_word' id='word_1_402' title='bbox 4505 411 4607 478; x_wconf 76' lang='lat'><strong>524</strong></span> 
     </span>
    </p>
   </div>
   <div class='ocr_carea' id='block_1_9' title="bbox 2737 597 4565 769">
    <p class='ocr_par' dir='ltr' id='par_1_9' title="bbox 2737 597 4565 769">
     <span class='ocr_line' id='line_1_61' title="bbox 2737 597 4565 682; baseline 0.002 -17"><span class='ocrx_word' id='word_1_403' title='bbox 2737 598 2914 665; x_wconf 80' lang='lat' dir='ltr'><strong>Huic</strong></span> <span class='ocrx_word' id='word_1_404' title='bbox 2958 598 3253 682; x_wconf 68' lang='lat' dir='ltr'><strong>epistolae</strong></span> <span class='ocrx_word' id='word_1_405' title='bbox 3294 599 3690 665; x_wconf 77' lang='lat' dir='ltr'><strong>subiunctum</strong></span> <span class='ocrx_word' id='word_1_406' title='bbox 3731 603 3823 664; x_wconf 79' lang='lat' dir='ltr'><strong>est</strong></span> <span class='ocrx_word' id='word_1_407' title='bbox 3863 599 3932 664; x_wconf 77' lang='lat' dir='ltr'><strong>in</strong></span> <span class='ocrx_word' id='word_1_408' title='bbox 3978 597 4199 668; x_wconf 68' lang='lat' dir='ltr'><strong>codiee</strong></span> <span class='ocrx_word' id='word_1_409' title='bbox 4246 599 4565 669; x_wconf 67' lang='lat' dir='ltr'><strong>Geneomn·</strong></span> 
     </span>
     <span class='ocr_line' id='line_1_62' title="bbox 3074 683 4258 769; baseline 0.002 -20"><span class='ocrx_word' id='word_1_410' title='bbox 3074 683 3468 750; x_wconf 72' lang='lat' dir='ltr'><strong>schediasma</strong></span> <span class='ocrx_word' id='word_1_411' title='bbox 3509 704 3772 767; x_wconf 73' lang='lat' dir='ltr'><strong>sequens</strong></span> <span class='ocrx_word' id='word_1_412' title='bbox 3814 685 4258 769; x_wconf 74' lang='lat' dir='ltr'><strong>autoyraphon.</strong></span> 
     </span>
    </p>
   </div>
   <div class='ocr_carea' id='block_1_10' title="bbox 2673 854 4635 4795">
    <p class='ocr_par' dir='ltr' id='par_1_10' title="bbox 2673 854 4635 3938">
     <span class='ocr_line' id='line_1_63' title="bbox 2849 854 4614 941; baseline 0.001 -17"><span class='ocrx_word' id='word_1_413' title='bbox 2849 854 3142 924; x_wconf 82' lang='lat' dir='ltr'><strong>Senatus</strong></span> <span class='ocrx_word' id='word_1_414' title='bbox 3186 856 3749 921; x_wconf 85' lang='lat' dir='ltr'><strong>Francofurtanus</strong></span> <span class='ocrx_word' id='word_1_415' title='bbox 3792 857 4163 941; x_wconf 87' lang='lat' dir='ltr'><strong>peregrinis</strong></span> <span class='ocrx_word' id='word_1_416' title='bbox 4208 856 4330 924; x_wconf 90' lang='lat' dir='ltr'><strong>Bel</strong></span> <span class='ocrx_word' id='word_1_417' title='bbox 4385 859 4475 924; x_wconf 83' lang='lat' dir='ltr'><strong>‘co</strong></span> <span class='ocrx_word' id='word_1_418' title='bbox 4513 881 4614 925; x_wconf 85' lang='lat' dir='ltr'><strong>ex-</strong></span> 
     </span>
     <span class='ocr_line' id='line_1_64' title="bbox 2676 941 4611 1029; baseline 0.001 -20"><span class='ocrx_word' id='word_1_419' title='bbox 2676 942 2885 1028; x_wconf 87' lang='lat' dir='ltr'><strong>pulsis</strong></span> <span class='ocrx_word' id='word_1_420' title='bbox 2938 941 3260 1026; x_wconf 88' lang='lat' dir='ltr'><strong>templum</strong></span> <span class='ocrx_word' id='word_1_421' title='bbox 3318 957 3386 1006; x_wconf 91' lang='lat' dir='ltr'><strong>et</strong></span> <span class='ocrx_word' id='word_1_422' title='bbox 3443 941 3884 1007; x_wconf 88' lang='lat' dir='ltr'><strong>ministerium</strong></span> <span class='ocrx_word' id='word_1_423' title='bbox 3942 944 4137 1010; x_wconf 90' lang='lat' dir='ltr'><strong>annis</strong></span> <span class='ocrx_word' id='word_1_424' title='bbox 4182 964 4335 1029; x_wconf 91' lang='lat' dir='ltr'><strong>amp</strong></span> <span class='ocrx_word' id='word_1_425' title='bbox 4364 944 4466 1010; x_wconf 90' lang='lat' dir='ltr'><strong>ius</strong></span> <span class='ocrx_word' id='word_1_426' title='bbox 4513 966 4611 1010; x_wconf 81' lang='lat' dir='ltr'><strong>sex</strong></span> 
     </span>
     <span class='ocr_line' id='line_1_65' title="bbox 2676 1028 4614 1113; baseline 0.001 -19"><span class='ocrx_word' id='word_1_427' title='bbox 2676 1028 3037 1096; x_wconf 90' lang='lat' dir='ltr'><strong>clementer</strong></span> <span class='ocrx_word' id='word_1_428' title='bbox 3093 1043 3523 1093; x_wconf 87' lang='lat' dir='ltr'><strong>concesserat.</strong></span> <span class='ocrx_word' id='word_1_429' title='bbox 3617 1029 3711 1092; x_wconf 86' lang='lat' dir='ltr'><strong>At</strong></span> <span class='ocrx_word' id='word_1_430' title='bbox 3776 1049 3951 1094; x_wconf 90' lang='lat' dir='ltr'><strong>anno</strong></span> <span class='ocrx_word' id='word_1_431' title='bbox 4007 1034 4082 1092; x_wconf 88' lang='lat'><strong>61</strong></span> <span class='ocrx_word' id='word_1_432' title='bbox 4146 1050 4375 1095; x_wconf 87' lang='lat' dir='ltr'><strong>mense</strong></span> <span class='ocrx_word' id='word_1_433' title='bbox 4424 1031 4614 1113; x_wconf 84' lang='lat' dir='ltr'><strong>Aprili</strong></span> 
     </span>
     <span class='ocr_line' id='line_1_66' title="bbox 2675 1113 4615 1198; baseline 0.001 -18"><span class='ocrx_word' id='word_1_434' title='bbox 2675 1115 3164 1182; x_wconf 89' lang='lat' dir='ltr'><strong>concionatores</strong></span> <span class='ocrx_word' id='word_1_435' title='bbox 3210 1113 3389 1178; x_wconf 87' lang='lat' dir='ltr'><strong>urbis</strong></span> <span class='ocrx_word' id='word_1_436' title='bbox 3435 1114 3690 1178; x_wconf 90' lang='lat' dir='ltr'><strong>senatui</strong></span> <span class='ocrx_word' id='word_1_437' title='bbox 3734 1113 4006 1180; x_wconf 87' lang='lat' dir='ltr'><strong>fuerunt</strong></span> <span class='ocrx_word' id='word_1_438' title='bbox 4048 1115 4396 1197; x_wconf 88' lang='lat' dir='ltr'><strong>supplices,</strong></span> <span class='ocrx_word' id='word_1_439' title='bbox 4438 1117 4615 1198; x_wconf 83' lang='lat' dir='ltr'><strong>petic-</strong></span> 
     </span>
     <span class='ocr_line' id='line_1_67' title="bbox 2677 1200 4616 1284; baseline 0.001 -19"><span class='ocrx_word' id='word_1_440' title='bbox 2677 1209 2960 1284; x_wconf 88' lang='lat' dir='ltr'><strong>runtque</strong></span> <span class='ocrx_word' id='word_1_441' title='bbox 3004 1209 3120 1265; x_wconf 91' lang='lat' dir='ltr'><strong>aut</strong></span> <span class='ocrx_word' id='word_1_442' title='bbox 3156 1213 3231 1264; x_wconf 91' lang='lat' dir='ltr'><strong>ut</strong></span> <span class='ocrx_word' id='word_1_443' title='bbox 3267 1200 3595 1282; x_wconf 88' lang='lat' dir='ltr'><strong>peregrini</strong></span> <span class='ocrx_word' id='word_1_444' title='bbox 3640 1211 3910 1265; x_wconf 87' lang='lat' dir='ltr'><strong>senatus</strong></span> <span class='ocrx_word' id='word_1_445' title='bbox 3950 1202 4308 1267; x_wconf 88' lang='lat' dir='ltr'><strong>autoritate</strong></span> <span class='ocrx_word' id='word_1_446' title='bbox 4342 1201 4427 1266; x_wconf 87' lang='lat' dir='ltr'><strong>ad</strong></span> <span class='ocrx_word' id='word_1_447' title='bbox 4467 1203 4616 1267; x_wconf 87' lang='lat' dir='ltr'><strong>cius·</strong></span> 
     </span>
     <span class='ocr_line' id='line_1_68' title="bbox 2675 1285 4617 1370; baseline 0.001 -20"><span class='ocrx_word' id='word_1_448' title='bbox 2675 1286 2827 1352; x_wconf 90' lang='lat' dir='ltr'><strong>dem</strong></span> <span class='ocrx_word' id='word_1_449' title='bbox 2884 1306 3033 1352; x_wconf 91' lang='lat' dir='ltr'><strong>cum</strong></span> <span class='ocrx_word' id='word_1_450' title='bbox 3092 1286 3254 1370; x_wconf 92' lang='lat' dir='ltr'><strong>ipsis</strong></span> <span class='ocrx_word' id='word_1_451' title='bbox 3310 1285 3646 1352; x_wconf 86' lang='lat' dir='ltr'><strong>doctrinae</strong></span> <span class='ocrx_word' id='word_1_452' title='bbox 3706 1287 4195 1368; x_wconf 85' lang='lat' dir='ltr'><strong>professionem,</strong></span> <span class='ocrx_word' id='word_1_453' title='bbox 4252 1288 4617 1369; x_wconf 85' lang='lat' dir='ltr'><strong>praesertim</strong></span> 
     </span>
     <span class='ocr_line' id='line_1_69' title="bbox 2676 1371 4617 1448; baseline 0.001 -12"><span class='ocrx_word' id='word_1_454' title='bbox 2676 1373 2749 1436; x_wconf 91' lang='lat' dir='ltr'><strong>in</strong></span> <span class='ocrx_word' id='word_1_455' title='bbox 2772 1371 3051 1437; x_wconf 91' lang='lat' dir='ltr'><strong>articulo</strong></span> <span class='ocrx_word' id='word_1_456' title='bbox 3091 1392 3350 1448; x_wconf 90' lang='lat' dir='ltr'><strong>coenae,</strong></span> <span class='ocrx_word' id='word_1_457' title='bbox 3397 1380 3466 1435; x_wconf 90' lang='lat' dir='ltr'><strong>et</strong></span> <span class='ocrx_word' id='word_1_458' title='bbox 3509 1371 3789 1435; x_wconf 89' lang='lat' dir='ltr'><strong>eundem</strong></span> <span class='ocrx_word' id='word_1_459' title='bbox 3837 1373 4404 1438; x_wconf 85' lang='lat' dir='ltr'><strong>caeremoniarum</strong></span> <span class='ocrx_word' id='word_1_460' title='bbox 4448 1394 4617 1437; x_wconf 83' lang='lat' dir='ltr'><strong>usum</strong></span> 
     </span>
     <span class='ocr_line' id='line_1_70' title="bbox 2677 1457 4617 1542; baseline 0.001 -19"><span class='ocrx_word' id='word_1_461' title='bbox 2677 1458 3122 1541; x_wconf 87' lang='lat' dir='ltr'><strong>adigerentur,</strong></span> <span class='ocrx_word' id='word_1_462' title='bbox 3181 1467 3297 1522; x_wconf 92' lang='lat' dir='ltr'><strong>aut</strong></span> <span class='ocrx_word' id='word_1_463' title='bbox 3352 1469 3429 1521; x_wconf 91' lang='lat' dir='ltr'><strong>ut</strong></span> <span class='ocrx_word' id='word_1_464' title='bbox 3481 1457 3801 1539; x_wconf 88' lang='lat' dir='ltr'><strong>templum</strong></span> <span class='ocrx_word' id='word_1_465' title='bbox 3856 1458 4015 1540; x_wconf 91' lang='lat' dir='ltr'><strong>ipsis</strong></span> <span class='ocrx_word' id='word_1_466' title='bbox 4061 1457 4299 1542; x_wconf 88' lang='lat' dir='ltr'><strong>alioqui</strong></span> <span class='ocrx_word' id='word_1_467' title='bbox 4344 1458 4617 1524; x_wconf 88' lang='lat' dir='ltr'><strong>occlude·</strong></span> 
     </span>
     <span class='ocr_line' id='line_1_71' title="bbox 2675 1542 4619 1627; baseline 0 -19"><span class='ocrx_word' id='word_1_468' title='bbox 2675 1556 2877 1609; x_wconf 92' lang='lat' dir='ltr'><strong>retur.</strong></span> <span class='ocrx_word' id='word_1_469' title='bbox 2897 1545 2955 1618; x_wconf 77' lang='lat'><strong>⁵)</strong></span> <span class='ocrx_word' id='word_1_470' title='bbox 3049 1542 3338 1609; x_wconf 81' lang='lat' dir='ltr'><strong>Senatus</strong></span> <span class='ocrx_word' id='word_1_471' title='bbox 3403 1543 3695 1608; x_wconf 87' lang='lat' dir='ltr'><strong>decrevit</strong></span> <span class='ocrx_word' id='word_1_472' title='bbox 3759 1551 3836 1608; x_wconf 91' lang='lat' dir='ltr'><strong>ut</strong></span> <span class='ocrx_word' id='word_1_473' title='bbox 3915 1544 4239 1627; x_wconf 88' lang='lat' dir='ltr'><strong>tantisper</strong></span> <span class='ocrx_word' id='word_1_474' title='bbox 4318 1544 4619 1626; x_wconf 86' lang='lat' dir='ltr'><strong>templum</strong></span> 
     </span>
     <span class='ocr_line' id='line_1_72' title="bbox 2677 1628 4622 1713; baseline 0 -19"><span class='ocrx_word' id='word_1_475' title='bbox 2677 1628 3023 1696; x_wconf 87' lang='lat' dir='ltr'><strong>claudatur</strong></span> <span class='ocrx_word' id='word_1_476' title='bbox 3044 1650 3120 1695; x_wconf 91' lang='lat' dir='ltr'><strong>ac</strong></span> <span class='ocrx_word' id='word_1_477' title='bbox 3154 1629 3519 1694; x_wconf 90' lang='lat' dir='ltr'><strong>ministerio</strong></span> <span class='ocrx_word' id='word_1_478' title='bbox 3544 1629 3911 1713; x_wconf 89' lang='lat' dir='ltr'><strong>peregrinis</strong></span> <span class='ocrx_word' id='word_1_479' title='bbox 3952 1628 4405 1706; x_wconf 86' lang='lat' dir='ltr'><strong>interdicatur,</strong></span> <span class='ocrx_word' id='word_1_480' title='bbox 4442 1632 4622 1695; x_wconf 87' lang='lat' dir='ltr'><strong>donec</strong></span> 
     </span>
     <span class='ocr_line' id='line_1_73' title="bbox 2676 1714 4623 1798; baseline 0.001 -19"><span class='ocrx_word' id='word_1_481' title='bbox 2676 1716 2837 1798; x_wconf 91' lang='lat' dir='ltr'><strong>ipsis</strong></span> <span class='ocrx_word' id='word_1_482' title='bbox 2882 1737 3036 1781; x_wconf 90' lang='lat' dir='ltr'><strong>cum</strong></span> <span class='ocrx_word' id='word_1_483' title='bbox 3078 1714 3648 1781; x_wconf 88' lang='lat' dir='ltr'><strong>concionatoribus</strong></span> <span class='ocrx_word' id='word_1_484' title='bbox 3691 1714 3876 1780; x_wconf 90' lang='lat' dir='ltr'><strong>urbis</strong></span> <span class='ocrx_word' id='word_1_485' title='bbox 3929 1715 3999 1778; x_wconf 92' lang='lat' dir='ltr'><strong>in</strong></span> <span class='ocrx_word' id='word_1_486' title='bbox 4044 1716 4347 1782; x_wconf 90' lang='lat' dir='ltr'><strong>doctrina</strong></span> <span class='ocrx_word' id='word_1_487' title='bbox 4392 1731 4457 1781; x_wconf 87' lang='lat' dir='ltr'><strong>et</strong></span> <span class='ocrx_word' id='word_1_488' title='bbox 4498 1716 4623 1780; x_wconf 81' lang='lat' dir='ltr'><strong>riti·</strong></span> 
     </span>
     <span class='ocr_line' id='line_1_74' title="bbox 2677 1799 4623 1885; baseline 0 -20"><span class='ocrx_word' id='word_1_489' title='bbox 2677 1799 2800 1868; x_wconf 93' lang='lat' dir='ltr'><strong>bus</strong></span> <span class='ocrx_word' id='word_1_490' title='bbox 2843 1801 3211 1868; x_wconf 81' lang='lat' dir='ltr'><strong>conveniat.</strong></span> <span class='ocrx_word' id='word_1_491' title='bbox 3284 1800 3516 1865; x_wconf 89' lang='lat' dir='ltr'><strong>Postea</strong></span> <span class='ocrx_word' id='word_1_492' title='bbox 3558 1821 3718 1866; x_wconf 89' lang='lat' dir='ltr'><strong>vero</strong></span> <span class='ocrx_word' id='word_1_493' title='bbox 3763 1802 4140 1883; x_wconf 85' lang='lat' dir='ltr'><strong>frequenter</strong></span> <span class='ocrx_word' id='word_1_494' title='bbox 4182 1801 4623 1885; x_wconf 82' lang='lat' dir='ltr'><strong>supplicarunt</strong></span> 
     </span>
     <span class='ocr_line' id='line_1_75' title="bbox 2675 1887 4625 1971; baseline -0.001 -20"><span class='ocrx_word' id='word_1_495' title='bbox 2675 1887 3011 1971; x_wconf 88' lang='lat' dir='ltr'><strong>peregrini</strong></span> <span class='ocrx_word' id='word_1_496' title='bbox 3056 1907 3178 1970; x_wconf 91' lang='lat' dir='ltr'><strong>pro</strong></span> <span class='ocrx_word' id='word_1_497' title='bbox 3222 1887 3572 1950; x_wconf 90' lang='lat' dir='ltr'><strong>ministerii</strong></span> <span class='ocrx_word' id='word_1_498' title='bbox 3631 1887 3733 1951; x_wconf 92' lang='lat' dir='ltr'><strong>sui</strong></span> <span class='ocrx_word' id='word_1_499' title='bbox 3778 1887 4213 1964; x_wconf 88' lang='lat' dir='ltr'><strong>restitutione,</strong></span> <span class='ocrx_word' id='word_1_500' title='bbox 4277 1908 4403 1953; x_wconf 91' lang='lat' dir='ltr'><strong>nec</strong></span> <span class='ocrx_word' id='word_1_501' title='bbox 4448 1887 4625 1952; x_wconf 88' lang='lat' dir='ltr'><strong>desti-</strong></span> 
     </span>
     <span class='ocr_line' id='line_1_76' title="bbox 2676 1971 4626 2056; baseline 0 -19"><span class='ocrx_word' id='word_1_502' title='bbox 2676 1981 2905 2038; x_wconf 89' lang='lat' dir='ltr'><strong>terunt</strong></span> <span class='ocrx_word' id='word_1_503' title='bbox 2947 1973 3251 2038; x_wconf 89' lang='lat' dir='ltr'><strong>undecim</strong></span> <span class='ocrx_word' id='word_1_504' title='bbox 3295 1993 3555 2038; x_wconf 90' lang='lat' dir='ltr'><strong>menses</strong></span> <span class='ocrx_word' id='word_1_505' title='bbox 3599 1973 3893 2056; x_wconf 86' lang='lat' dir='ltr'><strong>integros</strong></span> <span class='ocrx_word' id='word_1_506' title='bbox 3939 1973 4312 2050; x_wconf 88' lang='lat' dir='ltr'><strong>sollicitare,</strong></span> <span class='ocrx_word' id='word_1_507' title='bbox 4371 1972 4488 2039; x_wconf 88' lang='lat' dir='ltr'><strong>sed</strong></span> <span class='ocrx_word' id='word_1_508' title='bbox 4529 1971 4626 2037; x_wconf 91' lang='lat' dir='ltr'><strong>ob-</strong></span> 
     </span>
     <span class='ocr_line' id='line_1_77' title="bbox 2676 2058 4625 2140; baseline -0.001 -16"><span class='ocrx_word' id='word_1_509' title='bbox 2676 2059 3006 2125; x_wconf 89' lang='lat' dir='ltr'><strong>stantibus</strong></span> <span class='ocrx_word' id='word_1_510' title='bbox 3081 2059 3646 2125; x_wconf 90' lang='lat' dir='ltr'><strong>concionatoribus</strong></span> <span class='ocrx_word' id='word_1_511' title='bbox 3725 2058 3892 2122; x_wconf 89' lang='lat' dir='ltr'><strong>nihil</strong></span> <span class='ocrx_word' id='word_1_512' title='bbox 3972 2060 4438 2140; x_wconf 88' lang='lat' dir='ltr'><strong>impetrarunt.</strong></span> <span class='ocrx_word' id='word_1_513' title='bbox 4530 2058 4625 2122; x_wconf 88' lang='lat' dir='ltr'><strong>In·</strong></span> 
     </span>
     <span class='ocr_line' id='line_1_78' title="bbox 2676 2143 4627 2227; baseline 0.001 -19"><span class='ocrx_word' id='word_1_514' title='bbox 2676 2146 2873 2209; x_wconf 90' lang='lat' dir='ltr'><strong>terim</strong></span> <span class='ocrx_word' id='word_1_515' title='bbox 2918 2143 3252 2209; x_wconf 89' lang='lat' dir='ltr'><strong>mensibus</strong></span> <span class='ocrx_word' id='word_1_516' title='bbox 3311 2144 3492 2209; x_wconf 91' lang='lat' dir='ltr'><strong>hisce</strong></span> <span class='ocrx_word' id='word_1_517' title='bbox 3548 2144 3855 2209; x_wconf 90' lang='lat' dir='ltr'><strong>undecim</strong></span> <span class='ocrx_word' id='word_1_518' title='bbox 3910 2143 4243 2227; x_wconf 88' lang='lat' dir='ltr'><strong>pendente</strong></span> <span class='ocrx_word' id='word_1_519' title='bbox 4296 2165 4499 2210; x_wconf 87' lang='lat' dir='ltr'><strong>causa</strong></span> <span class='ocrx_word' id='word_1_520' title='bbox 4538 2165 4627 2209; x_wconf 90' lang='lat' dir='ltr'><strong>co·</strong></span> 
     </span>
     <span class='ocr_line' id='line_1_79' title="bbox 2676 2230 4629 2312; baseline 0.001 -19"><span class='ocrx_word' id='word_1_521' title='bbox 2676 2251 2820 2294; x_wconf 92' lang='lat' dir='ltr'><strong>ram</strong></span> <span class='ocrx_word' id='word_1_522' title='bbox 2865 2239 3101 2296; x_wconf 91' lang='lat' dir='ltr'><strong>senatu</strong></span> <span class='ocrx_word' id='word_1_523' title='bbox 3146 2230 3287 2293; x_wconf 87' lang='lat' dir='ltr'><strong>nati</strong></span> <span class='ocrx_word' id='word_1_524' title='bbox 3342 2240 3500 2294; x_wconf 91' lang='lat' dir='ltr'><strong>sunt</strong></span> <span class='ocrx_word' id='word_1_525' title='bbox 3546 2230 3911 2312; x_wconf 88' lang='lat' dir='ltr'><strong>peregrinis</strong></span> <span class='ocrx_word' id='word_1_526' title='bbox 3965 2230 4251 2295; x_wconf 86' lang='lat' dir='ltr'><strong>infantes</strong></span> <span class='ocrx_word' id='word_1_527' title='bbox 4296 2238 4365 2295; x_wconf 90' lang='lat' dir='ltr'><strong>et</strong></span> <span class='ocrx_word' id='word_1_528' title='bbox 4410 2231 4629 2296; x_wconf 84' lang='lat' dir='ltr'><strong>confir·</strong></span> 
     </span>
     <span class='ocr_line' id='line_1_80' title="bbox 2675 2314 4627 2399; baseline -0.002 -20"><span class='ocrx_word' id='word_1_529' title='bbox 2675 2314 2919 2380; x_wconf 90' lang='lat' dir='ltr'><strong>manda</strong></span> <span class='ocrx_word' id='word_1_530' title='bbox 2994 2317 3266 2381; x_wconf 86' lang='lat' dir='ltr'><strong>fuerunt</strong></span> <span class='ocrx_word' id='word_1_531' title='bbox 3329 2315 3588 2399; x_wconf 90' lang='lat' dir='ltr'><strong>publico</strong></span> <span class='ocrx_word' id='word_1_532' title='bbox 3666 2317 3801 2380; x_wconf 91' lang='lat' dir='ltr'><strong>ritu</strong></span> <span class='ocrx_word' id='word_1_533' title='bbox 3866 2323 4027 2381; x_wconf 83' lang='lat' dir='ltr'><strong>vota</strong></span> <span class='ocrx_word' id='word_1_534' title='bbox 4098 2315 4627 2381; x_wconf 75' lang='lat' dir='ltr'><strong>matrimonialis:</strong></span> 
     </span>
     <span class='ocr_line' id='line_1_81' title="bbox 2677 2400 4629 2485; baseline 0.001 -20"><span class='ocrx_word' id='word_1_535' title='bbox 2677 2422 2879 2484; x_wconf 90' lang='lat' dir='ltr'><strong>quare</strong></span> <span class='ocrx_word' id='word_1_536' title='bbox 2944 2403 3293 2485; x_wconf 88' lang='lat' dir='ltr'><strong>peregrini,</strong></span> <span class='ocrx_word' id='word_1_537' title='bbox 3362 2400 3542 2465; x_wconf 89' lang='lat' dir='ltr'><strong>aliud</strong></span> <span class='ocrx_word' id='word_1_538' title='bbox 3600 2402 4040 2466; x_wconf 90' lang='lat' dir='ltr'><strong>ministerium</strong></span> <span class='ocrx_word' id='word_1_539' title='bbox 4104 2424 4238 2465; x_wconf 90' lang='lat' dir='ltr'><strong>non</strong></span> <span class='ocrx_word' id='word_1_540' title='bbox 4306 2400 4629 2478; x_wconf 85' lang='lat' dir='ltr'><strong>habentes,</strong></span> 
     </span>
     <span class='ocr_line' id='line_1_82' title="bbox 2677 2487 4630 2570; baseline -0.001 -18"><span class='ocrx_word' id='word_1_541' title='bbox 2677 2487 2977 2552; x_wconf 82' lang='lat' dir='ltr'><strong>exhibita</strong></span> <span class='ocrx_word' id='word_1_542' title='bbox 3019 2489 3206 2570; x_wconf 91' lang='lat' dir='ltr'><strong>prius</strong></span> <span class='ocrx_word' id='word_1_543' title='bbox 3250 2489 3507 2552; x_wconf 90' lang='lat' dir='ltr'><strong>senatui</strong></span> <span class='ocrx_word' id='word_1_544' title='bbox 3551 2487 4246 2570; x_wconf 89' lang='lat' dir='ltr'><strong>concionatoribusque</strong></span> <span class='ocrx_word' id='word_1_545' title='bbox 4290 2487 4447 2553; x_wconf 88' lang='lat' dir='ltr'><strong>fidei</strong></span> <span class='ocrx_word' id='word_1_546' title='bbox 4490 2507 4630 2552; x_wconf 84' lang='lat' dir='ltr'><strong>suae</strong></span> 
     </span>
     <span class='ocr_line' id='line_1_83' title="bbox 2679 2571 4630 2657; baseline 0 -19"><span class='ocrx_word' id='word_1_547' title='bbox 2679 2573 3087 2639; x_wconf 85' lang='lat' dir='ltr'><strong>confessione</strong></span> <span class='ocrx_word' id='word_1_548' title='bbox 3131 2583 3359 2657; x_wconf 87' lang='lat' dir='ltr'><strong>aperta</strong></span> <span class='ocrx_word' id='word_1_549' title='bbox 3403 2571 3486 2637; x_wconf 90' lang='lat' dir='ltr'><strong>ad</strong></span> <span class='ocrx_word' id='word_1_550' title='bbox 3532 2572 3718 2638; x_wconf 90' lang='lat' dir='ltr'><strong>cuius</strong></span> <span class='ocrx_word' id='word_1_551' title='bbox 3770 2575 4305 2639; x_wconf 88' lang='lat' dir='ltr'><strong>retractationem</strong></span> <span class='ocrx_word' id='word_1_552' title='bbox 4351 2585 4471 2639; x_wconf 90' lang='lat' dir='ltr'><strong>ant</strong></span> <span class='ocrx_word' id='word_1_553' title='bbox 4513 2573 4630 2638; x_wconf 85' lang='lat' dir='ltr'><strong>dis·</strong></span> 
     </span>
     <span class='ocr_line' id='line_1_84' title="bbox 2677 2657 4631 2743; baseline 0.001 -20"><span class='ocrx_word' id='word_1_554' title='bbox 2677 2659 3161 2724; x_wconf 89' lang='lat' dir='ltr'><strong>simulationem</strong></span> <span class='ocrx_word' id='word_1_555' title='bbox 3227 2681 3310 2724; x_wconf 92' lang='lat' dir='ltr'><strong>ne</strong></span> <span class='ocrx_word' id='word_1_556' title='bbox 3375 2660 3508 2722; x_wconf 88' lang='lat' dir='ltr'><strong>iam</strong></span> <span class='ocrx_word' id='word_1_557' title='bbox 3573 2658 3837 2741; x_wconf 88' lang='lat' dir='ltr'><strong>quidem</strong></span> <span class='ocrx_word' id='word_1_558' title='bbox 3904 2657 4296 2743; x_wconf 90' lang='lat' dir='ltr'><strong>adiguntur,</strong></span> <span class='ocrx_word' id='word_1_559' title='bbox 4362 2660 4631 2725; x_wconf 80' lang='lat' dir='ltr'><strong>infantes</strong></span> 
     </span>
     <span class='ocr_line' id='line_1_85' title="bbox 2677 2743 4631 2828; baseline 0.002 -17"><span class='ocrx_word' id='word_1_560' title='bbox 2677 2767 2830 2811; x_wconf 90' lang='lat' dir='ltr'><strong>suos</strong></span> <span class='ocrx_word' id='word_1_561' title='bbox 2890 2745 3247 2811; x_wconf 80' lang='lat' dir='ltr'><strong>Germanis</strong></span> <span class='ocrx_word' id='word_1_562' title='bbox 3313 2744 3685 2828; x_wconf 90' lang='lat' dir='ltr'><strong>pastoribus</strong></span> <span class='ocrx_word' id='word_1_563' title='bbox 3753 2743 4179 2827; x_wconf 88' lang='lat' dir='ltr'><strong>baptizandos</strong></span> <span class='ocrx_word' id='word_1_564' title='bbox 4246 2744 4631 2816; x_wconf 77' lang='lat' dir='ltr'><strong>detulerunt,</strong></span> 
     </span>
     <span class='ocr_line' id='line_1_86' title="bbox 2677 2830 4632 2914; baseline 0 -19"><span class='ocrx_word' id='word_1_565' title='bbox 2677 2830 2852 2913; x_wconf 86' lang='lat' dir='ltr'><strong>apud</strong></span> <span class='ocrx_word' id='word_1_566' title='bbox 2894 2852 3057 2914; x_wconf 92' lang='lat' dir='ltr'><strong>quos</strong></span> <span class='ocrx_word' id='word_1_567' title='bbox 3101 2833 3299 2896; x_wconf 90' lang='lat' dir='ltr'><strong>etiam</strong></span> <span class='ocrx_word' id='word_1_568' title='bbox 3343 2843 3497 2895; x_wconf 82' lang='lat' dir='ltr'><strong>vota</strong></span> <span class='ocrx_word' id='word_1_569' title='bbox 3540 2830 4050 2895; x_wconf 90' lang='lat' dir='ltr'><strong>matrimonialia</strong></span> <span class='ocrx_word' id='word_1_570' title='bbox 4092 2831 4356 2914; x_wconf 89' lang='lat' dir='ltr'><strong>publice</strong></span> <span class='ocrx_word' id='word_1_571' title='bbox 4407 2831 4632 2898; x_wconf 86' lang='lat' dir='ltr'><strong>confir·</strong></span> 
     </span>
     <span class='ocr_line' id='line_1_87' title="bbox 2677 2915 4630 3001; baseline 0.002 -21"><span class='ocrx_word' id='word_1_572' title='bbox 2677 2918 2844 2982; x_wconf 87' lang='lat' dir='ltr'><strong>mari</strong></span> <span class='ocrx_word' id='word_1_573' title='bbox 2892 2926 3227 2983; x_wconf 87' lang='lat' dir='ltr'><strong>curarunt.</strong></span> <span class='ocrx_word' id='word_1_574' title='bbox 3294 2917 3492 2991; x_wconf 86' lang='lat' dir='ltr'><strong>Hinc,</strong></span> <span class='ocrx_word' id='word_1_575' title='bbox 3538 2916 3658 2980; x_wconf 86' lang='lat' dir='ltr'><strong>lite</strong></span> <span class='ocrx_word' id='word_1_576' title='bbox 3694 2915 3910 2982; x_wconf 89' lang='lat' dir='ltr'><strong>adhuc</strong></span> <span class='ocrx_word' id='word_1_577' title='bbox 3944 2936 4167 2982; x_wconf 86' lang='lat' dir='ltr'><strong>coram</strong></span> <span class='ocrx_word' id='word_1_578' title='bbox 4206 2926 4449 2983; x_wconf 89' lang='lat' dir='ltr'><strong>senatu</strong></span> <span class='ocrx_word' id='word_1_579' title='bbox 4484 2937 4630 3001; x_wconf 82' lang='lat' dir='ltr'><strong>pen·</strong></span> 
     </span>
     <span class='ocr_line' id='line_1_88' title="bbox 2679 3001 4631 3087; baseline 0 -19"><span class='ocrx_word' id='word_1_580' title='bbox 2679 3003 2894 3082; x_wconf 89' lang='lat' dir='ltr'><strong>dente,</strong></span> <span class='ocrx_word' id='word_1_581' title='bbox 2939 3002 3289 3086; x_wconf 90' lang='lat' dir='ltr'><strong>disceptari</strong></span> <span class='ocrx_word' id='word_1_582' title='bbox 3332 3013 3634 3086; x_wconf 89' lang='lat' dir='ltr'><strong>coeptum</strong></span> <span class='ocrx_word' id='word_1_583' title='bbox 3680 3014 3797 3083; x_wconf 89' lang='lat' dir='ltr'><strong>est,</strong></span> <span class='ocrx_word' id='word_1_584' title='bbox 3844 3001 4178 3068; x_wconf 85' lang='lat' dir='ltr'><strong>nonnullis</strong></span> <span class='ocrx_word' id='word_1_585' title='bbox 4215 3003 4328 3087; x_wconf 89' lang='lat' dir='ltr'><strong>qui</strong></span> <span class='ocrx_word' id='word_1_586' title='bbox 4361 3003 4631 3071; x_wconf 77' lang='lat' dir='ltr'><strong>Germa·</strong></span> 
     </span>
     <span class='ocr_line' id='line_1_89' title="bbox 2677 3088 4631 3173; baseline 0 -20"><span class='ocrx_word' id='word_1_587' title='bbox 2677 3110 2917 3155; x_wconf 92' lang='lat' dir='ltr'><strong>norum</strong></span> <span class='ocrx_word' id='word_1_588' title='bbox 2974 3090 3301 3173; x_wconf 89' lang='lat' dir='ltr'><strong>baptismo</strong></span> <span class='ocrx_word' id='word_1_589' title='bbox 3354 3092 3453 3154; x_wconf 90' lang='lat' dir='ltr'><strong>usi</strong></span> <span class='ocrx_word' id='word_1_590' title='bbox 3513 3110 3648 3154; x_wconf 93' lang='lat' dir='ltr'><strong>non</strong></span> <span class='ocrx_word' id='word_1_591' title='bbox 3711 3090 3976 3154; x_wconf 86' lang='lat' dir='ltr'><strong>fuerant</strong></span> <span class='ocrx_word' id='word_1_592' title='bbox 4037 3088 4186 3154; x_wconf 92' lang='lat' dir='ltr'><strong>illos</strong></span> <span class='ocrx_word' id='word_1_593' title='bbox 4243 3092 4358 3173; x_wconf 91' lang='lat' dir='ltr'><strong>qui</strong></span> <span class='ocrx_word' id='word_1_594' title='bbox 4412 3110 4493 3155; x_wconf 89' lang='lat' dir='ltr'><strong>eo</strong></span> <span class='ocrx_word' id='word_1_595' title='bbox 4544 3088 4631 3153; x_wconf 79' lang='lat' dir='ltr'><strong>uti</strong></span> 
     </span>
     <span class='ocr_line' id='line_1_90' title="bbox 2677 3173 4633 3257; baseline -0.001 -17"><span class='ocrx_word' id='word_1_596' title='bbox 2677 3176 3046 3241; x_wconf 91' lang='lat' dir='ltr'><strong>debuerant</strong></span> <span class='ocrx_word' id='word_1_597' title='bbox 3103 3173 3594 3251; x_wconf 91' lang='lat' dir='ltr'><strong>accusantibus,</strong></span> <span class='ocrx_word' id='word_1_598' title='bbox 3658 3183 3970 3257; x_wconf 90' lang='lat' dir='ltr'><strong>tanquam</strong></span> <span class='ocrx_word' id='word_1_599' title='bbox 4027 3177 4082 3240; x_wconf 90' lang='lat' dir='ltr'><strong>si</strong></span> <span class='ocrx_word' id='word_1_600' title='bbox 4142 3196 4285 3241; x_wconf 85' lang='lat' dir='ltr'><strong>rem</strong></span> <span class='ocrx_word' id='word_1_601' title='bbox 4344 3175 4633 3242; x_wconf 84' lang='lat' dir='ltr'><strong>illicitam</strong></span> 
     </span>
     <span class='ocr_line' id='line_1_91' title="bbox 2677 3259 4632 3346; baseline -0.001 -21"><span class='ocrx_word' id='word_1_602' title='bbox 2677 3259 3149 3346; x_wconf 88' lang='lat' dir='ltr'><strong>designassent.</strong></span> <span class='ocrx_word' id='word_1_603' title='bbox 3239 3261 3353 3326; x_wconf 91' lang='lat' dir='ltr'><strong>Illi</strong></span> <span class='ocrx_word' id='word_1_604' title='bbox 3409 3269 3635 3325; x_wconf 91' lang='lat' dir='ltr'><strong>contra</strong></span> <span class='ocrx_word' id='word_1_605' title='bbox 3693 3281 3763 3324; x_wconf 89' lang='lat' dir='ltr'><strong>se</strong></span> <span class='ocrx_word' id='word_1_606' title='bbox 3827 3270 4203 3345; x_wconf 88' lang='lat' dir='ltr'><strong>purgarunt</strong></span> <span class='ocrx_word' id='word_1_607' title='bbox 4266 3282 4392 3345; x_wconf 88' lang='lat' dir='ltr'><strong>pro</strong></span> <span class='ocrx_word' id='word_1_608' title='bbox 4446 3260 4632 3335; x_wconf 76' lang='lat' dir='ltr'><strong>virili,</strong></span> 
     </span>
     <span class='ocr_line' id='line_1_92' title="bbox 2677 3344 4631 3431; baseline 0.001 -20"><span class='ocrx_word' id='word_1_609' title='bbox 2677 3344 3114 3431; x_wconf 84' lang='lat' dir='ltr'><strong>dixeruntque</strong></span> <span class='ocrx_word' id='word_1_610' title='bbox 3157 3347 3227 3412; x_wconf 90' lang='lat' dir='ltr'><strong>in</strong></span> <span class='ocrx_word' id='word_1_611' title='bbox 3265 3347 3388 3412; x_wconf 91' lang='lat' dir='ltr'><strong>hoc</strong></span> <span class='ocrx_word' id='word_1_612' title='bbox 3431 3348 3601 3412; x_wconf 86' lang='lat' dir='ltr'><strong>facto</strong></span> <span class='ocrx_word' id='word_1_613' title='bbox 3645 3366 3765 3411; x_wconf 89' lang='lat' dir='ltr'><strong>suo</strong></span> <span class='ocrx_word' id='word_1_614' title='bbox 3802 3346 4057 3411; x_wconf 91' lang='lat' dir='ltr'><strong>nullum</strong></span> <span class='ocrx_word' id='word_1_615' title='bbox 4095 3366 4239 3412; x_wconf 89' lang='lat' dir='ltr'><strong>esse</strong></span> <span class='ocrx_word' id='word_1_616' title='bbox 4272 3358 4631 3430; x_wconf 82' lang='lat' dir='ltr'><strong>peccatum,</strong></span> 
     </span>
     <span class='ocr_line' id='line_1_93' title="bbox 2673 3431 4633 3517; baseline 0.001 -21"><span class='ocrx_word' id='word_1_617' title='bbox 2673 3434 3067 3517; x_wconf 89' lang='lat' dir='ltr'><strong>praesertim</strong></span> <span class='ocrx_word' id='word_1_618' title='bbox 3126 3454 3331 3516; x_wconf 92' lang='lat' dir='ltr'><strong>quum</strong></span> <span class='ocrx_word' id='word_1_619' title='bbox 3397 3431 3572 3497; x_wconf 87' lang='lat' dir='ltr'><strong>edita</strong></span> <span class='ocrx_word' id='word_1_620' title='bbox 3638 3433 3821 3514; x_wconf 86' lang='lat' dir='ltr'><strong>prius</strong></span> <span class='ocrx_word' id='word_1_621' title='bbox 3887 3431 4041 3497; x_wconf 86' lang='lat' dir='ltr'><strong>fidei</strong></span> <span class='ocrx_word' id='word_1_622' title='bbox 4105 3433 4515 3499; x_wconf 82' lang='lat' dir='ltr'><strong>confessione</strong></span> <span class='ocrx_word' id='word_1_623' title='bbox 4564 3451 4633 3497; x_wconf 80' lang='lat' dir='ltr'><strong>ac</strong></span> 
     </span>
     <span class='ocr_line' id='line_1_94' title="bbox 2675 3517 4633 3602; baseline 0 -18"><span class='ocrx_word' id='word_1_624' title='bbox 2675 3519 3194 3602; x_wconf 86' lang='lat' dir='ltr'><strong>corruptelarum</strong></span> <span class='ocrx_word' id='word_1_625' title='bbox 3249 3517 3721 3602; x_wconf 87' lang='lat' dir='ltr'><strong>improbatione</strong></span> <span class='ocrx_word' id='word_1_626' title='bbox 3765 3518 4165 3600; x_wconf 89' lang='lat' dir='ltr'><strong>baptismum</strong></span> <span class='ocrx_word' id='word_1_627' title='bbox 4210 3540 4379 3602; x_wconf 87' lang='lat' dir='ltr'><strong>pure</strong></span> <span class='ocrx_word' id='word_1_628' title='bbox 4422 3519 4495 3584; x_wconf 91' lang='lat' dir='ltr'><strong>in</strong></span> <span class='ocrx_word' id='word_1_629' title='bbox 4536 3538 4633 3583; x_wconf 81' lang='lat' dir='ltr'><strong>ee·</strong></span> 
     </span>
     <span class='ocr_line' id='line_1_95' title="bbox 2674 3603 4635 3687; baseline -0.002 -16"><span class='ocrx_word' id='word_1_630' title='bbox 2674 3604 2875 3671; x_wconf 90' lang='lat' dir='ltr'><strong>clesia</strong></span> <span class='ocrx_word' id='word_1_631' title='bbox 2931 3605 3183 3671; x_wconf 86' lang='lat' dir='ltr'><strong>Christi</strong></span> <span class='ocrx_word' id='word_1_632' title='bbox 3250 3605 3676 3687; x_wconf 87' lang='lat' dir='ltr'><strong>perceperint.</strong></span> <span class='ocrx_word' id='word_1_633' title='bbox 3766 3606 3861 3668; x_wconf 83' lang='lat' dir='ltr'><strong>At</strong></span> <span class='ocrx_word' id='word_1_634' title='bbox 3915 3624 4269 3687; x_wconf 89' lang='lat' dir='ltr'><strong>progressu</strong></span> <span class='ocrx_word' id='word_1_635' title='bbox 4328 3603 4635 3687; x_wconf 86' lang='lat' dir='ltr'><strong>temporis</strong></span> 
     </span>
     <span class='ocr_line' id='line_1_96' title="bbox 2673 3688 4633 3774; baseline -0.001 -21"><span class='ocrx_word' id='word_1_636' title='bbox 2673 3689 2756 3756; x_wconf 90' lang='lat' dir='ltr'><strong>lis</strong></span> <span class='ocrx_word' id='word_1_637' title='bbox 2815 3691 2998 3756; x_wconf 90' lang='lat' dir='ltr'><strong>litem</strong></span> <span class='ocrx_word' id='word_1_638' title='bbox 3058 3691 3332 3774; x_wconf 89' lang='lat' dir='ltr'><strong>peperit.</strong></span> <span class='ocrx_word' id='word_1_639' title='bbox 3422 3688 3645 3770; x_wconf 80' lang='lat' dir='ltr'><strong>Quare</strong></span> <span class='ocrx_word' id='word_1_640' title='bbox 3712 3689 3981 3754; x_wconf 90' lang='lat' dir='ltr'><strong>tandem</strong></span> <span class='ocrx_word' id='word_1_641' title='bbox 4035 3690 4379 3773; x_wconf 91' lang='lat' dir='ltr'><strong>utriusque</strong></span> <span class='ocrx_word' id='word_1_642' title='bbox 4431 3688 4633 3773; x_wconf 83' lang='lat' dir='ltr'><strong>partis</strong></span> 
     </span>
     <span class='ocr_line' id='line_1_97' title="bbox 2675 3775 4635 3857; baseline -0.001 -16"><span class='ocrx_word' id='word_1_643' title='bbox 2675 3797 2952 3841; x_wconf 90' lang='lat' dir='ltr'><strong>assensu</strong></span> <span class='ocrx_word' id='word_1_644' title='bbox 3017 3775 3449 3842; x_wconf 87' lang='lat' dir='ltr'><strong>constitutum</strong></span> <span class='ocrx_word' id='word_1_645' title='bbox 3514 3784 3619 3839; x_wconf 90' lang='lat' dir='ltr'><strong>est</strong></span> <span class='ocrx_word' id='word_1_646' title='bbox 3682 3783 3756 3838; x_wconf 92' lang='lat' dir='ltr'><strong>ut</strong></span> <span class='ocrx_word' id='word_1_647' title='bbox 3819 3796 4017 3857; x_wconf 90' lang='lat' dir='ltr'><strong>super</strong></span> <span class='ocrx_word' id='word_1_648' title='bbox 4081 3775 4186 3841; x_wconf 88' lang='lat' dir='ltr'><strong>his</strong></span> <span class='ocrx_word' id='word_1_649' title='bbox 4251 3775 4635 3841; x_wconf 86' lang='lat' dir='ltr'><strong>audirentur</strong></span> 
     </span>
     <span class='ocr_line' id='line_1_98' title="bbox 2676 3858 4054 3938; baseline 0.001 -13"><span class='ocrx_word' id='word_1_650' title='bbox 2676 3862 3015 3926; x_wconf 90' lang='lat' dir='ltr'><strong>doctorum</strong></span> <span class='ocrx_word' id='word_1_651' title='bbox 3061 3862 3359 3926; x_wconf 77' lang='lat' dir='ltr'><strong>virorum</strong></span> <span class='ocrx_word' id='word_1_652' title='bbox 3403 3858 3661 3938; x_wconf 90' lang='lat' dir='ltr'><strong>iudicia,</strong></span> <span class='ocrx_word' id='word_1_653' title='bbox 3707 3860 4054 3926; x_wconf 88' lang='lat' dir='ltr'><strong>nimirum:</strong></span> 
     </span>
    </p>

    <p class='ocr_par' dir='ltr' id='par_1_11' title="bbox 2674 3946 4633 4615">
     <span class='ocr_line' id='line_1_99' title="bbox 2848 3946 4633 4025; baseline -0.001 -13"><span class='ocrx_word' id='word_1_654' title='bbox 2848 3948 2902 4012; x_wconf 88' lang='grc' dir='ltr'><strong>Ι.</strong></span> <span class='ocrx_word' id='word_1_655' title='bbox 2948 3947 3129 4012; x_wconf 88' lang='lat' dir='ltr'><strong>Num</strong></span> <span class='ocrx_word' id='word_1_656' title='bbox 3169 3946 3442 4013; x_wconf 89' lang='lat' dir='ltr'><strong>ecclesia</strong></span> <span class='ocrx_word' id='word_1_657' title='bbox 3476 3946 4021 4025; x_wconf 85' lang='lat' dir='ltr'><strong>Francofurtana,</strong></span> <span class='ocrx_word' id='word_1_658' title='bbox 4064 3947 4254 4012; x_wconf 86' lang='lat' dir='ltr'><strong>cuius</strong></span> <span class='ocrx_word' id='word_1_659' title='bbox 4296 3946 4633 4013; x_wconf 78' lang='lat' dir='ltr'><strong>conciona-</strong></span> 
     </span>
     <span class='ocr_line' id='line_1_100' title="bbox 2676 4030 4631 4117; baseline 0.001 -20"><span class='ocrx_word' id='word_1_660' title='bbox 2676 4040 2852 4097; x_wconf 90' lang='lat' dir='ltr'><strong>tores</strong></span> <span class='ocrx_word' id='word_1_661' title='bbox 2910 4033 3278 4117; x_wconf 88' lang='lat' dir='ltr'><strong>peregrinis</strong></span> <span class='ocrx_word' id='word_1_662' title='bbox 3337 4032 3653 4114; x_wconf 89' lang='lat' dir='ltr'><strong>templum</strong></span> <span class='ocrx_word' id='word_1_663' title='bbox 3714 4030 3966 4098; x_wconf 86' lang='lat' dir='ltr'><strong>occludi</strong></span> <span class='ocrx_word' id='word_1_664' title='bbox 4012 4042 4081 4097; x_wconf 89' lang='lat' dir='ltr'><strong>et</strong></span> <span class='ocrx_word' id='word_1_665' title='bbox 4121 4032 4488 4098; x_wconf 87' lang='lat' dir='ltr'><strong>ministerio</strong></span> <span class='ocrx_word' id='word_1_666' title='bbox 4530 4030 4631 4098; x_wconf 85' lang='lat' dir='ltr'><strong>sni</strong></span> 
     </span>
     <span class='ocr_line' id='line_1_101' title="bbox 2675 4116 4629 4202; baseline -0.001 -18"><span class='ocrx_word' id='word_1_667' title='bbox 2675 4118 3008 4184; x_wconf 88' lang='lat' dir='ltr'><strong>idiomatis</strong></span> <span class='ocrx_word' id='word_1_668' title='bbox 3060 4116 3364 4183; x_wconf 88' lang='lat' dir='ltr'><strong>interdici</strong></span> <span class='ocrx_word' id='word_1_669' title='bbox 3418 4125 3750 4196; x_wconf 88' lang='lat' dir='ltr'><strong>curarunt,</strong></span> <span class='ocrx_word' id='word_1_670' title='bbox 3810 4117 4051 4202; x_wconf 91' lang='lat' dir='ltr'><strong>quique</strong></span> <span class='ocrx_word' id='word_1_671' title='bbox 4105 4139 4344 4201; x_wconf 90' lang='lat' dir='ltr'><strong>puram</strong></span> <span class='ocrx_word' id='word_1_672' title='bbox 4398 4137 4629 4184; x_wconf 73' lang='lat' dir='ltr'><strong>coenae</strong></span> 
     </span>
     <span class='ocr_line' id='line_1_102' title="bbox 2677 4201 4629 4287; baseline 0 -19"><span class='ocrx_word' id='word_1_673' title='bbox 2677 4204 3042 4269; x_wconf 88' lang='lat' dir='ltr'><strong>doctrinam</strong></span> <span class='ocrx_word' id='word_1_674' title='bbox 3078 4201 3456 4281; x_wconf 91' lang='lat' dir='ltr'><strong>traducunt,</strong></span> <span class='ocrx_word' id='word_1_675' title='bbox 3502 4224 3579 4269; x_wconf 89' lang='lat' dir='ltr'><strong>ac</strong></span> <span class='ocrx_word' id='word_1_676' title='bbox 3611 4212 3906 4287; x_wconf 87' lang='lat' dir='ltr'><strong>receptos</strong></span> <span class='ocrx_word' id='word_1_677' title='bbox 3940 4224 4196 4269; x_wconf 89' lang='lat' dir='ltr'><strong>errores</strong></span> <span class='ocrx_word' id='word_1_678' title='bbox 4231 4215 4520 4283; x_wconf 87' lang='lat' dir='ltr'><strong>tuentur,</strong></span> <span class='ocrx_word' id='word_1_679' title='bbox 4564 4204 4629 4266; x_wconf 90' lang='lat' dir='ltr'><strong>in</strong></span> 
     </span>
     <span class='ocr_line' id='line_1_103' title="bbox 2675 4288 4631 4374; baseline -0.001 -20"><span class='ocrx_word' id='word_1_680' title='bbox 2675 4311 2805 4374; x_wconf 89' lang='lat' dir='ltr'><strong>qua</strong></span> <span class='ocrx_word' id='word_1_681' title='bbox 2847 4290 3129 4372; x_wconf 90' lang='lat' dir='ltr'><strong>denique</strong></span> <span class='ocrx_word' id='word_1_682' title='bbox 3170 4289 3383 4356; x_wconf 90' lang='lat' dir='ltr'><strong>maior</strong></span> <span class='ocrx_word' id='word_1_683' title='bbox 3426 4298 3694 4355; x_wconf 87' lang='lat' dir='ltr'><strong>senatus</strong></span> <span class='ocrx_word' id='word_1_684' title='bbox 3737 4309 3892 4373; x_wconf 88' lang='lat' dir='ltr'><strong>pars</strong></span> <span class='ocrx_word' id='word_1_685' title='bbox 3934 4289 4352 4374; x_wconf 83' lang='lat' dir='ltr'><strong>iniquitatem</strong></span> <span class='ocrx_word' id='word_1_686' title='bbox 4392 4288 4631 4356; x_wconf 87' lang='lat' dir='ltr'><strong>concio-</strong></span> 
     </span>
     <span class='ocr_line' id='line_1_104' title="bbox 2675 4373 4629 4459; baseline -0.001 -19"><span class='ocrx_word' id='word_1_687' title='bbox 2675 4383 2985 4442; x_wconf 89' lang='lat' dir='ltr'><strong>natorum</strong></span> <span class='ocrx_word' id='word_1_688' title='bbox 3028 4375 3265 4459; x_wconf 87' lang='lat' dir='ltr'><strong>probat</strong></span> <span class='ocrx_word' id='word_1_689' title='bbox 3307 4383 3377 4439; x_wconf 92' lang='lat' dir='ltr'><strong>et</strong></span> <span class='ocrx_word' id='word_1_690' title='bbox 3419 4375 3629 4441; x_wconf 83' lang='lat' dir='ltr'><strong>vincit</strong></span> <span class='ocrx_word' id='word_1_691' title='bbox 3671 4373 4029 4454; x_wconf 91' lang='lat' dir='ltr'><strong>meliorem,</strong></span> <span class='ocrx_word' id='word_1_692' title='bbox 4074 4377 4160 4441; x_wconf 89' lang='lat' dir='ltr'><strong>sit</strong></span> <span class='ocrx_word' id='word_1_693' title='bbox 4203 4394 4339 4441; x_wconf 89' lang='lat' dir='ltr'><strong>non</strong></span> <span class='ocrx_word' id='word_1_694' title='bbox 4382 4376 4629 4441; x_wconf 72' lang='lat' dir='ltr'><strong>obstan·</strong></span> 
     </span>
     <span class='ocr_line' id='line_1_105' title="bbox 2674 4459 4629 4544; baseline -0.001 -18"><span class='ocrx_word' id='word_1_695' title='bbox 2674 4461 2852 4528; x_wconf 88' lang='lat' dir='ltr'><strong>tibus</strong></span> <span class='ocrx_word' id='word_1_696' title='bbox 2932 4462 3113 4527; x_wconf 88' lang='lat' dir='ltr'><strong>hisce</strong></span> <span class='ocrx_word' id='word_1_697' title='bbox 3184 4461 3521 4528; x_wconf 89' lang='lat' dir='ltr'><strong>doctrinae</strong></span> <span class='ocrx_word' id='word_1_698' title='bbox 3588 4482 3980 4544; x_wconf 88' lang='lat' dir='ltr'><strong>morumque</strong></span> <span class='ocrx_word' id='word_1_699' title='bbox 4057 4462 4289 4528; x_wconf 80' lang='lat' dir='ltr'><strong>naevis</strong></span> <span class='ocrx_word' id='word_1_700' title='bbox 4366 4459 4629 4528; x_wconf 74' lang='lat' dir='ltr'><strong>ecclesia</strong></span> 
     </span>
     <span class='ocr_line' id='line_1_106' title="bbox 2674 4547 3268 4615; baseline -0.008 0"><span class='ocrx_word' id='word_1_701' title='bbox 2674 4547 2928 4615; x_wconf 89' lang='lat' dir='ltr'><strong>Christi</strong></span> <span class='ocrx_word' id='word_1_702' title='bbox 2970 4568 3092 4614; x_wconf 91' lang='lat' dir='ltr'><strong>nec</strong></span> <span class='ocrx_word' id='word_1_703' title='bbox 3136 4547 3268 4613; x_wconf 82' lang='lat' dir='ltr'><strong>ne?</strong></span> 
     </span>
    </p>

    <p class='ocr_par' dir='ltr' id='par_1_12' title="bbox 2673 4630 4627 4795">
     <span class='ocr_line' id='line_1_107' title="bbox 2846 4630 4627 4716; baseline -0.002 -18"><span class='ocrx_word' id='word_1_704' title='bbox 2846 4633 2938 4699; x_wconf 91' lang='grc' dir='ltr'><strong>Π.</strong></span> <span class='ocrx_word' id='word_1_705' title='bbox 3005 4633 3184 4698; x_wconf 91' lang='lat' dir='ltr'><strong>Num</strong></span> <span class='ocrx_word' id='word_1_706' title='bbox 3239 4634 3366 4716; x_wconf 90' lang='lat' dir='ltr'><strong>piis</strong></span> <span class='ocrx_word' id='word_1_707' title='bbox 3426 4631 3560 4698; x_wconf 88' lang='lat' dir='ltr'><strong>illis</strong></span> <span class='ocrx_word' id='word_1_708' title='bbox 3616 4632 3832 4697; x_wconf 90' lang='lat' dir='ltr'><strong>adhuc</strong></span> <span class='ocrx_word' id='word_1_709' title='bbox 3896 4630 3986 4696; x_wconf 90' lang='lat' dir='ltr'><strong>ibi</strong></span> <span class='ocrx_word' id='word_1_710' title='bbox 4051 4631 4499 4698; x_wconf 84' lang='lat' dir='ltr'><strong>habitantibus</strong></span> <span class='ocrx_word' id='word_1_711' title='bbox 4552 4650 4627 4695; x_wconf 78' lang='lat' dir='ltr'><strong>ac</strong></span> 
     </span>
     <span class='ocr_line' id='line_1_108' title="bbox 2673 4717 4627 4795; baseline -0.003 -10"><span class='ocrx_word' id='word_1_712' title='bbox 2673 4718 2855 4785; x_wconf 87' lang='lat' dir='ltr'><strong>aliud</strong></span> <span class='ocrx_word' id='word_1_713' title='bbox 2914 4719 3355 4785; x_wconf 88' lang='lat' dir='ltr'><strong>ministerium</strong></span> <span class='ocrx_word' id='word_1_714' title='bbox 3410 4739 3543 4785; x_wconf 91' lang='lat' dir='ltr'><strong>non</strong></span> <span class='ocrx_word' id='word_1_715' title='bbox 3596 4717 4009 4795; x_wconf 89' lang='lat' dir='ltr'><strong>habentibus,</strong></span> <span class='ocrx_word' id='word_1_716' title='bbox 4064 4720 4415 4784; x_wconf 81' lang='lat' dir='ltr'><strong>veritatem</strong></span> <span class='ocrx_word' id='word_1_717' title='bbox 4466 4726 4627 4782; x_wconf 85' lang='lat' dir='ltr'><strong>tem·</strong></span> 
     </span>
    </p>
   </div>
   <div class='ocr_carea' id='block_1_11' title="bbox 2676 4891 3085 4905">
    <p class='ocr_par' dir='ltr' id='par_1_13' title="bbox 2676 4891 3085 4905">
     <span class='ocr_line' id='line_1_109' title="bbox 2676 4891 3085 4905; baseline 0 1220"><span class='ocrx_word' id='word_1_718' title='bbox 2676 4891 3085 4905; x_wconf 95' lang='lat' dir='ltr'><strong> </strong></span> 
     </span>
    </p>
   </div>
   <div class='ocr_carea' id='block_1_12' title="bbox 2670 4990 4625 5407">
    <p class='ocr_par' dir='ltr' id='par_1_14' title="bbox 2670 4990 4625 5407">
     <span class='ocr_line' id='line_1_110' title="bbox 2878 4990 4619 5060; baseline -0.002 -16"><span class='ocrx_word' id='word_1_719' title='bbox 2878 4991 2938 5057; x_wconf 81' lang='lat'><strong>5)</strong></span> <span class='ocrx_word' id='word_1_720' title='bbox 2970 4990 3099 5046; x_wconf 81' lang='lat' dir='ltr'><strong>Hoc</strong></span> <span class='ocrx_word' id='word_1_721' title='bbox 3127 4991 3338 5056; x_wconf 70' lang='lat' dir='ltr'><strong>factam</strong></span> <span class='ocrx_word' id='word_1_722' title='bbox 3370 4995 3451 5045; x_wconf 71' lang='lat' dir='ltr'><strong>est</strong></span> <span class='ocrx_word' id='word_1_723' title='bbox 3483 4992 3537 5046; x_wconf 79' lang='lat' dir='ltr'><strong>d.</strong></span> <span class='ocrx_word' id='word_1_724' title='bbox 3572 4991 3660 5045; x_wconf 77' lang='lat'><strong>22.</strong></span> <span class='ocrx_word' id='word_1_725' title='bbox 3680 4991 3923 5060; x_wconf 58' lang='lat' dir='ltr'><strong>Aprum</strong></span> <span class='ocrx_word' id='word_1_726' title='bbox 3958 4990 4315 5046; x_wconf 75' lang='lat' dir='ltr'><strong>Beschlossen</strong></span> <span class='ocrx_word' id='word_1_727' title='bbox 4349 4990 4472 5045; x_wconf 71' lang='lat' dir='ltr'><strong>ds·</strong></span> <span class='ocrx_word' id='word_1_728' title='bbox 4500 5004 4619 5042; x_wconf 71' lang='lat' dir='ltr'><strong>nnn</strong></span> 
     </span>
     <span class='ocr_line' id='line_1_111' title="bbox 2670 5057 4621 5130; baseline -0.004 -14"><span class='ocrx_word' id='word_1_729' title='bbox 2670 5063 2780 5116; x_wconf 87' lang='lat' dir='ltr'><strong>den</strong></span> <span class='ocrx_word' id='word_1_730' title='bbox 2825 5062 3095 5114; x_wconf 77' lang='lat' dir='ltr'><strong>welschen</strong></span> <span class='ocrx_word' id='word_1_731' title='bbox 3132 5060 3496 5115; x_wconf 80' lang='lat' dir='ltr'><strong>Predicanten</strong></span> <span class='ocrx_word' id='word_1_732' title='bbox 3541 5066 3870 5130; x_wconf 77' lang='lat' dir='ltr'><strong>vntersagen</strong></span> <span class='ocrx_word' id='word_1_733' title='bbox 3902 5060 4007 5114; x_wconf 87' lang='lat' dir='ltr'><strong>soll</strong></span> <span class='ocrx_word' id='word_1_734' title='bbox 4050 5060 4168 5115; x_wconf 81' lang='lat' dir='ltr'><strong>sich</strong></span> <span class='ocrx_word' id='word_1_735' title='bbox 4200 5060 4469 5117; x_wconf 71' lang='lat' dir='ltr'><strong>furter-hin</strong></span> <span class='ocrx_word' id='word_1_736' title='bbox 4500 5057 4621 5111; x_wconf 63' lang='lat' dir='ltr'><strong>dm</strong></span> 
     </span>
     <span class='ocr_line' id='line_1_112' title="bbox 2671 5128 4625 5199; baseline -0.004 -13"><span class='ocrx_word' id='word_1_737' title='bbox 2671 5128 3016 5186; x_wconf 69' lang='lat' dir='ltr'><strong>Pmdicircns</strong></span> <span class='ocrx_word' id='word_1_738' title='bbox 3058 5130 3329 5199; x_wconf 70' lang='lat' dir='ltr'><strong>gentslich</strong></span> <span class='ocrx_word' id='word_1_739' title='bbox 3376 5146 3442 5182; x_wconf 80' lang='lat' dir='ltr'><strong>zu</strong></span> <span class='ocrx_word' id='word_1_740' title='bbox 3478 5129 3761 5183; x_wconf 80' lang='lat' dir='ltr'><strong>euthalten</strong></span> <span class='ocrx_word' id='word_1_741' title='bbox 3794 5130 3906 5184; x_wconf 80' lang='lat' dir='ltr'><strong>bisz</strong></span> <span class='ocrx_word' id='word_1_742' title='bbox 3939 5144 4003 5183; x_wconf 85' lang='lat' dir='ltr'><strong>so</strong></span> <span class='ocrx_word' id='word_1_743' title='bbox 4048 5129 4178 5198; x_wconf 72' lang='lat' dir='ltr'><strong>lang</strong></span> <span class='ocrx_word' id='word_1_744' title='bbox 4210 5131 4289 5183; x_wconf 86' lang='lat' dir='ltr'><strong>sie</strong></span> <span class='ocrx_word' id='word_1_745' title='bbox 4322 5130 4437 5184; x_wconf 78' lang='lat' dir='ltr'><strong>sich</strong></span> <span class='ocrx_word' id='word_1_746' title='bbox 4468 5140 4625 5181; x_wconf 74' lang='lat' dir='ltr'><strong>mor</strong></span> 
     </span>
     <span class='ocr_line' id='line_1_113' title="bbox 2674 5196 4619 5268; baseline -0.003 -13"><span class='ocrx_word' id='word_1_747' title='bbox 2674 5201 2776 5255; x_wconf 88' lang='lat' dir='ltr'><strong>mit</strong></span> <span class='ocrx_word' id='word_1_748' title='bbox 2817 5198 2923 5252; x_wconf 88' lang='lat' dir='ltr'><strong>den</strong></span> <span class='ocrx_word' id='word_1_749' title='bbox 2968 5198 3107 5252; x_wconf 81' lang='lat' dir='ltr'><strong>hiasi</strong></span> <span class='ocrx_word' id='word_1_750' title='bbox 3144 5215 3213 5251; x_wconf 89' lang='lat' dir='ltr'><strong>en</strong></span> <span class='ocrx_word' id='word_1_751' title='bbox 3251 5198 3611 5252; x_wconf 69' lang='lat' dir='ltr'><strong>Predicanten</strong></span> <span class='ocrx_word' id='word_1_752' title='bbox 3661 5199 3766 5253; x_wconf 87' lang='lat' dir='ltr'><strong>alle</strong></span> <span class='ocrx_word' id='word_1_753' title='bbox 3839 5199 3852 5211; x_wconf 78' lang='lat'>⁸</span> <span class='ocrx_word' id='word_1_754' title='bbox 4007 5198 4279 5265; x_wconf 71' lang='lat' dir='ltr'><strong>gentalich</strong></span> <span class='ocrx_word' id='word_1_755' title='bbox 4327 5196 4619 5268; x_wconf 66' lang='lat' dir='ltr'><strong>vergnam</strong></span> 
     </span>
     <span class='ocr_line' id='line_1_114' title="bbox 2675 5261 4619 5338; baseline -0.003 -16"><span class='ocrx_word' id='word_1_756' title='bbox 2675 5266 2785 5322; x_wconf 83' lang='lat' dir='ltr'><strong>vnd</strong></span> <span class='ocrx_word' id='word_1_757' title='bbox 2823 5268 3094 5338; x_wconf 78' lang='lat' dir='ltr'><strong>vereinigt</strong></span> <span class='ocrx_word' id='word_1_758' title='bbox 3163 5270 3320 5321; x_wconf 78' lang='lat' dir='ltr'><strong>aben.</strong></span> <span class='ocrx_word' id='word_1_759' title='bbox 3386 5266 3545 5335; x_wconf 73' lang='lat' dir='ltr'><strong>(Frf.</strong></span> <span class='ocrx_word' id='word_1_760' title='bbox 3582 5265 3702 5322; x_wconf 72' lang='lat'><strong>1301.</strong></span> <span class='ocrx_word' id='word_1_761' title='bbox 3735 5267 3802 5321; x_wconf 86' lang='grc' dir='ltr'><strong>Η</strong></span> <span class='ocrx_word' id='word_1_762' title='bbox 3987 5266 4041 5321; x_wconf 87' lang='grc' dir='ltr'><strong>Ι.</strong></span> <span class='ocrx_word' id='word_1_763' title='bbox 4079 5265 4221 5323; x_wconf 73' lang='lat' dir='ltr'><strong>Bet&#39;l-</strong></span> <span class='ocrx_word' id='word_1_764' title='bbox 4251 5282 4309 5337; x_wconf 73' lang='lat' dir='ltr'><strong>p.</strong></span> <span class='ocrx_word' id='word_1_765' title='bbox 4344 5266 4428 5322; x_wconf 76' lang='lat'><strong>59.</strong></span> <span class='ocrx_word' id='word_1_766' title='bbox 4494 5261 4619 5320; x_wconf 73' lang='lat' dir='ltr'><strong>Pn-</strong></span> 
     </span>
     <span class='ocr_line' id='line_1_115' title="bbox 2675 5334 3993 5407; baseline 0 -15"><span class='ocrx_word' id='word_1_767' title='bbox 2675 5336 2819 5393; x_wconf 72' lang='lat' dir='ltr'><strong>sem‘t‘</strong></span> <span class='ocrx_word' id='word_1_768' title='bbox 2852 5335 2987 5391; x_wconf 73' lang='lat' dir='ltr'><strong>KG.</strong></span> <span class='ocrx_word' id='word_1_769' title='bbox 3026 5352 3075 5391; x_wconf 84' lang='lat' dir='ltr'><strong>v.</strong></span> <span class='ocrx_word' id='word_1_770' title='bbox 3112 5335 3170 5392; x_wconf 80' lang='lat' dir='ltr'><strong>d.</strong></span> <span class='ocrx_word' id='word_1_771' title='bbox 3206 5335 3332 5403; x_wconf 73' lang='lat' dir='ltr'><strong>Bef-</strong></span> <span class='ocrx_word' id='word_1_772' title='bbox 3366 5337 3430 5391; x_wconf 73' lang='lat' dir='ltr'><strong>ia</strong></span> <span class='ocrx_word' id='word_1_773' title='bbox 3468 5336 3569 5392; x_wconf 68' lang='lat' dir='ltr'><strong>R·-</strong></span> <span class='ocrx_word' id='word_1_774' title='bbox 3598 5350 3662 5405; x_wconf 76' lang='lat' dir='ltr'><strong>p.</strong></span> <span class='ocrx_word' id='word_1_775' title='bbox 3701 5335 3803 5391; x_wconf 75' lang='lat'><strong>142</strong></span> <span class='ocrx_word' id='word_1_776' title='bbox 3832 5334 3993 5407; x_wconf 65' lang='lat' dir='ltr'><strong>aad.)</strong></span> 
     </span>
    </p>
   </div>
   <div class='ocr_carea' id='block_1_13' title="bbox 4816 89 4825 6121">
    <p class='ocr_par' dir='ltr' id='par_1_15' title="bbox 4816 89 4825 6121">
     <span class='ocr_line' id='line_1_116' title="bbox 4816 89 4825 6121; baseline 0 0"><span class='ocrx_word' id='word_1_777' title='bbox 4816 89 4825 6121; x_wconf 95' lang='lat' dir='ltr'><strong> </strong></span> 
     </span>
    </p>
   </div>
  </div>
 </body>
</html>
