4900 6125
299 439 416 505 281

1182 624 1373 697 8718.

688 798 1198 867 HALLERUS
1242 795 1880 867 BULLINGERO.

479 968 770 1055 Synodus
813 971 1350 1052 procrastinatur.
1457 968 1646 1052 Oupit
1692 968 1831 1052 ipse
1885 974 1955 1034 ut
2007 972 2065 1033 et
2119 985 2260 1032 cum

303 1054 770 1122 &maribus
806 1057 886 1122 de
925 1077 996 1123 re
1031 1056 1362 1123 &notanda
1406 1060 1675 1141 ayatur:
1716 1074 1912 1138 quum
1963 1072 2106 1119 vero
2154 1051 2260 1118 Se-

297 1147 492 1209 naum
525 1161 848 1224 mam
878 1143 1259 1225 mitteret
1289 1141 1431 1208 suis
1462 1140 1783 1207 ministris
1811 1145 1882 1207 ut
1910 1140 1981 1206 id
2017 1139 2263 1221 faciant

297 1248 501 1312 neque
539 1227 677 1310 ipse
717 1248 786 1294 eo
820 1227 1052 1294 adduci
1075 1229 1296 1311 possit,
1330 1226 1492 1311 forte
1538 1226 1910 1294 Turioenses
1950 1226 2259 1310 περαίνω

296 1314 621 1396 suscipens
659 1313 952 1380 deberent.

299 1484 416 1549 (Ex
464 1490 695 1554 autogr·
733 1486 805 1539 bo
849 1483 1014 1539 Arch.
1053 1483 1235 1538 Turio.
1287 1484 1432 1539 Plut.
1468 1482 1560 1537 VI.
1611 1483 1738 1538 Vol.
1777 1482 1896 1547 106,
1946 1482 2074 1537 olim
2111 1483 2255 1551 Epp.

707 1569 812 1609 om.
845 1553 916 1619 11,
950 1553 1045 1608 sol.
1080 1552 1204 1609 854.
1242 1581 1308 1593 -
1343 1551 1558 1607 Simler.
1596 1552 1714 1606 Vol.
1751 1551 1897 1621 103.)

472 1725 858 1792 Olarissimo
898 1725 1045 1789 viro
1083 1726 1167 1791 D.
1211 1723 1599 1811 Heinrycho
1632 1722 2022 1809 Bullingero
2057 1723 2260 1808 'Pigu-

297 1811 490 1876 rinae
531 1811 841 1879 ecclefflae
879 1812 1125 1894 pastori
1170 1809 1550 1875 fidelissimo
1593 1807 1859 1875 domino
1893 1830 2012 1875 suo
2056 1809 2261 1875 hono·

297 1897 511 1963 rando
553 1908 620 1963 et
662 1896 984 1980 compatri
1025 1896 1380 1962 carissimo.
1830 1970 2090 2046 Zfirioh·

475 2169 549 2237 S.
631 2170 770 2237 Wie
803 2189 870 2235 es
911 2172 1038 2235 mir
1069 2190 1182 2236 vor
1210 2171 1359 2255 θείη
1401 2169 1537 2236 also
1571 2175 1730 2254 qais.
1828 2169 2028 2235 Vnser
2064 2168 2261 2252 Syno-

295 2256 424 2322 dus
449 2258 499 2341 ¹)
542 2256 676 2322 hau
730 2257 830 2322 ein
886 2256 1034 2321 loch.
1137 2256 1323 2334 Heri,
1377 2265 1454 2321 ut
1507 2257 1809 2341 proxime
1857 2256 2260 2340 praemonui,

293 2341 532 2408 literae
575 2349 725 2407 tuae
768 2362 988 2410 coram
1032 2340 1358 2426 frequenti
1407 2342 1861 2415 Diacosiorum
1907 2360 2262 2425 congrega-

295 2428 480 2494 tione
520 2427 728 2495 lectae
770 2437 942 2492 sunt.
1042 2428 1280 2494 Visum
1325 2435 1429 2493 est
1468 2425 1812 2513 Synodum
1860 2425 2264 2511 suspendere

291 2522 364 2579 et
421 2515 741 2598 scriptum
801 2520 1104 2578 nostrum
1168 2513 1250 2579 ad
1319 2535 1435 2579 vos
1500 2521 1569 2578 et
1630 2511 1712 2577 ad
1772 2512 2262 2596 Scaphusianos

291 2600 578 2677 mittere,
629 2607 706 2664 ut
751 2608 1044 2665 vestrum
1102 2597 1185 2664 de
1234 2598 1358 2665 hoc
1412 2599 1643 2665 feratis
1698 2597 2034 2667 iudicium.
2127 2598 2261 2662 Hic

293 2706 481 2753 nunc
507 2696 807 2751 vestrum
845 2683 1276 2769 imploramus
1311 2684 1635 2750 auxilium
1670 2696 1749 2749 ut
1782 2685 2027 2750 nostris
2063 2681 2261 2748 adda-

293 2771 384 2837 tis
431 2770 752 2837 stimulos.
855 2769 1112 2837 Vereor
1153 2772 1348 2850 enim,
1394 2791 1644 2848 vereor,
1706 2791 1790 2835 ne
1830 2791 1960 2835 non
2007 2769 2179 2835 serio
2221 2788 2263 2832 a

294 2856 524 2923 multis
567 2877 675 2922 res
708 2866 964 2942 agatur.
1025 2855 1377 2938 Quaerunt
1412 2857 1657 2940 effugia
1687 2864 1765 2920 ut
1797 2856 1964 2921 nihil
1999 2856 2257 2921 faciant.

297 2940 1398 3027 Siwmdaittindmdinysin.
1492 2940 2262 3008 Sinennendsdieben-

294 3048 448 3095 um.-
472 3033 528 3106 ²)
570 3047 722 3094 man
766 3030 910 3094 wir-t
946 3027 1091 3094 dach
1124 3028 1283 3095 auch
1319 3029 1391 3094 in
1424 3028 1528 3094 die
1560 3027 1792 3094 bennen
1836 3027 2009 3094 them.
2099 3026 2257 3094 Plu-

293 3115 541 3181 rimum
585 3135 746 3181 vero
779 3115 1022 3199 poterit
1063 3125 1287 3181 vestra
1333 3115 1665 3191 autoritas,
1711 3116 1770 3179 si
1815 3116 1987 3179 serio
2032 3113 2257 3179 admo·

292 3199 573 3267 nueritis
629 3208 888 3267 nostros
946 3208 1022 3265 ut
1076 3220 1344 3266 manum
1388 3201 1566 3283 operi
1611 3200 2024 3265 admoveant.
2112 3200 2260 3264 Hoc

292 3288 550 3353 interea
591 3306 697 3353 me
740 3286 980 3371 affligit
1019 3286 1193 3370 quod
1237 3307 1369 3351 non
1423 3284 1505 3350 ad
1550 3285 1713 3352 alias
1798 3304 2014 3369 noque
2056 3284 2262 3354 eccle-

293 3373 430 3439 sias
473 3374 790 3457 scriptum
836 3373 960 3438 hoc
994 3380 1291 3439 nostrum
1329 3373 1631 3437 mittitur.
1687 3375 1745 3438 A
1862 3390 2261 3437 enueramus

295 3470 364 3526 et
405 3478 876 3546 rogaveramus
919 3467 998 3522 ut
1040 3467 1108 3523 et
1152 3458 1498 3524 Genevam
1541 3458 1847 3540 inprimis
1888 3465 2082 3541 atque
2129 3459 2260 3523 Ba·

297 3547 529 3614 sileam
575 3565 830 3629 quoque
872 3545 1261 3609 mitteretur.
1351 3542 1487 3608 Sed
1531 3543 1714 3608 nihil.
1816 3542 1991 3624 Quid
2038 3545 2096 3609 si
2142 3564 2262 3609 vos

297 3651 690 3717 responsum
733 3639 1028 3694 vestrum
1075 3629 1427 3696 differretis
1471 3637 1540 3693 et
1581 3631 1834 3695 interea
1872 3649 2020 3695 cum
2049 3629 2267 3695 Gene-

295 3718 614 3785 vensibus
656 3715 981 3800 ageretis?
1041 3715 1116 3781 Si
1157 3717 1333 3780 enim
1378 3716 1538 3797 ipsis
1584 3736 1839 3799 quoque
1872 3715 2263 3797 probaretur

294 3813 362 3870 ct
403 3825 444 3869 a
488 3802 733 3868 nostris
790 3801 1192 3884 reciperetur
1236 3822 1354 3884 per
1410 3807 1698 3865 vestram
1754 3801 2261 3886 suggestionem,

295 3897 557 3974 poterat
613 3888 907 3952 fortassis
974 3887 1282 3954 ecclesiae
1346 3885 1616 3952 consuli.
1730 3886 1868 3952 Nos
1923 3906 2263 3970 possemus

295 3975 484 4041 facile
529 3973 825 4040 omnium
871 3972 1292 4039 ecclesiarum
1337 3991 1683 4037 censuram
1742 3973 1930 4038 ferre.
2035 3973 2264 4038 Mitte-

297 4083 518 4129 remus
583 4060 709 4142 ipsi
767 4058 1131 4134 Genevam,
1199 4056 1314 4123 sed
1370 4059 1424 4122 si
1491 4059 1811 4123 rescirent
1876 4060 2081 4125 nostri
2140 4058 2262 4126 hoc

299 4149 443 4213 sine
486 4148 776 4230 ipsorum
821 4144 1094 4209 consilio
1139 4145 1298 4223 fieri,
1342 4145 1455 4208 der
1486 4145 1598 4208 riu
1636 4144 1878 4209 bschisz
1918 4165 2049 4210 ons.
2101 4143 2262 4209 Man

296 4234 520 4315 doerffi
558 4253 677 4296 ons
717 4230 832 4296 wol
871 4231 988 4312 fiir
1031 4235 1311 4295 amciter
1343 4230 1564 4306 holten,
1610 4231 1785 4295 darm
1822 4231 1927 4296 die
1964 4230 2263 4296 bitterloeit

295 4321 378 4385 id
423 4339 564 4384 seer
607 4337 808 4401 yross.
925 4315 1008 4380 So
1055 4318 1292 4380 veoeiert
1349 4315 1514 4380 mich
1565 4316 1875 4399 daryeyen
1926 4316 2086 4382 auch
2139 4316 2262 4382 das

296 4407 416 4472 aas
459 4403 563 4471 ich
603 4402 768 4466 vilem
827 4402 939 4466 der
981 4402 1289 4467 wiilschen
1334 4407 1570 4485 spe'e‘ren
1613 4402 1769 4466 imm
1823 4402 1978 4486 kopf
2021 4403 2258 4468 stechen

297 4493 396 4556 ein
432 4487 962 4555 wanderbarziche
1000 4487 1366 4570 Gonoeption
1423 4487 1504 4551 de
1559 4495 1885 4570 potestate
1940 4495 2006 4553 et
2063 4489 2257 4555 iuris-

297 4577 580 4643 dictione
645 4574 1111 4650 ecclesiastica,
1172 4596 1212 4637 a
1275 4593 1404 4657 qua
1464 4574 1925 4657 magistratum
1992 4594 2259 4658 prorsus

339 4664 486 4729 nasi
528 4659 864 4727 secludere
899 4657 1226 4736 videntur,
1265 4667 1332 4724 et
1373 4658 1543 4724 nihil
1577 4660 1701 4741 ipsi
1737 4670 1999 4742 praeter
2041 4669 2257 4727 custo-

299 4684 475 4814 diam
519 4746 910 4829 relinquere.
995 4744 1189 4811 Hanc
1233 4757 1471 4811 vocant
1513 4745 1885 4812 libertatem
1923 4746 2260 4814 ecclesias·

459 5038 568 5172 ’12)
601 5035 1087 5171 ἔν’·ίῗεῖιῖξῗοηυο,
1105 5120 1228 5174 ven,
1265 5121 1455 5171 venne,
1487 5107 1675 5175 lutum,
1705 5105 1878 5174 sanae
1929 5120 2097 5160 mcor.
2137 5104 2260 5160 Γᾶν

303 5178 486 5232 Benne
521 5176 622 5230 hat
657 5190 717 5230 er
749 5191 860 5228 mer
895 5173 983 5228 die
1017 5172 1341 5243 Bedentanq
1358 5173 1705 5245 Korbwagen
1740 5147 1910 5241 (anet
1942 5175 2018 5227 iu·
2059 5173 2260 5228 Hsoss

301 5245 704 5327 nstramus)
743 5243 928 5368 gret-cb
965 5248 1059 5297 etc.
1115 5241 1239 5297 Wir
1276 5244 1590 5299 ramathem
1623 5258 1681 5299 cs
1716 5243 1914 5298 Ιεόοικιε
1947 5244 2036 5298 cin
2077 5240 2258 5302 Wort-

302 5315 700 5440 mnsam
791 5310 2255 5382 ammaoeBmffasmnoeoe-sm:

1973 436 2137 503 1562
2181 432 2649 503 FEBRUAB.

4190 432 4317 497 282

2364 622 2578 689 ticam.
2670 624 3067 707 Agnoscunt
3121 618 3385 705 quidem
3446 640 3510 684 m
3603 618 3873 686 'stratus
3918 619 3985 684 in
4031 619 4322 686 ecclesiis

2362 710 2609 775 nostris
2652 707 2972 776 hactenus
3025 715 3093 774 et
3135 707 3487 791 praecipue
3534 727 3574 771 a
3658 704 3845 770 initio
3890 714 4179 771 tutorum
4225 706 4321 771 of-

2360 796 2512 861 ficio
2555 793 2812 861 functos
2855 813 3029 861 esse:
3087 814 3291 877 quum
3348 812 3504 859 vero
3559 812 3735 858 nunc
3790 790 4061 858 ecclesia
4104 789 4322 858 adole·

2360 881 2538 948 verit
2580 900 2716 946 non
2762 878 2995 947 debere
3054 880 3265 964 ipsam
3309 876 3592 961 amplius
3637 877 3758 944 sub
3811 877 3943 942 illis
3999 898 4160 956 esse,
4206 876 4321 943 sed

2363 988 2486 1034 suo
2529 967 2673 1032 iure
2718 966 2868 1044 frui,
2914 975 2981 1031 et
3025 963 3324 1049 rapinam
3382 985 3688 1029 exercere
3745 982 3854 1029 eos
3895 963 4324 1047 magistratus

2360 1053 2475 1136 qui
2518 1054 2620 1118 ius
2662 1049 2828 1117 illud
2869 1048 3042 1137 quod
3089 1051 3407 1117 hactenus
3448 1048 3822 1116 habuerunt
3878 1050 4163 1115 retinere
4205 1069 4322 1114 ve-

2359 1137 2507 1203 lint.
2611 1137 2759 1222 Ego
2801 1144 3024 1205 metuo
3066 1158 3150 1204 ne
3193 1156 3299 1203 res
3351 1135 3513 1203 haec
3568 1136 3636 1201 in
3688 1156 3890 1220 grave
3943 1132 4325 1200 incendium

2360 1222 2629 1290 tandem
2672 1245 2955 1291 evasura
2997 1224 3083 1291 sit
3126 1231 3192 1289 et
3233 1222 3546 1289 factiones
3641 1222 3890 1287 aritura
3932 1220 4211 1286 maiores
4256 1228 4324 1286 et

2407 1309 2842 1377 estilentiores
2883 1330 3078 1394 quam
3122 1328 3411 1392 unquam
3459 1307 3608 1374 Gue
3635 1305 3915 1391 phorum
3957 1306 4203 1372 fuerint
4245 1326 4323 1373 ac

2359 1331 2842 1462 gibelinomm.
2923 1394 3249 1461 Dominus
3292 1394 3679 1459 misereatur
3712 1392 4020 1460 ecclesiae
4064 1411 4220 1458 suae
4256 1400 4324 1456 et

2363 1480 2676 1549 concedat
2719 1491 2794 1547 ut
2834 1482 2908 1547 in
2950 1502 3110 1549 vera
3162 1500 3319 1564 pace
3364 1478 3725 1545 serviamus
3768 1477 3895 1562 ipsi
3942 1497 4090 1543 cum
4136 1498 4324 1543 sanc-

2361 1568 2552 1633 titate
2587 1575 2655 1633 et
2687 1567 2942 1634 iustitia
2982 1567 3235 1635 cunctis
3278 1565 3509 1631 diebus
3547 1566 3722 1630 vitae
3766 1572 4047 1631 nostrae.
4114 1562 4321 1628 Aliud

2361 1673 2543 1720 nunc
2586 1673 2722 1719 non
2754 1652 2981 1720 habeo.
3032 1688 3744 1702 ——————
3786 1651 4047 1716 Bernae
4085 1653 4144 1715 9.
4192 1648 4322 1713 Fe-

2363 1738 2611 1805 bruarii
2662 1741 2842 1804 1562.

3388 1876 3440 1941 Ι.
3487 1876 3574 1941 H.
3622 1883 3933 1960 perpetuo
3976 1882 4149 1939 tuus.

3235 2696 3428 2768 3714.

2864 2854 2992 2919 DE
3038 2852 3292 2919 NOR'P
3334 2856 3396 2918 A
3448 2851 3822 2919 OALVIN.

2545 3026 2864 3094 Situation
2906 3025 2981 3092 de
3002 3023 3236 3108 Psylise
3265 3024 3343 3090 de
3372 3024 3676 3092 Tonzouse
3696 3025 3749 3106 ¹)
3795 3030 3849 3090 et
3893 3024 4102 3093 besoin
4133 3044 4321 3108 pres-

2362 3120 2506 3181 sant
2546 3116 2700 3181 d’un
2729 3114 2889 3196 plus
2926 3112 3137 3196 grand
3178 3110 3424 3176 nombre
3465 3112 3542 3177 de
3583 3113 3921 3178 ministres.

2360 3282 2749 3353 (Autograpbe
2788 3283 2857 3336 de
2893 3284 2946 3336 la
2964 3281 3345 3352 Bibliotheque
3368 3283 3660 3350 nationale,
3697 3284 3816 3337 coll.
3838 3284 4034 3356 Dupuy
4064 3283 4180 3338 Vol.
4203 3284 4322 3354 102,

2848 3352 2940 3405 sol.
2978 3350 3096 3406 159.
3131 3379 3197 3390 -
3233 3351 3472 3406 Bulletin
3508 3351 3662 3408 XIV.
3697 3351 3845 3420 329.)

2540 3527 2602 3589 Δ
2645 3523 2989 3590 Monsieur
3031 3533 3097 3590 et
3139 3544 3295 3607 pere
3336 3524 3681 3590 Monsieur
3716 3524 4186 3607 d'Aspeville.*

3836 3613 3895 3675 A
3942 3611 4231 3677 Geneve.

2574 3780 2769 3847 Salut
2812 3802 2933 3865 par
2975 3782 3021 3849 J
3025 3803 3174 3848 esus
3219 3780 3447 3848 Christ
3492 3791 3714 3847 nostre
3759 3781 4105 3866 Seigneur.

2537 3920 2881 3986 Monsieur
2923 3930 2989 3984 et
3188 3970 3204 3999 ,
3240 3920 3303 3985 ie
3334 3939 3418 3984 ne
3455 3918 3696 4001 doupte
3732 3919 3919 4002 point
3951 3939 4078 4002 que
4099 3923 4325 4003 n'ayes

2366 4005 2698 4072 entendeu
2743 4024 2864 4087 par
2906 4003 3004 4070 les
3030 3939 3267 4071 mes
3299 4004 3715 4089 qu’envoyay
3760 4004 4247 4071 dernierement
4283 4027 4324 4070 a

2364 4091 2461 4158 M.
2510 4090 2803 4170 Raimon,
2821 4089 2879 4173 2)
2914 4101 3248 4156 comment
3280 4092 3445 4157 i'avo
3490 4112 3528 4155 e
3563 4102 3701 4156 este
3740 4100 3995 4174 envoye
4030 4112 4112 4156 en
4148 4101 4325 4156 ceste

2363 4176 2523 4242 ville
2567 4197 2690 4261 par
2747 4175 2809 4240 le
2854 4175 3128 4260 Synode
3182 4185 3377 4243 tenen
3468 4177 3905 4242 ernierement
3948 4184 3991 4242 a
4034 4175 4106 4242 S.
4153 4175 4319 4260 Foy.

2364 4261 2465 4329 Or
2507 4261 2768 4345 despuis
2811 4282 2886 4328 ce
2929 4270 3144 4346 temps
3203 4263 3268 4327 la
3312 4263 3484 4328 Dieu
3530 4282 3648 4345 par
3697 4281 3772 4327 sa
3815 4283 4009 4347 grace
4052 4283 4091 4326 a
4138 4260 4320 4326 telle-

2363 4357 2547 4414 ment
2575 4348 2778 4414 *benit
2811 4347 3099 4415 l’oeuvre
3134 4368 3260 4433 que
3297 4369 3426 4414 non
3463 4348 3827 4414 seulement
3870 4349 3931 4413 le
3972 4359 4249 4430 troupeu
4284 4352 4322 4389 ὓ

2362 4447 2465 4501 eet
2507 4456 2659 4500 cren
2706 4454 2791 4499 en
2849 4455 2941 4499 un
2988 4434 3259 4500 nombre
3302 4434 3733 4500 merveilleux
3781 4435 4046 4516 iusques
4089 4431 4240 4498 huit
4282 4439 4325 4497 a

2362 4520 2532 4586 neuf
2558 4520 2739 4586 mille
2784 4540 3142 4602 personnes
3186 4540 3338 4585 sens
3383 4522 3644 4598 mentir‚
3689 4520 3856 4585 mais
3898 4521 4075 4585 aussi
4121 4519 4323 4583 iouis-

2364 4627 2521 4672 sons
2588 4604 2782 4670 d’une
2852 4605 3072 4689 pleine
3152 4605 3383 4670 liberte
3439 4606 3762 4689 prechans
3824 4604 4323 4689 publiquement

2362 4897 2623 4964 87141)
2662 4897 2808 4952 ΗΜ.
2848 4896 2967 4953 cccl.
3007 4897 3048 4951 1.
3084 4896 3204 4951 327.
3243 4896 3363 4953 815.
3445 4897 3527 4952 Le
3572 4899 3620 4951 6.
3664 4897 3820 4951 lanu
3862 4895 3998 4950 1560
4033 4895 4088 4952 la
4124 4912 4249 4952 cene

2357 4969 2448 5034 fia
2482 4965 2711 5023 :mbo-ee
2742 4982 2809 5020 en
2843 4981 2952 5020 une
2986 4962 3272 5022 camblin
3306 4966 3373 5021 de
3405 4965 3441 5020 5
3477 4968 3514 5021 ὰ
3549 4965 3653 5019 600
3681 4981 3996 5035 moeones.
4052 4964 4146 5019 En
4182 4915 4321 5019 1563

2361 5037 2812 5118 Paccroissquent
2847 5036 2941 5091 des
2973 5036 3261 5105 porticam
3295 5036 3363 5090 de
3397 5037 3453 5090 la
3486 5031 4039 5159 τῖ’ίοτηιῶἶτουοςυα
4086 5033 4151 5088 de
4187 5031 4322 5089 se'ri·

2359 5121 2514 5161 auses
2546 5104 2828 5161 dammone.
2914 5108 3007 5160 Aa
3042 5110 3481 5161 commences-ent
3644 5104 3666 5154 l
3827 5120 3897 5156 on
4005 5118 4117 5158 com
4158 5109 4215 5159 ta
4253 5104 4320 5160 de

2359 5173 2432 5229 20
2466 5177 2503 5230 ὰ
2535 5173 2711 5229 25000
2742 5174 2803 5228 ri
2832 5176 3021 5240 omes,
3059 5190 3188 5230 avec
3222 5173 3255 5227 4
3287 5175 3579 5240 ministres,
3613 5173 3749 5229 Abel
3784 5171 3861 5227 du
3927 5178 4030 5234 ort,
4136 5171 4316 5240 olinet,

2365 5243 2494 5300 Nic.
2536 5242 2737 5298 Folion
2813 5245 2857 5298 it
2894 5243 2983 5296 Lo
3032 5242 3210 5298 Valle‘e
3242 5249 3291 5298 et
3327 5242 3471 5297 Jean
3512 5240 3760 5297 Cormhre
3795 5241 3880 5297 dit
3916 5240 4170 5297 Barreles
4217 5258 4316 5298 an·

2361 5314 2477 5368 cion
2516 5311 3089 5448 ωᾶῗσὲονιίῖραρκοῖ.
3164 5311 3340 5374 (M.
3377 5311 3466 5366 xl.
3503 5310 3650 5378 258.)

2722 5397 2782 5434 cr
