4900 6125
263 381 370 444 209

258 585 400 652 quos
436 563 732 631 insontes
775 564 991 644 habet,
1049 587 1181 633 non
1239 574 1382 632 tam
1423 588 1497 635 re
1539 566 1806 651 penitus
1851 564 2196 650 explorata

259 674 324 720 ac
435 657 709 736 rspecta,
753 671 950 735 quam
996 649 1077 718 de
1111 651 1440 719 industria
1472 650 1903 719 connivendo.
1969 650 2052 718 In
2090 650 2195 716 his

257 737 354 823 qui
539 735 796 802 nullum
838 737 1218 804 intermittit
1275 747 1539 823 tempus
1597 738 1741 804 eius
1783 737 2081 804 animum
2122 737 2195 803 in

255 842 362 890 nos
398 821 848 891 exacerbandi.
913 823 1006 889 Et
1038 825 1349 908 quoniam
1371 823 1703 908 Principis
1736 844 1935 890 aures
1969 843 2195 889 aseen-

254 907 588 976 tationibus
640 927 843 992 supra
884 907 1153 975 modum
1198 909 1641 988 delectantur,
1687 910 1799 977 hic
1840 908 2198 994 graphione

251 995 455 1062 Gnato
496 994 592 1059 ait
634 994 755 1074 aio,
799 1003 1001 1079 negat
1044 1017 1213 1080 nego
1248 1004 1371 1063 etc.
1437 995 1547 1062 Ita
1579 996 1678 1072 fit,
1722 1005 1798 1061 ut
1832 993 2001 1060 nihil
2091 1014 2196 1059 ro·

251 1077 580 1165 pemodum
626 1079 891 1146 veritati
936 1079 1063 1148 loci
1105 1080 1280 1165 apud
1323 1081 1509 1147 illam
1551 1080 1979 1165 relinquatur.
2124 1100 2194 1146 o·

249 1186 378 1232 rem
433 1167 732 1248 sequitur
796 1173 1133 1233 veterator
1195 1166 1599 1251 reliquorum
1678 1167 2196 1251 transfugarum,

247 1252 348 1336 qui
387 1252 454 1317 in
487 1251 632 1335 pios
664 1258 962 1335 pastores
996 1253 1443 1320 conviciorum
1479 1253 1775 1338 plaustra
1807 1257 2194 1337 congerunt,

247 1345 316 1402 ut
351 1337 493 1403 iure
509 1337 566 1414 ⁸)
609 1357 651 1401 a
693 1337 884 1405 nobis
929 1337 1241 1406 defecisse
1265 1337 1632 1406 videantur.
1703 1338 2017 1423 Magnum
2054 1336 2194 1422 agi·

246 1433 348 1488 tur
397 1422 731 1508 Principis
791 1424 1075 1490 feminae
1131 1424 1514 1510 periculum.
1605 1424 1904 1491 Ecclesia
1955 1422 2195 1489 misere

241 1509 418 1586 iacet,
475 1509 548 1573 in
599 1528 732 1593 qua
784 1530 1058 1576 coenam
1101 1510 1378 1576 Domini
1431 1512 1768 1595 superiore
1821 1506 2198 1594 Septembri

241 1614 457 1661 mense
511 1593 844 1661 celebrare
901 1595 1261 1680 supersedi,
1316 1595 1492 1680 quod
1544 1596 1789 1680 alioqui
1846 1596 2030 1680 porci
2086 1614 2194 1662 ca·

237 1699 491 1832 {¹3:2¹3
533 1679 2195 1852 Effiffssmf'fissffnssussuffimssirlussossssamiffiff

238 1851 596 1917 ministrari
659 1853 872 1932 solita,
936 1875 1058 1920 nec
1123 1875 1252 1937 quo
1309 1874 1417 1920 me
1459 1863 1715 1920 vertam
1769 1855 1924 1920 scio.
2023 1850 2198 1918 Mihi

233 1936 454 2021 igitur,
516 1937 763 2022 optime
819 1945 1026 2023 pater,
1095 1941 1192 2004 uti
1235 1938 1427 2018 soles,
1491 1960 1671 2006 cave.
1761 1937 1838 2005 Si
2019 1937 2196 2004 varis

230 2020 532 2099 scribere,
577 2022 700 2088 hoo
744 2043 943 2090 onere
980 2035 1044 2090 te
1078 2025 1360 2092 libenter
1392 2034 1621 2091 noster
1654 2024 1838 2092 Bona
1870 2023 2194 2103 liberabit,

227 2106 308 2173 ad
352 2129 554 2191 quem
596 2107 679 2174 de
745 2110 945 2176 rebus
1001 2109 1236 2177 iisdem
1278 2111 1506 2176 literas
1560 2108 1730 2176 dedi.
1820 2107 1902 2176 Si
1959 2128 2196 2192 operae

227 2195 513 2276 pretium
571 2193 808 2261 facturi
875 2194 1261 2263 videbimini
1325 2196 1410 2262 ad
1453 2197 1836 2277 Principem
1889 2192 2194 2272 scribere,

225 2300 467 2363 quaoeo
533 2279 743 2346 multo
808 2279 1004 2347 melle
1069 2281 1366 2348 adhibito
1433 2280 1518 2347 ad
1583 2282 2026 2348 constantiam
2079 2279 2196 2345 ad-

221 2363 599 2442 hortamini,
648 2375 790 2431 tum
825 2376 903 2431 ut
937 2368 1166 2450 probet
1200 2389 1313 2434 eos
1348 2367 1462 2451 qui
1497 2366 1626 2432 Dei
1661 2376 1835 2446 sunt,
1880 2385 2000 2432 nec
2037 2387 2196 2449 pen·

221 2449 372 2516 deat
395 2472 488 2517 ex
523 2472 749 2517 eorum
793 2452 1164 2531 calumniis,
1211 2454 1450 2538 quibus
1493 2452 1703 2537 pietas
1744 2451 2029 2518 ludibrio
2074 2458 2194 2528 est,

217 2545 293 2601 ut
333 2537 673 2622 intelligat
715 2537 882 2602 nihil
926 2539 1271 2623 evangelio
1313 2538 1647 2621 reliquum
1689 2538 1828 2604 fore
1871 2536 2019 2614 loci,
2065 2536 2196 2601 nisi

217 2621 611 2707 disciplinae
668 2644 915 2689 nervus
979 2624 1227 2710 vigeat:
1298 2634 1626 2708 postremo
1684 2635 1757 2689 ut
1822 2623 2066 2690 fortem
2127 2643 2199 2688 se

213 2707 557 2776 vindicem
593 2709 905 2794 praebeat
940 2710 1198 2794 piorum
1233 2719 1576 2796 pastorum
1608 2709 1928 2775 adversus
1962 2710 2198 2773 immo·

217 2794 506 2879 rigeros,
531 2815 571 2859 a
591 2795 828 2878 quibus
863 2797 1144 2880 superbe
1166 2803 1682 2862 contemnuntur
1704 2816 1780 2861 ac
1801 2793 2198 2873 lacerantur,

209 2901 298 2945 ne
341 2881 526 2946 forte
569 2880 837 2946 tandem
906 2902 1026 2947 suo
1071 2882 1277 2965 ipsius
1334 2881 1772 2964 ecclesiaeque
1828 2879 2000 2944 malo
2050 2900 2198 2963 seg·

209 2967 439 3032 niores
489 2987 567 3032 ao
608 2966 1057 3050 languidiores
1100 2968 1493 3033 efficiantur.
1559 2967 1731 3033 Vale
1774 2964 2199 3051 permultum,

203 3061 403 3135 pater
451 3053 528 3118 in
572 3050 844 3119 Christo
897 3052 1323 3120 observande.
1414 3050 1591 3139 Opto
1646 3060 1721 3119 ut
1765 3050 2093 3118 Dominus
2133 3060 2200 3117 te

203 3141 400 3204 omni
475 3158 721 3222 genere
801 3139 1127 3205 felicitatis
1207 3138 1515 3205 cumulet.
1628 3139 1905 3204 Fratres
1969 3157 2200 3202 omnes

208 3225 422 3376 θύετε
483 3234 683 3307 atque
735 3224 934 3290 etiam
993 3225 1224 3291 saluto.
1313 3226 1419 3290 Ex
1477 3224 1697 3290 Monte
1744 3224 1909 3308 Argi
1956 3226 2016 3287 6.
2063 3220 2199 3288 De-

205 3332 354 3376 cem
411 3361 427 3374 .
491 3313 673 3374 1563.

688 3447 838 3513 'Pibi
883 3445 1369 3513 addictissimus
1411 3446 1591 3512 filius
1635 3454 1833 3528 atque
1876 3446 1961 3511 ad
2005 3466 2202 3512 omne

972 3532 1171 3598 officii
1216 3552 1427 3616 genus
1471 3532 1930 3613 paratissimus

1021 3618 1418 3684 Franciscus
1461 3617 1888 3683 Morellanus.

1124 4162 1318 4234 4⁰5⁶.

249 4320 651 4393 0131.le
698 4320 894 4388 on
939 4303 1350 4386 nummis
1395 4317 1525 4385 nn
1573 4301 2128 4386 oflAMBERY.

387 4492 864 4559 &hortatione
904 4497 961 4555 et
1000 4492 1180 4557 envoi
1220 4491 1375 4557 ἄκη
1417 4492 1724 4557 mistro.
1747 4490 1800 4575 ¹)

163 4750 505 4885 Δέβαῗζ
535 4747 809 4875 Ἠοὶοοξο
842 4815 1322 4871 mmmdcc
1379 4817 1489 4871 aits
1522 4818 2199 4888 quantum-evm

161 4898 328 4949 cate
367 4889 566 4944 laun.
620 4884 786 4945 Nous
818 4901 890 4942 ne
920 4900 1156 4956 croyon-v
1189 4900 1293 4951 ραι
1944 4902 2004 4942 co
2035 4886 2198 4958 qu’on

1941 379 2103 443 1563
2151 374 2560 443 DEOEMB.

4135 375 4263 436 210

2302 563 2495 631 (copie
2541 567 2755 617 contem
2834 563 2985 617 rnine
3030 563 3180 618 Bibl.
3215 560 3285 614 de
3322 560 3545 618 Geneve
3580 561 3706 616 Vol.
3744 558 3865 624 107,
3910 560 4003 615 fol.
4039 557 4159 614 167.
4200 587 4265 599 —

2732 579 2950 687 lffchnt
2988 631 3109 686 vn.
3153 629 3275 685 406.
3322 631 3541 685 Bonnet
3574 630 3649 685 11.
3684 628 3834 698 542.)

2471 804 2831 870 'l'reschers
2894 804 3238 888 seigneurs
3305 813 3374 869 et
3436 803 3660 869 freres.
3767 801 3863 868 Oe
3927 820 4054 884 que
4097 819 4269 866 nous

2299 910 2512 957 avons
2554 889 2785 956 differe
2829 889 2886 954 si
2929 889 3303 975 longtemps
3359 909 3401 953 a
3458 909 3624 954 vous
3676 888 3936 964 escrire,
3991 885 4104 950 n’a

2298 985 2438 1042 este
2480 975 2660 1041 faute
2704 974 2786 1040 de
2830 973 2958 1039 bon
2980 975 3256 1054 vouloir,
3301 975 3517 1058 quand
3556 972 3998 1057 lopportunite
4032 992 4115 1057 sy
4161 976 4271 1037 ust

2299 1061 2617 1128 adonnee.
2708 1060 2882 1127 Mais
2926 1081 3094 1127 nous
3138 1062 3383 1127 estions
3436 1059 3820 1143 empeschez
3864 1057 3945 1123 de
3988 1077 4063 1123 ce
4104 1055 4269 1122 faire

2299 1167 2469 1232 pour
2510 1167 2645 1212 une
2688 1146 2978 1213 certaine
3022 1148 3246 1213 raison
3286 1145 3566 1230 laquelle
3610 1153 3785 1211 reste
3829 1142 4270 1228 auiourdhuy,

2299 1242 2368 1299 et
2409 1239 2728 1318 pourtant
2784 1236 3060 1297 n’avons
3117 1232 3319 1300 voulu
3376 1232 3580 1297 faillir
3631 1252 3670 1295 a
3725 1250 3894 1296 nous
3950 1228 4274 1312 acquitter

2300 1317 2382 1385 de
2426 1327 2650 1384 nostre
2696 1316 2941 1384 devoir.
3008 1318 3117 1384 En
3160 1318 3451 1402 premier
3492 1316 3625 1383 lieu
3669 1337 3833 1381 nous
3869 1314 4269 1381 remercions

2298 1404 2361 1470 lo
2403 1424 2562 1490 pere
2607 1403 2845 1470 celeste
2889 1401 2970 1468 de
3010 1425 3084 1470 ce
3128 1425 3259 1488 qua
3300 1404 3368 1468 la
3409 1405 3502 1469 fin
3542 1402 3598 1488 jl
3643 1423 3808 1467 vous
3851 1421 3892 1466 a
3927 1398 4271 1466 resveillez

2299 1499 2368 1555 et
2412 1512 2453 1556 a
2497 1489 2714 1556 donne
2757 1490 3040 1573 vigueur
3082 1511 3122 1555 a
3165 1497 3386 1557 vostre
3430 1490 3542 1574 foy
3580 1487 3855 1572 laquelle
3898 1506 3939 1550 a
3981 1493 4119 1553 este
4152 1506 4275 1571 par

2300 1587 2448 1661 trop
2492 1576 2652 1661 long
2694 1585 2911 1661 temps
2954 1596 3210 1642 comme
3253 1576 3586 1642 estouffee.
3665 1575 3802 1639 Oar
3843 1573 4073 1639 cestoit
4123 1578 4272 1656 trop

2300 1661 2553 1748 grande
2616 1682 2885 1745 paresse
2950 1683 2991 1726 a
3058 1682 3220 1727 vous
3281 1661 3361 1725 de
3421 1681 3503 1726 ne
3562 1660 3881 1726 chercher
3938 1659 4123 1742 point
4175 1656 4272 1724 les

2300 1769 2578 1833 moyens
2622 1747 2703 1812 de
2747 1747 3045 1830 proffiter
3087 1757 3153 1812 et
3194 1768 3359 1814 vous
3402 1747 3733 1812 advancer
3766 1766 3851 1810 en
3887 1745 3953 1809 la
3973 1743 4273 1829 cognois·

2300 1855 2497 1900 sance
2564 1833 2644 1899 de
2708 1831 3103 1919 l’Evangile.
3198 1831 3494 1898 Attendu
3550 1853 3679 1915 que
3733 1831 3828 1896 les
3885 1830 4034 1915 plus
4087 1829 4273 1894 suffi-

2299 1942 2456 1986 sans
2476 1922 2534 1990 2)
2580 1925 2698 1984 ont
2730 1919 2957 1985 besoin
2985 1917 3068 1983 de
3102 1918 3427 1985 s‘exercer
3469 1920 3997 1991 incessamment,
4043 1923 4111 1980 et
4153 1935 4275 1997 par

2298 2005 2453 2089 plus
2495 2005 2666 2070 forte
2710 2005 2931 2070 raison
2989 2004 3087 2069 les
3143 2003 3387 2070 debiles
3442 2014 3509 2068 et
3573 2023 3740 2069 ceux
3804 2002 3918 2085 qui
3984 2022 4068 2066 ne
4132 2001 4276 2066 font

2300 2112 2426 2175 que
2492 2111 2919 2157 commencer.
3025 2090 3083 2154 Il
3151 2099 3324 2155 reste
3390 2089 3471 2155 de
3537 2090 3882 2155 continuet
3952 2108 4034 2152 en
4098 2097 4275 2153 ceste

2299 2178 2551 2242 saincte
2594 2176 2977 2259 entreprise,
3026 2183 3094 2242 et
3128 2196 3293 2259 pour
3335 2197 3410 2242 ce
3453 2176 3615 2240 faire
3637 2195 3809 2241 vous
3853 2182 4192 2258 apprester
4234 2192 4276 2237 a

2300 2262 2633 2327 soustenir
2673 2262 3012 2344 beaucoup
3056 2260 3137 2325 de
3172 2262 3487 2339 combats,
3532 2282 3647 2327 car
3678 2261 3727 2325 il
3763 2269 3864 2326 est
3898 2260 4046 2327 bien
4084 2258 4274 2324 facile

2301 2347 2534 2413 davoir
2576 2347 2706 2412 bon
2751 2366 3034 2431 courage
3077 2346 3297 2430 quand
3354 2368 3443 2411 on
3506 2355 3606 2412 est
3660 2368 3741 2411 en
3789 2367 3981 2430 repos
4024 2351 4092 2411 et
4136 2345 4275 2410 loin

2301 2433 2415 2498 des
2482 2454 2702 2517 coups.
2794 2432 2965 2497 Mais
3023 2431 3242 2516 quand
3296 2453 3371 2499 ce
3430 2436 3616 2498 vient
3670 2454 3710 2496 a
3774 2431 4139 2517 lespreuve,
4205 2430 4272 2495 la

2300 2519 2605 2603 pluspart
2648 2518 2961 2584 sescoule.
3034 2519 3319 2584 Advisez
3365 2517 3534 2584 donc
3583 2518 3666 2584 de
3710 2541 3794 2582 ne
3838 2520 4025 2602 point
4066 2517 4274 2583 bastir

2301 2627 2457 2671 sans
2500 2603 2881 2671 fondement
2924 2604 3093 2670 mais
3134 2603 3301 2670 faire
3334 2602 3552 2670 bonne
3591 2605 3929 2688 provision
3964 2604 4046 2670 de
4080 2611 4275 2670 vertu

2301 2699 2370 2757 et
2422 2699 2775 2758 constance
2832 2710 2997 2772 pour
3053 2697 3430 2756 surmonter
3484 2699 3699 2756 toutes
3754 2691 3854 2756 les
3919 2689 4275 2757 difficultez

2302 2797 2430 2861 que
2473 2777 2573 2841 les
2615 2785 2924 2860 supposta
2968 2774 3060 2840 du
3114 2774 3331 2841 diable
3390 2796 3552 2842 vous
3608 2775 4003 2842 dresseront.
4092 2777 4278 2863 Vray

2303 2871 2405 2928 est
2447 2883 2576 2946 que
2620 2870 2800 2926 toute
2843 2875 3066 2926 vostre
3122 2861 3513 2927 souffisanoe
3570 2871 3674 2928 est
3725 2861 4038 2942 denhaut,
4106 2863 4277 2928 mais

2302 2969 2429 3032 que
2452 2954 2679 3014 vostre
2700 2945 3004 3013 foiblesse
3024 2967 3190 3013 vous
3224 2946 3502 3013 sollicite
3523 2969 3565 3013 a
3587 2948 3765 3031 prior
3786 2946 3962 3014 Dieu
3986 2947 4122 3030 quil
4158 2947 4278 3035 luy

2303 3034 2513 3119 plaiae
2536 3053 2699 3099 vous
2720 3032 2999 3097 fortifler
3018 3053 3140 3117 par
3161 3051 3280 3099 son
3303 3033 3553 3117 Esprit.
3603 3031 3989 3118 Oependant
4010 3032 4275 3101 advisez

2307 3119 2386 3185 de
2408 3140 2576 3185 vous
2592 3127 2814 3203 porter
2834 3119 2897 3183 le
2913 3119 3063 3204 plus
3086 3129 3434 3205 coyement
3454 3119 3595 3203 quil
3618 3142 3778 3186 vous
3799 3140 3949 3186 sera
4089 3120 4272 3200 sible,

2306 3217 2373 3272 et
2408 3226 2493 3270 ne
2517 3206 2768 3270 donnez
2792 3205 2977 3287 point
3010 3205 3310 3271 occasion
3347 3226 3481 3269 aux
3518 3227 3839 3290 ennemys
3863 3205 3945 3271 de
4066 3208 4275 3272 verite

2306 3290 2387 3357 de
2430 3290 2984 3369 sescarmoucher‚
3044 3298 3112 3355 et
3167 3311 3252 3355 en
3309 3290 3448 3357 cela
3507 3312 3670 3357 vous
3716 3313 3875 3358 avez
3919 3292 4149 3358 besoin
4192 3289 4275 3358 de

2304 3378 2654 3462 prudence.
2766 3376 2866 3440 Le
2932 3376 3252 3460 principal
3314 3386 3416 3443 est
3480 3375 3563 3443 de
3626 3398 3793 3443 vous
3860 3398 4127 3462 separer
4192 3376 4275 3443 de

2303 3472 2518 3529 toutes
2553 3461 2902 3547 jdolatries
2944 3468 3014 3527 et
3056 3461 3432 3545 pollutione,
3493 3470 3563 3528 et
3618 3463 3767 3547 puis
3824 3461 3906 3529 de
3962 3484 4127 3529 vous
4170 3485 4274 3531 as·

2302 3548 2589 3615 sembler
2643 3568 2799 3614 sans
2979 3545 3069 3612 nd
3122 3547 3301 3615 bruit
3354 3570 3446 3632 ny
3505 3569 3873 3634 apparence
3920 3570 4044 3648 par
4099 3570 4277 3616 oom-

2303 3634 2605 3719 paignies
2659 3634 2793 3698 afln
2850 3567 3166 3716 πράων
3208 3633 3385 3699 Dieu
3430 3643 3497 3699 et
3540 3645 3715 3700 estre
3759 3656 4107 3719 enseignez
4154 3656 4274 3719 par

2304 3741 2380 3786 sa
2420 3719 2662 3804 parole.
2752 3719 2895 3784 Vra
2985 3728 3086 3784 est
3127 3739 3255 3802 que
3298 3741 3373 3784 ce
3411 3729 3565 3784 nest
3605 3741 3725 3803 pas
3770 3721 3831 3785 le
3876 3731 4046 3785 tout:
4108 3722 4275 3787 mais

2303 3806 2354 3871 il
2397 3815 2500 3872 est
2543 3805 2845 3888 question
2935 3825 2972 3869 e
3015 3804 3496 3870 monstrerala
3521 3805 3627 3872 vie
3649 3825 3776 3888 que
3799 3826 3967 3872 nous
3988 3826 4273 3874 sommes

2304 3891 2482 3959 vrais
2527 3891 2831 3974 disciples
2894 3889 2976 3956 de
3037 3890 3238 3957 Jesus
3298 3889 3545 3957 Ohrist.
3635 3891 3721 3956 Et
3789 3890 4066 3958 dautant
4124 3891 4276 3976 plus

2302 3999 2430 4061 que
2498 3997 2661 4044 vous
2716 3976 3129 4043 cheminerez
3187 3998 3271 4041 en
3327 3975 3397 4042 la
3453 3977 3703 4042 crainte
3747 3976 3830 4043 de
3874 3979 4068 4057 Dieu,
4137 3998 4272 4042 non

2300 4063 2669 4130 seulement
2703 4082 2825 4125 voz
2858 4082 3181 4148 ennemys
3216 4071 3455 4127 auront
3490 4063 3555 4127 la
3589 4062 3840 4129 boucha
3874 4062 4065 4141 close,
4102 4062 4271 4129 mais

2299 4171 2373 4218 ce
2439 4170 2590 4215 sera
2654 4167 2784 4213 une
2851 4147 3064 4212 bonne
3128 4145 3335 4214 odeur
3394 4168 3562 4232 pour
3626 4150 3858 4215 attirer
3920 4148 4017 4214 les
4081 4149 4273 4234 igno-

2299 4256 2513 4387 telins.fi
2554 4232 2751 4318 Quoy
2794 4232 2934 4317 quil
2977 4254 3061 4298 en
3119 4235 3266 4313 soit,
3324 4234 3385 4300 le
3442 4253 3599 4300 nom
3644 4234 3726 4301 de
3765 4233 3940 4301 Dieu
3992 4254 4078 4299 en
4122 4252 4274 4300 sera

2367 4323 2467 4387 ori
2517 4329 2571 4385 e.

2294 4343 2341 4407 g
2475 4407 2657 4471 Nous
2705 4405 3022 4472 touchons
3065 4426 3174 4470 ces
3217 4403 3453 4472 choses
3495 4426 3576 4470 en
3626 4407 3808 4484 brief,
3859 4424 4101 4488 pource
4186 4424 4273 4471 ue

2297 4493 2361 4560 le
2403 4494 2578 4559 frere
2620 4511 2748 4574 que
2790 4510 2958 4557 nous
2994 4510 3156 4556 vous
3193 4488 3542 4557 adressons
3577 4511 3740 4557 vous
3772 4488 4094 4556 instruira
4113 4510 4160 4572 p
4186 4510 4270 4556 us

2299 4578 2708 4664 amplement
2750 4576 2833 4643 de
2879 4577 3147 4642 bouche.
3239 4574 3419 4641 Dieu
3460 4576 3580 4663 luy
3620 4595 3663 4641 a
3701 4574 3918 4642 donne
3962 4594 4157 4659 grace
4200 4581 4268 4640 et

2297 4664 2543 4732 faculte
2588 4662 2808 4729 dense‘
2906 4683 2996 4729 er.
3062 4660 3124 4726 11
3169 4683 3211 4728 a
3251 4671 3391 4727 este
3426 4682 3530 4727 em
3577 4660 3640 4727 lo
3688 4669 3725 4727 e
3750 4682 3873 4746 par
3893 4681 3978 4744 cy
3999 4659 4265 4737 devant,

2296 4772 2383 4817 en
2419 4760 2599 4816 sorte
2640 4769 2767 4833 que
2788 4684 3149 4813 1ἷέιοωίοο
3204 4766 3287 4812 ne
3344 4747 3466 4831 luy
3562 4768 3601 4813 e
3693 4756 3766 4813 ut
3830 4746 4033 4830 point.
4088 4827 4103 4844 ⁹
4122 4741 4266 4810 Son

2298 4836 2439 4904 sele
2479 4855 2647 4903 vous
2690 4832 2829 4900 doit
2870 4841 3047 4900 estre
3090 4853 3271 4899 assez
3328 4840 3666 4917 approuve
3725 4830 3807 4898 de
3865 4850 3941 4896 oe
3996 4828 4133 4913 qml
4175 4848 4267 4894 na

2299 4923 2489 5007 point
2530 4920 2772 4988 reffuse
2815 4917 2898 4985 de
2951 4938 3116 4984 vous
3179 4917 3344 4984 aller
3396 4919 3703 4997 secourir,
3767 4914 4067 4984 combien
4124 4912 4265 4997 quil

161 4962 244 5016 zu
285 4958 480 5014 aas·
517 4955 773 5026 Louna
805 4954 875 5011 11.
908 4952 1016 5009 2⁷5
1047 4952 1126 5009 du
1163 4952 1246 5009 11.
1281 4900 1650 5010 &exoa-agar
1695 4971 1757 5008 nn
1808 4971 1985 5024 nuper
2027 4953 2200 5010 edixit

157 5032 228 5085 in
275 5026 743 5084 pedemontana
777 5024 999 5095 refflone
1034 5027 1097 5076 nt
1133 5022 1440 5092 quicunqne
1484 5023 1695 5078 nollent
1727 5024 2023 5078 observare
2058 5025 2198 5078 ritus

159 5097 498 5153 coele-iou
541 5110 796 5148 romanae
842 5091 1172 5147 excederent
1217 5107 1248 5144 e
1305 5107 1406 5145 sua
1463 5091 1690 5153 ditione.
1759 5093 2051 5163 Proposito
2098 5092 2200 5147 tali

155 5168 396 5223 edicto
467 5170 585 5217 tun
621 5162 780 5217 multi
1069 5167 1096 5214 t
1146 5177 1207 5215 se
1253 5159 1324 5213 ad
1369 5159 1712 5231 migrandum
1746 5169 1810 5216 nt
1860 5167 2080 5217 coactns
2123 5162 2200 5216 sit

151 5238 476 5293 edictam
549 5230 859 5287 rescindere
912 5248 981 5285 ne
1041 5234 1154 5283 tam
1208 5229 1409 5283 multos
1462 5246 1530 5284 ex
1589 5231 1897 5301 praecipuis
1965 5230 2199 5286 subditis

147 5324 292 5361 nrm

2299 5008 2435 5076 fust
2476 5007 2698 5092 requie
2762 5002 3093 5071 dailleurs.
3180 5004 3491 5088 Parquoy
3534 5024 3796 5071 recevez
3854 5000 3918 5067 le
3968 5020 4057 5065 au
4107 5016 4267 5064 nom

2167 5362 2176 5369 .
2512 5295 2574 5363 π)
2606 5295 2839 5366 visiun·
2875 5294 2969 5351 Βι

433 5385 677 5441 cotom
712 5399 901 5455 opera.
985 5384 1098 5441 vot.
1137 5381 1273 5437 xx.
3788 5376 3855 5427 14
