4900 6125
625 386 756 452 82⁷

1507 573 1706 645 4124.

1014 725 1451 796 LASIOIUS
1476 732 1527 804 ¹)
1571 727 2211 797 BULLINGERO.

821 898 1116 966 Vindicat
1162 899 1608 966 scamina
1664 898 2098 968 haerodoxiae
2152 903 2224 967 in
2280 901 2445 984 quod
2497 902 2595 967 in-

625 985 836 1053 currit
866 989 1123 1069 propter
1162 1004 1350 1050 suam
1389 1004 1530 1051 cum
1576 983 1947 1053 Gastezzione
1988 988 2366 1066 amicitiant,
2410 987 2595 1053 cuius

629 1071 889 1154 quiden·
931 1069 1304 1154 probitatem
1358 1076 1416 1137 et
1455 1091 1622 1136 nunc
1661 1071 2023 1153 praedicat,
2081 1091 2324 1140 errores
2377 1074 2440 1139 si
2483 1072 2596 1156 qai

623 1155 875 1240 fuerint
914 1174 1155 1236 smper
1195 1156 1535 1223 detestatum
1575 1162 1684 1223 est.

666 1326 752 1381 Ex
795 1325 1135 1397 autographo
1171 1325 1336 1380 Arch-
1382 1324 1563 1380 Turio.
1609 1327 1755 1381 Plut.
1792 1326 1891 1382 VI.
1938 1329 2057 1383 vol.
2107 1326 2232 1394 168,
2279 1329 2410 1383 olim
2446 1328 2592 1398 Epp.

686 1411 792 1450 om.
826 1393 913 1461 25,
950 1394 1042 1449 fol.
1078 1391 1199 1448 259.
1273 1394 1614 1464 Bullingerus
1648 1394 1969 1467 adscripsit:
2019 1398 2103 1454 10.
2141 1397 2359 1453 Laudi
2395 1397 2596 1451 Polom‘

634 1464 827 1520 litera
859 1463 929 1518 dc
949 1463 1264 1519 Castalio-tc
1294 1469 1344 1517 et
1377 1464 1827 1599 ιιιαῦοῗοῖὅόῗο.
1869 1464 1950 1519 13.
1971 1463 2081 1520 Iul.
2101 1465 2253 1521 1564.
2274 1495 2343 1505 —
2372 1465 2588 1520 Simler.

635 1699 1167 1787 vigilantissimo
1223 1701 1531 1767 ecclesiae
1574 1701 1938 1786 'l‘igurinae
1980 1703 2226 1786 pastori
2269 1703 2414 1768 viro
2456 1702 2588 1767 cla·

1002 1787 1260 1852 rissimo
1303 1787 1387 1853 D.
1433 1785 1774 1852 Henricbo
1816 1786 2223 1873 Bullingero.

811 1955 882 2023 S.
919 1977 982 2041 p.
1041 1955 1258 2022 Audio
1291 1977 1398 2022 me
1432 1955 1607 2041 apud
1651 1965 1736 2034 te,
1782 1956 2155 2025 doctissime
2177 1958 2588 2044 Bullingere,

635 2063 679 2109 a
721 2040 1001 2126 quodam
1036 2041 1415 2109 adversario
1450 2042 1744 2128 graviter
1776 2063 1921 2110 esse
1956 2055 2353 2111 accusatum.
2442 2045 2590 2130 Ego

633 2147 798 2194 vero
844 2134 909 2193 te
963 2147 1084 2212 per
1125 2148 1270 2193 eam
1317 2149 1513 2212 quam
1570 2128 1813 2194 multos
1866 2129 1998 2195 iam
2055 2149 2263 2196 annos
2308 2128 2588 2196 docuisti

636 2213 1035 2297 aequitatem
1093 2213 1292 2279 etiam
1350 2223 1547 2297 atque
1607 2217 1807 2280 etiam
1867 2235 2013 2294 oro,
2078 2236 2164 2282 ne
2220 2236 2325 2281 me
2386 2215 2588 2281 talem

635 2317 780 2366 esse
821 2306 1011 2382 putes
1053 2298 1314 2382 qualem
1357 2299 1478 2364 tibi
1520 2300 1849 2383 persuasit
1890 2309 2248 2367 accusator.
2329 2300 2444 2368 Sic
2488 2300 2588 2366 di-

632 2383 928 2450 lexeram
975 2382 1392 2450 castalionem
1434 2393 1511 2451 ut
1562 2393 1787 2450 tamen
1845 2389 1988 2452 eius
2031 2407 2316 2467 errores,
2375 2386 2432 2452 si
2475 2388 2588 2470 qui

635 2480 860 2548 erant,
928 2490 1059 2535 non
1125 2468 1491 2535 dilexerim.
1601 2469 1907 2538 Probitas
1972 2481 2169 2556 atque
2233 2473 2337 2539 sin
2457 2473 2589 2538 aris

633 2554 815 2621 illius
875 2554 1163 2621 hominis
1223 2555 1574 2655 integritas
1637 2556 1802 2621 mihi
1865 2563 2019 2622 c'ara
2080 2558 2223 2623 fuit.
2393 2557 2590 2623 uibus

634 2640 994 2706 virtutibus
1036 2640 1093 2707 si
1127 2640 1283 2724 quid
1321 2642 1466 2707 v1tii
1501 2640 1887 2708 adiunctum
1921 2653 2084 2722 erat,
2128 2644 2228 2708 uti
2262 2645 2356 2721 fit,
2391 2643 2590 2726 plane

633 2733 849 2792 totum
891 2725 1174 2792 oderam.
1241 2724 1459 2807 Quam
1494 2735 1713 2792 autem
1752 2727 1858 2810 pie
1902 2726 1985 2793 de
2027 2728 2335 2794 omnibus
2378 2729 2590 2794 cbris-

635 2812 859 2878 tianae
879 2810 1216 2897 religionis
1249 2812 1573 2895 capitibus
1608 2813 1910 2891 sentiam,
1946 2814 2137 2881 testis
2162 2835 2305 2881 esse
2327 2815 2589 2897 poterit,

633 2917 838 2982 quum
895 2903 1073 2963 totus
1124 2904 1496 2963 nostrorum
1539 2897 1881 2964 hominum
1926 2899 2044 2982 qui
2095 2899 2246 2967 istic
2299 2909 2405 2965 est
2444 2919 2590 2964 coe-

634 2991 768 3063 tus,
805 2992 949 3049 tum
973 3003 1128 3050 vero
1149 2983 1500 3068 praecipue
1532 2980 1701 3049 mihi
1736 2983 2170 3051 amicissimus
2203 2985 2278 3050 in
2298 2984 2589 3051 Domino

635 3070 841 3136 frater
880 3068 966 3135 D.
1013 3068 1530 3152 Christophorus
1579 3070 1869 3148 Trccius,
1891 3072 1949 3147 2)
2005 3092 2285 3155 quocum
2343 3070 2591 3138 crebris

634 3154 848 3222 literis
891 3152 972 3220 de
1015 3162 1195 3221 statu
1239 3164 1614 3221 nostrarum
1657 3154 2078 3222 ecclesiarum
2123 3156 2447 3224 disserere
2488 3178 2591 3223 so-

635 3240 759 3307 leo.
850 3239 1101 3305 Tamen
1145 3241 1201 3306 si
1244 3242 1604 3306 accusatori
1647 3241 1869 3324 potius
1925 3242 2178 3308 incerta
2232 3262 2353 3327 pro
2396 3243 2592 3310 certis

638 3326 961 3393 asserenti
1004 3345 1202 3409 quam
1245 3324 1410 3391 mihi
1458 3326 1680 3391 omnia
1730 3326 2047 3392 eiusmodi
2104 3329 2261 3394 ficta
2312 3328 2594 3394 crimina

638 3410 912 3497 neganti
965 3410 1230 3477 credere
1284 3410 1548 3489 malles,
1607 3411 1734 3477 hoc
1790 3410 2057 3496 quidem
2115 3414 2235 3479 tibi
2294 3434 2595 3479 summae

637 3494 1028 3582 prudentiae
1091 3496 1234 3562 viro
1297 3496 1483 3575 licet,
1551 3517 1783 3563 verum
1849 3518 1972 3583 ego
2039 3498 2216 3564 baud
2280 3499 2597 3566 mediocri

638 3581 968 3669 gravabor
1009 3581 1270 3648 iniuria.
1350 3581 1536 3647 Bene
1579 3582 1742 3661 vale,
1786 3583 1892 3649 vir
1935 3583 2331 3664 doctissime,
2378 3593 2445 3650 et
2489 3606 2596 3651 me

637 3670 740 3735 tui
785 3664 1150 3735 studiosum
1192 3667 1639 3752 complectere.
1706 3668 2023 3739 Genevae
2058 3673 2161 3736 27.
2184 3668 2368 3736 Iunii
2411 3674 2597 3736 1564.

1299 3821 1482 3887 'l'uae
1526 3820 1869 3905 dignitatis
1911 3822 2427 3891 studiosissimus

1532 3906 1817 3973 Ioannes
1859 3907 2182 3975 Lasicius.

647 4334 980 4390 Fau-asam
1018 4335 1194 4402 tuan
1235 4334 1455 4388 videtur
1500 4349 1684 4388 mu·
1730 4333 2066 4391 Paeona...-
2107 4340 2207 4407 qm·
2255 4336 2386 4393 cast

639 4406 954 4528 w
987 4409 1100 4459 aaa
1132 4403 1409 4473 epitaphio
1436 4405 1622 4471 posito
1666 4406 1781 4457 aaa·
1822 4404 2011 4461 liberis
2044 4408 2163 4460 eius
2203 4409 2603 4477 prospicientes

849 4513 912 4610 ᾗ)
941 4548 1090 4596 nunc
1123 4540 1337 4596 schem
1374 4538 1754 4595 Oracoviensis
1788 4548 1980 4598 rector.

2157 385 2687 456 smsmom
2726 389 3155 452 4124-4125
3196 469 3203 478 ⁸

3577 568 3765 639 4125.

3121 715 3744 810 RAD'zIVILmS
3789 741 4231 812 cnm-10.

2874 911 3149 979 Pertinet
3188 915 3276 981 ad
3318 914 3799 980 controversiam
3840 914 3919 981 de
3959 915 4261 980 miton.
4438 939 4493 980 1-

2697 1081 2811 1149 (Ex
2859 1083 3197 1154 autographo
3239 1083 3405 1138 Arch.
3453 1084 3632 1137 Turio.
3678 1084 3823 1138 Plut.
3860 1083 3961 1138 V1.
4009 1083 4139 1138 Vol.
4179 1083 4296 1152 loe,
4342 1087 4471 1141 olim
4508 1087 4629 1156 hp.

3175 1151 3246 1207 11.
3281 1151 3384 1206 971
3420 1169 3491 1206 ss.
3537 1178 3595 1190 ·—
3631 1151 3844 1208 Simler.
3881 1151 4000 1207 Vol.
4037 1151 4186 1221 110.)

2695 1337 3075 1405 Clarissime
3137 1338 3445 1423 idemque
3510 1341 3932 1407 ornatissime
3976 1342 4111 1417 vir,
4186 1342 4395 1407 amics
4436 1353 4629 1408 nomer

2925 1423 3284 1508 plurimum
3329 1426 3666 1492 carissime
3710 1438 3778 1491 et
3814 1424 4429 1493 observandissime.

2866 1593 2929 1659 N
2932 1613 3017 1660 on
3082 1593 3462 1661 dubitamus
3528 1608 3592 1661 te
3658 1597 3878 1661 virum
3966 1598 4337 1679 sapientem
4402 1600 4631 1664 moveri

2691 1679 2870 1745 orbis
2928 1688 3258 1746 terrarum
3312 1680 3841 1747 contentionibus
3894 1704 3972 1749 ac
4027 1703 4186 1748 vero
4239 1685 4631 1766 potissimum

2691 1786 2811 1848 pro
2857 1774 2971 1831 tua
3014 1766 3261 1832 eximia
3302 1773 3371 1831 et
3414 1766 3768 1832 excellenti
3811 1767 4058 1850 pietate
4101 1770 4411 1853 prosequi
4449 1771 4633 1853 geni·

2690 1851 2867 1916 tibus
2924 1851 3474 1917 inenarrabilibus
3519 1851 3791 1918 dissidia
3835 1852 4208 1936 religionis,
4278 1865 4423 1920 tum
4466 1856 4631 1920 dini-

2688 1937 2989 2018 pationes
3031 1934 3615 2021 distractionesque
3658 1938 4104 2005 Ecclesiarum
4157 1959 4233 2006 ac
4276 1940 4633 2006 dooenfiun

2687 2021 2760 2087 in
2796 2022 3090 2089 Ecclesia
3123 2022 3270 2088 Dei.
3344 2028 3443 2089 Ac
3487 2022 3718 2088 eadem
3760 2025 3907 2106 ipsa
3947 2043 4182 2091 caussa
4225 2046 4344 2091 nos
4388 2025 4631 2109 impulit

2691 2107 2774 2173 ad
2812 2119 2878 2173 te
2899 2107 3025 2174 hoc
3062 2116 3357 2191 tempore
3392 2109 3697 2185 scribere,
3734 2111 3847 2192 qui
3876 2110 3944 2175 in
3983 2111 4191 2176 tantis
4212 2108 4549 2177 doctrinae
4576 2127 4631 2175 et

2688 2193 3075 2344 gginionuff
3142 2193 3475 2276 procellis,
3542 2194 3888 2271 iudicium,
3919 2196 4304 2294 ‘consilium
4315 2206 4631 2348 t:tancm-

2765 2299 3230 2344 amnoism
3368 2299 4312 2347 orenecessariamesses
4488 2303 4631 2358 mus,

2689 2366 2774 2430 ad
2838 2374 3031 2447 teque
3094 2298 3787 2449 homaffigmpealioquin
3852 2366 4341 2450 pientissimum
4367 2420 4386 2446 ,
4466 2368 4631 2434 nobis

2691 2469 2847 2516 vero
2906 2449 3406 2526 amicissimum,
3467 2470 3585 2534 pro
3623 2449 3801 2515 fideli
3844 2460 3912 2517 et
3946 2451 4220 2517 salutari
4270 2453 4544 2519 consilio
4578 2455 4633 2517 is

2692 2535 2891 2602 rebus
2934 2535 3161 2620 magni
3203 2536 3272 2598 in
3321 2535 3639 2621 religione
3682 2538 3995 2602 momenti
4032 2537 4477 2621 confugimus.

2862 2619 3186 2686 Nolumus
3250 2620 3426 2685 enim
3492 2630 3558 2685 te
3624 2620 3840 2687 celare
3869 2673 3887 2701 ,
3953 2625 4285 2690 exarsisse
4364 2645 4501 2690 non
4558 2625 4636 2688 in

2694 2704 2948 2789 pridem
3005 2725 3243 2790 graves
3301 2713 3369 2771 et
3422 2706 3807 2790 cumprimis
3871 2707 4113 2774 arduas
4176 2711 4635 2776 controversia·

2690 2793 2764 2856 in
2799 2791 3036 2875 Regno
3070 2790 3399 2870 Poloniae‚
3448 2801 3516 2857 et
3556 2793 3627 2856 in
3667 2812 3908 2878 magno
3942 2792 4213 2860 Ducatu
4233 2794 4637 2870 Lithamas,

2693 2896 2770 2942 ac
2840 2876 2913 2941 in
2977 2876 3214 2943 ceteris
3279 2876 3630 2960 provintiis
3695 2887 3763 2942 et
3826 2877 4171 2946 ducatibus
4228 2878 4637 2947 Serenissimi

2692 2961 2901 3046 Regis
2942 2962 3153 3027 nostri
3195 2961 3613 3047 sigismundi
3655 2965 3764 3029 Au
3861 2966 3978 3040 sti,
4023 2965 4108 3030 de
4194 2966 4469 3032 rimario
4510 2965 4637 3032 fidei

2693 3057 2958 3114 nostrae
2992 3046 3449 3115 fundamento:
3521 3048 3613 3115 Et
3647 3050 3758 3133 qui
3805 3070 3909 3115 em
3948 3072 4276 3117 exarsisse
4312 3074 4450 3119 non
4486 3054 4639 3118 inter

2697 3133 3039 3217 Papistas,
3103 3135 3216 3200 sed
3284 3135 3460 3201 inter
3523 3155 3676 3214 nos,
3743 3136 3856 3219 qui
3911 3137 4070 3203 Iesu
4126 3136 4405 3205 Christo
4472 3140 4638 3204 unico

2694 3218 3031 3285 liberatori
3048 3304 3062 3319 ο
3087 3230 3156 3286 et
3211 3219 3519 3320 assertori
3552 3219 3811 3320 ,salutis
3854 3230 4121 3288 nostrae
4164 3224 4442 3322 nomina
4482 3223 4637 3289 dedi·

2693 3324 3113 3489 ffigngmss
3112 3305 3699 3490 &effluit-1023&
3712 3327 3911 3469 ,euhoe
3954 3322 4086 3472 eae-tta
4116 3308 4633 3479 ἰξιωγιξῃῖροοωει

2696 3476 3172 3561 Evangehcos,
3222 3497 3338 3559 qm
3382 3476 3701 3543 hactenus
3744 3498 3812 3543 m
3948 3499 3987 3543 o
4030 3500 4357 3546 consensu
4400 3494 4635 3564 sequuti

2696 3582 2924 3626 sumus
2967 3573 3035 3627 et
3076 3563 3413 3645 sequimur
3454 3583 3575 3648 per
3608 3570 3817 3628 totam
3920 3563 4204 3630 oloniam
4261 3574 4337 3632 et
4378 3567 4635 3632 Lithus-

2699 3647 2875 3711 niam
2942 3647 3420 3714 confessionem
3474 3655 3545 3714 et
3584 3668 3979 3716 consensum
4024 3650 4477 3717 Ecclesiarum
4518 3670 4637 3717 vu·

2698 3740 2958 3797 trarum
3001 3753 3121 3816 per
3163 3731 3543 3798 Helvetiam
3586 3745 3654 3799 et
3698 3733 4107 3821 Allobroges.

2876 3817 3011 3883 Alii
3031 3827 3190 3885 sunt
3210 3818 3323 3901 qui
3347 3819 3418 3883 in
3442 3819 3718 3884 articulo
3740 3819 3894 3885 fidei
3918 3820 3998 3886 de
4019 3821 4371 3902 Trinitate,
4397 3822 4637 3888 tame&

2702 3923 2837 3968 non
2881 3925 3021 3969 rem
3060 3904 3294 3986 ipsam,
3339 3902 3456 3970 sed
3499 3906 3768 3970 nomina
3809 3905 3927 3972 illa
3970 3908 4220 3973 usitata
4258 3906 4417 3987 Dei,
4445 3910 4637 3974 Trini-

2702 3989 2877 4067 tatis,
2901 3989 3031 4056 Dei
3052 3989 3415 4069 Essentiae,
3442 3990 3570 4056 Dei
3594 3992 3790 4057 unius
3811 3992 3925 4073 qui
3960 4012 4033 4057 se
4069 3993 4137 4057 in
4159 3993 4366 4060 Patre
4400 4008 4467 4059 et
4490 3993 4635 4058 Filio

2703 4084 2773 4141 et
2814 4074 3073 4158 Spiritu
3130 4085 3357 4141 sancto
3411 4076 3750 4159 patefecit,
3818 4085 3937 4142 aut
3978 4077 4052 4142 in
4094 4078 4309 4144 tribus
4350 4079 4635 4146 Pei-souis

2701 4161 3039 4239 revelavit,
3082 4159 3288 4226 Item:
3376 4160 3566 4227 Unus
3609 4161 3795 4227 Deus
3851 4163 4170 4241 Trinitas,
4239 4165 4439 4232 Unus
4480 4166 4635 4231 Dona

2700 4246 2773 4311 in
2818 4246 3171 4324 Trinitas,
3218 4245 3412 4313 Unus
3456 4244 3643 4313 Deus
3685 4248 3936 4327 trinus,
3982 4248 4149 4315 'I'res
4192 4250 4527 4317 Personae
4582 4252 4633 4313 in

2701 4352 2835 4397 una
3009 4332 3220 4407 entia,
3276 4353 3412 4397 una
3454 4333 3769 4398 Essentia
3820 4333 3889 4398 in
3948 4333 4159 4401 tribus
4204 4336 4547 4413 Per-sonis,
4584 4348 4633 4400 et

2701 4418 2768 4483 id
2806 4438 3037 4504 genus,
3074 4438 3345 4501 prorsus
3380 4429 3696 4501 tanquam
3718 4418 4315 4487 humanainventa
4336 4424 4633 4495 reiiciunt.

2701 4515 2769 4569 et
2824 4503 2943 4569 soli
3002 4524 3312 4586 expresso
3354 4502 3577 4570 Verbo
3620 4502 3751 4570 Dei
3804 4505 3875 4569 in
3931 4505 4055 4571 hac
4110 4520 4299 4589 parte
4344 4508 4633 4574 standan

2699 4609 2844 4656 esse
2900 4595 3236 4665 statuunt,
3295 4598 3365 4655 et
3427 4588 3745 4675 symbolis
3787 4591 4163 4673 Apostolieo
4220 4607 4291 4657 et
4348 4593 4629 4660 Nic-sun-

2699 4674 2787 4739 In
2829 4673 3183 4741 Athanasii
3225 4695 3384 4740 vero
3427 4674 3741 4759 pleraque
3773 4675 4100 4743 reiiciunt.
4190 4676 4449 4746 Dicunt
4479 4678 4627 4745 enin

2604 4794 2615 4801 ·
2699 4761 2920 4828 Deum
2978 4759 3255 4825 'I'rinum
3310 4782 3549 4837 unum,
3608 4771 3676 4827 et
3717 4782 3928 4826 unum
3972 4763 4220 4828 trinum
4265 4763 4437 4830 nihil
4477 4760 4625 4829 uliud

2699 4868 2858 4925 esse,
2896 4865 3093 4930 quam
3139 4865 3400 4911 merum
3438 4845 4036 4914 Sabellianismum.
4108 4847 4303 4930 Quod
4352 4849 4625 4917 videlieet

2700 4933 2916 4999 verbis
2958 4940 3218 4996 tantum
3261 4930 3628 4998 concedant
3671 4932 3767 4997 illi
3828 4933 4072 4999 realem
4109 4937 4531 5002 existentiam
4564 4954 4623 4997 ss

2697 5017 3183 5084 distinctionem
3226 5018 3467 5096 Patris,
3521 5017 3682 5084 Filii
3751 5028 3821 5083 et
3874 5018 4168 5104 Spiritus
4210 5019 4462 5089 Sancti.
4540 5020 4623 5087 ne

2696 5105 2839 5187 ipsa
2883 5114 3106 5171 tamen
3148 5103 3595 5170 confusionem
3636 5103 3909 5170 Sabellii
3953 5104 4300 5173 inducunt.

2869 5192 2967 5257 Ac
3012 5189 3398 5273 prodierunt
3440 5212 3573 5255 non
3617 5191 3711 5254 ita
3750 5189 4004 5273 pridem
4050 5191 4295 5258 iudicia
4334 5192 4621 5261 Esuba»

2694 5297 2845 5342 rum
2882 5273 3244 5362 'l‘igurinae
3286 5290 3353 5343 et
3394 5275 3976 5362 Heidelbergensis
4018 5275 4101 5343 de
4142 5277 4273 5345 bac
4312 5280 4457 5365 ipsa
4492 5296 4619 5344 ωι-
