4900 6125
251 389 355 454 689

1091 571 1296 646 3928.

383 742 731 811 GALVIN
774 744 839 811 A
881 745 1295 813 MADAME
1340 747 1468 814 DE
1512 744 2022 815 RO'I'HELIN.

324 1020 337 1034 ι
394 930 548 998 Cede
592 932 764 999 zeum
796 936 1021 1017 paruit
1068 937 1195 1002 &tre
1250 935 1588 1020 &ualentem
1641 935 1824 1003 &cr-ite
1876 937 2066 1020 apres
2106 936 2177 1004 la

231 1040 394 1104 pam

234 1209 448 1270 (Miuute
482 1206 726 1328 orqlinale
761 1208 899 1261 mais
934 1223 1043 1263 non
1080 1208 1420 1278 autographo
1474 1208 1611 1264 Bibl.
1661 1209 1730 1263 de
1768 1207 2006 1265 Geneve.
2045 1210 2172 1264 Vol.

238 1276 365 1342 1022,
398 1275 488 1329 fol.
524 1274 561 1327 3
597 1274 647 1328 7.
686 1277 885 1347 Oopies
921 1276 1072 1345 1075,
1104 1279 1197 1332 fol.
1233 1276 1338 1343 933
1371 1280 1556 1331 Berne
1590 1278 1685 1332 VI.
1775 1318 1790 1334 .
1832 1277 1981 1334 1018.
2035 1278 2174 1333 sim-

314 1346 405 1399 ler.
441 1344 559 1399 Vol.
591 1343 746 1413 690)
792 1372 847 1383 -
884 1346 1107 1403 Bonnet
1139 1347 1215 1401 ΙΙ.
1251 1345 1386 1415 4993
1423 1346 1590 1402 Trad.
1625 1365 1732 1417 ang
1755 1387 1769 1401 .
1804 1347 1896 1402 lv.
1932 1345 2084 1413 303.)

384 1532 717 1613 Madame,
758 1535 1056 1601 eombien
1099 1556 1226 1619 que
1270 1534 1502 1617 depuis
1543 1557 1684 1620 ung
1726 1555 1811 1602 an
1855 1535 1982 1601 iaie
2025 1557 2175 1602 sou-

232 1631 375 1685 vont
436 1618 729 1685 entendu
797 1620 877 1685 de
943 1641 1066 1688 voz
1130 1621 1490 1701 nouvelles,
1571 1622 1753 1689 voire
1829 1620 2175 1704 lesquelles

232 1711 422 1771 m’ont
465 1705 686 1770 donne
731 1705 948 1789 ample
989 1707 1267 1773 matiere
1304 1706 1385 1772 de
1426 1727 1535 1772 me
1579 1708 1834 1792 resioyr
1877 1716 1946 1772 et
1992 1707 2176 1773 louer

230 1793 408 1866 Dieu,
479 1792 844 1876 toutesfoys
887 1791 1021 1877 i’ay
1066 1801 1203 1858 este
1260 1793 1413 1858 bien
1469 1794 1604 1859 aise
1648 1792 2013 1858 dentendre
2052 1813 2176 1877 par

230 1899 335 1941 voz
378 1877 608 1942 lettres
652 1898 726 1944 ee
769 1899 895 1959 que
958 1880 1019 1943 ie
1062 1900 1146 1943 ne
1188 1880 1468 1962 pouvoie
1521 1879 1581 1942 si
1634 1879 1785 1945 bien
1829 1898 2174 1963 eompren-

224 1964 332 2028 dre
391 1985 515 2046 par
580 1963 644 2029 le
687 1972 957 2046 rapport
1010 1963 1339 2050 daultruy.
1429 1964 1617 2049 Vray
1670 1973 1772 2029 est
1827 1984 1953 2047 que
2010 1985 2176 2031 vous

222 2070 297 2114 ne
335 2048 615 2114 mandez
653 2070 772 2132 pas
806 2070 879 2115 ee
914 2071 1041 2132 que
1077 2071 1245 2116 nous
1281 2071 1487 2117 avons
1522 2050 1808 2117 entendu
1845 2049 2174 2130 dailleurs,

219 2135 506 2200 assavoir
552 2154 726 2217 quau
771 2134 1059 2201 meillieu
1103 2136 1220 2201 des
1261 2136 1412 2221 plus
1448 2156 1649 2220 grans
1682 2134 1975 2201 troubles
2011 2156 2175 2202 vous

218 2241 412 2285 navez
456 2220 695 2286 iamais
742 2237 823 2286 αι
877 2222 1080 2287 honte
1123 2243 1209 2287 ne
1252 2222 1503 2287 erainte
1547 2221 1628 2286 de
1672 2240 1839 2287 vous
1882 2220 2178 2286 advouer

218 2305 299 2370 du
362 2316 691 2389 troupeau
758 2304 839 2371 de
896 2307 1341 2387 Jesusehrist,
1409 2328 1695 2373 mesmes
1760 2328 1886 2391 que
1957 2315 2176 2373 vostre

213 2392 462 2456 maison
511 2412 553 2456 a
597 2401 736 2458 este
773 2414 912 2477 ung
946 2392 1233 2477 hospital
1274 2414 1442 2477 pour
1475 2394 1770 2459 reeevoir
1803 2393 1900 2478 les
1934 2413 2176 2476 povres

214 2476 427 2542 brebis
487 2478 825 2560 dissipees,
884 2500 1100 2562 enque
1193 2480 1368 2545 Dieu
1427 2499 1469 2543 a
1519 2488 1657 2545 este
1713 2479 1994 2562 gloriffie
2055 2499 2176 2561 par

208 2561 267 2626 la
311 2564 576 2630 bouehe
622 2564 702 2629 de
761 2573 909 2631 tous
952 2501 1221 2642 fideffes,
1284 2586 1537 2632 eomme
1591 2586 1787 2650 aussy
1844 2587 1919 2631 ee
1972 2564 2091 2649 luy
2136 2586 2176 2629 a

208 2657 338 2712 este
382 2670 533 2733 ung
581 2650 873 2715 saerifiee
917 2650 1221 2735 agreable
1264 2672 1391 2733 que
1438 2650 1812 2717 lhumanite
1846 2671 1974 2735 que
2009 2671 2175 2716 vous

204 2755 355 2801 avez
400 2757 682 2801 exercee
726 2756 965 2803 envers
1008 2736 1201 2803 eeulx
1246 2737 1359 2821 qui
1395 2737 1678 2802 estoient
1711 2737 1969 2821 affliges
2002 2757 2175 2820 pour

205 2841 315 2884 son
364 2842 550 2887 nom.
580 2826 631 2897 ¹)
722 2820 801 2888 Si
843 2820 942 2888 les
985 2823 1226 2889 malins
1271 2844 1354 2887 en
1411 2831 1528 2889 ont
1573 2831 1711 2888 este
1772 2822 2174 2902 euvenimez,

199 2915 334 2970 cest
402 2927 598 2973 assez
664 2928 789 2990 que
833 2929 1000 2974 vous
1066 2909 1205 2974 aiez
1271 2909 1338 2974 la
1401 2929 1735 2992 promesse
1802 2908 1883 2974 de
1949 2915 2174 2974 nostre

202 2991 518 3076 seigneur
560 2993 976 3060 Jesusehrist
1027 3016 1154 3079 que
1208 2994 1399 3081 oeluy
1458 2995 1570 3079 qui
1626 2993 1918 3060 donnera
1962 2993 2172 3059 seule-

196 3090 379 3143 ment
426 3100 581 3164 ung
622 3101 816 3146 verre
861 3080 1029 3146 dean
1071 3080 1329 3148 fresehe
1374 3087 1416 3146 a
1458 3080 1580 3146 lun
1637 3081 1751 3147 des
1851 3081 1955 3147 lus
1999 3080 2172 3163 petis

196 3160 271 3228 de
315 3185 425 3231 ses
475 3165 809 3248 diseiples,
877 3187 963 3231 ne
1006 3165 1244 3251 perdra
1300 3168 1486 3252 point
1543 3188 1663 3232 son
1709 3188 1782 3232 sa
1833 3168 1987 3231 aire.
2076 3165 2171 3232 Oe

192 3250 298 3330 qui
343 3253 487 3316 m'a
535 3250 601 3317 le
644 3251 796 3335 plus
835 3252 1055 3337 resioy
1099 3274 1183 3317 en
1219 3274 1336 3318 voz
1371 3252 1618 3331 lettres,
1664 3251 1991 3333 Madame,
2033 3259 2172 3318 eest

189 3333 585 3419 lesperanee
642 3360 767 3420 que
827 3359 990 3404 vous
1047 3359 1153 3404 me
1213 3338 1465 3404 donnez
1522 3359 1648 3422 que
1703 3359 1871 3404 nous
1924 3357 2170 3404 aurens

190 3440 257 3485 ee
302 3421 469 3488 bien
521 3422 606 3489 de
654 3444 818 3489 vous
864 3425 1005 3490 voir
1046 3425 1157 3509 iey
1201 3445 1286 3489 en
1332 3423 1507 3489 brief
1557 3432 1625 3490 et
1681 3426 1738 3490 si
1782 3445 1945 3490 vous
1988 3431 2169 3489 trou-

188 3526 301 3571 vez
370 3508 491 3593 icy
562 3530 731 3592 pour
797 3531 961 3576 vous
1023 3510 1271 3594 allegor
1328 3508 1409 3574 de
1473 3531 1594 3576 voz
1639 3509 2039 3595 anguoisses‚
2107 3508 2170 3575 le

186 3602 697 3659 contentement
779 3615 1050 3662 encores
1115 3595 1521 3662 redoublera.
1626 3596 1713 3662 Je
1777 3616 1864 3660 ne
1930 3593 2169 3661 doubte

182 3680 371 3759 point
419 3701 562 3764 qne
609 3701 774 3745 vous
816 3681 1002 3747 naiez
1046 3680 1296 3747 endure
1330 3680 1666 3765 beaueoup
1697 3680 1779 3747 de
1812 3680 2169 3747 faseheries

181 3774 246 3827 et
289 3774 628 3843 tor-mens,
674 3767 842 3832 mais
884 3767 933 3832 il
970 3787 1136 3832 nous
1177 3766 1347 3833 fault
1388 3766 1761 3851 pratiequer
1799 3774 1974 3832 eeste
2017 3765 2169 3831 doe·

184 3849 361 3915 trine
408 3851 503 3917 de
550 3864 873 3918 remeetre
916 3874 1041 3917 noz
1084 3852 1487 3920 sollieitudes
1530 3874 1612 3918 en
1658 3853 1852 3930 Dieu,
1914 3872 2169 3918 eomme

176 3934 241 3999 ie
318 3957 495 4022 seay
564 3937 720 4004 bien
785 3959 911 4022 que
976 3960 1144 4004 vous
1204 3938 1452 4005 faietes.
1560 3939 1649 4005 Je
1713 3960 1796 4003 ne
1862 3938 2169 4021 poursuis

178 4020 369 4102 point
431 4021 599 4106 plus
659 4022 892 4102 oultre,
958 4024 1302 4108 resignant
1353 4022 1417 4089 le
1472 4022 1797 4107 prineipal
1852 4045 1894 4088 a
1945 4032 2168 4089 vostre

174 4127 423 4187 venue,
502 4108 792 4192 laquelle
847 4110 910 4175 ie
968 4111 1110 4193 prie
1152 4110 1331 4176 Dieu
1392 4107 1740 4176 davaneer.
1819 4108 1986 4175 Puis
2038 4128 2167 4192 que

176 4212 347 4259 vous
409 4216 587 4260 avez
646 4202 879 4261 trouve
932 4195 1084 4275 bon,
1139 4194 1470 4275 Madame,
1531 4216 1659 4279 que
1715 4204 1939 4261 nostre
1995 4195 2167 4260 frere

175 4276 416 4344 Rern
490 4279 662 4345 allat
724 4302 808 4346 en
872 4290 1096 4348 vostre
1160 4281 1319 4348 ville
1383 4280 1464 4346 de
1507 4281 1745 4348 Noiers
1810 4280 1858 4345 il
1924 4302 1965 4346 a
2027 4288 2167 4346 este

170 4364 371 4450 ainsy
420 4365 660 4432 resolu
705 4376 774 4431 et
814 4366 871 4431 si
908 4375 1010 4433 est
1052 4366 1342 4434 aeeorde.

348 4450 706 4534 Madame,
753 4473 945 4537 apres
988 4460 1235 4520 mestre
1277 4451 1873 4519 treshumblement
1915 4472 2165 4518 recom-

166 4761 365 4816 3028.
392 4762 463 4827 1)
508 4761 738 4816 Betiree
772 4762 974 4816 durant
1008 4762 1063 4815 la
1097 4760 1368 4830 premiere
1402 4776 1601 4841 guerre
1635 4760 1795 4815 civile
1830 4777 1900 4814 au
1935 4759 2165 4842 ehatequ

166 4830 237 4883 de
272 4831 549 4910 Blandy,
595 4829 725 4900 pres
760 4830 828 4884 de
864 4830 1068 4899 Melan,
1122 4831 1177 4884 la
1226 4846 1503 4897 marqmse
1553 4830 1622 4883 de
1653 4827 1929 4911 ,Rothelin
1962 4827 2166 4884 n’avait

164 4916 267 4966 pn·
304 4916 479 4981 consp
520 4900 597 4953 de
630 4899 936 4980 temoigner
969 4915 1069 4954 son
1104 4898 1477 4953 attachement
1525 4899 1562 4952 a
1593 4896 1790 4977 l'Evan·
1864 4914 1913 4966 e,
1966 4897 2163 4967 qn'elle

164 4968 491 5050 prose-namt
584 4967 699 5022 ubh
739 4974 1128 5050 aemonia-aveo
1157 4960 1213 5021 le
1260 4967 1366 5021 due
1410 4966 1480 5020 de
1514 4967 1794 5049 Longu-evi
1818 4968 1869 5020 le
1916 4983 2015 5021 son
2058 4967 2163 5036 fils,

160 5037 371 5106 depuis
413 4985 589 5092 1561).
630 5064 695 5076 —
733 5108 745 5118 ·
779 5053 811 5091 e
844 5053 1086 5117 manage
1129 5036 1203 5090 dn
1249 5036 1356 5090 dne
1402 5052 1535 5090 aveo
1569 5034 1743 5089 Mane
1778 5035 1848 5089 de
1883 5034 2160 5118 Bonrbou,

162 5123 347 5160 τουτο
383 5107 466 5161 de
508 5106 776 5175 Franeozs
808 5106 880 5160 de
912 5106 1122 5172 Cleves,
1157 5106 1263 5159 due
1295 5104 1365 5159 de
1402 5104 1627 5186 Nevers,
1661 5120 1972 5185 tamena-ee
1996 5120 2161 5174 Jeune

164 5178 447 5246 seigneur
508 5174 653 5228 dans
706 5175 785 5228 les
836 5191 1001 5245 rangs
1051 5175 1126 5229 du
1305 5173 1696 5255 '‘eathohque,
1749 5173 1932 5255 tandin
2003 5190 2073 5228 ne
2106 5175 2163 5255 ¹¹!

162 5245 469 5368 msrqniae
530 5245 785 5374 &ow
802 5244 1119 5380 )demeurait
1172 5242 1630 5298 invariablement
1680 5241 1839 5297 fidele
1892 5241 1929 5296 a
2001 5260 2035 5295 a
2083 5243 2161 5298 foi

390 5396 641 5456 σιιοὴι
658 5412 847 5470 opera.
922 5398 1037 5454 voa.
1078 5396 1216 5455 xx.

1975 389 2139 455 1563
2186 387 2495 459 APRIL.

4122 395 4264 460 690

2281 575 2527 643 mande
2568 598 2610 643 a
2652 584 2872 645 vostre
2915 579 3133 646 bonne
3176 600 3388 664 grase,
3444 580 3508 646 ie
3550 581 3933 668 supplieray
3976 580 4040 648 le
4085 602 4254 666 pere·

2277 661 2524 729 eeleste
2566 684 2732 730 vous
2788 665 3145 731 maintenir
3192 686 3278 731 en
3335 687 3412 733 sa
3462 669 3844 750 protection,
3902 688 4066 734 vous
4108 669 4246 734 for-

2278 748 2483 815 tiffier
2527 748 2607 816 de
2647 749 2801 833 plus
2843 772 2929 819 en
2993 750 3144 836 plus
3200 758 3270 817 et
3323 753 3676 821 aecroistre
3733 775 3820 822 en
3877 760 4025 821 tout
4083 752 4242 820 bien

2279 840 2348 900 et
2392 836 2774 920 prosperite.

3156 1382 3359 1454 8929.

2694 1535 3167 1605 CALVINUS
3213 1538 3849 1606 BULLINGERO.

2452 1708 2649 1775 Pacis
2670 1709 3096 1774 Ambosianae
3127 1709 3429 1775 articulos
3461 1710 3754 1777 describit
3785 1716 3845 1777 et
3880 1713 3960 1778 de
4001 1712 4242 1780 utrius-

2276 1816 2396 1878 que
2440 1793 2750 1861 Borbom‘i
2791 1795 3053 1878 iynavia
3095 1801 3152 1860 et
3192 1795 3368 1861 mala
3397 1796 3525 1877 fide
3566 1797 3863 1879 queritur.

2278 1965 2603 2035 (Exemplar
2635 1964 3009 2021 authenticum
3046 1970 3228 2018 exstat
3273 1981 3437 2020 manu
3478 1965 3760 2020 lenvillaei
3808 1969 4073 2038 scriptum
4118 1985 4243 2024 eum

2276 2036 2486 2090 subseri
2529 2036 2679 2089 tione
2726 2034 2936 2088 calvini
2983 2033 3324 2103 autographa
3365 2035 3423 2088 in
3454 2033 3598 2116 βίω.
3646 2036 3826 2089 Turis.
3870 2038 3930 2090 F.
3975 2036 4061 2102 80,
4107 2037 4242 2092 olim

2276 2105 2417 2227 Ezp.
2528 2103 2670 2184 ,nfoL
2706 2101 2825 2184 945.
2906 2103 3241 2184 Apographa
3288 2119 3531 2226 texet-ies
3574 2104 3629 2158 ln
3666 2104 3791 2159 Cod
3848 2106 4053 2161 Genev.
4089 2105 4242 2176 10⁷⁸,

2276 2173 2335 2228 fo
2405 2172 2512 2226 262
2545 2189 2601 2225 ιιι
2636 2188 2788 2225 emus
2822 2178 2979 2241 tergo
3015 2173 3242 2240 legitur:
3279 2171 3332 2224 A
3408 2172 3773 2241 Bulinqerum
3805 2180 3867 2230 ut
3895 2180 4051 2242 puto,
4087 2181 4146 2229 et
4179 2175 4242 2228 in

2277 2241 2410 2296 Ood.
2446 2239 2566 2305 108,
2603 2241 2697 2295 fol.
2732 2239 2834 2294 148
2869 2241 2925 2293 in
2961 2241 3113 2294 euius
3147 2241 3392 2310 margine
3431 2242 3479 2293 le
3539 2247 3656 2295 tur:
3708 2242 4029 2310 Bullinqero
4064 2242 4248 2298 eredo·-

2278 2316 2370 2366 tur
2404 2311 2629 2378 mepta.
2665 2310 2807 2378 Epp.
2837 2310 3005 2362 Bern.
3033 2259 3693 2447 ⁸Pil-scilhzl123⁷,-){imler
3727 2311 3849 2365 Vol.
3882 2310 4001 2367 106.
4037 2312 4242 2367 Versio

2279 2548 2662 2615 Clarissimo
2729 2546 2871 2613 viro
2946 2547 3031 2613 D.
3100 2546 3394 2614 Henrioo
3460 2548 3849 2633 Bullingero
3929 2550 4244 2618 eoelesiae

2280 2635 2640 2720 Tigurinae
2705 2633 2841 2698 fido
2900 2632 3150 2716 pastori
3205 2633 3395 2698 tratri
3470 2643 3537 2699 et
3601 2643 4006 2721 symmystae
4071 2636 4243 2702 mihi

2845 2718 3203 2802 plurimum
3248 2718 3675 2787 observande.

2451 2889 2523 2956 S.
2592 2890 2689 2956 Er
2735 2911 2774 2955 o
2808 2889 2889 2956 ab
2923 2888 3131 2955 altero
3152 2911 3408 2975 quoque
3453 2892 3657 2957 fratre
3680 2892 3730 2977 ¹)
3767 2892 3900 2957 iam
3936 2894 4244 2978 nequiter

2278 2975 2526 3042 fuimus
2565 2911 2831 3059 progiti.
2918 2974 3370 3056 luroiurando,
3416 2976 3589 3060 quod
3644 2976 3857 3044 voluit
3902 2981 4077 3066 typis
4120 3002 4242 3047 ex-

2277 3061 2445 3141 oudi,
2495 3063 2888 3147 promiserat
2929 3061 3099 3127 nihil
3143 3085 3214 3130 se
3258 3072 3560 3130 asturum
3603 3064 3734 3130 nisi
3779 3084 3862 3129 ex
3907 3067 4238 3133 sociorum

2276 3169 2615 3215 eonsensu.
2709 3149 2889 3214 Dum
2925 3148 3092 3213 elam
3138 3149 3492 3232 paeiseitur
3511 3152 3565 3230 ²)
3605 3170 3755 3214 eum
3804 3151 4056 3235 Reyina
4096 3173 4246 3218 ma-

2278 3246 2394 3312 tre,
2442 3235 2772 3317 praefecto
2796 3232 3233 3318 Lugdunensi
3275 3255 3418 3300 rem
3463 3257 3533 3301 se
3577 3242 3805 3302 tenere
3848 3258 4239 3320 suspensam

2274 3320 2537 3403 sei-ipsit
2579 3340 2783 3404 usque
2838 3320 2912 3384 in
2969 3319 3258 3385 reditum
3304 3320 3694 3388 Admiraldi.
3805 3321 4072 3389 Interea
4127 3345 4239 3391 so-

2274 3427 2461 3472 erum
2506 3405 2814 3472 admonet
2857 3411 2931 3470 ut
2973 3406 3193 3488 copias
3229 3426 3457 3471 omnes
3501 3406 3793 3472 dimittat
3837 3416 3905 3474 et
3948 3410 4240 3476 affirmat

2273 3498 2684 3558 transaetum
2729 3510 2891 3558 esse.
2979 3491 3127 3559 Hoe
3169 3491 3408 3557 mulier
3456 3513 3591 3557 non
3633 3494 3792 3559 satis
3836 3501 4057 3560 astuta
4096 3497 4237 3563 suis

2270 3577 2484 3643 literis
2528 3575 2700 3660 apud
2745 3598 2851 3642 me
2887 3577 3186 3643 confessa
3220 3584 3340 3655 est,
3378 3576 3536 3642 dum
3573 3578 3708 3645 suis
3752 3577 4090 3647 blanditiis
4127 3603 4238 3648 me

2268 3663 2534 3749 plaeare
2577 3660 2813 3729 studet.
2914 3663 3124 3729 Porro
3168 3683 3364 3745 quam
3405 3662 3626 3729 felices
3668 3685 4056 3749 progressus
4102 3689 4238 3734 uno

2270 3757 2605 3815 momento
2650 3748 2964 3815 everterit
3008 3748 3340 3833 intelliges
3383 3770 3470 3813 ex
3513 3747 3726 3815 Besae
3768 3750 3994 3830 literis,
4015 3753 4073 3838 ⁸)
4118 3754 4234 3837 qui

2270 3842 2492 3901 tamen
2538 3856 2668 3900 non
2713 3853 2910 3901 ausus
2943 3843 3045 3900 est
3080 3837 3300 3900 omnia
3335 3834 3638 3914 seribere,
3674 3837 3866 3918 quale
3910 3848 4011 3902 est
4053 3839 4236 3922 quod

2269 3942 2390 3987 nos
2433 3921 2805 3987 exarmavit
2826 3925 2882 3999 ⁴)
2939 3928 3296 4003 antequam
3352 3920 3553 4004 vulgo
3605 3922 4045 3990 innoteseeret
4087 3945 4229 3991 see-

2267 4006 2481 4072 lerata
2529 4007 2766 4090 paetio.
2869 4004 3271 4071 Dominandi
3316 4004 3517 4072 libido
3574 4007 3906 4073 hominem
3959 4030 4233 4093 prorsus

2269 4092 2666 4159 exeaeeavit.
2690 4092 2742 4177 ⁸)
2850 4089 3115 4156 Interea
3165 4112 3482 4176 magnum
3538 4091 3851 4176 quiddam
3908 4115 3979 4161 se
4034 4117 4231 4180 prae-

2269 4186 2445 4244 stare
2504 4177 2877 4255 existimat,
2933 4175 3089 4241 dum
3145 4198 3263 4242 sex
3321 4198 3407 4243 ex
3464 4198 3589 4243 sua
3645 4190 3911 4246 caterva
3961 4183 4228 4259 ourat⁶)

2266 4265 2442 4329 inter
2486 4263 2739 4347 equites
2781 4263 2947 4348 regii
2991 4260 3244 4328 ordinis
3297 4264 3589 4347 eooptari
3641 4274 3708 4330 et
3751 4266 3822 4330 in
3868 4267 4232 4349 puerilibus

2267 4554 2454 4610 8929.
2477 4554 2536 4691 13
2569 4553 2897 4637 Navarra-n·
2929 4568 3024 4635 sc..
3775 4622 3787 4636 ⁶
3836 4623 3848 4635 .

2474 4622 2510 4675 2
2571 4622 2662 4676 De
2705 4623 2796 4677 Ιιιο
2839 4638 2891 4676 v.
2940 4622 3088 4676 Hm.
3123 4621 3247 4677 eccl.
3291 4620 3361 4675 11.
3408 4620 3541 4689 278,·
3591 4621 3934 4691 Popezmm
3971 4622 4070 4689 sol.
4117 4624 4228 4680 356

2266 4708 2369 4775 sa,-
2406 4692 2578 4774 His-t..
2604 4691 2701 4746 des
2746 4691 2932 4747 choses
2976 4690 3128 4745 nen.
3183 4689 3338 4744 1599.
3383 4706 3439 4758 p.
3486 4689 3618 4757 163,·
3661 4697 3713 4746 et
3754 4692 4015 4760 epistola
4056 4694 4234 4765 loqu&

2265 4761 2534 4896 Ηωρωὲῗ)
2556 4757 3394 4898 Ἑαρξΐὶᾚαξεΐοῗτοῖξεῗίἅοινξξ
3424 4775 3561 4899 {tia
3597 4827 3672 4884 N.
3705 4826 3845 4882 3923
3890 4845 4003 4885 noa
4048 4831 4230 4888 mulla

2263 4899 2425 4954 habet
2448 4898 2529 4952 ad
2561 4913 2692 4953 rem.
2883 4966 2896 4979 ·
3203 4965 3216 4978 ·
3364 4965 3376 4977 ⁸

2469 4969 2530 5101 ἓξ
2561 4983 2662 5090 ῗι.
2697 4964 2925 5090 ’ἔιῖἓνῗ
2943 4982 3086 5091 {a
3110 4963 3746 5116 Ἑιιοιὲιιίῗέὶῖᾟξῗρυῗιο
3791 5050 3920 5089 sons
3953 5036 4100 5091 main
4147 5054 4226 5093 ιιι

2263 5106 2462 5160 Prinee
2499 5121 2605 5175 que
2674 5110 2855 5158 amant
2901 5118 3006 5157 une
3049 5119 3180 5172 pau
3232 5119 3357 5157 sans
3403 5102 3774 5172 a'opmmtrer
3824 5110 3953 5175 trop
3995 5121 4091 5159 sur
4137 5106 4223 5161 les

2261 5173 2586 5238 conditione,
2624 5172 2664 5226 il
2699 5174 2871 5227 seroit
2905 5172 3245 5226 incontinent
3287 5172 3467 5227 esleve
3512 5189 3579 5226 an
3628 5171 3795 5242 degre‘
3840 5173 3915 5226 du
3960 5172 4050 5229 {eu
4093 5174 4222 5248 Bor

2262 5260 2361 5299 mn
2394 5243 2793 5378 ἠθέῗῑιεοοιιιο
2825 5309 2892 5365 he
2923 5308 2978 5363 is
3011 5308 3275 5366 enrolled.
3740 5392 3814 5449 44
