4900 6125
248 439 365 503 025

249 644 417 692 vous.
502 621 596 689 Et
652 643 780 707 que
838 622 1012 688 deux
1078 642 1164 689 ou
1208 622 1374 689 trois
1416 622 1734 689 Pasteurs
1779 621 1894 688 des
1935 622 2204 707 Eglisos

247 709 550 786 voisines,
617 729 779 776 avec
836 707 952 776 des
1010 709 1278 775 anciens
1329 708 1429 775 les
1473 708 1625 793 plns
1667 707 1982 775 snffisaus
2026 729 2202 791 quon

245 814 477 880 ponrra
518 794 797 873 choisir,
851 793 1312 861 s’assemblent
1354 815 1520 878 pour
1562 815 1645 860 en
1691 794 2089 878 cogneistre,
2135 802 2203 859 et

244 901 364 965 que
405 880 545 947 cela
585 901 657 947 se
702 880 844 947 face
887 879 1138 946 dedans
1181 880 1348 946 trois
1390 882 1576 947 mois.
1655 881 1750 946 Et
1792 901 1876 946 en
1922 899 2034 945 cas
2076 900 2203 964 que

242 967 413 1032 l'uue
446 965 561 1032 des
595 966 838 1050 parties
872 965 1113 1044 reoule,
1151 987 1235 1032 ou
1271 987 1356 1031 ne
1389 968 1828 1052 comparuisse
1863 967 2068 1050 point,
2114 985 2199 1031 ou

242 1054 447 1118 resuse
467 1052 517 1119 J
518 1063 850 1137 ugement‚
875 1073 1002 1134 que
1025 1051 1151 1118 tels
1174 1052 1382 1119 delais
1404 1074 1489 1118 ou
1513 1052 1930 1137 subterfuges
1964 1063 2203 1138 seyent

241 1147 429 1290 genus
485 1159 656 1289 pqiur
713 1149 1135 1205 contumaces
1190 1147 1261 1205 et
1279 1142 1337 1214 ²)
1394 1143 1593 1223 qu'on
1647 1160 1734 1205 ne
1776 1137 1972 1205 laisse
2014 1140 2203 1222 point

281 1245 317 1289 e
356 1244 546 1307 proce
594 1245 685 1289 er.

401 1310 850 1389 Maintenant,
891 1309 1220 1377 treachers
1261 1310 1503 1387 freres,
1550 1330 1714 1377 nous
1759 1330 1928 1375 vous
1974 1310 2202 1394 priona

239 1416 320 1462 au
363 1416 516 1460 nom
562 1395 644 1461 de
670 1396 843 1462 Dieu
882 1396 1164 1479 prendre
1203 1406 1382 1461 ceste
1425 1396 1688 1480 charge,
1726 1405 1795 1460 et
1827 1417 1914 1461 ne
1947 1396 2081 1461 fust
2125 1417 2199 1461 ce

235 1501 357 1632 {¹13⁰
370 1480 1644 1651 33⁰¹5320ffi32⁵22222331⁶2¹32³3230
1656 1480 1958 1633 sem*
1982 1502 2198 1634 ἓξὲξ·

234 1650 446 1734 derer,
502 1661 605 1719 est
657 1659 702 1719 a
743 1651 1004 1738 sqavoir
1047 1655 1102 1718 si
1147 1653 1236 1719 tel
1282 1654 1575 1738 mariage
1620 1654 1863 1737 auquel
1907 1655 2003 1719 les
2048 1653 2198 1736 plus

230 1739 576 1822 prochains
618 1760 879 1823 parens,
925 1748 1198 1824 excepte
1237 1739 1304 1804 la
1344 1761 1558 1818 mere,
1603 1738 1785 1805 n’ont
1830 1740 2016 1823 point
2057 1747 2200 1805 este

229 1824 536 1907 appelles,
581 1823 722 1892 doit
764 1835 937 1892 estre
981 1835 1142 1891 tenu
1188 1846 1356 1909 pour
1397 1825 1763 1891 claudentia
1807 1846 1893 1891 ou
1929 1846 2083 1903 non,
2130 1836 2197 1890 ct

228 1911 373 1993 puis
431 1909 514 1976 de
566 1912 906 1977 examinet
964 1910 1424 1996 diligemment
1463 1912 1522 1977 si
1564 1925 1753 1977 outre
1797 1911 1865 1976 la
1905 1911 2196 1996 legerete

227 1997 332 2078 qui
385 2017 426 2061 a
482 2005 625 2062 este
681 2018 765 2062 en
809 1998 874 2061 la
915 1997 1083 2076 fille,
1145 1997 1211 2061 la
1252 2019 1432 2064 mere
1476 2019 1517 2063 a
1558 2005 1696 2063 este
1740 1997 2085 2080 surprinse
2129 2009 2196 2062 et

226 2082 661 2148 circonvenue
715 2104 799 2149 ou
858 2103 1012 2149 non.
1100 2082 1308 2161 Item,
1369 2082 1453 2149 sil
1510 2105 1557 2168 y
1614 2105 1654 2148 a
1710 2104 1792 2149 eu
1837 2104 2066 2149 erreur
2110 2105 2193 2148 en

225 2187 351 2233 une
408 2166 526 2234 des
582 2169 830 2254 parties
890 2167 1247 2252 procedant
1305 2167 1387 2235 de
1446 2168 1513 2235 la
1572 2170 1811 2234 finesse
1855 2177 1924 2233 et
1966 2167 2195 2234 fraude

226 2251 302 2318 de
344 2252 598 2320 l’antre.
688 2255 1018 2321 D'autant
1059 2277 1186 2337 que
1230 2277 1393 2322 vous
1437 2275 1596 2321 avez
1641 2265 1858 2320 tontes
1902 2255 2000 2320 les
2044 2275 2192 2339 per-

223 2358 458 2406 sonnes
528 2339 689 2405 dont
752 2361 916 2406 vous
981 2362 1257 2425 pourrez
1323 2341 1487 2406 tirer
1547 2341 1613 2406 la
1678 2339 1892 2407 verite
1959 2341 2041 2406 de
2085 2360 2193 2406 ces

221 2424 481 2504 choses,
543 2426 596 2510 jl
661 2447 824 2492 vous
877 2448 1026 2492 sera
1077 2427 1225 2492 bien
1287 2427 1436 2511 plus
1494 2425 1685 2493 facile
1748 2447 1942 2510 apres
2008 2427 2193 2492 avoir

216 2530 428 2594 cognu
472 2511 539 2576 le
582 2511 734 2591 fait,
793 2511 1106 2579 d'asseoir
1140 2515 1488 2598 jugement
1531 2534 1688 2578 seur
1730 2523 1798 2578 et
1841 2511 2189 2596 equitable.

214 2595 469 2662 Pource
526 2617 654 2680 que
719 2618 890 2664 nous
934 2619 1248 2681 esperone
1291 2620 1418 2682 que
1466 2599 1637 2664 Dieu
1682 2619 1849 2665 vous
1894 2597 2191 2663 donnera

213 2681 547 2763 prudence
608 2705 775 2767 pour
821 2683 972 2750 bien
1007 2683 1375 2769 cogneistre
1419 2695 1566 2750 tout
1610 2684 1674 2750 le
1719 2684 1952 2749 merite
1997 2683 2077 2749 de
2121 2683 2189 2749 la

212 2786 438 2846 cause,
510 2791 677 2835 nous
723 2790 809 2834 ue
851 2791 1019 2837 vous
1063 2771 1282 2836 ferens
1325 2770 1475 2854 plus
1515 2770 1758 2854 lougue
1802 2768 2099 2847 dednite,
2147 2791 2188 2835 a

211 2852 300 2917 fin
357 2856 539 2920 aussi
599 2856 737 2938 quil
799 2876 883 2921 ne
940 2855 1188 2922 semble
1241 2877 1370 2938 que
1427 2877 1596 2921 nous
1654 2856 1980 2922 venillons
2022 2876 2187 2922 vous

215 2940 501 3022 ‘mposer
547 2939 657 3025 loy
701 2961 874 3024 pour
918 2963 1085 3008 vous
1130 2943 1498 3008 astreindre
1542 2950 1585 3008 a
1629 2952 1852 3008 nostre
1895 2943 2183 3026 opinion.

272 3045 392 3093 ons
461 3028 765 3110 prierons
808 3029 987 3094 aussi
1031 3049 1108 3094 ce
1151 3028 1323 3095 Pere
1366 3025 1449 3095 de
1491 3027 1698 3095 olarte
1743 3049 1905 3095 vous
1950 3050 1995 3114 y
2039 3027 2185 3113 gui·

211 3108 326 3175 der
380 3133 463 3177 en
527 3125 705 3177 sorte
764 3114 921 3195 qn’il
981 3133 1317 3198 appronve
1374 3133 1449 3179 oe
1494 3134 1622 3196 que
1666 3134 1830 3178 vous
1864 3136 1948 3178 en
1992 3116 2185 3191 feres,

212 3206 276 3260 et
328 3217 458 3280 qne
520 3219 688 3264 none
746 3218 953 3311 ayone
995 3200 1295 3265 occasion
1342 3196 1423 3264 de
1465 3197 1530 3264 le
1573 3199 1869 3283 glorifier
1909 3220 2078 3282 pour
2121 3198 2187 3264 la

209 3278 425 3349 bonne
461 3285 650 3368 jesue
693 3284 853 3368 quil
896 3305 1059 3350 aura
1102 3282 1358 3350 donnee
1401 3306 1484 3350 en
1529 3306 1620 3349 un
1666 3285 1896 3351 affaire
1938 3286 1994 3350 si
2030 3305 2186 3351 con-

207 3367 328 3433 fus.
421 3370 518 3435 Et
575 3389 651 3435 ce
707 3369 1004 3453 pendant
1055 3370 1215 3453 qn'il
1273 3391 1434 3437 vous
1491 3371 1900 3437 maintienne
1959 3392 2045 3437 en
2110 3392 2187 3437 sa

206 3455 612 3535 promotion,
680 3477 845 3522 vous
897 3465 1250 3541 augmente
1311 3477 1395 3522 en
1441 3465 1591 3523 tous
1634 3476 1740 3523 ses
1783 3456 1950 3524 dous
1991 3457 2186 3541 spiri-

207 3540 380 3607 tnels
427 3552 500 3608 et
542 3562 709 3609 vous
751 3544 1131 3609 eonstienne
1173 3563 1299 3627 par
1340 3563 1416 3607 sa
1459 3551 1672 3610 vertn.
1695 3544 1751 3628 ⁸)

991 3837 1404 3848 —————

1092 4056 1299 4127 4229.

614 4210 1089 4281 CALVINUS
1139 4213 1222 4279 N.
1279 4209 1784 4278 OFFIOIALI.

387 4384 644 4450 Similis
687 4385 1038 4468 aryumenti
1095 4389 1281 4466 atque
1337 4384 1490 4450 illae
1533 4384 1619 4449 ad
1670 4383 1965 4450 mulieres
2006 4386 2186 4451 modo

208 4472 682 4553 transcen-ipius,
715 4471 993 4535 maxime
1035 4471 1181 4537 inde
1213 4470 1561 4550 confirma·
1602 4469 1770 4554 quod
1809 4470 1918 4536 ille
1958 4472 2028 4536 in
2070 4492 2186 4537 suo

205 4556 416 4706 ἵζᾷξίο
460 4556 794 4711 εωῖνσεηάο
835 4576 977 4621 cum
1019 4556 1389 4623 conscientia
1430 4577 1551 4623 sua
1600 4560 1899 4639 perpetuo
1940 4560 2183 4640 conflic-

205 4813 320 4881 (Ex
375 4814 620 4869 editione
672 4814 847 4869 Betae
901 4814 1037 4870 Gen.
1073 4813 1204 4881 190,
1258 4814 1419 4868 Laus.
1453 4831 1508 4884 p.
1533 4811 1666 4879 406,
1717 4814 1931 4872 Hanov.
1965 4834 2020 4887 p.
2057 4816 2182 4883 455,

719 4884 932 4938 Cbouet
971 4901 1025 4954 p.
1059 4882 1182 4950 257,
1228 4887 1405 4939 Amet.
1444 4900 1497 4953 p.
1541 4882 1683 4949 118.)

422 5088 488 5158 2)
519 5106 589 5142 on
609 5089 791 5143 refnse
827 5127 1105 5146 ......
1142 5098 1488 5144 contumaces
1525 5096 1582 5143 et
1618 5131 1629 5143 .
1670 5130 1684 5145 .
1719 5130 1736 5147 .
1770 5105 1859 5147 cu
1886 5095 2026 5145 noto
2043 5091 2183 5145 omis

209 5158 360 5214 dm
391 5158 702 5227 l'tmpn'me'.

426 5226 490 5296 3)
530 5228 608 5280 Μ.
644 5227 862 5283 Bou-net
893 5241 1063 5295 peace
1094 5243 1197 5297 quc
1228 5233 1391 5283 cem-c
1435 5228 1587 5283 lettre
1617 5229 1876 5297 pom-raet
1908 5229 2071 5283 avoir
2104 5226 2184 5282 ete

207 5294 381 5422 {zv-ite
417 5312 487 5352 en
525 5295 678 5351 1563.
751 5296 915 5352 Nous
956 5295 1193 5352 n’avoas
1225 5311 1414 5353 aucun
1453 5313 1645 5369 moyen
1690 5297 1758 5353 de
1801 5294 2018 5366 virisia-
2051 5304 2184 5353 cem

1856 431 2638 503 SUPPLRMEM'UM.

4144 433 4283 497 5262

2480 620 2551 688 S.
2597 622 2682 687 D.
2749 621 2854 687 Ne
2896 620 3191 698 mireris,
3247 620 3487 686 eximie
3530 619 3665 698 vir,
3719 619 3891 704 quod
3936 620 4281 687 hominem¹

2304 706 2470 773 mihi
2526 715 2786 774 tantum
2842 729 2927 773 ex
2984 709 3159 773 fama
3211 713 3438 771 notum
3494 706 3708 772 literis
3772 707 3939 773 meis
3997 706 4281 792 perinde

2302 794 2718 860 familiariter
2771 792 3152 878 aggredior,
3210 811 3287 858 ac
3340 792 3400 858 si
3457 792 3669 859 maior
3722 791 3900 858 inter
3954 814 4074 859 nos
4117 813 4273 859 con-

2304 879 2585 946 suetudo
2643 880 2809 945 mihi
2868 878 3121 944 aditum
3179 877 3596 963 patefaceret.
3682 876 3791 943 De
3846 879 4059 945 officio
4123 899 4270 945 meo

2304 966 2598 1050 breviter
2640 965 2764 1032 hoc
2808 966 3090 1049 praefari
3135 985 3362 1047 cogor,
3417 966 3574 1046 quia
3614 985 3753 1030 non
3794 984 4055 1047 semper
4097 964 4271 1031 ultro

2304 1052 2630 1118 accedunt
2671 1053 2784 1136 qui
2822 1061 3045 1117 tamen
3080 1061 3238 1115 sunt
3272 1070 3355 1115 ex
3376 1048 3627 1116 Christi
3664 1071 3883 1136 grege,
3926 1050 4272 1135 plerosque

2304 1158 2448 1204 esse
2492 1139 2719 1221 procul
2766 1134 3205 1221 quaerendos,
3273 1144 3468 1219 atque
3519 1145 3597 1201 ut
3637 1136 4126 1222 subterfugiant
4165 1139 4270 1202 in-

2303 1224 2611 1290 vitandos
2654 1244 2816 1290 esse.
2907 1224 3051 1307 Ego
3094 1242 3253 1288 vero
3296 1220 3458 1286 adeo
3502 1223 3571 1286 in
3615 1221 3991 1289 excusanda
4030 1222 4273 1290 fiducia

2303 1312 2501 1375 anxie
2564 1332 2697 1375 non
2765 1308 3019 1386 labore,
3117 1315 3189 1374 ut
3256 1307 3423 1373 mihi
3486 1306 3918 1391 persuadeam
3983 1309 4270 1375 officium

2302 1416 2521 1461 meum
2570 1396 2690 1462 tibi
2746 1407 2811 1461 et
2855 1404 3121 1479 gratum
3179 1394 3317 1459 fore
3374 1404 3444 1460 et
3485 1394 3664 1460 utile.
3756 1393 3954 1460 Certe
3997 1396 4273 1461 minime

2302 1501 2568 1561 vereor,
2631 1502 2719 1547 ne
2776 1481 2893 1546 tibi
2949 1502 3142 1564 quem
3203 1489 3584 1546 reverenter
3627 1480 3926 1547 coelestis
3970 1500 4036 1546 m
4128 1481 4141 1495 “
4185 1482 4269 1546 tri

2302 1567 2668 1632 doctrinam
2705 1567 3007 1650 excipere
3043 1564 3256 1644 audio,
3295 1565 3579 1631 ludibrio
3615 1566 3702 1632 sit
3735 1587 3885 1632 mea
3918 1501 4263 1633 sedffias:

2302 1651 2460 1718 dnm
2506 1663 2573 1719 te
2617 1674 2747 1719 non
2793 1654 2964 1718 male
3005 1652 3267 1736 quidem
3307 1651 3692 1730 animatum,
3736 1651 3854 1719 sed
3889 1653 3962 1718 in
3996 1653 4270 1738 profun-

2301 1737 2486 1805 diore
2526 1739 2671 1805 luto
2714 1738 3100 1804 haerentem
3147 1738 3424 1803 incitare
3467 1736 3698 1804 studeo
3715 1789 3731 1818 ,
3774 1745 3850 1804 ut
3894 1739 4088 1822 paulo
4132 1739 4271 1804 ala-

2299 1825 2478 1891 crius
2543 1825 2627 1890 ad
2682 1838 2927 1890 metam
2992 1823 3370 1891 contendas.
3474 1823 3799 1908 Asperius
3862 1825 4030 1891 forte
4095 1825 4271 1909 quod

2300 1911 2596 1977 dicturus
2650 1933 2832 1990 sum,
2900 1910 3016 1975 tibi
3078 1909 3439 1976 videbitur.-
3502 1908 3618 1975 sed
3675 1917 3899 1977 tamen
3955 1920 4024 1977 et
4088 1911 4269 1978 dictu

2299 1997 2492 2076 utile,
2538 2006 2606 2062 et
2648 1998 3065 2063 verissimum
3110 2017 3253 2061 esse
3296 2016 3646 2079 agnosces,
3691 1997 3749 2062 si
3792 1998 3864 2061 in
3908 2007 3972 2062 te
4016 1996 4268 2080 paulis-

2298 2103 2416 2166 per
2481 2082 2933 2161 desceuderis,
3015 2103 3150 2146 non
3215 2081 3427 2149 maius
3492 2102 3636 2148 esse
3699 2084 3875 2167 ignis
3933 2091 4003 2148 et
4058 2104 4267 2167 aquae

2299 2167 2674 2247 dissidium,
2743 2190 2941 2251 quam
2999 2167 3181 2233 locus
3238 2166 3353 2233 ille
3408 2187 3604 2252 quem
3663 2177 3846 2235 tenes
3889 2188 3930 2233 a
3970 2168 4267 2253 legitima

2297 2255 2640 2321 vocatione
2697 2254 2921 2337 procul
2982 2253 3238 2319 alienus
3297 2262 3416 2319 est.
3504 2251 3906 2337 Quanquam
3952 2274 4082 2320 uon
4126 2263 4265 2321 tam

2296 2341 2497 2424 longa
2531 2340 2639 2405 vel
2677 2348 2986 2406 accurata
3021 2338 3465 2422 disputatione
3500 2350 3567 2405 te
3602 2339 4022 2419 vincendum,
4065 2361 4266 2424 quam

2295 2427 2554 2492 acribus
2609 2426 2898 2492 stimulis
2952 2447 3090 2510 pun
3140 2426 3386 2491 endum
3446 2446 3591 2491 esse
3650 2425 3969 2506 arbitror,
4027 2438 4103 2491 ut
4145 2427 4265 2494 tibi

2294 2513 2467 2578 serio
2520 2511 2863 2595 displiceas
2907 2510 3031 2578 sub
3075 2513 3096 2575 i
3153 2533 3192 2575 a
3238 2511 3518 2577 barbara
3560 2521 3843 2596 papatus
3886 2513 4263 2597 tyrannide,

2294 2620 2425 2681 qua
2470 2609 2863 2681 premuntur
2900 2596 3341 2663 communiter
3373 2598 3483 2662 alii
3520 2617 3763 2664 omnes.
3835 2596 4059 2679 Quam
4094 2596 4265 2664 diffi-

2293 2684 2417 2749 cile
2461 2685 2549 2750 sit
2589 2704 2834 2767 purum
2880 2695 3078 2766 atque
3119 2682 3452 2767 integrum
3478 2683 3624 2749 Deo
3657 2684 4041 2767 obsequium
4076 2705 4265 2768 prae-

2293 2780 2490 2846 stare,
2535 2771 2812 2853 quisque
2854 2790 2975 2853 pro
3018 2789 3090 2834 se
3134 2769 3490 2852 experitur.
3584 2770 3730 2835 Tua
3772 2790 3930 2835 vero
3974 2770 4266 2852 peculia-

2293 2857 2386 2921 ris
2429 2866 2535 2920 est
2577 2856 2776 2930 ratio,
2838 2856 2951 2936 qui
2993 2855 3281 2919 iniustae
3323 2855 3505 2921 illius
3547 2865 3617 2921 et
3658 2854 4013 2939 sacrilegae
4058 2855 4266 2922 domi-

2294 2942 2585 3008 nationis
2629 2939 2894 3006 satelles
2939 2961 3081 3006 esse
3124 2960 3199 3005 co
3246 2941 3376 3006 eris
3420 2961 3496 3006 ac
3539 2941 3861 3006 minister.
3947 2939 4264 3026 Discipli-

2293 3048 2419 3093 nae
2489 3027 2754 3111 quidem
2823 3046 3128 3110 praeesse
3199 2961 3635 3093 {onorificum
3714 3034 3849 3093 est:
3931 3025 4047 3093 sed
4110 3027 4266 3095 vide

2292 3134 2490 3197 quam
2556 3123 2826 3178 strenue
2881 3114 2953 3178 in
3012 3112 3378 3197 purgandis
3434 3112 3704 3198 flagitiis
3750 3112 4031 3195 labores,
4097 3136 4265 3199 quae

2291 3200 2515 3283 pueris
2572 3219 2833 3282 quoque
2891 3200 3052 3282 ipsis
3109 3210 3268 3264 nota
3325 3210 3501 3265 sunt.
3591 3200 3811 3264 Tuum
3869 3210 4004 3278 est,
4062 3211 4139 3265 ut
4181 3199 4263 3267 de

2291 3284 2611 3351 ebrietate
2654 3284 2931 3368 aliisque
2977 3285 3155 3351 vitiis
3198 3294 3489 3364 taceam,
3548 3283 3882 3351 scortandi
3925 3284 4264 3353 licentiam

2290 3371 2359 3435 in
2404 3371 2582 3438 clero
2630 3368 2967 3436 cohibere:
3015 3388 3194 3435 nunc
3237 3380 3454 3436 tecum
3495 3381 3749 3454 reputa,
3792 3391 3991 3454 quam
4026 3373 4098 3437 in
4137 3371 4264 3440 hac

2288 3478 2512 3524 crassa
2555 3476 2722 3540 quae
2766 3456 3071 3522 omuibus
3116 3466 3277 3521 nota
3319 3467 3419 3522 est
3462 3457 3904 3523 obscoenitate
3948 3457 4261 3524 tolerabi-

2287 3541 2370 3608 lis
2428 3544 2517 3607 sit
2574 3554 2687 3607 tua
2730 3540 3185 3608 dissimulatio.
3275 3544 3493 3625 Atque
3551 3553 3622 3608 ut
3666 3543 4126 3610 severissimus
4168 3545 4261 3611 sis

2287 3629 2414 3694 hac
2467 3628 2540 3693 in
2598 3637 2786 3712 parte
2843 3646 3108 3706 censor,
3165 3648 3403 3713 nempe
3454 3627 3579 3695 hoc
3633 3629 3762 3694 erit
3815 3649 4051 3713 operae
4109 3638 4262 3697 tuae

2285 3715 2607 3799 pretium,
2675 3724 2752 3779 ut
2811 3713 3005 3779 idolis
3062 3724 3332 3779 maneat
3387 3714 3649 3799 integer
3703 3713 3954 3797 cultus,
4022 3724 4098 3781 nt
4138 3737 4262 3782 sua

2286 3799 2633 3883 sacrilegia
2697 3810 3051 3866 exerceant
3093 3801 3299 3866 vestri
3343 3801 3736 3866 sacerdotes.
3823 3801 4261 3885 Praecipuam

2286 3888 2464 3952 enim
2524 3883 2993 3951 iurisdictionis
3045 3895 3198 3951 tuae
3258 3894 3514 3969 partem
3565 3886 3635 3951 in
3704 3885 3825 3953 hoc
3870 3887 4069 3953 sitam
4114 3908 4260 3956 esse

2288 3994 2419 4038 non
2467 3970 2758 4055 negabis,
2804 3980 2881 4036 ut
2923 3970 3110 4037 salva
3152 3973 3241 4036 sit
3283 3983 3350 4036 et
3394 3973 3645 4038 intacta
3686 3983 3967 4057 papatus
4003 3973 4257 4058 religio,

2286 4080 2484 4143 quam
2545 4058 2675 4123 scis
2729 4057 3099 4123 innumeris
3158 4056 3548 4139 corruptelis
3605 4072 3872 4125 scatere.
3964 4058 4117 4127 Una
4157 4069 4260 4126 est

2286 4144 2518 4226 culpae
2561 4155 2712 4209 tuae
2758 4142 3015 4220 levatio,
3061 4144 3235 4226 quod
3280 4144 3436 4208 filiis
3463 4143 3588 4210 Dei
3625 4145 3860 4229 parcis,
3906 4165 3991 4211 ue
4026 4154 4258 4230 tyran-

2285 4232 2432 4296 nico
2478 4226 2562 4293 ad
2605 4230 3107 4311 superstitiones
3151 4250 3271 4312 per
3314 4242 3380 4294 te
3424 4244 3763 4314 cogantur.
3851 4228 3987 4297 Sed
4046 4252 4256 4315 quan-

2287 4315 2540 4381 tumvis
2585 4313 2700 4378 tibi
2757 4313 3140 4380 humaniter
3196 4326 3551 4400 temperes,
3618 4317 3862 4382 invitas
3908 4326 4130 4382 tamen
4173 4317 4259 4382 ad

2287 4399 2692 4485 peccandum
2756 4421 2920 4483 quos
2985 4401 3309 4467 violenter
3381 4423 3516 4467 non
3582 4401 3812 4467 trabis.
3921 4402 4255 4487 Excipiee,

2288 4488 2407 4552 tibi
2454 4485 2523 4551 id
2570 4506 2701 4551 non
2748 4506 2891 4552 esse
2933 4487 3001 4550 in
3049 4489 3284 4553 animo.
3376 4488 3509 4553 Sed
3557 4485 3715 4571 quid
3757 4488 4256 4572 tergiversando

2285 4573 2606 4658 proficies,
2651 4593 2853 4653 quum
2899 4594 3006 4638 res
3050 4575 3195 4656 ipsa
3234 4573 3449 4656 palam
3488 4573 3799 4651 clamitet,
3843 4576 4099 4658 quoties
4132 4577 4254 4641 tri-

2288 4659 2490 4724 bunal
2548 4658 2959 4736 conscendis,
3027 4660 3292 4743 signum
3349 4660 3515 4743 erigi
3573 4657 3836 4725 tuendis
3878 4660 4251 4742 pollutioni·

2287 4746 2426 4823 bus,
2473 4765 2643 4827 quae
2686 4754 2896 4808 totum
2944 4745 3066 4809 Dei
3108 4745 3355 4810 cultum
3393 4745 3825 4829 pervertunt?
3915 4749 4006 4812 At
4050 4768 4133 4813 ue
4175 4755 4253 4812 ut

2283 4832 2531 4913 optime
2576 4839 2640 4894 te
2684 4850 2907 4914 geras,
2976 4831 3248 4896 simulas
3305 4842 3523 4897 tamen
3582 4830 3752 4896 nihil
3797 4842 3862 4897 te
3905 4832 4079 4899 vele
4122 4831 4248 4899 Sa-

2286 4928 2481 4981 tanae
2541 4914 2874 4999 derogare.
2964 4916 3193 4981 Pallor
3250 4920 3426 4982 enim
3493 4917 3549 4982 si
3594 4917 3771 4983 ultra
3815 4918 4248 5003 progrederis,

2283 5024 2482 5086 qnam
2526 5018 2601 5066 ut
2644 5002 2807 5067 falso
2853 5014 3200 5083 praetextu
3237 5003 3406 5069 elabi
3443 5006 3623 5070 siuas
3657 5026 3739 5070 ex
3775 5002 4044 5088 laqueis,
4087 5026 4251 5089 quos

2284 5100 2511 5154 tamen
2571 5087 2850 5152 tendunt
2903 5108 3192 5172 aucupes
3235 5090 3364 5167 tui,
3430 5090 3512 5155 ad
3569 5112 3795 5156 omnes
3838 5090 4095 5157 animas
4138 5111 4248 5156 ae·

2284 5184 2473 5239 terno
2532 5174 2738 5238 exitio
2795 5174 3246 5257 implicandas.
3336 5177 3539 5259 Atqui
3598 5186 3784 5242 tuum
3846 5179 4060 5260 potius
4103 5185 4249 5243 erat

2284 5260 2501 5345 palam
2549 5259 2842 5343 abigere,
2908 5260 3084 5342 quod
3130 5259 3292 5327 adeo
3331 5283 3465 5327 non
3513 5276 3823 5344 praestas,
3867 5274 3941 5328 ut
3984 5263 4247 5330 silentio

2284 5359 2398 5413 tuo
2443 5343 2844 5430 prodantur,
2912 5367 2997 5411 ne
3058 5347 3213 5430 quid
3259 5350 3528 5434 gravius
3572 5346 3803 5415 dicam.
3893 5349 3988 5416 Ut
4030 5349 4247 5418 dicam
