4900 6125
293 377 392 437 657

277 560 411 647 pari
437 561 484 634 ¹)
538 557 938 625 honorificae
994 558 1353 625 memoriae
1409 559 1642 640 filium,
1705 561 1829 628 hac
1873 561 1956 628 de
2010 580 2212 628 causa

286 644 589 713 Basileam
622 651 701 709 ιιι
741 664 893 711 cnm
930 645 1359 728 optimatibus
1402 653 1560 732 agat
1600 654 1670 713 et
1711 645 1883 726 inde,
1929 646 1987 713 si
2025 645 2211 714 vide·

285 733 454 808 bitur,
495 729 787 795 Bernam
828 738 1084 815 pergat.
1155 730 1227 798 Is
1268 729 1427 814 quid
1485 733 1554 799 in
1612 731 1747 798 illis
1798 731 1959 799 locis
2000 733 2213 819 egerit

283 817 352 884 ad
389 836 498 882 vos
540 826 642 881 est
683 816 1189 900 perscripturus,
1269 816 1424 884 Non
1466 838 1633 903 opus
1676 828 1779 884 est
1819 838 2038 885 orare:
2096 838 2212 884 oro

282 911 475 969 tamen
531 908 609 966 nt
660 902 853 967 nobis
906 923 1041 968 non
1098 901 1291 969 desis.
1381 903 1459 972 Si
1505 904 1783 988 pecunia
1847 905 2051 970 etiam
2093 913 2213 971 tna

278 986 622 1071 respublica
663 1007 830 1070 opus
873 987 1111 1053 habeat
1152 990 1537 1072 partiamur.

428 1071 992 1158 Oldcnburgicnm
1051 1074 1428 1141 institutum
1484 1076 1700 1160 placet
1756 1076 2208 1160 Principibus:

278 1159 484 1224 habuit
535 1157 712 1242 apud
765 1180 872 1225 me
935 1171 1092 1227 ante
1148 1159 1425 1227 biduum
1483 1163 1912 1229 secretarium
1979 1182 2208 1228 suum:

276 1245 547 1330 perrexit
580 1245 781 1310 etiam
818 1246 877 1310 si
898 1265 1046 1311 sero
1078 1246 1176 1310 illi
1199 1266 1240 1310 a
1259 1246 1451 1313 nobis
1472 1268 1864 1332 responsum
1886 1250 1988 1313 sit.
2038 1247 2210 1314 Gas-

274 1351 481 1415 parum
533 1330 816 1398 Gamaut
841 1333 900 1415 ²)
945 1331 1029 1396 ad
1086 1331 1277 1398 illum
1319 1333 1621 1400 misimus
1676 1355 1827 1401 cum
1881 1332 2211 1400 mandatis

272 1416 579 1517 Principis
627 1415 971 1495 Condiani,
1029 1438 1197 1501 qnae
1254 1425 1428 1519 ante·
1467 1439 1760 1519 pugnam
1816 1419 2049 1520 eadem
2081 1419 2211 1520 ‘die

270 1523 574 1654 31¹&ss
576 1511 1246 1656 ⁶:20sz012323.¹2¹¹53332
1269 1504 1661 1657 sssi‘n'ss‘ss‘zt
1671 1505 1969 1678 ’ἒξξῖἴὲῗ
2005 1513 2210 1658 ἓξὲξ

270 1674 482 1741 bamus
525 1676 595 1740 in
640 1696 891 1759 papyro
933 1673 1100 1740 alba.
1188 1675 1321 1742 Hic
1365 1675 1505 1742 dies
1568 1685 1670 1743 est
1725 1677 2019 1745 decimus
2076 1687 2211 1742 ter·

273 1761 388 1826 tius
407 1760 573 1843 quod
611 1761 944 1827 misimus:
989 1761 1384 1845 promiserat
1418 1784 1490 1829 se
1525 1772 2002 1846 perventurum
2049 1761 2207 1828 duo·

270 1845 524 1912 decimo.
590 1846 660 1913 Is
705 1854 901 1913 notus
943 1854 1045 1913 est
1079 1845 1400 1914 oldenbur
1452 1849 1465 1863 ‘
1531 1900 1548 1928 ,
1594 1858 1664 1914 et
1696 1849 2209 1917 Francofordiae

267 1932 605 2015 postulavit
655 1931 1146 2017 Oldenburffieus
1203 1943 1282 1998 nt
1335 1935 1390 1999 si
1435 1935 1458 1998 i
1516 1936 1909 2002 mitteretur.
1996 1934 2209 2020 Spero

267 2017 589 2084 audituros
631 2038 754 2083 nos
796 2025 951 2083 ante
992 2018 1144 2085 idus
1187 2020 1468 2086 Martias
1510 2042 1654 2087 esse
1698 2022 1769 2086 in
1813 2023 1937 2088 via.
2018 2022 2208 2088 Misi-

266 2122 398 2168 mus
450 2103 743 2170 nobilem
800 2103 1156 2170 Claudium
1213 2105 1581 2172 Boeclinum
1606 2109 1660 2186 ⁸)
1720 2105 1806 2172 ad
1857 2108 2207 2174 conficien-

266 2187 407 2254 dum
441 2190 815 2273 equitatum
839 2191 1420 2275 Lugdunensibus.
1487 2193 1829 2259 Promissa
1851 2192 2016 2258 mihi
2051 2200 2208 2259 sunt

264 2274 327 2338 in
367 2274 537 2341 hanc
579 2296 724 2342 rem
760 2297 801 2341 a
832 2279 1079 2342 nostris
1113 2298 1160 2341 n
1245 2278 1637 2345 otiatoribns
1681 2300 1787 2344 me
1822 2279 2207 2345 fideiussore

263 2380 369 2425 sex
408 2361 625 2427 millia
666 2371 1148 2428 coronatorum.
1289 2383 1404 2430 aec
1448 2365 1832 2430 suffecerint
1874 2365 1932 2432 si
1976 2386 2096 2430 vos
2138 2373 2208 2431 et

262 2444 732 2530 Lugdunenses
753 2449 939 2514 brevi
972 2449 1389 2515 succurratis.
1461 2450 1538 2518 Si
1568 2449 2059 2536 Oldenbumicus
2099 2472 2204 2518 ce·

260 2529 447 2598 lerius
507 2535 754 2618 poterit
817 2534 888 2599 in
943 2534 1290 2618 procinctu
1345 2555 1487 2602 esse
1544 2534 1624 2602 de
1688 2536 1869 2603 illins
1925 2546 2206 2620 quatuor

259 2616 536 2684 millibus
605 2620 903 2703 equitum
970 2629 1251 2704 quatuor
1315 2621 1876 2706 Lugdunensibus
1951 2630 2206 2689 turmas

258 2705 674 2771 conficiemus.
742 2706 1007 2790 Regina
1029 2707 1311 2792 Angliae
1353 2708 1543 2773 fortis
1577 2708 1967 2775 Semiramis
2010 2710 2205 2775 etiam

258 2790 563 2887 equitatui
584 2790 987 2859 Germanico
1021 2793 1134 2876 qui
1177 2803 1280 2859 est
1322 2791 1393 2858 in
1430 2793 1651 2860 Gallia
1691 2793 2021 2878 stipendia
2056 2815 2205 2878 pro·

257 2875 448 2940 mittit
491 2883 563 2941 et
604 2877 831 2944 mittit.
851 2880 910 2956 ⁴)

412 2960 554 3027 Sed
617 2962 774 3046 qnid
854 2963 1077 3029 istud?
1150 2964 1383 3049 Neque
1446 2971 1523 3030 ιιι
1585 2986 1799 3049 neque
1868 2964 2204 3048 Spifamus

254 3045 603 3131 quidquam
645 3046 731 3114 ad
774 3049 925 3116 me?
1007 3051 1257 3118 Ambos
1301 3072 1419 3118 vos
1463 3051 1643 3118 viros
1685 3053 1966 3137 optimos
2008 3061 2205 3136 atque

252 3132 403 3197 mihi
439 3135 817 3203 carissimos
852 3137 1108 3203 salvere
1151 3147 1219 3203 et
1252 3157 1603 3221 prosperos
1637 3160 1781 3205 esse
1825 3145 1996 3222 opto.
2066 3140 2205 3205 Da-

252 3224 383 3284 tum
426 3221 624 3287 nonis
667 3221 827 3288 febr.
854 3226 905 3299 ⁸)

1365 3360 1548 3428 Tuus
1593 3382 1787 3446 quem
1835 3363 2027 3429 nosti.

245 3545 426 3602 8000.
451 3547 510 3610 1)
546 3548 672 3602 oliuu
707 3562 760 3601 v.
797 3547 855 3601 d.
890 3564 960 3601 ιιι.
996 3548 1496 3617 Amator-atensis.

305 3685 316 3696 .
442 3615 505 3683 2)
539 3619 636 3687 quo·
670 3617 771 3671 sub
803 3617 965 3699 fineen
1002 3633 1055 3671 a.
1094 3616 1231 3671 1562
1277 3632 1400 3699 egem
1434 3616 1699 3699 Boeeliao
1743 3619 1808 3673 in
1845 3618 2203 3675 Germaniam

245 3685 1423 3836 ”mzffl‘shssiffiff‘ffissffaezffi
1443 3694 1809 3809 ἓέοᾚῖῗὲ·
1828 3756 2027 3837 ωηο.
2063 3773 2204 3827 pour

245 3818 320 3872 les
369 3823 651 3892 Lyonnane
698 3840 825 3877 sous
871 3825 928 3878 la
971 3830 1221 3893 garantia
1265 3824 1335 3877 de
1378 3824 1591 3889 Stnrm3
1643 3824 1726 3879 les
1772 3827 2089 3895 negociants
2132 3827 2202 3881 de

244 3886 424 4011 ἔτι.
574 3891 702 4013 Ιὲὲιὶ
754 3889 1089 3946 annuerent
1142 3891 1175 3945 a
1227 3902 1317 3946 cet
1368 3892 1498 3947 effet
1544 3892 1685 3947 6000
1730 3893 1858 3949 ecus
1908 3894 2205 3962 (Schmidt,

443 3977 516 4095 ὁ,
541 4027 799 4099 L’argent
848 4028 1227 4098 d’Angleterre
1271 4029 1455 4082 arriva
1488 4036 1546 4083 et
1579 4030 1664 4083 fut
1697 4031 1857 4084 conte
1892 4049 1961 4084 au
1998 4031 2201 4086 Havre.

242 4092 493 4151 L’amiral
527 4099 650 4151 vint
683 4114 752 4151 en
801 4114 1071 4167 personne
1114 4096 1147 4150 a
1182 4098 1327 4151 Caen
1362 4115 1503 4166 pour
1548 4117 1584 4169 y
1620 4099 1760 4153 faire
1810 4100 1863 4154 le
1909 4107 2203 4171 payctnent

244 4163 337 4218 des
372 4168 611 4221 reintres.
685 4166 866 4230 (flent.
903 4168 1023 4222 eccl.
1060 4166 1130 4221 11.
1165 4164 1309 4233 260.)

442 4234 503 4297 5)
538 4234 632 4290 De
664 4251 816 4289 anno
863 4250 975 4290 non
1022 4233 1404 4290 dubitandum.
1494 4235 1573 4290 D.
1617 4234 1704 4289 22.
1750 4236 1916 4292 Febr.
1968 4235 2103 4292 156³
2138 4239 2202 4293 in

240 4300 447 4357 δικαία
498 4302 805 4359 Genevensi
845 4303 912 4358 de
952 4304 1191 4373 pecunia
1235 4302 1492 4359 conduco
1534 4308 1725 4359 mutuo
1778 4306 1972 4361 danda
2016 4310 2200 4361 aetum

238 4376 345 4493 {1⁸⁸⁹ae
364 4372 667 4496 «mquidem
699 4389 766 4427 '⁰
805 4378 1037 4496 Quom-‘⁶
967 4372 1043 4455 ·D·‘
1081 4372 1164 4495 {³1⁶1
1190 4372 1490 4495 Βίᾞῖαῗεῖε
1508 4374 1691 4496 ’.ῧωῖ
1731 4373 2037 4498 ἵξιυίῗῪ
2062 4375 2199 4499 ι’ξῖἑ

238 4457 694 4591 (namu-‘li'
736 4509 841 4565 365
909 4509 989 4563 aa
1034 4481 1247 4564 Duobu-
1293 4482 1741 4579 omnam..
1785 4460 2073 4575 rifat-'aes
2120 4514 2197 4568 D.

237 4574 302 4630 de
524 4580 763 4661 aliquem
862 4619 873 4631 .
910 4578 979 4633 de
1010 4578 1069 4634 la
1118 4580 1318 4647 ναίω
1352 4579 1428 4633 ad
1460 4594 1519 4633 se
1552 4581 1785 4648 nisius,
1818 4580 1961 4636 2000
1994 4584 2199 4653 equites

236 4650 286 4701 d
497 4647 712 4716 pedum
757 4646 1170 4730 conducturum.
1269 4647 1524 4718 Denique
1547 4718 1559 4730 ι
1598 4718 1608 4730 .
1798 4651 1878 4704 ad
1922 4667 2090 4721 quom
2135 4653 2197 4708 in

238 4717 388 4769 teas
419 4721 607 4773 nostro
643 4716 914 4773 cundum·
948 4717 1101 4771 aulla
1138 4731 1254 4772 ease
1280 4722 1458 4786 potest
1493 4733 1606 4772 nm
1640 4666 1999 4774 studeam.

438 5382 658 5439 (labbei
679 5397 864 5448 opera.
944 5383 1057 5439 Vol.
1097 5382 1267 5438 xlx.

1930 371 2090 436 156⁸
2132 369 2601 441 FEBRUAR.

4151 375 4280 442 658

3201 561 3396 634 891⁰.

2565 704 3014 784 RUGERUS
3061 714 3484 784 OALVINO
3527 717 3648 783 ΕΤ
3691 717 4021 785 ΒΕΖΔΕ.

2492 886 2890 955 Commendat
2951 890 3234 955 iuvenem
3289 889 3643 957 mdiorum
3706 908 3903 956 causa
3962 888 4276 958 amam

2306 973 2808 1057 proficisomtem.

2608 1146 2722 1211 (Ex
2756 1145 3096 1215 autographo
3132 1145 3264 1201 Cod.
3302 1143 3509 1200 Gener.
3546 1144 3666 1213 109,
3700 1145 3795 1204 fol.
3832 1144 3980 1211 122.)

2472 1316 2887 1384 Doctissimis
2911 1324 3108 1399 atque
3131 1316 3718 1401 praestantissimis
3741 1316 3903 1384 viris
3925 1317 4009 1384 D.
4035 1318 4275 1384 Ioanni

2314 1399 2597 1469 Oalvino
2666 1412 2736 1468 et
2777 1401 2863 1468 D.
2911 1402 3255 1470 Theodoro
3317 1402 3535 1469 Bezae
3588 1402 4119 1470 moderatoribus
4169 1423 4275 1470 ec-

2313 1486 2551 1554 clesiae
2597 1488 3011 1556 Genevensis
3055 1488 3337 1556 dominis
3379 1510 3456 1556 ac
3512 1488 3827 1555 fratribus
3885 1490 4027 1555 suis
4068 1489 4274 1573 pluri-

2311 1594 2500 1639 mum
2545 1572 2853 1642 colendis.

3765 1659 4099 1728 Genevae.

2484 1829 2556 1898 S.
2629 1832 2841 1912 Licet,
2896 1833 3002 1898 vir
3059 1830 3451 1912 doctissime,
3509 1852 3550 1898 a
3591 1831 3757 1898 facie
3811 1830 3931 1896 tibi
3986 1832 4113 1899 sim
4164 1831 4270 1898 in-

2308 1918 2613 2001 cognitus
2658 1937 2872 2001 neque
2914 1917 3051 1984 ulla
3106 1918 3286 1983 inter
3328 1938 3449 1983 nos
3505 1937 3800 2001 unquam
3859 1916 4270 1985 familiaritas

2308 2003 2774 2082 intercesserit,
2831 2011 3053 2069 tamen
3097 2003 3614 2069 familiaritatem
3658 2002 4270 2088 humanitatemque

2309 2100 2494 2154 tuam
2540 2090 2701 2155 satis
2743 2110 2904 2173 erga
2936 2110 3044 2154 me
3079 2089 3427 2156 declarasti
3464 2109 3640 2154 anno
3682 2089 4023 2172 superiori,
4069 2109 4269 2173 quum

2309 2189 2508 2241 tenue
2551 2173 2906 2241 admodum
2949 2175 3324 2260 epistolium
3369 2174 3454 2240 ad
3499 2181 3563 2239 te
3607 2173 3851 2252 darem,
3875 2178 3928 2251 ¹)
3971 2195 4101 2258 quo
4135 2196 4270 2241 non

2308 2269 2687 2344 contempto
2731 2261 3036 2329 mittebas
3079 2280 3246 2346 quae
3302 2261 3622 2345 petieram
3681 2259 3927 2344 scripta
3969 2267 4106 2326 tam
4151 2268 4271 2327 tua

2307 2366 2507 2430 qnam
2563 2347 2647 2413 D.
2692 2346 2904 2413 Besae
2959 2345 3042 2412 de
3097 2367 3297 2413 causa
3351 2345 3817 2425 eucharistica,
3873 2364 4038 2429 quae
4095 2345 4268 2430 apud

2306 2453 2430 2498 nos
2472 2434 2834 2516 comparari
2894 2454 3028 2498 non
3083 2439 3408 2515 poterant,
3465 2430 3643 2497 unde
3692 2430 3908 2497 adhuc
3961 2430 4269 2516 ingentes

2308 2525 2464 2584 tuae
2506 2518 2908 2584 humanitati
3075 2520 3199 2585 tias
3244 2539 3370 2602 ago
3412 2525 3480 2583 et
3524 2517 3752 2584 habeo.
3819 2517 4031 2583 Porro
4073 2518 4143 2583 in
4181 2517 4269 2582 D.

2308 2603 2490 2669 Basa
2544 2602 2644 2670 bis
2708 2624 2827 2686 per
2883 2601 2935 2670 S
3168 2604 3380 2669 usiam
3444 2604 3576 2669 iter
3636 2602 3906 2670 facienti
3971 2622 4123 2669 cum
4179 2604 4266 2670 D.

2324 2689 2575 2756 Varello
2601 2692 2660 2769 ⁶²)
2702 2690 3030 2774 ipsissime
3087 2689 3527 2755 animadverti
3569 2687 4068 2768 humanitatem,
4112 2710 4268 2756 cnm

2352 2775 2550 2842 nibus
2594 2774 2724 2842 duo
2780 2775 3082 2842 convivia
3133 2774 3477 2843 celebravi.
3571 2772 3738 2840 Inde
3796 2775 3932 2841 iam
3984 2776 4080 2853 fit,
4138 2774 4267 2842 viri

2354 2861 2690 2941 ocfissimi,
2742 2870 2818 2927 ut
2868 2860 3315 2941 confidentior,
3371 2861 3506 2926 imo
3559 2859 4009 2942 impudentior
4051 2861 4268 2927 factus

2310 2968 2513 3013 ausus
2571 2949 2698 3012 sim
2756 2954 3015 3013 teneras
3057 2953 3314 3014 vestras
3367 2966 3560 3012 aures
3614 2945 3860 3030 ineptis
3900 2955 3968 3011 et
4019 2947 4266 3014 incom-

2306 3032 2540 3117 positis
2584 3033 2844 3118 scriptis
2887 3031 3269 3113 obtundere,
3313 3033 3440 3100 etsi
3482 3032 3686 3100 sciam
3708 3052 3831 3099 vos
3873 3030 4038 3099 alias
4078 3053 4269 3101 oocu-

2308 3119 2703 3268 Eatissimos.
2792 3120 2885 3185 Et
2942 3118 3198 3186 confido
3252 3140 3373 3185 vos
3426 3119 3606 3185 viros
3671 3119 4275 3202 praestantissimos

2353 3227 2429 3271 oc
2474 3205 2790 3289 quidquid
2851 3214 2952 3272 est
3007 3204 3212 3271 errati
3267 3205 3337 3271 in
3380 3205 3721 3271 meliorem
3765 3214 4025 3288 partem
4069 3206 4276 3271 inter-

2305 3300 2702 3375 pretaturos,
2758 3288 3232 3375 admittereque
3289 3297 3365 3357 ut
3416 3291 3525 3357 vel
3584 3289 3834 3375 aliquid
3890 3288 4065 3374 apud
4123 3312 4271 3358 ves-

2307 3388 2482 3442 tram
2537 3377 2926 3461 dignitatem
2983 3378 3303 3477 scriptum
3362 3375 3529 3443 illud
3587 3376 3825 3456 valeat,
3883 3377 4273 3460 praesertim

2306 3464 2377 3526 in
2423 3463 2688 3546 negotio
2732 3461 2907 3548 quod
2952 3460 3172 3529 studia
3215 3470 3284 3528 et
3339 3462 3668 3528 studiosos
3711 3462 3950 3527 attinet
3991 3483 4270 3545 qnorum

2305 3550 2551 3615 summi
2616 3571 2732 3614 vos
2795 3549 2954 3615 estis
3019 3549 3331 3615 fautores.
3436 3547 3571 3628 Qui
3636 3548 3760 3613 has
3824 3548 4012 3615 vobis
4075 3548 4272 3614 affert

2304 3634 2528 3700 literas
2591 3634 2825 3700 Foelix
2889 3633 3100 3718 Περι-ν
3153 3633 3773 3720 Ravenspurgensis
3837 3654 3956 3716 per
4020 3634 4272 3718 aliquot

2305 3740 2517 3785 annos
2561 3741 2827 3804 operam
2872 3719 3054 3785 dedit
3095 3718 3282 3785 bonis
3337 3720 3546 3785 literis
3602 3717 3780 3802 apud
3823 3739 3961 3796 nos,
4009 3721 4270 3804 Argen-

2305 3808 2505 3883 tinae,
2552 3805 2710 3870 item
2747 3805 3274 3890 Heydelbergae,
3317 3805 3413 3871 ita
3445 3814 3525 3870 ut
3566 3805 3855 3870 fructum
3896 3804 4053 3870 inde
4091 3805 4270 3871 haud

2304 3891 2774 3975 poenitendum
2820 3891 3067 3957 tulerit.
3146 3891 3308 3957 Post
3352 3892 3425 3956 in
3469 3890 3759 3957 Galliam
3805 3911 3875 3956 se
3919 3889 4268 3957 conferens

2304 3998 2440 4042 non
2486 3977 2701 4043 solum
2735 3986 2810 4042 ut
2843 3978 3190 4061 proficeret
3232 3978 3303 4042 in
3342 3975 3552 4042 literis
3589 3975 4111 4056 humanioribus,
4149 3977 4267 4043 sed

2303 4075 2381 4129 ut
2420 4063 2716 4147 linguam
2762 4062 3065 4147 gallicam
3111 4062 3408 4143 disceret,
3464 4061 3817 4146 impeditus
3871 4062 4085 4128 turbis
4128 4061 4265 4129 bel-

2304 4148 2445 4215 licis
2491 4149 2714 4229 (sicuti
2760 4150 2933 4214 inter
2967 4169 3153 4214 arma
3195 4148 3429 4213 literae
3470 4157 3540 4213 et
3582 4147 3762 4232 leges
3806 4147 4036 4234 silent)
4082 4148 4264 4214 varia

2303 4235 2609 4301 tentavit.
2690 4234 2986 4300 Tandem
3032 4256 3158 4318 quo
3203 4255 3275 4300 se
3320 4243 3606 4301 verteret
3651 4234 3932 4308 nescius,
3975 4233 4263 4317 patriam

2301 4321 2570 4402 repetiit
2611 4321 2680 4385 in
2727 4341 2857 4404 qna
2901 4320 3058 4386 dum
3104 4321 3328 4385 omnia
3367 4320 3439 4385 in
3482 4327 3732 4386 certum
3778 4328 4026 4385 statum
4075 4318 4261 4384 rede-

2299 4406 2413 4490 git,
2464 4406 2558 4472 nil
2602 4406 2965 4473 consultius
3019 4416 3149 4470 tam
3209 4407 3334 4489 ipsi
3379 4426 3578 4489 quam
3624 4406 3854 4471 amicis
3900 4405 4114 4470 visum
4160 4416 4261 4470 est

2301 4493 2429 4557 nisi
2497 4504 2574 4557 ut
2638 4493 2940 4574 proxima
2997 4491 3344 4558 Genevam
3408 4512 3480 4557 se
3545 4489 3843 4557 conferat
3906 4491 4028 4573 (ibi
4082 4492 4258 4556 enim

2298 4579 2537 4643 florere
2582 4577 2822 4657 studia,
2874 4598 3017 4644 esse
3056 4576 3298 4643 ibidem
3345 4578 3523 4642 viros
3566 4574 4005 4653 doctissimos)
4052 4585 4120 4641 et
4160 4577 4258 4642 ita

2298 4664 2598 4748 linguam
2651 4664 2952 4748 gallicam
3009 4663 3271 4747 plenius
3316 4661 3649 4728 addiscere
3695 4668 3908 4745 queat.
3997 4661 4260 4729 Placuit

2297 4750 2677 4817 consilium:
2734 4758 3162 4834 suscepturus
3205 4748 3801 4833 peregrinationem
3847 4768 3962 4813 seu
4005 4749 4257 4832 profec-

2296 4837 2543 4901 tionem
2588 4834 2671 4900 ad
2710 4856 2844 4915 vos,
2888 4857 2996 4900 me
3029 4834 3340 4901 convenit
3373 4843 3605 4917 petens
3647 4831 3877 4898 literas
3920 4853 4256 4900 commen-

2296 4922 2595 5001 datitias,
2656 4942 2740 4987 ne
2795 4920 3134 4987 videretur
3192 4928 3499 5004 tanquam
3557 4939 3703 4985 erro
3771 4917 4036 5004 qnidam
4097 4919 4254 4987 hinc

2292 5163 2477 5218 πω
2498 5162 2562 5298 3
2589 5160 2668 5286 {Z
2689 5160 2992 5287 ἓᾞὲωη
3035 5228 3185 5301 quod
3223 5244 3330 5298 pro
3375 5225 3762 5283 Wazaemeus
3805 5241 3860 5282 a.
3896 5225 4032 5281 1557
4075 5242 4253 5285 moe-

3771 5380 3843 5434 42
