<?xml version="1.0" encoding="UTF-8"?>
<!DOCTYPE html PUBLIC "-//W3C//DTD XHTML 1.0 Transitional//EN"
    "http://www.w3.org/TR/xhtml1/DTD/xhtml1-transitional.dtd">
<html xmlns="http://www.w3.org/1999/xhtml" xml:lang="en" lang="en">
 <head>
  <title>
</title>
<meta http-equiv="Content-Type" content="text/html;charset=utf-8" />
  <meta name='ocr-system' content='tesseract 3.04.00' />
  <meta name='ocr-capabilities' content='ocr_page ocr_carea ocr_par ocr_line ocrx_word'/>
</head>
<body>
  <div class='ocr_page' id='page_1' title='image "./ioanniscalvinio12unkngoog/ioanniscalvinio12unkngoog_0696.png"; bbox 0 0 4900 6125; ppageno 0'>
   <div class='ocr_carea' id='block_1_1' title="bbox 640 415 769 478">
    <p class='ocr_par' dir='ltr' id='par_1_1' title="bbox 640 415 769 478">
     <span class='ocr_line' id='line_1_1' title="bbox 640 415 769 478; baseline -0.016 0"><span class='ocrx_word' id='word_1_1' title='bbox 640 415 769 478; x_wconf 78' lang='lat'><strong>567</strong></span> 
     </span>
    </p>
   </div>
   <div class='ocr_carea' id='block_1_2' title="bbox 632 595 2621 4709">
    <p class='ocr_par' dir='ltr' id='par_1_2' title="bbox 633 595 2621 1369">
     <span class='ocr_line' id='line_1_2' title="bbox 633 595 2612 684; baseline -0.001 -20"><span class='ocrx_word' id='word_1_2' title='bbox 633 598 1152 684; x_wconf 73' lang='lat' dir='ltr'><strong>praestantiores</strong></span> <span class='ocrx_word' id='word_1_3' title='bbox 1215 597 1425 683; x_wconf 89' lang='lat' dir='ltr'><strong>igit-ur</strong></span> <span class='ocrx_word' id='word_1_4' title='bbox 1466 618 1695 664; x_wconf 89' lang='lat' dir='ltr'><strong>sumus</strong></span> <span class='ocrx_word' id='word_1_5' title='bbox 1738 617 1879 663; x_wconf 91' lang='lat' dir='ltr'><strong>nos.</strong></span> <span class='ocrx_word' id='word_1_6' title='bbox 1967 597 2141 664; x_wconf 84' lang='lat' dir='ltr'><strong>Mihi</strong></span> <span class='ocrx_word' id='word_1_7' title='bbox 2185 595 2408 675; x_wconf 86' lang='lat' dir='ltr'><strong>crede,</strong></span> <span class='ocrx_word' id='word_1_8' title='bbox 2475 619 2612 664; x_wconf 89' lang='lat' dir='ltr'><strong>non</strong></span> 
     </span>
     <span class='ocr_line' id='line_1_3' title="bbox 637 681 2616 769; baseline 0.001 -19"><span class='ocrx_word' id='word_1_9' title='bbox 637 692 743 751; x_wconf 86' lang='lat' dir='ltr'><strong>est</strong></span> <span class='ocrx_word' id='word_1_10' title='bbox 804 683 1116 750; x_wconf 76' lang='lat' dir='ltr'><strong>cohaeres</strong></span> <span class='ocrx_word' id='word_1_11' title='bbox 1181 684 1459 750; x_wconf 77' lang='lat' dir='ltr'><strong>diabolis</strong></span> <span class='ocrx_word' id='word_1_12' title='bbox 1525 683 1639 768; x_wconf 91' lang='lat' dir='ltr'><strong>qui</strong></span> <span class='ocrx_word' id='word_1_13' title='bbox 1684 681 1945 749; x_wconf 79' lang='lat' dir='ltr'><strong>Christi</strong></span> <span class='ocrx_word' id='word_1_14' title='bbox 2007 703 2292 769; x_wconf 87' lang='lat' dir='ltr'><strong>regnum</strong></span> <span class='ocrx_word' id='word_1_15' title='bbox 2356 683 2484 757; x_wconf 82' lang='lat' dir='ltr'><strong>hoc</strong></span> <span class='ocrx_word' id='word_1_16' title='bbox 2547 693 2616 751; x_wconf 89' lang='lat' dir='ltr'><strong>et</strong></span> 
     </span>
     <span class='ocr_line' id='line_1_4' title="bbox 635 768 2617 854; baseline 0 -19"><span class='ocrx_word' id='word_1_17' title='bbox 635 770 924 854; x_wconf 76' lang='lat' dir='ltr'><strong>gratiam</strong></span> <span class='ocrx_word' id='word_1_18' title='bbox 960 770 1103 836; x_wconf 89' lang='lat' dir='ltr'><strong>eius</strong></span> <span class='ocrx_word' id='word_1_19' title='bbox 1142 769 1332 836; x_wconf 92' lang='lat' dir='ltr'><strong>nobis</strong></span> <span class='ocrx_word' id='word_1_20' title='bbox 1375 769 1620 836; x_wconf 86' lang='lat' dir='ltr'><strong>factam</strong></span> <span class='ocrx_word' id='word_1_21' title='bbox 1665 768 1941 834; x_wconf 80' lang='lat' dir='ltr'><strong>extollit.</strong></span> <span class='ocrx_word' id='word_1_22' title='bbox 2007 769 2617 853; x_wconf 87' lang='lat' dir='ltr'><strong>Regenerationem</strong></span> 
     </span>
     <span class='ocr_line' id='line_1_5' title="bbox 638 855 2618 940; baseline -0.001 -18"><span class='ocrx_word' id='word_1_23' title='bbox 638 877 681 922; x_wconf 91' lang='lat' dir='ltr'><strong>a</strong></span> <span class='ocrx_word' id='word_1_24' title='bbox 746 855 830 920; x_wconf 89' lang='lat' dir='ltr'><strong>ba</strong></span> <span class='ocrx_word' id='word_1_25' title='bbox 875 856 1073 921; x_wconf 89' lang='lat' dir='ltr'><strong>tismo</strong></span> <span class='ocrx_word' id='word_1_26' title='bbox 1132 865 1208 922; x_wconf 91' lang='lat' dir='ltr'><strong>tu</strong></span> <span class='ocrx_word' id='word_1_27' title='bbox 1270 856 1471 940; x_wconf 89' lang='lat' dir='ltr'><strong>longe</strong></span> <span class='ocrx_word' id='word_1_28' title='bbox 1536 875 1845 937; x_wconf 88' lang='lat' dir='ltr'><strong>separare</strong></span> <span class='ocrx_word' id='word_1_29' title='bbox 1909 856 2170 922; x_wconf 86' lang='lat' dir='ltr'><strong>conaris</strong></span> <span class='ocrx_word' id='word_1_30' title='bbox 2234 865 2303 920; x_wconf 90' lang='lat' dir='ltr'><strong>et</strong></span> <span class='ocrx_word' id='word_1_31' title='bbox 2356 866 2618 921; x_wconf 87' lang='lat' dir='ltr'><strong>tantum</strong></span> 
     </span>
     <span class='ocr_line' id='line_1_6' title="bbox 639 939 2618 1026; baseline 0 -19"><span class='ocrx_word' id='word_1_32' title='bbox 639 941 805 1008; x_wconf 89' lang='lat' dir='ltr'><strong>dicis</strong></span> <span class='ocrx_word' id='word_1_33' title='bbox 925 943 1244 1023; x_wconf 85' lang='lat' dir='ltr'><strong>ptismum</strong></span> <span class='ocrx_word' id='word_1_34' title='bbox 1288 962 1434 1007; x_wconf 90' lang='lat' dir='ltr'><strong>esse</strong></span> <span class='ocrx_word' id='word_1_35' title='bbox 1478 940 1745 1026; x_wconf 85' lang='lat' dir='ltr'><strong>signum</strong></span> <span class='ocrx_word' id='word_1_36' title='bbox 1788 939 2177 1024; x_wconf 87' lang='lat' dir='ltr'><strong>adoptionis.</strong></span> <span class='ocrx_word' id='word_1_37' title='bbox 2270 941 2419 1026; x_wconf 86' lang='lat' dir='ltr'><strong>Ego</strong></span> <span class='ocrx_word' id='word_1_38' title='bbox 2463 963 2618 1009; x_wconf 90' lang='lat' dir='ltr'><strong>cum</strong></span> 
     </span>
     <span class='ocr_line' id='line_1_7' title="bbox 638 1026 2619 1093; baseline -0.001 0"><span class='ocrx_word' id='word_1_39' title='bbox 638 1027 854 1093; x_wconf 89' lang='lat' dir='ltr'><strong>Paulo</strong></span> <span class='ocrx_word' id='word_1_40' title='bbox 900 1026 1045 1093; x_wconf 91' lang='lat' dir='ltr'><strong>dico</strong></span> <span class='ocrx_word' id='word_1_41' title='bbox 1099 1046 1244 1093; x_wconf 90' lang='lat' dir='ltr'><strong>esse</strong></span> <span class='ocrx_word' id='word_1_42' title='bbox 1282 1026 1622 1093; x_wconf 77' lang='lat' dir='ltr'><strong>lavacrum</strong></span> <span class='ocrx_word' id='word_1_43' title='bbox 1787 1027 2189 1093; x_wconf 76' lang='lat' dir='ltr'><strong>enei-ationis</strong></span> <span class='ocrx_word' id='word_1_44' title='bbox 2226 1035 2294 1093; x_wconf 91' lang='lat' dir='ltr'><strong>et</strong></span> <span class='ocrx_word' id='word_1_45' title='bbox 2336 1047 2619 1093; x_wconf 91' lang='lat' dir='ltr'><strong>renova·</strong></span> 
     </span>
     <span class='ocr_line' id='line_1_8' title="bbox 639 1112 2621 1195; baseline 0 -17"><span class='ocrx_word' id='word_1_46' title='bbox 639 1113 844 1179; x_wconf 87' lang='lat' dir='ltr'><strong>tionis</strong></span> <span class='ocrx_word' id='word_1_47' title='bbox 887 1113 1159 1195; x_wconf 87' lang='lat' dir='ltr'><strong>spiritus</strong></span> <span class='ocrx_word' id='word_1_48' title='bbox 1202 1133 1322 1179; x_wconf 92' lang='lat' dir='ltr'><strong>nos</strong></span> <span class='ocrx_word' id='word_1_49' title='bbox 1367 1113 1652 1178; x_wconf 91' lang='lat' dir='ltr'><strong>salvans.</strong></span> <span class='ocrx_word' id='word_1_50' title='bbox 1796 1112 1821 1177; x_wconf 92' lang='lat' dir='ltr'><strong>i</strong></span> <span class='ocrx_word' id='word_1_51' title='bbox 1866 1113 2231 1195; x_wconf 87' lang='lat' dir='ltr'><strong>baptismus</strong></span> <span class='ocrx_word' id='word_1_52' title='bbox 2291 1127 2394 1179; x_wconf 90' lang='lat' dir='ltr'><strong>est</strong></span> <span class='ocrx_word' id='word_1_53' title='bbox 2435 1112 2621 1179; x_wconf 86' lang='lat' dir='ltr'><strong>lava·</strong></span> 
     </span>
     <span class='ocr_line' id='line_1_9' title="bbox 638 1198 2620 1283; baseline -0.001 -17"><span class='ocrx_word' id='word_1_54' title='bbox 638 1220 828 1266; x_wconf 90' lang='lat' dir='ltr'><strong>crum</strong></span> <span class='ocrx_word' id='word_1_55' title='bbox 872 1219 1304 1283; x_wconf 87' lang='lat' dir='ltr'><strong>regenerans,</strong></span> <span class='ocrx_word' id='word_1_56' title='bbox 1373 1219 1453 1264; x_wconf 90' lang='lat' dir='ltr'><strong>ea</strong></span> <span class='ocrx_word' id='word_1_57' title='bbox 1510 1198 1657 1281; x_wconf 90' lang='lat' dir='ltr'><strong>ipsa</strong></span> <span class='ocrx_word' id='word_1_58' title='bbox 1713 1198 1874 1263; x_wconf 91' lang='lat' dir='ltr'><strong>lotio</strong></span> <span class='ocrx_word' id='word_1_59' title='bbox 1929 1219 2012 1263; x_wconf 86' lang='lat' dir='ltr'><strong>ex</strong></span> <span class='ocrx_word' id='word_1_60' title='bbox 2057 1219 2228 1282; x_wconf 89' lang='lat' dir='ltr'><strong>aqua</strong></span> <span class='ocrx_word' id='word_1_61' title='bbox 2271 1211 2338 1265; x_wconf 91' lang='lat' dir='ltr'><strong>et</strong></span> <span class='ocrx_word' id='word_1_62' title='bbox 2381 1199 2620 1283; x_wconf 89' lang='lat' dir='ltr'><strong>spiritu</strong></span> 
     </span>
     <span class='ocr_line' id='line_1_10' title="bbox 642 1286 1477 1369; baseline -0.006 -18"><span class='ocrx_word' id='word_1_63' title='bbox 642 1293 869 1352; x_wconf 86' lang='lat' dir='ltr'><strong>sancto</strong></span> <span class='ocrx_word' id='word_1_64' title='bbox 906 1293 1011 1350; x_wconf 88' lang='lat' dir='ltr'><strong>est</strong></span> <span class='ocrx_word' id='word_1_65' title='bbox 1045 1286 1477 1369; x_wconf 82' lang='lat' dir='ltr'><strong>regeneratio.</strong></span> 
     </span>
    </p>

    <p class='ocr_par' dir='ltr' id='par_1_3' title="bbox 632 1369 2620 4272">
     <span class='ocr_line' id='line_1_11' title="bbox 815 1369 2620 1453; baseline 0.001 -18"><span class='ocrx_word' id='word_1_66' title='bbox 815 1370 899 1436; x_wconf 93' lang='lat' dir='ltr'><strong>In</strong></span> <span class='ocrx_word' id='word_1_67' title='bbox 968 1371 1169 1437; x_wconf 88' lang='lat' dir='ltr'><strong>tertia</strong></span> <span class='ocrx_word' id='word_1_68' title='bbox 1210 1371 1592 1453; x_wconf 82' lang='lat' dir='ltr'><strong>quaestione</strong></span> <span class='ocrx_word' id='word_1_69' title='bbox 1635 1369 1803 1435; x_wconf 88' lang='lat' dir='ltr'><strong>mire</strong></span> <span class='ocrx_word' id='word_1_70' title='bbox 1846 1376 1914 1434; x_wconf 89' lang='lat' dir='ltr'><strong>te</strong></span> <span class='ocrx_word' id='word_1_71' title='bbox 1957 1369 2264 1436; x_wconf 83' lang='lat' dir='ltr'><strong>involvis.</strong></span> <span class='ocrx_word' id='word_1_72' title='bbox 2353 1371 2620 1438; x_wconf 83' lang='lat' dir='ltr'><strong>Fateris</strong></span> 
     </span>
     <span class='ocr_line' id='line_1_12' title="bbox 638 1454 2619 1542; baseline -0.001 -20"><span class='ocrx_word' id='word_1_73' title='bbox 638 1456 957 1542; x_wconf 90' lang='lat' dir='ltr'><strong>parvulos</strong></span> <span class='ocrx_word' id='word_1_74' title='bbox 1001 1477 1232 1522; x_wconf 90' lang='lat' dir='ltr'><strong>omnes</strong></span> <span class='ocrx_word' id='word_1_75' title='bbox 1277 1457 1459 1522; x_wconf 89' lang='lat' dir='ltr'><strong>nasci</strong></span> <span class='ocrx_word' id='word_1_76' title='bbox 1504 1455 1672 1522; x_wconf 90' lang='lat' dir='ltr'><strong>filios</strong></span> <span class='ocrx_word' id='word_1_77' title='bbox 1707 1456 1866 1535; x_wconf 90' lang='lat' dir='ltr'><strong>irae,</strong></span> <span class='ocrx_word' id='word_1_78' title='bbox 1912 1454 2436 1522; x_wconf 79' lang='lat' dir='ltr'><strong>maledictionem</strong></span> <span class='ocrx_word' id='word_1_79' title='bbox 2476 1455 2619 1521; x_wconf 90' lang='lat' dir='ltr'><strong>tolli</strong></span> 
     </span>
     <span class='ocr_line' id='line_1_13' title="bbox 641 1541 2619 1627; baseline 0.001 -21"><span class='ocrx_word' id='word_1_80' title='bbox 641 1563 763 1627; x_wconf 89' lang='lat' dir='ltr'><strong>per</strong></span> <span class='ocrx_word' id='word_1_81' title='bbox 805 1542 1125 1627; x_wconf 80' lang='lat' dir='ltr'><strong>gratiam,</strong></span> <span class='ocrx_word' id='word_1_82' title='bbox 1172 1543 1457 1626; x_wconf 87' lang='lat' dir='ltr'><strong>gratiam</strong></span> <span class='ocrx_word' id='word_1_83' title='bbox 1502 1562 1645 1607; x_wconf 91' lang='lat' dir='ltr'><strong>esse</strong></span> <span class='ocrx_word' id='word_1_84' title='bbox 1687 1561 1810 1625; x_wconf 89' lang='lat' dir='ltr'><strong>per</strong></span> <span class='ocrx_word' id='word_1_85' title='bbox 1847 1541 2078 1619; x_wconf 89' lang='lat' dir='ltr'><strong>fidem,</strong></span> <span class='ocrx_word' id='word_1_86' title='bbox 2124 1550 2192 1607; x_wconf 93' lang='lat' dir='ltr'><strong>et</strong></span> <span class='ocrx_word' id='word_1_87' title='bbox 2233 1542 2305 1606; x_wconf 88' lang='lat' dir='ltr'><strong>in</strong></span> <span class='ocrx_word' id='word_1_88' title='bbox 2344 1542 2441 1608; x_wconf 90' lang='lat' dir='ltr'><strong>eis</strong></span> <span class='ocrx_word' id='word_1_89' title='bbox 2485 1563 2619 1607; x_wconf 90' lang='lat' dir='ltr'><strong>non</strong></span> 
     </span>
     <span class='ocr_line' id='line_1_14' title="bbox 639 1627 2620 1713; baseline 0 -19"><span class='ocrx_word' id='word_1_90' title='bbox 639 1648 786 1694; x_wconf 90' lang='lat' dir='ltr'><strong>esse</strong></span> <span class='ocrx_word' id='word_1_91' title='bbox 830 1627 1050 1694; x_wconf 88' lang='lat' dir='ltr'><strong>fidem.</strong></span> <span class='ocrx_word' id='word_1_92' title='bbox 1141 1628 1397 1694; x_wconf 91' lang='lat' dir='ltr'><strong>Omnes</strong></span> <span class='ocrx_word' id='word_1_93' title='bbox 1441 1628 1554 1711; x_wconf 89' lang='lat' dir='ltr'><strong>qui</strong></span> <span class='ocrx_word' id='word_1_94' title='bbox 1598 1648 1681 1692; x_wconf 90' lang='lat' dir='ltr'><strong>ex</strong></span> <span class='ocrx_word' id='word_1_95' title='bbox 1725 1628 2041 1713; x_wconf 88' lang='lat' dir='ltr'><strong>progenie</strong></span> <span class='ocrx_word' id='word_1_96' title='bbox 2105 1637 2263 1695; x_wconf 91' lang='lat' dir='ltr'><strong>sunt</strong></span> <span class='ocrx_word' id='word_1_97' title='bbox 2305 1627 2620 1695; x_wconf 83' lang='lat' dir='ltr'><strong>Abrahae</strong></span> 
     </span>
     <span class='ocr_line' id='line_1_15' title="bbox 639 1712 2619 1790; baseline 0.001 -11"><span class='ocrx_word' id='word_1_98' title='bbox 639 1715 741 1780; x_wconf 89' lang='lat' dir='ltr'><strong>ais</strong></span> <span class='ocrx_word' id='word_1_99' title='bbox 785 1713 966 1780; x_wconf 88' lang='lat' dir='ltr'><strong>nasci</strong></span> <span class='ocrx_word' id='word_1_100' title='bbox 1011 1713 1181 1779; x_wconf 91' lang='lat' dir='ltr'><strong>filios</strong></span> <span class='ocrx_word' id='word_1_101' title='bbox 1224 1713 1387 1790; x_wconf 87' lang='lat' dir='ltr'><strong>Dei,</strong></span> <span class='ocrx_word' id='word_1_102' title='bbox 1448 1723 1514 1778; x_wconf 88' lang='lat' dir='ltr'><strong>et</strong></span> <span class='ocrx_word' id='word_1_103' title='bbox 1574 1712 1737 1779; x_wconf 87' lang='lat' dir='ltr'><strong>dicis</strong></span> <span class='ocrx_word' id='word_1_104' title='bbox 1780 1721 1848 1778; x_wconf 91' lang='lat' dir='ltr'><strong>te</strong></span> <span class='ocrx_word' id='word_1_105' title='bbox 1890 1734 2027 1778; x_wconf 91' lang='lat' dir='ltr'><strong>non</strong></span> <span class='ocrx_word' id='word_1_106' title='bbox 2070 1734 2215 1779; x_wconf 89' lang='lat' dir='ltr'><strong>esse</strong></span> <span class='ocrx_word' id='word_1_107' title='bbox 2259 1723 2397 1778; x_wconf 89' lang='lat' dir='ltr'><strong>tam</strong></span> <span class='ocrx_word' id='word_1_108' title='bbox 2440 1734 2619 1780; x_wconf 87' lang='lat' dir='ltr'><strong>cras·</strong></span> 
     </span>
     <span class='ocr_line' id='line_1_16' title="bbox 642 1798 2618 1883; baseline 0 -17"><span class='ocrx_word' id='word_1_109' title='bbox 642 1820 793 1866; x_wconf 91' lang='lat' dir='ltr'><strong>sum</strong></span> <span class='ocrx_word' id='word_1_110' title='bbox 850 1808 926 1865; x_wconf 92' lang='lat' dir='ltr'><strong>ut</strong></span> <span class='ocrx_word' id='word_1_111' title='bbox 983 1799 1213 1865; x_wconf 88' lang='lat' dir='ltr'><strong>credas</strong></span> <span class='ocrx_word' id='word_1_112' title='bbox 1266 1819 1411 1865; x_wconf 89' lang='lat' dir='ltr'><strong>esse</strong></span> <span class='ocrx_word' id='word_1_113' title='bbox 1469 1799 1657 1864; x_wconf 88' lang='lat' dir='ltr'><strong>filios.</strong></span> <span class='ocrx_word' id='word_1_114' title='bbox 1747 1798 1895 1883; x_wconf 86' lang='lat' dir='ltr'><strong>Ego</strong></span> <span class='ocrx_word' id='word_1_115' title='bbox 1961 1807 2183 1864; x_wconf 89' lang='lat' dir='ltr'><strong>autem</strong></span> <span class='ocrx_word' id='word_1_116' title='bbox 2228 1799 2373 1866; x_wconf 91' lang='lat' dir='ltr'><strong>dico</strong></span> <span class='ocrx_word' id='word_1_117' title='bbox 2418 1800 2618 1866; x_wconf 87' lang='lat' dir='ltr'><strong>etiam</strong></span> 
     </span>
     <span class='ocr_line' id='line_1_17' title="bbox 639 1884 2619 1969; baseline 0.001 -19"><span class='ocrx_word' id='word_1_118' title='bbox 639 1884 1164 1969; x_wconf 88' lang='lat' dir='ltr'><strong>praedestinatos</strong></span> <span class='ocrx_word' id='word_1_119' title='bbox 1215 1885 1283 1950; x_wconf 90' lang='lat' dir='ltr'><strong>in</strong></span> <span class='ocrx_word' id='word_1_120' title='bbox 1344 1885 1514 1951; x_wconf 86' lang='lat' dir='ltr'><strong>filios</strong></span> <span class='ocrx_word' id='word_1_121' title='bbox 1557 1884 1687 1950; x_wconf 89' lang='lat' dir='ltr'><strong>Dei</strong></span> <span class='ocrx_word' id='word_1_122' title='bbox 1743 1885 1924 1951; x_wconf 89' lang='lat' dir='ltr'><strong>nasci</strong></span> <span class='ocrx_word' id='word_1_123' title='bbox 1979 1906 2131 1951; x_wconf 92' lang='lat' dir='ltr'><strong>cum</strong></span> <span class='ocrx_word' id='word_1_124' title='bbox 2178 1885 2388 1951; x_wconf 89' lang='lat' dir='ltr'><strong>Paulo</strong></span> <span class='ocrx_word' id='word_1_125' title='bbox 2445 1886 2619 1952; x_wconf 89' lang='lat' dir='ltr'><strong>filios</strong></span> 
     </span>
     <span class='ocr_line' id='line_1_18' title="bbox 639 1970 2620 2055; baseline 0.001 -19"><span class='ocrx_word' id='word_1_126' title='bbox 639 1973 810 2050; x_wconf 90' lang='lat' dir='ltr'><strong>irae,</strong></span> <span class='ocrx_word' id='word_1_127' title='bbox 872 1970 1028 2038; x_wconf 92' lang='lat' dir='ltr'><strong>licet</strong></span> <span class='ocrx_word' id='word_1_128' title='bbox 1082 1971 1337 2037; x_wconf 91' lang='lat' dir='ltr'><strong>ratione</strong></span> <span class='ocrx_word' id='word_1_129' title='bbox 1397 1971 1552 2037; x_wconf 91' lang='lat' dir='ltr'><strong>boni</strong></span> <span class='ocrx_word' id='word_1_130' title='bbox 1606 1990 1729 2054; x_wconf 88' lang='lat' dir='ltr'><strong>pro</strong></span> <span class='ocrx_word' id='word_1_131' title='bbox 1776 1971 1928 2037; x_wconf 89' lang='lat' dir='ltr'><strong>ositi</strong></span> <span class='ocrx_word' id='word_1_132' title='bbox 1973 1970 2102 2037; x_wconf 89' lang='lat' dir='ltr'><strong>Dei</strong></span> <span class='ocrx_word' id='word_1_133' title='bbox 2146 1971 2362 2037; x_wconf 89' lang='lat' dir='ltr'><strong>dicere</strong></span> <span class='ocrx_word' id='word_1_134' title='bbox 2407 1974 2620 2055; x_wconf 90' lang='lat' dir='ltr'><strong>possis</strong></span> 
     </span>
     <span class='ocr_line' id='line_1_19' title="bbox 637 1992 2618 2141; baseline 0 -18"><span class='ocrx_word' id='word_1_135' title='bbox 637 2079 751 2124; x_wconf 91' lang='lat' dir='ltr'><strong>eos</strong></span> <span class='ocrx_word' id='word_1_136' title='bbox 787 2056 872 2122; x_wconf 87' lang='lat' dir='ltr'><strong>ab</strong></span> <span class='ocrx_word' id='word_1_137' title='bbox 907 2066 1094 2122; x_wconf 85' lang='lat' dir='ltr'><strong>utero</strong></span> <span class='ocrx_word' id='word_1_138' title='bbox 1130 2064 1397 2122; x_wconf 86' lang='lat' dir='ltr'><strong>vocatos</strong></span> <span class='ocrx_word' id='word_1_139' title='bbox 1449 2056 1641 2122; x_wconf 90' lang='lat' dir='ltr'><strong>filios.</strong></span> <span class='ocrx_word' id='word_1_140' title='bbox 1713 1992 1898 2122; x_wconf 63' lang='grc' dir='ltr'>ὅίίιιι</span> <span class='ocrx_word' id='word_1_141' title='bbox 1943 2075 2203 2141; x_wconf 89' lang='lat' dir='ltr'><strong>quoque</strong></span> <span class='ocrx_word' id='word_1_142' title='bbox 2246 2057 2319 2122; x_wconf 89' lang='lat' dir='ltr'><strong>in</strong></span> <span class='ocrx_word' id='word_1_143' title='bbox 2366 2057 2618 2124; x_wconf 85' lang='lat' dir='ltr'><strong>carnali</strong></span> 
     </span>
     <span class='ocr_line' id='line_1_20' title="bbox 636 2142 2616 2227; baseline 0 -19"><span class='ocrx_word' id='word_1_144' title='bbox 636 2142 902 2209; x_wconf 77' lang='lat' dir='ltr'><strong>foedere</strong></span> <span class='ocrx_word' id='word_1_145' title='bbox 962 2143 1226 2227; x_wconf 87' lang='lat' dir='ltr'><strong>parvuli</strong></span> <span class='ocrx_word' id='word_1_146' title='bbox 1284 2143 1503 2208; x_wconf 88' lang='lat' dir='ltr'><strong>carnis</strong></span> <span class='ocrx_word' id='word_1_147' title='bbox 1559 2142 2004 2208; x_wconf 87' lang='lat' dir='ltr'><strong>censebantur</strong></span> <span class='ocrx_word' id='word_1_148' title='bbox 2057 2143 2210 2208; x_wconf 90' lang='lat' dir='ltr'><strong>filii:</strong></span> <span class='ocrx_word' id='word_1_149' title='bbox 2276 2165 2459 2211; x_wconf 90' lang='lat' dir='ltr'><strong>nunc</strong></span> <span class='ocrx_word' id='word_1_150' title='bbox 2518 2144 2616 2209; x_wconf 92' lang='lat' dir='ltr'><strong>illi</strong></span> 
     </span>
     <span class='ocr_line' id='line_1_21' title="bbox 637 2225 2616 2312; baseline 0 -17"><span class='ocrx_word' id='word_1_151' title='bbox 637 2229 761 2295; x_wconf 92' lang='lat' dir='ltr'><strong>soli</strong></span> <span class='ocrx_word' id='word_1_152' title='bbox 818 2241 978 2296; x_wconf 91' lang='lat' dir='ltr'><strong>sunt</strong></span> <span class='ocrx_word' id='word_1_153' title='bbox 1036 2228 1159 2295; x_wconf 90' lang='lat' dir='ltr'><strong>filii</strong></span> <span class='ocrx_word' id='word_1_154' title='bbox 1213 2228 1325 2312; x_wconf 91' lang='lat' dir='ltr'><strong>qui</strong></span> <span class='ocrx_word' id='word_1_155' title='bbox 1369 2250 1490 2312; x_wconf 87' lang='lat' dir='ltr'><strong>per</strong></span> <span class='ocrx_word' id='word_1_156' title='bbox 1532 2225 1732 2294; x_wconf 83' lang='lat' dir='ltr'><strong>fidem</strong></span> <span class='ocrx_word' id='word_1_157' title='bbox 1776 2229 1951 2293; x_wconf 89' lang='lat' dir='ltr'><strong>fiunt</strong></span> <span class='ocrx_word' id='word_1_158' title='bbox 1992 2229 2113 2294; x_wconf 90' lang='lat' dir='ltr'><strong>filii</strong></span> <span class='ocrx_word' id='word_1_159' title='bbox 2159 2230 2305 2294; x_wconf 92' lang='lat' dir='ltr'><strong>Dei.</strong></span> <span class='ocrx_word' id='word_1_160' title='bbox 2394 2229 2489 2294; x_wconf 85' lang='lat' dir='ltr'><strong>Et</strong></span> <span class='ocrx_word' id='word_1_161' title='bbox 2533 2230 2616 2295; x_wconf 92' lang='lat' dir='ltr'><strong>ad</strong></span> 
     </span>
     <span class='ocr_line' id='line_1_22' title="bbox 637 2311 2616 2397; baseline -0.001 -17"><span class='ocrx_word' id='word_1_162' title='bbox 637 2315 761 2381; x_wconf 90' lang='lat' dir='ltr'><strong>hos</strong></span> <span class='ocrx_word' id='word_1_163' title='bbox 796 2315 973 2382; x_wconf 91' lang='lat' dir='ltr'><strong>solos</strong></span> <span class='ocrx_word' id='word_1_164' title='bbox 1007 2314 1178 2380; x_wconf 87' lang='lat' dir='ltr'><strong>filios</strong></span> <span class='ocrx_word' id='word_1_165' title='bbox 1201 2311 1584 2381; x_wconf 83' lang='lat' dir='ltr'><strong>extenditur</strong></span> <span class='ocrx_word' id='word_1_166' title='bbox 1603 2314 1968 2397; x_wconf 89' lang='lat' dir='ltr'><strong>promissus</strong></span> <span class='ocrx_word' id='word_1_167' title='bbox 1989 2315 2259 2397; x_wconf 90' lang='lat' dir='ltr'><strong>spiritus</strong></span> <span class='ocrx_word' id='word_1_168' title='bbox 2280 2319 2616 2395; x_wconf 77' lang='grc' dir='ltr'><em>υἱοθεσίας,</em></span> 
     </span>
     <span class='ocr_line' id='line_1_23' title="bbox 634 2399 2613 2486; baseline 0 -19"><span class='ocrx_word' id='word_1_169' title='bbox 634 2422 833 2485; x_wconf 87' lang='lat' dir='ltr'><strong>quem</strong></span> <span class='ocrx_word' id='word_1_170' title='bbox 898 2402 970 2465; x_wconf 91' lang='lat' dir='ltr'><strong>in</strong></span> <span class='ocrx_word' id='word_1_171' title='bbox 1039 2401 1368 2485; x_wconf 88' lang='lat' dir='ltr'><strong>baptismo</strong></span> <span class='ocrx_word' id='word_1_172' title='bbox 1433 2400 1577 2465; x_wconf 87' lang='lat' dir='ltr'><strong>dari</strong></span> <span class='ocrx_word' id='word_1_173' title='bbox 1642 2399 1832 2466; x_wconf 89' lang='lat' dir='ltr'><strong>docet</strong></span> <span class='ocrx_word' id='word_1_174' title='bbox 1884 2401 2163 2479; x_wconf 83' lang='lat' dir='ltr'><strong>Pet-rus,</strong></span> <span class='ocrx_word' id='word_1_175' title='bbox 2238 2402 2352 2486; x_wconf 91' lang='lat' dir='ltr'><strong>qui</strong></span> <span class='ocrx_word' id='word_1_176' title='bbox 2414 2403 2613 2467; x_wconf 88' lang='lat' dir='ltr'><strong>etiam</strong></span> 
     </span>
     <span class='ocr_line' id='line_1_24' title="bbox 635 2484 2616 2573; baseline -0.001 -19"><span class='ocrx_word' id='word_1_177' title='bbox 635 2488 914 2573; x_wconf 89' lang='lat' dir='ltr'><strong>spiritus</strong></span> <span class='ocrx_word' id='word_1_178' title='bbox 980 2508 1063 2552; x_wconf 90' lang='lat' dir='ltr'><strong>ex</strong></span> <span class='ocrx_word' id='word_1_179' title='bbox 1131 2486 1361 2552; x_wconf 88' lang='lat' dir='ltr'><strong>auditu</strong></span> <span class='ocrx_word' id='word_1_180' title='bbox 1428 2484 1582 2551; x_wconf 89' lang='lat' dir='ltr'><strong>fidei</strong></span> <span class='ocrx_word' id='word_1_181' title='bbox 1648 2497 1751 2551; x_wconf 89' lang='lat' dir='ltr'><strong>est</strong></span> <span class='ocrx_word' id='word_1_182' title='bbox 1816 2493 1983 2551; x_wconf 88' lang='lat' dir='ltr'><strong>teste</strong></span> <span class='ocrx_word' id='word_1_183' title='bbox 2047 2486 2279 2553; x_wconf 89' lang='lat' dir='ltr'><strong>Paulo.</strong></span> <span class='ocrx_word' id='word_1_184' title='bbox 2371 2486 2449 2553; x_wconf 78' lang='lat' dir='ltr'><strong>si</strong></span> <span class='ocrx_word' id='word_1_185' title='bbox 2505 2487 2616 2553; x_wconf 88' lang='lat' dir='ltr'><strong>Io·</strong></span> 
     </span>
     <span class='ocr_line' id='line_1_25' title="bbox 633 2570 2613 2656; baseline -0.001 -17"><span class='ocrx_word' id='word_1_186' title='bbox 633 2574 880 2639; x_wconf 89' lang='lat' dir='ltr'><strong>hannis</strong></span> <span class='ocrx_word' id='word_1_187' title='bbox 936 2573 1284 2656; x_wconf 86' lang='lat' dir='ltr'><strong>Baptistae</strong></span> <span class='ocrx_word' id='word_1_188' title='bbox 1363 2570 1741 2654; x_wconf 90' lang='lat' dir='ltr'><strong>exemplum</strong></span> <span class='ocrx_word' id='word_1_189' title='bbox 1807 2570 1932 2637; x_wconf 90' lang='lat' dir='ltr'><strong>tibi</strong></span> <span class='ocrx_word' id='word_1_190' title='bbox 1997 2570 2394 2654; x_wconf 88' lang='lat' dir='ltr'><strong>baptismum</strong></span> <span class='ocrx_word' id='word_1_191' title='bbox 2460 2593 2613 2656; x_wconf 93' lang='lat' dir='ltr'><strong>pro-</strong></span> 
     </span>
     <span class='ocr_line' id='line_1_26' title="bbox 632 2658 2615 2744; baseline -0.002 -18"><span class='ocrx_word' id='word_1_192' title='bbox 632 2661 768 2737; x_wconf 81' lang='lat' dir='ltr'><strong>bat,</strong></span> <span class='ocrx_word' id='word_1_193' title='bbox 818 2659 1076 2743; x_wconf 82' lang='lat' dir='ltr'><strong>baptiza</strong></span> <span class='ocrx_word' id='word_1_194' title='bbox 1130 2678 1373 2744; x_wconf 87' lang='lat' dir='ltr'><strong>pueros</strong></span> <span class='ocrx_word' id='word_1_195' title='bbox 1430 2659 1502 2722; x_wconf 90' lang='lat' dir='ltr'><strong>in</strong></span> <span class='ocrx_word' id='word_1_196' title='bbox 1562 2665 1750 2723; x_wconf 88' lang='lat' dir='ltr'><strong>utero</strong></span> <span class='ocrx_word' id='word_1_197' title='bbox 1793 2658 2046 2722; x_wconf 87' lang='lat' dir='ltr'><strong>matris.</strong></span> <span class='ocrx_word' id='word_1_198' title='bbox 2133 2658 2275 2724; x_wconf 92' lang='lat' dir='ltr'><strong>Nec</strong></span> <span class='ocrx_word' id='word_1_199' title='bbox 2333 2658 2615 2725; x_wconf 86' lang='lat' dir='ltr'><strong>deerunt</strong></span> 
     </span>
     <span class='ocr_line' id='line_1_27' title="bbox 633 2742 2614 2828; baseline -0.001 -18"><span class='ocrx_word' id='word_1_200' title='bbox 633 2744 756 2810; x_wconf 81' lang='lat' dir='ltr'><strong>tibi</strong></span> <span class='ocrx_word' id='word_1_201' title='bbox 837 2744 1141 2828; x_wconf 88' lang='lat' dir='ltr'><strong>exempla</strong></span> <span class='ocrx_word' id='word_1_202' title='bbox 1218 2744 1579 2809; x_wconf 88' lang='lat' dir='ltr'><strong>multorum</strong></span> <span class='ocrx_word' id='word_1_203' title='bbox 1657 2742 1771 2826; x_wconf 87' lang='lat' dir='ltr'><strong>qui</strong></span> <span class='ocrx_word' id='word_1_204' title='bbox 1835 2743 1908 2807; x_wconf 90' lang='lat' dir='ltr'><strong>in</strong></span> <span class='ocrx_word' id='word_1_205' title='bbox 1988 2751 2178 2809; x_wconf 85' lang='lat' dir='ltr'><strong>utero</strong></span> <span class='ocrx_word' id='word_1_206' title='bbox 2222 2744 2614 2811; x_wconf 76' lang='lat' dir='ltr'><strong>sanctificati</strong></span> 
     </span>
     <span class='ocr_line' id='line_1_28' title="bbox 635 2828 2614 2913; baseline -0.002 -15"><span class='ocrx_word' id='word_1_207' title='bbox 635 2842 813 2898; x_wconf 90' lang='lat' dir='ltr'><strong>sunt.</strong></span> <span class='ocrx_word' id='word_1_208' title='bbox 904 2830 1010 2896; x_wconf 82' lang='lat' dir='ltr'><strong>Ad</strong></span> <span class='ocrx_word' id='word_1_209' title='bbox 1072 2828 1356 2896; x_wconf 88' lang='lat' dir='ltr'><strong>eundem</strong></span> <span class='ocrx_word' id='word_1_210' title='bbox 1414 2829 1686 2894; x_wconf 91' lang='lat' dir='ltr'><strong>modum</strong></span> <span class='ocrx_word' id='word_1_211' title='bbox 1730 2849 1818 2893; x_wconf 89' lang='lat' dir='ltr'><strong>ex</strong></span> <span class='ocrx_word' id='word_1_212' title='bbox 1862 2828 2063 2895; x_wconf 87' lang='lat' dir='ltr'><strong>certis</strong></span> <span class='ocrx_word' id='word_1_213' title='bbox 2128 2829 2450 2913; x_wconf 88' lang='lat' dir='ltr'><strong>exemplis</strong></span> <span class='ocrx_word' id='word_1_214' title='bbox 2495 2839 2614 2896; x_wconf 89' lang='lat' dir='ltr'><strong>tua</strong></span> 
     </span>
     <span class='ocr_line' id='line_1_29' title="bbox 638 2915 2614 3002; baseline -0.001 -20"><span class='ocrx_word' id='word_1_215' title='bbox 638 2917 721 2984; x_wconf 92' lang='lat' dir='ltr'><strong>de</strong></span> <span class='ocrx_word' id='word_1_216' title='bbox 775 2916 1327 3002; x_wconf 85' lang='lat' dir='ltr'><strong>promissionibus</strong></span> <span class='ocrx_word' id='word_1_217' title='bbox 1385 2915 1724 3000; x_wconf 89' lang='lat' dir='ltr'><strong>generalia</strong></span> <span class='ocrx_word' id='word_1_218' title='bbox 1768 2922 2142 2981; x_wconf 88' lang='lat' dir='ltr'><strong>commenta</strong></span> <span class='ocrx_word' id='word_1_219' title='bbox 2184 2915 2399 3000; x_wconf 88' lang='lat' dir='ltr'><strong>fingis.</strong></span> <span class='ocrx_word' id='word_1_220' title='bbox 2491 2917 2614 2982; x_wconf 84' lang='lat' dir='ltr'><strong>Ais</strong></span> 
     </span>
     <span class='ocr_line' id='line_1_30' title="bbox 638 3000 2610 3085; baseline -0.001 -15"><span class='ocrx_word' id='word_1_221' title='bbox 638 3003 819 3070; x_wconf 88' lang='lat' dir='ltr'><strong>enim</strong></span> <span class='ocrx_word' id='word_1_222' title='bbox 885 3003 1222 3070; x_wconf 86' lang='lat' dir='ltr'><strong>neminem</strong></span> <span class='ocrx_word' id='word_1_223' title='bbox 1287 3001 1432 3068; x_wconf 88' lang='lat' dir='ltr'><strong>sine</strong></span> <span class='ocrx_word' id='word_1_224' title='bbox 1495 3000 1929 3084; x_wconf 87' lang='lat' dir='ltr'><strong>promissione</strong></span> <span class='ocrx_word' id='word_1_225' title='bbox 1994 3021 2184 3085; x_wconf 89' lang='lat' dir='ltr'><strong>posse</strong></span> <span class='ocrx_word' id='word_1_226' title='bbox 2249 3001 2610 3068; x_wconf 86' lang='lat' dir='ltr'><strong>iustificari.</strong></span> 
     </span>
     <span class='ocr_line' id='line_1_31' title="bbox 641 3086 2614 3173; baseline -0.001 -17"><span class='ocrx_word' id='word_1_227' title='bbox 641 3091 895 3156; x_wconf 74' lang='lat' dir='ltr'><strong>Mirum</strong></span> <span class='ocrx_word' id='word_1_228' title='bbox 961 3100 1140 3155; x_wconf 86' lang='lat' dir='ltr'><strong>certe</strong></span> <span class='ocrx_word' id='word_1_229' title='bbox 1205 3088 1380 3173; x_wconf 91' lang='lat' dir='ltr'><strong>quod</strong></span> <span class='ocrx_word' id='word_1_230' title='bbox 1436 3090 1530 3152; x_wconf 90' lang='lat' dir='ltr'><strong>ita</strong></span> <span class='ocrx_word' id='word_1_231' title='bbox 1588 3087 1707 3152; x_wconf 89' lang='lat' dir='ltr'><strong>tibi</strong></span> <span class='ocrx_word' id='word_1_232' title='bbox 1766 3086 2024 3170; x_wconf 80' lang='lat' dir='ltr'><strong>placeas</strong></span> <span class='ocrx_word' id='word_1_233' title='bbox 2068 3096 2135 3154; x_wconf 89' lang='lat' dir='ltr'><strong>et</strong></span> <span class='ocrx_word' id='word_1_234' title='bbox 2176 3109 2410 3154; x_wconf 91' lang='lat' dir='ltr'><strong>verum</strong></span> <span class='ocrx_word' id='word_1_235' title='bbox 2458 3088 2614 3155; x_wconf 87' lang='lat' dir='ltr'><strong>fidei</strong></span> 
     </span>
     <span class='ocr_line' id='line_1_32' title="bbox 636 3172 2614 3258; baseline -0.002 -16"><span class='ocrx_word' id='word_1_236' title='bbox 636 3176 1042 3243; x_wconf 85' lang='lat' dir='ltr'><strong>christianae</strong></span> <span class='ocrx_word' id='word_1_237' title='bbox 1139 3182 1340 3258; x_wconf 88' lang='lat' dir='ltr'><strong>caput</strong></span> <span class='ocrx_word' id='word_1_238' title='bbox 1415 3172 1811 3239; x_wconf 88' lang='lat' dir='ltr'><strong>dissimules.</strong></span> <span class='ocrx_word' id='word_1_239' title='bbox 1932 3174 2044 3239; x_wconf 88' lang='lat' dir='ltr'><strong>Ex</strong></span> <span class='ocrx_word' id='word_1_240' title='bbox 2122 3174 2259 3240; x_wconf 91' lang='lat' dir='ltr'><strong>solo</strong></span> <span class='ocrx_word' id='word_1_241' title='bbox 2341 3184 2614 3258; x_wconf 89' lang='lat' dir='ltr'><strong>aspectu</strong></span> 
     </span>
     <span class='ocr_line' id='line_1_33' title="bbox 636 3258 2612 3328; baseline -0.002 0"><span class='ocrx_word' id='word_1_242' title='bbox 636 3262 893 3328; x_wconf 78' lang='lat' dir='ltr'><strong>Christi</strong></span> <span class='ocrx_word' id='word_1_243' title='bbox 959 3259 1280 3327; x_wconf 88' lang='lat' dir='ltr'><strong>miracula</strong></span> <span class='ocrx_word' id='word_1_244' title='bbox 1355 3258 1660 3326; x_wconf 84' lang='lat' dir='ltr'><strong>facientis</strong></span> <span class='ocrx_word' id='word_1_245' title='bbox 1724 3258 1967 3324; x_wconf 93' lang='lat' dir='ltr'><strong>mulier</strong></span> <span class='ocrx_word' id='word_1_246' title='bbox 2030 3258 2438 3326; x_wconf 83' lang='lat' dir='ltr'><strong>Ohananaea</strong></span> <span class='ocrx_word' id='word_1_247' title='bbox 2501 3260 2612 3326; x_wconf 90' lang='lat' dir='ltr'><strong>vel</strong></span> 
     </span>
     <span class='ocr_line' id='line_1_34' title="bbox 637 3343 2615 3429; baseline -0.002 -16"><span class='ocrx_word' id='word_1_248' title='bbox 637 3346 1083 3413; x_wconf 83' lang='lat' dir='ltr'><strong>Caesarianus</strong></span> <span class='ocrx_word' id='word_1_249' title='bbox 1127 3346 1369 3429; x_wconf 90' lang='lat' dir='ltr'><strong>aliquis</strong></span> <span class='ocrx_word' id='word_1_250' title='bbox 1412 3344 1509 3410; x_wconf 88' lang='lat' dir='ltr'><strong>illi</strong></span> <span class='ocrx_word' id='word_1_251' title='bbox 1555 3343 1830 3411; x_wconf 89' lang='lat' dir='ltr'><strong>credens</strong></span> <span class='ocrx_word' id='word_1_252' title='bbox 1862 3353 2124 3429; x_wconf 87' lang='lat' dir='ltr'><strong>poterat</strong></span> <span class='ocrx_word' id='word_1_253' title='bbox 2166 3352 2328 3411; x_wconf 89' lang='lat' dir='ltr'><strong>tunc</strong></span> <span class='ocrx_word' id='word_1_254' title='bbox 2369 3346 2615 3412; x_wconf 88' lang='lat' dir='ltr'><strong>iustifi-</strong></span> 
     </span>
     <span class='ocr_line' id='line_1_35' title="bbox 637 3430 2616 3515; baseline -0.001 -16"><span class='ocrx_word' id='word_1_255' title='bbox 637 3434 798 3509; x_wconf 87' lang='lat' dir='ltr'><strong>cari,</strong></span> <span class='ocrx_word' id='word_1_256' title='bbox 844 3433 1102 3497; x_wconf 87' lang='lat' dir='ltr'><strong>etiamsi</strong></span> <span class='ocrx_word' id='word_1_257' title='bbox 1148 3431 1230 3497; x_wconf 90' lang='lat' dir='ltr'><strong>de</strong></span> <span class='ocrx_word' id='word_1_258' title='bbox 1275 3430 1814 3515; x_wconf 89' lang='lat' dir='ltr'><strong>promissionibus</strong></span> <span class='ocrx_word' id='word_1_259' title='bbox 1859 3430 2032 3496; x_wconf 90' lang='lat' dir='ltr'><strong>nihil</strong></span> <span class='ocrx_word' id='word_1_260' title='bbox 2066 3452 2359 3514; x_wconf 88' lang='lat' dir='ltr'><strong>unquam</strong></span> <span class='ocrx_word' id='word_1_261' title='bbox 2397 3432 2616 3497; x_wconf 89' lang='lat' dir='ltr'><strong>audis-</strong></span> 
     </span>
     <span class='ocr_line' id='line_1_36' title="bbox 637 3514 2617 3600; baseline -0.001 -16"><span class='ocrx_word' id='word_1_262' title='bbox 637 3528 760 3585; x_wconf 90' lang='lat' dir='ltr'><strong>set.</strong></span> <span class='ocrx_word' id='word_1_263' title='bbox 848 3519 1023 3583; x_wconf 91' lang='lat' dir='ltr'><strong>Nam</strong></span> <span class='ocrx_word' id='word_1_264' title='bbox 1068 3517 1383 3584; x_wconf 83' lang='lat' dir='ltr'><strong>Christus</strong></span> <span class='ocrx_word' id='word_1_265' title='bbox 1427 3517 1615 3582; x_wconf 85' lang='lat' dir='ltr'><strong>factis</strong></span> <span class='ocrx_word' id='word_1_266' title='bbox 1658 3538 1745 3600; x_wconf 90' lang='lat' dir='ltr'><strong>qu</strong></span> <span class='ocrx_word' id='word_1_267' title='bbox 1829 3537 1916 3581; x_wconf 92' lang='lat' dir='ltr'><strong>ue</strong></span> <span class='ocrx_word' id='word_1_268' title='bbox 1956 3514 2335 3582; x_wconf 85' lang='lat' dir='ltr'><strong>declarabat</strong></span> <span class='ocrx_word' id='word_1_269' title='bbox 2365 3539 2436 3583; x_wconf 91' lang='lat' dir='ltr'><strong>se</strong></span> <span class='ocrx_word' id='word_1_270' title='bbox 2472 3538 2617 3583; x_wconf 89' lang='lat' dir='ltr'><strong>esse</strong></span> 
     </span>
     <span class='ocr_line' id='line_1_37' title="bbox 637 3602 2616 3683; baseline -0.002 -13"><span class='ocrx_word' id='word_1_271' title='bbox 637 3605 851 3670; x_wconf 87' lang='lat' dir='ltr'><strong>filium</strong></span> <span class='ocrx_word' id='word_1_272' title='bbox 898 3605 1026 3669; x_wconf 87' lang='lat' dir='ltr'><strong>Dei</strong></span> <span class='ocrx_word' id='word_1_273' title='bbox 1084 3615 1153 3669; x_wconf 89' lang='lat' dir='ltr'><strong>et</strong></span> <span class='ocrx_word' id='word_1_274' title='bbox 1208 3602 1273 3668; x_wconf 93' lang='lat' dir='ltr'><strong>id</strong></span> <span class='ocrx_word' id='word_1_275' title='bbox 1331 3603 1674 3669; x_wconf 88' lang='lat' dir='ltr'><strong>credentes</strong></span> <span class='ocrx_word' id='word_1_276' title='bbox 1732 3625 1764 3668; x_wconf 90' lang='lat' dir='ltr'><strong>s</strong></span> <span class='ocrx_word' id='word_1_277' title='bbox 1832 3602 2035 3668; x_wconf 87' lang='lat' dir='ltr'><strong>vabat</strong></span> <span class='ocrx_word' id='word_1_278' title='bbox 2085 3611 2152 3667; x_wconf 90' lang='lat' dir='ltr'><strong>et</strong></span> <span class='ocrx_word' id='word_1_279' title='bbox 2193 3603 2616 3683; x_wconf 87' lang='lat' dir='ltr'><strong>iustificabat,</strong></span> 
     </span>
     <span class='ocr_line' id='line_1_38' title="bbox 638 3687 2617 3773; baseline -0.001 -18"><span class='ocrx_word' id='word_1_280' title='bbox 638 3691 903 3755; x_wconf 89' lang='lat' dir='ltr'><strong>etiamsi</strong></span> <span class='ocrx_word' id='word_1_281' title='bbox 939 3700 1161 3755; x_wconf 89' lang='lat' dir='ltr'><strong>essent</strong></span> <span class='ocrx_word' id='word_1_282' title='bbox 1183 3687 1475 3773; x_wconf 79' lang='lat' dir='ltr'><strong>Scythae</strong></span> <span class='ocrx_word' id='word_1_283' title='bbox 1520 3688 1772 3754; x_wconf 89' lang='lat' dir='ltr'><strong>nullam</strong></span> <span class='ocrx_word' id='word_1_284' title='bbox 1817 3687 2315 3771; x_wconf 88' lang='lat' dir='ltr'><strong>promissionem</strong></span> <span class='ocrx_word' id='word_1_285' title='bbox 2364 3689 2617 3754; x_wconf 87' lang='lat' dir='ltr'><strong>haben-</strong></span> 
     </span>
     <span class='ocr_line' id='line_1_39' title="bbox 637 3772 2616 3856; baseline -0.001 -14"><span class='ocrx_word' id='word_1_286' title='bbox 637 3785 762 3843; x_wconf 88' lang='lat' dir='ltr'><strong>tes.</strong></span> <span class='ocrx_word' id='word_1_287' title='bbox 852 3776 997 3841; x_wconf 94' lang='lat' dir='ltr'><strong>Imo</strong></span> <span class='ocrx_word' id='word_1_288' title='bbox 1042 3774 1396 3841; x_wconf 89' lang='lat' dir='ltr'><strong>ridiculum</strong></span> <span class='ocrx_word' id='word_1_289' title='bbox 1436 3775 1492 3840; x_wconf 92' lang='lat' dir='ltr'><strong>si</strong></span> <span class='ocrx_word' id='word_1_290' title='bbox 1551 3775 1700 3856; x_wconf 91' lang='lat' dir='ltr'><strong>quis</strong></span> <span class='ocrx_word' id='word_1_291' title='bbox 1745 3795 1877 3839; x_wconf 86' lang='lat' dir='ltr'><strong>non</strong></span> <span class='ocrx_word' id='word_1_292' title='bbox 1921 3774 2011 3839; x_wconf 88' lang='lat' dir='ltr'><strong>sit</strong></span> <span class='ocrx_word' id='word_1_293' title='bbox 2053 3772 2200 3839; x_wconf 91' lang='lat' dir='ltr'><strong>Deo</strong></span> <span class='ocrx_word' id='word_1_294' title='bbox 2243 3774 2616 3841; x_wconf 89' lang='lat' dir='ltr'><strong>crediturus</strong></span> 
     </span>
     <span class='ocr_line' id='line_1_40' title="bbox 638 3858 2615 3944; baseline -0.001 -17"><span class='ocrx_word' id='word_1_295' title='bbox 638 3862 773 3928; x_wconf 91' lang='lat' dir='ltr'><strong>nisi</strong></span> <span class='ocrx_word' id='word_1_296' title='bbox 832 3861 1078 3944; x_wconf 89' lang='lat' dir='ltr'><strong>aliquid</strong></span> <span class='ocrx_word' id='word_1_297' title='bbox 1138 3862 1279 3944; x_wconf 87' lang='lat' dir='ltr'><strong>ipse</strong></span> <span class='ocrx_word' id='word_1_298' title='bbox 1332 3860 1694 3943; x_wconf 86' lang='lat' dir='ltr'><strong>promittat.</strong></span> <span class='ocrx_word' id='word_1_299' title='bbox 1782 3860 2059 3926; x_wconf 88' lang='lat' dir='ltr'><strong>Possem</strong></span> <span class='ocrx_word' id='word_1_300' title='bbox 2127 3858 2212 3924; x_wconf 90' lang='lat' dir='ltr'><strong>ad</strong></span> <span class='ocrx_word' id='word_1_301' title='bbox 2252 3860 2378 3927; x_wconf 93' lang='lat' dir='ltr'><strong>hoc</strong></span> <span class='ocrx_word' id='word_1_302' title='bbox 2421 3870 2615 3926; x_wconf 91' lang='lat' dir='ltr'><strong>tuum</strong></span> 
     </span>
     <span class='ocr_line' id='line_1_41' title="bbox 642 3945 2616 4031; baseline -0.001 -18"><span class='ocrx_word' id='word_1_303' title='bbox 642 3949 894 4013; x_wconf 90' lang='lat' dir='ltr'><strong>dictum</strong></span> <span class='ocrx_word' id='word_1_304' title='bbox 939 3946 1426 4031; x_wconf 90' lang='lat' dir='ltr'><strong>explodendum</strong></span> <span class='ocrx_word' id='word_1_305' title='bbox 1477 3946 1859 4012; x_wconf 88' lang='lat' dir='ltr'><strong>testimonia</strong></span> <span class='ocrx_word' id='word_1_306' title='bbox 1922 3958 1988 4011; x_wconf 89' lang='lat' dir='ltr'><strong>et</strong></span> <span class='ocrx_word' id='word_1_307' title='bbox 2031 3945 2336 4029; x_wconf 90' lang='lat' dir='ltr'><strong>exempla</strong></span> <span class='ocrx_word' id='word_1_308' title='bbox 2379 3948 2616 4013; x_wconf 88' lang='lat' dir='ltr'><strong>iustifi-</strong></span> 
     </span>
     <span class='ocr_line' id='line_1_42' title="bbox 641 4031 2616 4117; baseline -0.001 -16"><span class='ocrx_word' id='word_1_309' title='bbox 641 4045 943 4101; x_wconf 88' lang='lat' dir='ltr'><strong>catorum</strong></span> <span class='ocrx_word' id='word_1_310' title='bbox 991 4031 1315 4098; x_wconf 86' lang='lat' dir='ltr'><strong>adducere</strong></span> <span class='ocrx_word' id='word_1_311' title='bbox 1357 4032 1731 4111; x_wconf 89' lang='lat' dir='ltr'><strong>innumera,</strong></span> <span class='ocrx_word' id='word_1_312' title='bbox 1777 4042 1912 4097; x_wconf 85' lang='lat' dir='ltr'><strong>tam</strong></span> <span class='ocrx_word' id='word_1_313' title='bbox 1959 4041 2114 4097; x_wconf 85' lang='lat' dir='ltr'><strong>ante</strong></span> <span class='ocrx_word' id='word_1_314' title='bbox 2149 4042 2411 4116; x_wconf 89' lang='lat' dir='ltr'><strong>tempus</strong></span> <span class='ocrx_word' id='word_1_315' title='bbox 2447 4033 2616 4117; x_wconf 89' lang='lat' dir='ltr'><strong>legis</strong></span> 
     </span>
     <span class='ocr_line' id='line_1_43' title="bbox 640 4117 2614 4204; baseline -0.002 -18"><span class='ocrx_word' id='word_1_316' title='bbox 640 4141 842 4204; x_wconf 88' lang='lat' dir='ltr'><strong>quam</strong></span> <span class='ocrx_word' id='word_1_317' title='bbox 903 4128 1196 4203; x_wconf 88' lang='lat' dir='ltr'><strong>tempore</strong></span> <span class='ocrx_word' id='word_1_318' title='bbox 1256 4117 1420 4201; x_wconf 88' lang='lat' dir='ltr'><strong>legis</strong></span> <span class='ocrx_word' id='word_1_319' title='bbox 1474 4132 1541 4181; x_wconf 85' lang='lat' dir='ltr'><strong>et</strong></span> <span class='ocrx_word' id='word_1_320' title='bbox 1599 4129 1892 4201; x_wconf 88' lang='lat' dir='ltr'><strong>tempore</strong></span> <span class='ocrx_word' id='word_1_321' title='bbox 1948 4118 2231 4203; x_wconf 89' lang='lat' dir='ltr'><strong>gratiae,</strong></span> <span class='ocrx_word' id='word_1_322' title='bbox 2296 4119 2499 4185; x_wconf 90' lang='lat' dir='ltr'><strong>etiam</strong></span> <span class='ocrx_word' id='word_1_323' title='bbox 2542 4119 2614 4183; x_wconf 89' lang='lat' dir='ltr'><strong>in</strong></span> 
     </span>
     <span class='ocr_line' id='line_1_44' title="bbox 641 4203 1649 4272; baseline -0.004 0"><span class='ocrx_word' id='word_1_324' title='bbox 641 4206 892 4272; x_wconf 89' lang='lat' dir='ltr'><strong>Ninive</strong></span> <span class='ocrx_word' id='word_1_325' title='bbox 935 4215 1004 4270; x_wconf 88' lang='lat' dir='ltr'><strong>et</strong></span> <span class='ocrx_word' id='word_1_326' title='bbox 1045 4208 1114 4270; x_wconf 89' lang='lat' dir='ltr'><strong>in</strong></span> <span class='ocrx_word' id='word_1_327' title='bbox 1160 4203 1398 4270; x_wconf 88' lang='lat' dir='ltr'><strong>insulis</strong></span> <span class='ocrx_word' id='word_1_328' title='bbox 1441 4203 1649 4269; x_wconf 90' lang='lat' dir='ltr'><strong>novis.</strong></span> 
     </span>
    </p>

    <p class='ocr_par' dir='ltr' id='par_1_4' title="bbox 642 4286 2613 4709">
     <span class='ocr_line' id='line_1_45' title="bbox 821 4286 2609 4374; baseline -0.001 -17"><span class='ocrx_word' id='word_1_329' title='bbox 821 4290 953 4358; x_wconf 80' lang='lat' dir='ltr'><strong>Sed</strong></span> <span class='ocrx_word' id='word_1_330' title='bbox 1002 4291 1160 4374; x_wconf 90' lang='lat' dir='ltr'><strong>quia</strong></span> <span class='ocrx_word' id='word_1_331' title='bbox 1203 4291 1398 4355; x_wconf 92' lang='lat' dir='ltr'><strong>times</strong></span> <span class='ocrx_word' id='word_1_332' title='bbox 1442 4309 1526 4353; x_wconf 90' lang='lat' dir='ltr'><strong>ne</strong></span> <span class='ocrx_word' id='word_1_333' title='bbox 1568 4290 1695 4354; x_wconf 92' lang='lat' dir='ltr'><strong>sim</strong></span> <span class='ocrx_word' id='word_1_334' title='bbox 1739 4288 1856 4354; x_wconf 90' lang='lat' dir='ltr'><strong>tibi</strong></span> <span class='ocrx_word' id='word_1_335' title='bbox 1901 4286 2132 4367; x_wconf 83' lang='lat' dir='ltr'><strong>Satan,</strong></span> <span class='ocrx_word' id='word_1_336' title='bbox 2177 4290 2379 4355; x_wconf 88' lang='lat' dir='ltr'><strong>finem</strong></span> <span class='ocrx_word' id='word_1_337' title='bbox 2426 4290 2609 4356; x_wconf 81' lang='lat' dir='ltr'><strong>facio.</strong></span> 
     </span>
     <span class='ocr_line' id='line_1_46' title="bbox 643 4374 2613 4461; baseline 0 -18"><span class='ocrx_word' id='word_1_338' title='bbox 643 4377 944 4443; x_wconf 86' lang='lat' dir='ltr'><strong>Remitte</strong></span> <span class='ocrx_word' id='word_1_339' title='bbox 987 4378 1194 4461; x_wconf 89' lang='lat' dir='ltr'><strong>igitur</strong></span> <span class='ocrx_word' id='word_1_340' title='bbox 1234 4374 1479 4458; x_wconf 87' lang='lat' dir='ltr'><strong>scripta</strong></span> <span class='ocrx_word' id='word_1_341' title='bbox 1523 4395 1670 4440; x_wconf 87' lang='lat' dir='ltr'><strong>mea</strong></span> <span class='ocrx_word' id='word_1_342' title='bbox 1712 4386 1778 4440; x_wconf 91' lang='lat' dir='ltr'><strong>et</strong></span> <span class='ocrx_word' id='word_1_343' title='bbox 1822 4374 1987 4441; x_wconf 88' lang='lat' dir='ltr'><strong>vale.</strong></span> <span class='ocrx_word' id='word_1_344' title='bbox 2078 4374 2154 4442; x_wconf 82' lang='lat' dir='ltr'><strong>Si</strong></span> <span class='ocrx_word' id='word_1_345' title='bbox 2202 4396 2355 4442; x_wconf 87' lang='lat' dir='ltr'><strong>vere</strong></span> <span class='ocrx_word' id='word_1_346' title='bbox 2398 4375 2613 4443; x_wconf 90' lang='lat' dir='ltr'><strong>credis</strong></span> 
     </span>
     <span class='ocr_line' id='line_1_47' title="bbox 642 4460 2610 4548; baseline -0.001 -20"><span class='ocrx_word' id='word_1_347' title='bbox 642 4484 885 4548; x_wconf 88' lang='lat' dir='ltr'><strong>papam</strong></span> <span class='ocrx_word' id='word_1_348' title='bbox 929 4484 1072 4528; x_wconf 89' lang='lat' dir='ltr'><strong>esse</strong></span> <span class='ocrx_word' id='word_1_349' title='bbox 1116 4460 1628 4535; x_wconf 86' lang='lat' dir='ltr'><strong>Antichristum‚</strong></span> <span class='ocrx_word' id='word_1_350' title='bbox 1673 4460 1901 4526; x_wconf 89' lang='lat' dir='ltr'><strong>credes</strong></span> <span class='ocrx_word' id='word_1_351' title='bbox 1944 4482 2201 4544; x_wconf 89' lang='lat' dir='ltr'><strong>quoque</strong></span> <span class='ocrx_word' id='word_1_352' title='bbox 2245 4461 2610 4527; x_wconf 88' lang='lat' dir='ltr'><strong>trinitatem</strong></span> 
     </span>
     <span class='ocr_line' id='line_1_48' title="bbox 643 4545 2611 4633; baseline -0.001 -19"><span class='ocrx_word' id='word_1_353' title='bbox 643 4558 713 4614; x_wconf 84' lang='lat' dir='ltr'><strong>et</strong></span> <span class='ocrx_word' id='word_1_354' title='bbox 757 4547 1366 4633; x_wconf 89' lang='lat' dir='ltr'><strong>paedobaptismum</strong></span> <span class='ocrx_word' id='word_1_355' title='bbox 1411 4567 1494 4611; x_wconf 90' lang='lat' dir='ltr'><strong>ex</strong></span> <span class='ocrx_word' id='word_1_356' title='bbox 1540 4545 1836 4611; x_wconf 89' lang='lat' dir='ltr'><strong>doctrina</strong></span> <span class='ocrx_word' id='word_1_357' title='bbox 1877 4559 2156 4630; x_wconf 84' lang='lat' dir='ltr'><strong>papatus</strong></span> <span class='ocrx_word' id='word_1_358' title='bbox 2190 4568 2335 4614; x_wconf 90' lang='grc'>8888</span> <span class='ocrx_word' id='word_1_359' title='bbox 2369 4547 2611 4614; x_wconf 89' lang='lat' dir='ltr'><strong>doctri-</strong></span> 
     </span>
     <span class='ocr_line' id='line_1_49' title="bbox 645 4631 1989 4709; baseline 0 -11"><span class='ocrx_word' id='word_1_360' title='bbox 645 4655 803 4698; x_wconf 91' lang='lat' dir='ltr'><strong>nam</strong></span> <span class='ocrx_word' id='word_1_361' title='bbox 847 4634 1362 4699; x_wconf 89' lang='lat' dir='ltr'><strong>daemoniorum.</strong></span> <span class='ocrx_word' id='word_1_362' title='bbox 1433 4631 1688 4697; x_wconf 91' lang='lat' dir='ltr'><strong>Iterum</strong></span> <span class='ocrx_word' id='word_1_363' title='bbox 1732 4632 1900 4698; x_wconf 90' lang='lat' dir='ltr'><strong>vale.</strong></span> <span class='ocrx_word' id='word_1_364' title='bbox 1937 4637 1989 4709; x_wconf 84' lang='lat'><strong>¹)</strong></span> 
     </span>
    </p>
   </div>
   <div class='ocr_carea' id='block_1_3' title="bbox 644 4807 1026 4819">
    <p class='ocr_par' dir='ltr' id='par_1_5' title="bbox 644 4807 1026 4819">
     <span class='ocr_line' id='line_1_50' title="bbox 644 4807 1026 4819; baseline 0 0"><span class='ocrx_word' id='word_1_365' title='bbox 644 4807 1026 4819; x_wconf 95' lang='lat' dir='ltr'><strong> </strong></span> 
     </span>
    </p>
   </div>
   <div class='ocr_carea' id='block_1_4' title="bbox 645 4904 2614 5114">
    <p class='ocr_par' dir='ltr' id='par_1_6' title="bbox 645 4904 2614 5114">
     <span class='ocr_line' id='line_1_51' title="bbox 645 4904 2614 4975; baseline 0 -15"><span class='ocrx_word' id='word_1_366' title='bbox 645 4906 840 4963; x_wconf 72' lang='lat'><strong>4255.</strong></span> <span class='ocrx_word' id='word_1_367' title='bbox 861 4906 917 4975; x_wconf 88' lang='lat' dir='ltr'><strong>l)</strong></span> <span class='ocrx_word' id='word_1_368' title='bbox 952 4906 1241 4961; x_wconf 74' lang='lat' dir='ltr'><strong>Fortassis</strong></span> <span class='ocrx_word' id='word_1_369' title='bbox 1288 4906 1392 4960; x_wconf 70' lang='lat' dir='ltr'><strong>hae</strong></span> <span class='ocrx_word' id='word_1_370' title='bbox 1453 4906 1646 4962; x_wconf 77' lang='lat' dir='ltr'><strong>literae</strong></span> <span class='ocrx_word' id='word_1_371' title='bbox 1703 4908 1847 4962; x_wconf 67' lang='lat' dir='ltr'><strong>inter</strong></span> <span class='ocrx_word' id='word_1_372' title='bbox 1894 4904 2186 4961; x_wconf 70' lang='lat' dir='ltr'><strong>Calvinum</strong></span> <span class='ocrx_word' id='word_1_373' title='bbox 2237 4913 2290 4962; x_wconf 68' lang='lat' dir='ltr'><strong>et</strong></span> <span class='ocrx_word' id='word_1_374' title='bbox 2334 4907 2614 4962; x_wconf 63' lang='grc' dir='ltr'><strong>δον-σείων»</strong></span> 
     </span>
     <span class='ocr_line' id='line_1_52' title="bbox 648 4973 2612 5044; baseline -0.001 -15"><span class='ocrx_word' id='word_1_375' title='bbox 648 4986 871 5030; x_wconf 73' lang='lat' dir='ltr'><strong>mutuae</strong></span> <span class='ocrx_word' id='word_1_376' title='bbox 904 4976 982 5031; x_wconf 78' lang='lat' dir='ltr'><strong>ad</strong></span> <span class='ocrx_word' id='word_1_377' title='bbox 1017 4993 1071 5030; x_wconf 80' lang='lat' dir='ltr'><strong>a.</strong></span> <span class='ocrx_word' id='word_1_378' title='bbox 1109 4973 1248 5028; x_wconf 78' lang='lat'>1545</span> <span class='ocrx_word' id='word_1_379' title='bbox 1281 4974 1603 5041; x_wconf 72' lang='lat' dir='ltr'><strong>referendae</strong></span> <span class='ocrx_word' id='word_1_380' title='bbox 1637 4982 1782 5042; x_wconf 72' lang='lat' dir='ltr'><strong>cunt,</strong></span> <span class='ocrx_word' id='word_1_381' title='bbox 1817 4975 1965 5044; x_wconf 71' lang='lat' dir='ltr'><strong>quod</strong></span> <span class='ocrx_word' id='word_1_382' title='bbox 1997 4976 2116 5030; x_wconf 69' lang='lat' dir='ltr'><strong>nisi</strong></span> <span class='ocrx_word' id='word_1_383' title='bbox 2159 4975 2411 5043; x_wconf 72' lang='lat' dir='ltr'><strong>fallimur</strong></span> <span class='ocrx_word' id='word_1_384' title='bbox 2445 4992 2514 5032; x_wconf 63' lang='lat' dir='ltr'><strong>ez</strong></span> <span class='ocrx_word' id='word_1_385' title='bbox 2547 4975 2612 5028; x_wconf 87' lang='lat' dir='ltr'><strong>N.</strong></span> 
     </span>
     <span class='ocr_line' id='line_1_53' title="bbox 647 5042 1370 5114; baseline 0.006 -17"><span class='ocrx_word' id='word_1_386' title='bbox 647 5042 753 5098; x_wconf 75' lang='lat'><strong>766</strong></span> <span class='ocrx_word' id='word_1_387' title='bbox 788 5046 913 5101; x_wconf 78' lang='lat' dir='ltr'><strong>elici</strong></span> <span class='ocrx_word' id='word_1_388' title='bbox 938 5060 1100 5114; x_wconf 78' lang='lat' dir='ltr'><strong>posse</strong></span> <span class='ocrx_word' id='word_1_389' title='bbox 1134 5043 1370 5101; x_wconf 72' lang='lat' dir='ltr'><strong>videtur.</strong></span> 
     </span>
    </p>
   </div>
   <div class='ocr_carea' id='block_1_5' title="bbox 2172 408 3179 479">
    <p class='ocr_par' dir='ltr' id='par_1_7' title="bbox 2172 408 3179 479">
     <span class='ocr_line' id='line_1_54' title="bbox 2172 408 3179 479; baseline -0.002 0"><span class='ocrx_word' id='word_1_390' title='bbox 2172 408 2706 479; x_wconf 77' lang='lat' dir='ltr'><strong>EPIE&#39;I&#39;OLAE</strong></span> <span class='ocrx_word' id='word_1_391' title='bbox 2749 415 3179 478; x_wconf 79' lang='lat'>4255-4259</span> 
     </span>
    </p>
   </div>
   <div class='ocr_carea' id='block_1_6' title="bbox 2661 597 2683 5371">
    <p class='ocr_par' dir='ltr' id='par_1_8' title="bbox 2661 597 2683 5371">
     <span class='ocr_line' id='line_1_55' title="bbox 2661 597 2683 5371; baseline 0 0"><span class='ocrx_word' id='word_1_392' title='bbox 2661 597 2683 5371; x_wconf 95' lang='lat' dir='ltr'><strong> </strong></span> 
     </span>
    </p>
   </div>
   <div class='ocr_carea' id='block_1_7' title="bbox 3220 600 4189 823">
    <p class='ocr_par' dir='ltr' id='par_1_9' title="bbox 3220 600 4189 823">
     <span class='ocr_line' id='line_1_56' title="bbox 3606 600 3811 671; baseline 0 0"><span class='ocrx_word' id='word_1_393' title='bbox 3606 600 3811 671; x_wconf 67' lang='lat'><strong>425⁶.</strong></span> 
     </span>
     <span class='ocr_line' id='line_1_57' title="bbox 3220 752 4189 823; baseline 0.001 -2"><span class='ocrx_word' id='word_1_394' title='bbox 3220 752 3701 823; x_wconf 74' lang='lat' dir='ltr'>STURMIUS</span> <span class='ocrx_word' id='word_1_395' title='bbox 3743 754 4189 823; x_wconf 82' lang='lat' dir='ltr'><strong>CALVINO.</strong></span> 
     </span>
    </p>
   </div>
   <div class='ocr_carea' id='block_1_8' title="bbox 2896 924 4371 1169">
    <p class='ocr_par' dir='ltr' id='par_1_10' title="bbox 2896 924 4371 1169">
     <span class='ocr_line' id='line_1_58' title="bbox 2896 924 3747 995; baseline 0.005 -4"><span class='ocrx_word' id='word_1_396' title='bbox 2896 924 3154 992; x_wconf 82' lang='lat' dir='ltr'><strong>Literae</strong></span> <span class='ocrx_word' id='word_1_397' title='bbox 3193 927 3747 995; x_wconf 75' lang='lat' dir='ltr'><strong>commendatitiae.</strong></span> 
     </span>
     <span class='ocr_line' id='line_1_59' title="bbox 3039 1096 4371 1169; baseline 0.003 -19"><span class='ocrx_word' id='word_1_398' title='bbox 3039 1096 3153 1166; x_wconf 77' lang='lat' dir='ltr'><strong>(Ex</strong></span> <span class='ocrx_word' id='word_1_399' title='bbox 3189 1097 3531 1168; x_wconf 85' lang='lat' dir='ltr'><strong>autographo</strong></span> <span class='ocrx_word' id='word_1_400' title='bbox 3559 1097 3695 1155; x_wconf 86' lang='lat' dir='ltr'><strong>Ood.</strong></span> <span class='ocrx_word' id='word_1_401' title='bbox 3730 1099 3896 1154; x_wconf 76' lang='lat' dir='ltr'><strong>Goth.</strong></span> <span class='ocrx_word' id='word_1_402' title='bbox 3929 1097 4055 1161; x_wconf 79' lang='lat'><strong>404,</strong></span> <span class='ocrx_word' id='word_1_403' title='bbox 4090 1099 4186 1154; x_wconf 76' lang='lat' dir='ltr'><strong>fol.</strong></span> <span class='ocrx_word' id='word_1_404' title='bbox 4222 1097 4371 1169; x_wconf 73' lang='grc'>806.)</span> 
     </span>
    </p>
   </div>
   <div class='ocr_carea' id='block_1_9' title="bbox 2723 1266 4629 1423">
    <p class='ocr_par' dir='ltr' id='par_1_11' title="bbox 2723 1266 4629 1423">
     <span class='ocr_line' id='line_1_60' title="bbox 2723 1266 4629 1371; baseline 0.002 -37"><span class='ocrx_word' id='word_1_405' title='bbox 2723 1266 3109 1335; x_wconf 83' lang='lat' dir='ltr'><strong>Clarissimo</strong></span> <span class='ocrx_word' id='word_1_406' title='bbox 3161 1270 3308 1335; x_wconf 90' lang='lat' dir='ltr'><strong>viro</strong></span> <span class='ocrx_word' id='word_1_407' title='bbox 3353 1268 3441 1334; x_wconf 91' lang='lat' dir='ltr'><strong>D.</strong></span> <span class='ocrx_word' id='word_1_408' title='bbox 3485 1270 3721 1371; x_wconf 67' lang='lat' dir='ltr'><strong>Ioanpi</strong></span> <span class='ocrx_word' id='word_1_409' title='bbox 3764 1270 4050 1370; x_wconf 67' lang='lat' dir='ltr'><strong>Calvino</strong></span> <span class='ocrx_word' id='word_1_410' title='bbox 4111 1293 4233 1338; x_wconf 92' lang='lat' dir='ltr'><strong>suo</strong></span> <span class='ocrx_word' id='word_1_411' title='bbox 4300 1294 4537 1339; x_wconf 82' lang='lat' dir='ltr'><strong>summo</strong></span> <span class='ocrx_word' id='word_1_412' title='bbox 4582 1283 4629 1338; x_wconf 76' lang='lat' dir='ltr'><strong>ct</strong></span> 
     </span>
     <span class='ocr_line' id='line_1_61' title="bbox 3461 1365 3949 1423; baseline -0.002 0"><span class='ocrx_word' id='word_1_413' title='bbox 3461 1365 3676 1423; x_wconf 79' lang='lat' dir='ltr'><strong>veteri</strong></span> <span class='ocrx_word' id='word_1_414' title='bbox 3720 1377 3949 1423; x_wconf 77' lang='lat' dir='ltr'><strong>amico.</strong></span> 
     </span>
    </p>
   </div>
   <div class='ocr_carea' id='block_1_10' title="bbox 2716 1525 4647 2990">
    <p class='ocr_par' dir='ltr' id='par_1_12' title="bbox 2716 1525 4647 2879">
     <span class='ocr_line' id='line_1_62' title="bbox 2895 1525 4633 1608; baseline 0.002 -15"><span class='ocrx_word' id='word_1_415' title='bbox 2895 1525 2968 1593; x_wconf 78' lang='lat' dir='ltr'><strong>S.</strong></span> <span class='ocrx_word' id='word_1_416' title='bbox 3014 1526 3092 1592; x_wconf 90' lang='lat' dir='ltr'><strong>P.</strong></span> <span class='ocrx_word' id='word_1_417' title='bbox 3166 1525 3301 1608; x_wconf 81' lang='lat' dir='ltr'><strong>Qui</strong></span> <span class='ocrx_word' id='word_1_418' title='bbox 3356 1526 3479 1594; x_wconf 88' lang='lat' dir='ltr'><strong>tibi</strong></span> <span class='ocrx_word' id='word_1_419' title='bbox 3538 1527 3663 1595; x_wconf 88' lang='lat' dir='ltr'><strong>has</strong></span> <span class='ocrx_word' id='word_1_420' title='bbox 3720 1527 4007 1595; x_wconf 90' lang='lat' dir='ltr'><strong>reddidit</strong></span> <span class='ocrx_word' id='word_1_421' title='bbox 4051 1529 4166 1595; x_wconf 82' lang='lat' dir='ltr'><strong>diu</strong></span> <span class='ocrx_word' id='word_1_422' title='bbox 4210 1552 4290 1596; x_wconf 87' lang='lat' dir='ltr'><strong>eo</strong></span> <span class='ocrx_word' id='word_1_423' title='bbox 4332 1551 4475 1598; x_wconf 88' lang='lat' dir='ltr'><strong>sum</strong></span> <span class='ocrx_word' id='word_1_424' title='bbox 4520 1551 4633 1597; x_wconf 69' lang='lat' dir='ltr'><strong>mu</strong></span> 
     </span>
     <span class='ocr_line' id='line_1_63' title="bbox 2721 1610 4634 1701; baseline 0.003 -24"><span class='ocrx_word' id='word_1_425' title='bbox 2721 1611 2984 1677; x_wconf 84' lang='lat' dir='ltr'><strong>famulo.</strong></span> <span class='ocrx_word' id='word_1_426' title='bbox 3098 1610 3374 1680; x_wconf 83' lang='lat' dir='ltr'><strong>Studuit</strong></span> <span class='ocrx_word' id='word_1_427' title='bbox 3452 1614 3654 1679; x_wconf 89' lang='lat' dir='ltr'><strong>etiam</strong></span> <span class='ocrx_word' id='word_1_428' title='bbox 3733 1616 4076 1682; x_wconf 87' lang='lat' dir='ltr'><strong>nobiscum</strong></span> <span class='ocrx_word' id='word_1_429' title='bbox 4155 1623 4296 1683; x_wconf 82' lang='lat' dir='ltr'><strong>tota</strong></span> <span class='ocrx_word' id='word_1_430' title='bbox 4358 1617 4634 1701; x_wconf 70' lang='lat' dir='ltr'><strong>superium</strong></span> 
     </span>
     <span class='ocr_line' id='line_1_64' title="bbox 2720 1697 4635 1782; baseline 0.003 -19"><span class='ocrx_word' id='word_1_431' title='bbox 2720 1697 2964 1782; x_wconf 80' lang='lat' dir='ltr'><strong>hyeme</strong></span> <span class='ocrx_word' id='word_1_432' title='bbox 3007 1706 3077 1763; x_wconf 91' lang='lat' dir='ltr'><strong>et</strong></span> <span class='ocrx_word' id='word_1_433' title='bbox 3119 1720 3309 1778; x_wconf 90' lang='lat' dir='ltr'><strong>vere,</strong></span> <span class='ocrx_word' id='word_1_434' title='bbox 3384 1708 3454 1766; x_wconf 92' lang='lat' dir='ltr'><strong>et</strong></span> <span class='ocrx_word' id='word_1_435' title='bbox 3507 1700 3863 1767; x_wconf 87' lang='lat' dir='ltr'><strong>mansisset</strong></span> <span class='ocrx_word' id='word_1_436' title='bbox 3914 1702 4257 1769; x_wconf 87' lang='lat' dir='ltr'><strong>nobiscum</strong></span> <span class='ocrx_word' id='word_1_437' title='bbox 4325 1701 4551 1768; x_wconf 83' lang='lat' dir='ltr'><strong>diutius</strong></span> <span class='ocrx_word' id='word_1_438' title='bbox 4595 1701 4635 1768; x_wconf 77' lang='grc' dir='ltr'><strong>ι’</strong></span> 
     </span>
     <span class='ocr_line' id='line_1_65' title="bbox 2720 1784 4637 1870; baseline 0.003 -22"><span class='ocrx_word' id='word_1_439' title='bbox 2720 1785 3009 1849; x_wconf 89' lang='lat' dir='ltr'><strong>rationes</strong></span> <span class='ocrx_word' id='word_1_440' title='bbox 3066 1785 3212 1850; x_wconf 90' lang='lat' dir='ltr'><strong>eius</strong></span> <span class='ocrx_word' id='word_1_441' title='bbox 3267 1784 3352 1850; x_wconf 96' lang='lat' dir='ltr'><strong>ob</strong></span> <span class='ocrx_word' id='word_1_442' title='bbox 3415 1795 3873 1870; x_wconf 88' lang='lat' dir='ltr'><strong>paupertatem</strong></span> <span class='ocrx_word' id='word_1_443' title='bbox 3929 1789 4198 1855; x_wconf 85' lang='lat' dir='ltr'><strong>ferrent.</strong></span> <span class='ocrx_word' id='word_1_444' title='bbox 4290 1788 4418 1854; x_wconf 84' lang='lat' dir='ltr'><strong>Vir</strong></span> <span class='ocrx_word' id='word_1_445' title='bbox 4478 1787 4637 1854; x_wconf 69' lang='lat' dir='ltr'><strong>bonu</strong></span> 
     </span>
     <span class='ocr_line' id='line_1_66' title="bbox 2720 1871 4639 1959; baseline 0.003 -25"><span class='ocrx_word' id='word_1_446' title='bbox 2720 1877 2822 1935; x_wconf 91' lang='lat' dir='ltr'><strong>est</strong></span> <span class='ocrx_word' id='word_1_447' title='bbox 2864 1880 2934 1935; x_wconf 87' lang='lat' dir='ltr'><strong>et</strong></span> <span class='ocrx_word' id='word_1_448' title='bbox 2976 1871 3309 1937; x_wconf 89' lang='lat' dir='ltr'><strong>studiosus</strong></span> <span class='ocrx_word' id='word_1_449' title='bbox 3355 1872 3695 1956; x_wconf 86' lang='lat' dir='ltr'><strong>religionis</strong></span> <span class='ocrx_word' id='word_1_450' title='bbox 3740 1882 3809 1938; x_wconf 89' lang='lat' dir='ltr'><strong>et</strong></span> <span class='ocrx_word' id='word_1_451' title='bbox 3852 1874 4201 1959; x_wconf 90' lang='lat' dir='ltr'><strong>evangelii.</strong></span> <span class='ocrx_word' id='word_1_452' title='bbox 4282 1873 4465 1940; x_wconf 87' lang='lat' dir='ltr'><strong>Istuc</strong></span> <span class='ocrx_word' id='word_1_453' title='bbox 4502 1875 4639 1939; x_wconf 66' lang='lat' dir='ltr'><strong>vnit</strong></span> 
     </span>
     <span class='ocr_line' id='line_1_67' title="bbox 2721 1955 4640 2042; baseline 0.002 -22"><span class='ocrx_word' id='word_1_454' title='bbox 2721 1976 2801 2020; x_wconf 88' lang='lat' dir='ltr'><strong>ea</strong></span> <span class='ocrx_word' id='word_1_455' title='bbox 2857 1975 2975 2038; x_wconf 88' lang='lat' dir='ltr'><strong>spe</strong></span> <span class='ocrx_word' id='word_1_456' title='bbox 3035 1965 3109 2022; x_wconf 89' lang='lat' dir='ltr'><strong>ut</strong></span> <span class='ocrx_word' id='word_1_457' title='bbox 3173 1955 3348 2041; x_wconf 88' lang='lat' dir='ltr'><strong>apud</strong></span> <span class='ocrx_word' id='word_1_458' title='bbox 3395 1978 3511 2022; x_wconf 92' lang='lat' dir='ltr'><strong>vos</strong></span> <span class='ocrx_word' id='word_1_459' title='bbox 3555 1957 3842 2042; x_wconf 89' lang='lat' dir='ltr'><strong>aliquam</strong></span> <span class='ocrx_word' id='word_1_460' title='bbox 3885 1959 4061 2025; x_wconf 89' lang='lat' dir='ltr'><strong>vitae</strong></span> <span class='ocrx_word' id='word_1_461' title='bbox 4105 1959 4535 2026; x_wconf 85' lang='lat' dir='ltr'><strong>conditionem</strong></span> <span class='ocrx_word' id='word_1_462' title='bbox 4566 1960 4640 2024; x_wconf 78' lang='lat' dir='ltr'><strong>in-</strong></span> 
     </span>
     <span class='ocr_line' id='line_1_68' title="bbox 2720 2039 4637 2130; baseline 0.003 -24"><span class='ocrx_word' id='word_1_463' title='bbox 2720 2039 2963 2107; x_wconf 89' lang='lat' dir='ltr'><strong>veniat.</strong></span> <span class='ocrx_word' id='word_1_464' title='bbox 3035 2040 3187 2123; x_wconf 80' lang='lat' dir='ltr'><strong>Qua</strong></span> <span class='ocrx_word' id='word_1_465' title='bbox 3227 2043 3297 2108; x_wconf 92' lang='lat' dir='ltr'><strong>in</strong></span> <span class='ocrx_word' id='word_1_466' title='bbox 3343 2063 3417 2109; x_wconf 90' lang='lat' dir='ltr'><strong>re</strong></span> <span class='ocrx_word' id='word_1_467' title='bbox 3461 2051 3541 2108; x_wconf 90' lang='lat' dir='ltr'><strong>ut</strong></span> <span class='ocrx_word' id='word_1_468' title='bbox 3582 2044 3644 2109; x_wconf 89' lang='lat' dir='ltr'><strong>ei</strong></span> <span class='ocrx_word' id='word_1_469' title='bbox 3688 2043 3865 2110; x_wconf 90' lang='lat' dir='ltr'><strong>adsis</strong></span> <span class='ocrx_word' id='word_1_470' title='bbox 3900 2054 3967 2110; x_wconf 91' lang='lat' dir='ltr'><strong>te</strong></span> <span class='ocrx_word' id='word_1_471' title='bbox 4000 2044 4199 2111; x_wconf 90' lang='lat' dir='ltr'><strong>etiam</strong></span> <span class='ocrx_word' id='word_1_472' title='bbox 4235 2055 4435 2130; x_wconf 86' lang='lat' dir='ltr'><strong>atque</strong></span> <span class='ocrx_word' id='word_1_473' title='bbox 4465 2047 4637 2124; x_wconf 72' lang='lat' dir='ltr'><strong>etim,</strong></span> 
     </span>
     <span class='ocr_line' id='line_1_69' title="bbox 2719 2125 4639 2217; baseline 0.003 -26"><span class='ocrx_word' id='word_1_474' title='bbox 2719 2127 2812 2191; x_wconf 92' lang='lat' dir='ltr'><strong>mi</strong></span> <span class='ocrx_word' id='word_1_475' title='bbox 2859 2125 3134 2207; x_wconf 80' lang='lat' dir='ltr'><strong>Calvino,</strong></span> <span class='ocrx_word' id='word_1_476' title='bbox 3180 2149 3358 2214; x_wconf 86' lang='lat' dir='ltr'><strong>rog0.</strong></span> <span class='ocrx_word' id='word_1_477' title='bbox 3449 2125 3595 2214; x_wconf 87' lang='lat' dir='ltr'><strong>Ego</strong></span> <span class='ocrx_word' id='word_1_478' title='bbox 3652 2150 3771 2213; x_wconf 92' lang='lat' dir='ltr'><strong>pro</strong></span> <span class='ocrx_word' id='word_1_479' title='bbox 3830 2130 3972 2196; x_wconf 90' lang='lat' dir='ltr'><strong>eius</strong></span> <span class='ocrx_word' id='word_1_480' title='bbox 4024 2131 4156 2197; x_wconf 88' lang='lat' dir='ltr'><strong>fide</strong></span> <span class='ocrx_word' id='word_1_481' title='bbox 4198 2143 4269 2198; x_wconf 91' lang='lat' dir='ltr'><strong>et</strong></span> <span class='ocrx_word' id='word_1_482' title='bbox 4310 2132 4639 2217; x_wconf 72' lang='lat' dir='ltr'><strong>integritate</strong></span> 
     </span>
     <span class='ocr_line' id='line_1_70' title="bbox 2718 2211 4641 2297; baseline 0.003 -20"><span class='ocrx_word' id='word_1_483' title='bbox 2718 2211 3042 2297; x_wconf 88' lang='lat' dir='ltr'><strong>spondere</strong></span> <span class='ocrx_word' id='word_1_484' title='bbox 3099 2213 3324 2281; x_wconf 90' lang='lat' dir='ltr'><strong>audeo.</strong></span> <span class='ocrx_word' id='word_1_485' title='bbox 3412 2215 3781 2281; x_wconf 82' lang='lat' dir='ltr'><strong>Existimat</strong></span> <span class='ocrx_word' id='word_1_486' title='bbox 3836 2237 3909 2282; x_wconf 91' lang='lat' dir='ltr'><strong>se</strong></span> <span class='ocrx_word' id='word_1_487' title='bbox 3963 2217 4257 2284; x_wconf 90' lang='lat' dir='ltr'><strong>nondum</strong></span> <span class='ocrx_word' id='word_1_488' title='bbox 4320 2219 4479 2283; x_wconf 74' lang='lat' dir='ltr'><strong>satis</strong></span> <span class='ocrx_word' id='word_1_489' title='bbox 4532 2238 4641 2282; x_wconf 66' lang='lat' dir='ltr'><strong>sm</strong></span> 
     </span>
     <span class='ocr_line' id='line_1_71' title="bbox 2719 2299 4643 2389; baseline 0.004 -27"><span class='ocrx_word' id='word_1_490' title='bbox 2719 2299 3115 2365; x_wconf 86' lang='lat' dir='ltr'><strong>instructum</strong></span> <span class='ocrx_word' id='word_1_491' title='bbox 3161 2300 3243 2364; x_wconf 88' lang='lat' dir='ltr'><strong>ad</strong></span> <span class='ocrx_word' id='word_1_492' title='bbox 3288 2300 3826 2368; x_wconf 86' lang='lat' dir='ltr'><strong>concionandum.</strong></span> <span class='ocrx_word' id='word_1_493' title='bbox 3898 2301 4130 2386; x_wconf 83' lang='lat' dir='ltr'><strong>Itaque</strong></span> <span class='ocrx_word' id='word_1_494' title='bbox 4174 2304 4364 2389; x_wconf 89' lang='lat' dir='ltr'><strong>cupit</strong></span> <span class='ocrx_word' id='word_1_495' title='bbox 4407 2303 4643 2388; x_wconf 78' lang='lat' dir='ltr'><strong>discipu-</strong></span> 
     </span>
     <span class='ocr_line' id='line_1_72' title="bbox 2722 2384 4642 2475; baseline 0.006 -26"><span class='ocrx_word' id='word_1_496' title='bbox 2722 2384 2820 2450; x_wconf 90' lang='lat' dir='ltr'><strong>los</strong></span> <span class='ocrx_word' id='word_1_497' title='bbox 2864 2384 2990 2450; x_wconf 90' lang='lat' dir='ltr'><strong>sibi</strong></span> <span class='ocrx_word' id='word_1_498' title='bbox 3033 2385 3284 2470; x_wconf 89' lang='lat' dir='ltr'><strong>aliquos</strong></span> <span class='ocrx_word' id='word_1_499' title='bbox 3327 2385 3470 2452; x_wconf 89' lang='lat' dir='ltr'><strong>dari</strong></span> <span class='ocrx_word' id='word_1_500' title='bbox 3487 2435 3504 2466; x_wconf 93' lang='lat'>‚</span> <span class='ocrx_word' id='word_1_501' title='bbox 3564 2396 3680 2453; x_wconf 88' lang='lat' dir='ltr'><strong>aut</strong></span> <span class='ocrx_word' id='word_1_502' title='bbox 3732 2389 3959 2472; x_wconf 89' lang='lat' dir='ltr'><strong>pueris</strong></span> <span class='ocrx_word' id='word_1_503' title='bbox 4000 2389 4073 2453; x_wconf 91' lang='lat' dir='ltr'><strong>in</strong></span> <span class='ocrx_word' id='word_1_504' title='bbox 4113 2390 4361 2456; x_wconf 88' lang='lat' dir='ltr'><strong>scholis</strong></span> <span class='ocrx_word' id='word_1_505' title='bbox 4404 2391 4642 2475; x_wconf 74' lang='lat' dir='ltr'><strong>praefici.</strong></span> 
     </span>
     <span class='ocr_line' id='line_1_73' title="bbox 2716 2471 4643 2646; baseline 0.005 -26"><span class='ocrx_word' id='word_1_506' title='bbox 2716 2471 3189 2622; x_wconf 56' lang='lat' dir='ltr'><strong>imm.</strong></span> <span class='ocrx_word' id='word_1_507' title='bbox 3213 2472 3684 2642; x_wconf 56' lang='grc' dir='ltr'><strong>ἶὶἒξΐῑοζῗὲἴ</strong></span> <span class='ocrx_word' id='word_1_508' title='bbox 3724 2477 4643 2646; x_wconf 52' lang='grc' dir='ltr'><strong>ἔῖἶῖἓῖθξοῗᾜωᾛ</strong></span> 
     </span>
     <span class='ocr_line' id='line_1_74' title="bbox 2720 2639 4645 2728; baseline 0.002 -22"><span class='ocrx_word' id='word_1_509' title='bbox 2720 2639 2856 2707; x_wconf 82' lang='lat' dir='ltr'><strong>Sed</strong></span> <span class='ocrx_word' id='word_1_510' title='bbox 2907 2640 3072 2708; x_wconf 65' lang='lat' dir='ltr'><strong>hmo</strong></span> <span class='ocrx_word' id='word_1_511' title='bbox 3130 2662 3215 2708; x_wconf 90' lang='lat' dir='ltr'><strong>ex</strong></span> <span class='ocrx_word' id='word_1_512' title='bbox 3273 2664 3349 2708; x_wconf 89' lang='lat' dir='ltr'><strong>eo</strong></span> <span class='ocrx_word' id='word_1_513' title='bbox 3413 2645 3556 2726; x_wconf 91' lang='lat' dir='ltr'><strong>ipse</strong></span> <span class='ocrx_word' id='word_1_514' title='bbox 3598 2664 3953 2728; x_wconf 88' lang='lat' dir='ltr'><strong>cognosces</strong></span> <span class='ocrx_word' id='word_1_515' title='bbox 4000 2646 4249 2713; x_wconf 86' lang='lat' dir='ltr'><strong>melius.</strong></span> <span class='ocrx_word' id='word_1_516' title='bbox 4346 2645 4645 2728; x_wconf 67' lang='lat' dir='ltr'><strong>Quantum</strong></span> 
     </span>
     <span class='ocr_line' id='line_1_75' title="bbox 2720 2724 4647 2817; baseline 0.004 -25"><span class='ocrx_word' id='word_1_517' title='bbox 2720 2724 2803 2792; x_wconf 89' lang='lat' dir='ltr'><strong>ad</strong></span> <span class='ocrx_word' id='word_1_518' title='bbox 2846 2747 2954 2793; x_wconf 91' lang='lat' dir='ltr'><strong>me</strong></span> <span class='ocrx_word' id='word_1_519' title='bbox 2998 2727 3265 2808; x_wconf 85' lang='lat' dir='ltr'><strong>attinet,</strong></span> <span class='ocrx_word' id='word_1_520' title='bbox 3326 2751 3484 2814; x_wconf 87' lang='lat' dir='ltr'><strong>rogo</strong></span> <span class='ocrx_word' id='word_1_521' title='bbox 3544 2737 3618 2795; x_wconf 95' lang='grc' dir='ltr'><strong>ιιι</strong></span> <span class='ocrx_word' id='word_1_522' title='bbox 3657 2732 3720 2796; x_wconf 91' lang='lat' dir='ltr'><strong>ei</strong></span> <span class='ocrx_word' id='word_1_523' title='bbox 3762 2751 3849 2796; x_wconf 93' lang='lat' dir='ltr'><strong>ne</strong></span> <span class='ocrx_word' id='word_1_524' title='bbox 3894 2730 4083 2797; x_wconf 86' lang='lat' dir='ltr'><strong>desis.</strong></span> <span class='ocrx_word' id='word_1_525' title='bbox 4152 2733 4347 2799; x_wconf 86' lang='lat' dir='ltr'><strong>Vale.</strong></span> <span class='ocrx_word' id='word_1_526' title='bbox 4430 2737 4647 2817; x_wconf 68' lang='lat' dir='ltr'>Asga-</span> 
     </span>
     <span class='ocr_line' id='line_1_76' title="bbox 2718 2814 3232 2879; baseline 0 0"><span class='ocrx_word' id='word_1_527' title='bbox 2718 2814 2917 2879; x_wconf 89' lang='lat' dir='ltr'><strong>torati</strong></span> <span class='ocrx_word' id='word_1_528' title='bbox 2949 2818 3008 2878; x_wconf 87' lang='grc'><strong>4.</strong></span> <span class='ocrx_word' id='word_1_529' title='bbox 3048 2814 3232 2879; x_wconf 84' lang='lat' dir='ltr'><strong>Maii.</strong></span> 
     </span>
    </p>

    <p class='ocr_par' dir='ltr' id='par_1_13' title="bbox 2892 2898 4419 2990">
     <span class='ocr_line' id='line_1_77' title="bbox 2892 2898 4419 2990; baseline 0.004 -26"><span class='ocrx_word' id='word_1_530' title='bbox 2892 2898 3104 2965; x_wconf 86' lang='lat' dir='ltr'><strong>Uxori</strong></span> <span class='ocrx_word' id='word_1_531' title='bbox 3149 2909 3305 2965; x_wconf 87' lang='lat' dir='ltr'><strong>tuae</strong></span> <span class='ocrx_word' id='word_1_532' title='bbox 3349 2920 3528 2984; x_wconf 87' lang='lat' dir='ltr'><strong>rogo,</strong></span> <span class='ocrx_word' id='word_1_533' title='bbox 3573 2909 3651 2966; x_wconf 90' lang='lat' dir='ltr'><strong>ut</strong></span> <span class='ocrx_word' id='word_1_534' title='bbox 3694 2923 3814 2986; x_wconf 89' lang='lat' dir='ltr'><strong>pro</strong></span> <span class='ocrx_word' id='word_1_535' title='bbox 3858 2923 3983 2981; x_wconf 88' lang='lat' dir='ltr'><strong>me,</strong></span> <span class='ocrx_word' id='word_1_536' title='bbox 4030 2903 4335 2970; x_wconf 86' lang='lat' dir='ltr'><strong>salutem.</strong></span> <span class='ocrx_word' id='word_1_537' title='bbox 4368 2903 4419 2990; x_wconf 83' lang='grc' dir='ltr'><strong>ι)</strong></span> 
     </span>
    </p>
   </div>
   <div class='ocr_carea' id='block_1_11' title="bbox 4048 3039 4512 3108">
    <p class='ocr_par' dir='ltr' id='par_1_14' title="bbox 4048 3039 4512 3108">
     <span class='ocr_line' id='line_1_78' title="bbox 4048 3039 4512 3108; baseline 0.006 -2"><span class='ocrx_word' id='word_1_538' title='bbox 4048 3040 4101 3106; x_wconf 90' lang='lat' dir='ltr'><strong>I.</strong></span> <span class='ocrx_word' id='word_1_539' title='bbox 4147 3039 4512 3108; x_wconf 74' lang='lat' dir='ltr'><strong>sturmius.</strong></span> 
     </span>
    </p>
   </div>
   <div class='ocr_carea' id='block_1_12' title="bbox 3217 3585 4182 3807">
    <p class='ocr_par' dir='ltr' id='par_1_15' title="bbox 3217 3585 4182 3807">
     <span class='ocr_line' id='line_1_79' title="bbox 3593 3585 3795 3655; baseline 0.005 -1"><span class='ocrx_word' id='word_1_540' title='bbox 3593 3585 3795 3655; x_wconf 73' lang='lat'><strong>4257.</strong></span> 
     </span>
     <span class='ocr_line' id='line_1_80' title="bbox 3217 3738 4182 3807; baseline 0 -1"><span class='ocrx_word' id='word_1_541' title='bbox 3217 3738 3694 3807; x_wconf 71' lang='lat' dir='ltr'>STURMIUS</span> <span class='ocrx_word' id='word_1_542' title='bbox 3741 3738 4182 3807; x_wconf 78' lang='lat' dir='ltr'><strong>GALVINO.</strong></span> 
     </span>
    </p>
   </div>
   <div class='ocr_carea' id='block_1_13' title="bbox 2705 3908 4651 4393">
    <p class='ocr_par' dir='ltr' id='par_1_16' title="bbox 2705 3908 4651 4166">
     <span class='ocr_line' id='line_1_81' title="bbox 2893 3908 4651 3996; baseline 0.003 -21"><span class='ocrx_word' id='word_1_543' title='bbox 2893 3908 3247 3993; x_wconf 76' lang='lat' dir='ltr'><strong>Respondet</strong></span> <span class='ocrx_word' id='word_1_544' title='bbox 3288 3911 3375 3976; x_wconf 78' lang='lat' dir='ltr'><strong>ad</strong></span> <span class='ocrx_word' id='word_1_545' title='bbox 3407 3911 3693 3993; x_wconf 76' lang='lat' dir='ltr'><strong>aliquam</strong></span> <span class='ocrx_word' id='word_1_546' title='bbox 3740 3910 3994 3977; x_wconf 77' lang='lat' dir='ltr'><strong>Calvini</strong></span> <span class='ocrx_word' id='word_1_547' title='bbox 4035 3913 4435 3995; x_wconf 69' lang='lat' dir='ltr'><strong>deperditam</strong></span> <span class='ocrx_word' id='word_1_548' title='bbox 4468 3920 4521 3979; x_wconf 74' lang='lat' dir='ltr'><strong>et</strong></span> <span class='ocrx_word' id='word_1_549' title='bbox 4546 3916 4651 3996; x_wconf 57' lang='grc' dir='ltr'><strong>ιβ</strong></span> 
     </span>
     <span class='ocr_line' id='line_1_82' title="bbox 2716 3995 4651 4083; baseline 0.003 -22"><span class='ocrx_word' id='word_1_550' title='bbox 2716 3995 2792 4061; x_wconf 78' lang='lat' dir='ltr'><strong>de</strong></span> <span class='ocrx_word' id='word_1_551' title='bbox 2828 3997 3101 4078; x_wconf 79' lang='lat' dir='ltr'><strong>quodam</strong></span> <span class='ocrx_word' id='word_1_552' title='bbox 3142 3998 3328 4062; x_wconf 78' lang='lat' dir='ltr'><strong>cuius</strong></span> <span class='ocrx_word' id='word_1_553' title='bbox 3386 4017 3608 4062; x_wconf 80' lang='lat' dir='ltr'><strong>nomen</strong></span> <span class='ocrx_word' id='word_1_554' title='bbox 3654 3997 3831 4063; x_wconf 73' lang='lat' dir='ltr'><strong>Besa</strong></span> <span class='ocrx_word' id='word_1_555' title='bbox 3873 4001 4255 4081; x_wconf 74' lang='lat' dir='ltr'><strong>suppressit,</strong></span> <span class='ocrx_word' id='word_1_556' title='bbox 4316 4002 4524 4069; x_wconf 67' lang='lat' dir='ltr'><strong>nescio</strong></span> <span class='ocrx_word' id='word_1_557' title='bbox 4557 4016 4651 4083; x_wconf 70' lang='lat' dir='ltr'><strong>qno</strong></span> 
     </span>
     <span class='ocr_line' id='line_1_83' title="bbox 2705 4081 3841 4166; baseline -0.001 -17"><span class='ocrx_word' id='word_1_558' title='bbox 2705 4088 2893 4166; x_wconf 84' lang='lat' dir='ltr'><strong>pacto</strong></span> <span class='ocrx_word' id='word_1_559' title='bbox 2932 4083 3026 4148; x_wconf 83' lang='lat' dir='ltr'><strong>sic</strong></span> <span class='ocrx_word' id='word_1_560' title='bbox 3067 4081 3396 4149; x_wconf 75' lang='lat' dir='ltr'><strong>lectoribus</strong></span> <span class='ocrx_word' id='word_1_561' title='bbox 3424 4084 3841 4164; x_wconf 76' lang='lat' dir='ltr'><strong>prospiciens.</strong></span> 
     </span>
    </p>

    <p class='ocr_par' dir='ltr' id='par_1_17' title="bbox 2718 4251 4649 4393">
     <span class='ocr_line' id='line_1_84' title="bbox 2718 4251 4649 4326; baseline 0.003 -19"><span class='ocrx_word' id='word_1_562' title='bbox 2718 4253 2830 4320; x_wconf 79' lang='lat' dir='ltr'><strong>(Ex</strong></span> <span class='ocrx_word' id='word_1_563' title='bbox 2867 4253 3107 4307; x_wconf 75' lang='lat' dir='ltr'><strong>editione</strong></span> <span class='ocrx_word' id='word_1_564' title='bbox 3144 4254 3320 4306; x_wconf 72' lang='lat' dir='ltr'><strong>Besae</strong></span> <span class='ocrx_word' id='word_1_565' title='bbox 3357 4252 3491 4308; x_wconf 83' lang='lat' dir='ltr'><strong>Gen.</strong></span> <span class='ocrx_word' id='word_1_566' title='bbox 3529 4271 3582 4323; x_wconf 93' lang='lat' dir='ltr'><strong>p.</strong></span> <span class='ocrx_word' id='word_1_567' title='bbox 3618 4251 3743 4321; x_wconf 76' lang='lat'><strong>224,</strong></span> <span class='ocrx_word' id='word_1_568' title='bbox 3776 4254 3940 4308; x_wconf 81' lang='lat' dir='ltr'><strong>Laus.</strong></span> <span class='ocrx_word' id='word_1_569' title='bbox 3976 4272 4029 4325; x_wconf 87' lang='lat' dir='ltr'><strong>p.</strong></span> <span class='ocrx_word' id='word_1_570' title='bbox 4067 4254 4186 4321; x_wconf 73' lang='lat'><strong>473,</strong></span> <span class='ocrx_word' id='word_1_571' title='bbox 4225 4255 4445 4313; x_wconf 74' lang='lat' dir='ltr'><strong>Hanov.</strong></span> <span class='ocrx_word' id='word_1_572' title='bbox 4474 4274 4523 4326; x_wconf 84' lang='lat' dir='ltr'><strong>p.</strong></span> <span class='ocrx_word' id='word_1_573' title='bbox 4554 4254 4649 4317; x_wconf 65' lang='lat' dir='ltr'><strong>m.</strong></span> 
     </span>
     <span class='ocr_line' id='line_1_85' title="bbox 3215 4321 4175 4393; baseline 0 -18"><span class='ocrx_word' id='word_1_574' title='bbox 3215 4321 3428 4376; x_wconf 87' lang='lat' dir='ltr'><strong>Ohouet</strong></span> <span class='ocrx_word' id='word_1_575' title='bbox 3462 4340 3518 4392; x_wconf 92' lang='lat' dir='ltr'><strong>p.</strong></span> <span class='ocrx_word' id='word_1_576' title='bbox 3554 4321 3677 4391; x_wconf 76' lang='lat'><strong>305,</strong></span> <span class='ocrx_word' id='word_1_577' title='bbox 3711 4328 3891 4377; x_wconf 74' lang='lat' dir='ltr'><strong>Amat.</strong></span> <span class='ocrx_word' id='word_1_578' title='bbox 3934 4341 3984 4393; x_wconf 87' lang='lat' dir='ltr'><strong>p.</strong></span> <span class='ocrx_word' id='word_1_579' title='bbox 4029 4322 4175 4392; x_wconf 78' lang='lat'><strong>139.)</strong></span> 
     </span>
    </p>
   </div>
   <div class='ocr_carea' id='block_1_14' title="bbox 2713 4492 4651 5179">
    <p class='ocr_par' dir='ltr' id='par_1_18' title="bbox 2713 4492 4651 5179">
     <span class='ocr_line' id='line_1_86' title="bbox 2888 4492 4647 4579; baseline 0.001 -20"><span class='ocrx_word' id='word_1_580' title='bbox 2888 4492 3065 4575; x_wconf 81' lang='lat' dir='ltr'><strong>Quid</strong></span> <span class='ocrx_word' id='word_1_581' title='bbox 3111 4492 3312 4578; x_wconf 83' lang='lat' dir='ltr'><strong>agas?</strong></span> <span class='ocrx_word' id='word_1_582' title='bbox 3373 4493 3697 4560; x_wconf 87' lang='lat' dir='ltr'><strong>Homines</strong></span> <span class='ocrx_word' id='word_1_583' title='bbox 3740 4504 3915 4561; x_wconf 88' lang='lat' dir='ltr'><strong>sunt.</strong></span> <span class='ocrx_word' id='word_1_584' title='bbox 3976 4496 4184 4579; x_wconf 81' lang='lat' dir='ltr'><strong>Atqui</strong></span> <span class='ocrx_word' id='word_1_585' title='bbox 4230 4496 4387 4563; x_wconf 82' lang='lat' dir='ltr'><strong>falsi</strong></span> <span class='ocrx_word' id='word_1_586' title='bbox 4430 4517 4647 4564; x_wconf 70' lang='lat' dir='ltr'><strong>summ</strong></span> 
     </span>
     <span class='ocr_line' id='line_1_87' title="bbox 2715 4578 4651 4661; baseline 0 -14"><span class='ocrx_word' id='word_1_587' title='bbox 2715 4579 2851 4647; x_wconf 85' lang='lat' dir='ltr'><strong>Sed</strong></span> <span class='ocrx_word' id='word_1_588' title='bbox 2904 4601 3025 4645; x_wconf 92' lang='lat' dir='ltr'><strong>nos</strong></span> <span class='ocrx_word' id='word_1_589' title='bbox 3069 4601 3204 4645; x_wconf 89' lang='lat' dir='ltr'><strong>non</strong></span> <span class='ocrx_word' id='word_1_590' title='bbox 3244 4587 3321 4645; x_wconf 91' lang='lat' dir='ltr'><strong>ut</strong></span> <span class='ocrx_word' id='word_1_591' title='bbox 3363 4578 3445 4645; x_wconf 92' lang='lat' dir='ltr'><strong>de</strong></span> <span class='ocrx_word' id='word_1_592' title='bbox 3491 4579 3867 4646; x_wconf 88' lang='lat' dir='ltr'><strong>hominibus</strong></span> <span class='ocrx_word' id='word_1_593' title='bbox 3909 4581 4387 4661; x_wconf 84' lang='lat' dir='ltr'><strong>iudicavimus,</strong></span> <span class='ocrx_word' id='word_1_594' title='bbox 4446 4600 4651 4649; x_wconf 72' lang='lat' dir='ltr'><strong>veru·</strong></span> 
     </span>
     <span class='ocr_line' id='line_1_88' title="bbox 2714 4665 4649 4754; baseline 0 -23"><span class='ocrx_word' id='word_1_595' title='bbox 2714 4673 2790 4731; x_wconf 91' lang='lat' dir='ltr'><strong>ut</strong></span> <span class='ocrx_word' id='word_1_596' title='bbox 2833 4666 2914 4731; x_wconf 91' lang='lat' dir='ltr'><strong>de</strong></span> <span class='ocrx_word' id='word_1_597' title='bbox 2958 4666 3122 4731; x_wconf 84' lang='lat' dir='ltr'><strong>viris</strong></span> <span class='ocrx_word' id='word_1_598' title='bbox 3164 4665 3574 4749; x_wconf 88' lang='lat' dir='ltr'><strong>sapientibus</strong></span> <span class='ocrx_word' id='word_1_599' title='bbox 3615 4668 4057 4750; x_wconf 87' lang='lat' dir='ltr'><strong>speravimus:</strong></span> <span class='ocrx_word' id='word_1_600' title='bbox 4101 4688 4319 4752; x_wconf 87' lang='lat' dir='ltr'><strong>neque</strong></span> <span class='ocrx_word' id='word_1_601' title='bbox 4364 4670 4649 4754; x_wconf 69' lang='lat' dir='ltr'><strong>cogitavi·</strong></span> 
     </span>
     <span class='ocr_line' id='line_1_89' title="bbox 2715 4750 4649 4836; baseline 0.001 -20"><span class='ocrx_word' id='word_1_602' title='bbox 2715 4773 2865 4818; x_wconf 90' lang='lat' dir='ltr'><strong>mus</strong></span> <span class='ocrx_word' id='word_1_603' title='bbox 2918 4772 3041 4816; x_wconf 90' lang='lat' dir='ltr'><strong>nos</strong></span> <span class='ocrx_word' id='word_1_604' title='bbox 3096 4750 3177 4817; x_wconf 91' lang='lat' dir='ltr'><strong>de</strong></span> <span class='ocrx_word' id='word_1_605' title='bbox 3234 4750 3614 4817; x_wconf 91' lang='lat' dir='ltr'><strong>hominibus</strong></span> <span class='ocrx_word' id='word_1_606' title='bbox 3672 4751 3965 4818; x_wconf 88' lang='lat' dir='ltr'><strong>iudicare</strong></span> <span class='ocrx_word' id='word_1_607' title='bbox 4007 4753 4123 4836; x_wconf 89' lang='lat' dir='ltr'><strong>qui</strong></span> <span class='ocrx_word' id='word_1_608' title='bbox 4166 4755 4239 4818; x_wconf 91' lang='lat' dir='ltr'><strong>in</strong></span> <span class='ocrx_word' id='word_1_609' title='bbox 4282 4756 4551 4821; x_wconf 81' lang='lat' dir='ltr'><strong>remotis</strong></span> <span class='ocrx_word' id='word_1_610' title='bbox 4584 4752 4649 4817; x_wconf 70' lang='lat' dir='ltr'><strong>ab</strong></span> 
     </span>
     <span class='ocr_line' id='line_1_90' title="bbox 2716 4837 4647 4922; baseline 0.004 -20"><span class='ocrx_word' id='word_1_611' title='bbox 2716 4837 3056 4903; x_wconf 90' lang='lat' dir='ltr'><strong>hominum</strong></span> <span class='ocrx_word' id='word_1_612' title='bbox 3091 4837 3471 4903; x_wconf 86' lang='lat' dir='ltr'><strong>celebritate</strong></span> <span class='ocrx_word' id='word_1_613' title='bbox 3506 4846 3703 4922; x_wconf 90' lang='lat' dir='ltr'><strong>atque</strong></span> <span class='ocrx_word' id='word_1_614' title='bbox 3736 4838 3976 4905; x_wconf 88' lang='lat' dir='ltr'><strong>iudicio</strong></span> <span class='ocrx_word' id='word_1_615' title='bbox 3998 4840 4339 4906; x_wconf 84' lang='lat' dir='ltr'><strong>montibus</strong></span> <span class='ocrx_word' id='word_1_616' title='bbox 4362 4842 4647 4909; x_wconf 70' lang='lat' dir='ltr'><strong>habitunt.</strong></span> 
     </span>
     <span class='ocr_line' id='line_1_91' title="bbox 2713 4922 4647 5008; baseline 0 -19"><span class='ocrx_word' id='word_1_617' title='bbox 2713 4924 2951 5006; x_wconf 87' lang='lat' dir='ltr'><strong>quibus</strong></span> <span class='ocrx_word' id='word_1_618' title='bbox 2994 4922 3167 4988; x_wconf 89' lang='lat' dir='ltr'><strong>nihil</strong></span> <span class='ocrx_word' id='word_1_619' title='bbox 3207 4923 3421 5005; x_wconf 87' lang='lat' dir='ltr'><strong>placet</strong></span> <span class='ocrx_word' id='word_1_620' title='bbox 3453 4924 3584 4989; x_wconf 88' lang='lat' dir='ltr'><strong>nisi</strong></span> <span class='ocrx_word' id='word_1_621' title='bbox 3620 4926 3931 5008; x_wconf 87' lang='lat' dir='ltr'><strong>patrium.</strong></span> <span class='ocrx_word' id='word_1_622' title='bbox 4000 4925 4084 4990; x_wconf 86' lang='lat' dir='ltr'><strong>N.</strong></span> <span class='ocrx_word' id='word_1_623' title='bbox 4122 4927 4397 4992; x_wconf 89' lang='lat' dir='ltr'><strong>omnino</strong></span> <span class='ocrx_word' id='word_1_624' title='bbox 4430 4924 4647 4992; x_wconf 64' lang='lat' dir='ltr'><strong>fefellit</strong></span> 
     </span>
     <span class='ocr_line' id='line_1_92' title="bbox 2713 5008 4647 5097; baseline 0.001 -22"><span class='ocrx_word' id='word_1_625' title='bbox 2713 5009 2941 5094; x_wconf 90' lang='lat' dir='ltr'><strong>Usque</strong></span> <span class='ocrx_word' id='word_1_626' title='bbox 2997 5008 3160 5074; x_wconf 84' lang='lat' dir='ltr'><strong>adeo</strong></span> <span class='ocrx_word' id='word_1_627' title='bbox 3224 5010 3663 5093; x_wconf 74' lang='grc' dir='ltr'><strong><em>φολολοῦθηρος</em></strong></span> <span class='ocrx_word' id='word_1_628' title='bbox 3718 5020 3845 5089; x_wconf 85' lang='lat' dir='ltr'><strong>est,</strong></span> <span class='ocrx_word' id='word_1_629' title='bbox 3913 5020 3989 5075; x_wconf 90' lang='lat' dir='ltr'><strong>ut</strong></span> <span class='ocrx_word' id='word_1_630' title='bbox 4030 5011 4136 5077; x_wconf 90' lang='lat' dir='ltr'><strong>vel</strong></span> <span class='ocrx_word' id='word_1_631' title='bbox 4194 5011 4495 5097; x_wconf 75' lang='lat' dir='ltr'><strong>crepidas</strong></span> <span class='ocrx_word' id='word_1_632' title='bbox 4533 5012 4647 5077; x_wconf 69' lang='lat' dir='ltr'><strong>dn·</strong></span> 
     </span>
     <span class='ocr_line' id='line_1_93' title="bbox 2714 5093 4645 5179; baseline 0.003 -19"><span class='ocrx_word' id='word_1_633' title='bbox 2714 5093 3080 5160; x_wconf 87' lang='lat' dir='ltr'><strong>adorandas</strong></span> <span class='ocrx_word' id='word_1_634' title='bbox 3136 5104 3340 5179; x_wconf 86' lang='lat' dir='ltr'><strong>putet.</strong></span> <span class='ocrx_word' id='word_1_635' title='bbox 3430 5094 3654 5161; x_wconf 86' lang='lat' dir='ltr'><strong>Velim</strong></span> <span class='ocrx_word' id='word_1_636' title='bbox 3700 5096 3778 5161; x_wconf 86' lang='lat' dir='ltr'><strong>N.</strong></span> <span class='ocrx_word' id='word_1_637' title='bbox 3838 5116 4028 5179; x_wconf 87' lang='lat' dir='ltr'><strong>posse</strong></span> <span class='ocrx_word' id='word_1_638' title='bbox 4085 5096 4171 5163; x_wconf 90' lang='lat' dir='ltr'><strong>ab</strong></span> <span class='ocrx_word' id='word_1_639' title='bbox 4234 5098 4375 5164; x_wconf 87' lang='lat' dir='ltr'><strong>illis</strong></span> <span class='ocrx_word' id='word_1_640' title='bbox 4414 5096 4645 5165; x_wconf 68' lang='lat' dir='ltr'><strong>avoc-ti</strong></span> 
     </span>
    </p>
   </div>
   <div class='ocr_carea' id='block_1_15' title="bbox 2718 5252 3125 5261">
    <p class='ocr_par' dir='ltr' id='par_1_19' title="bbox 2718 5252 3125 5261">
     <span class='ocr_line' id='line_1_94' title="bbox 2718 5252 3125 5261; baseline 0 0"><span class='ocrx_word' id='word_1_641' title='bbox 2718 5252 3125 5261; x_wconf 95' lang='lat' dir='ltr'><strong> </strong></span> 
     </span>
    </p>
   </div>
   <div class='ocr_carea' id='block_1_16' title="bbox 2712 5333 3975 5406">
    <p class='ocr_par' dir='ltr' id='par_1_20' title="bbox 2712 5333 3975 5406">
     <span class='ocr_line' id='line_1_95' title="bbox 2712 5333 3975 5406; baseline 0.002 -17"><span class='ocrx_word' id='word_1_642' title='bbox 2712 5333 3975 5406; x_wconf 60' lang='lat' dir='ltr'><strong>aasenssrqomcpeammoems.</strong></span> 
     </span>
    </p>
   </div>
   <div class='ocr_carea' id='block_1_17' title="bbox 4178 5842 4797 6097">
    <p class='ocr_par' dir='ltr' id='par_1_21' title="bbox 4178 5818 4797 6097">
     <span class='ocr_line' id='line_1_96' title="bbox 4178 5842 4797 6097; baseline 0 -2"><span class='ocrx_word' id='word_1_643' title='bbox 4178 5842 4797 6097; x_wconf 34' lang='grc' dir='ltr'><strong><em>Ἀ</em></strong></span> 
     </span>
    </p>
   </div>
   <div class='ocr_carea' id='block_1_18' title="bbox 4747 5 4777 525">
    <p class='ocr_par' dir='ltr' id='par_1_22' title="bbox 4747 5 4777 525">
     <span class='ocr_line' id='line_1_97' title="bbox 4747 5 4777 525; baseline 0 0"><span class='ocrx_word' id='word_1_644' title='bbox 4747 5 4777 525; x_wconf 95' lang='lat' dir='ltr'><strong> </strong></span> 
     </span>
    </p>
   </div>
  </div>
 </body>
</html>
