4900 6125
635 417 762 481 685

634 601 964 689 Seigneur
1019 601 1208 670 Iesus
1261 601 1495 670 Christ
1549 609 1774 670 estant
1829 621 1915 668 en
1973 609 2194 668 vostre
2247 603 2407 670 ville
2463 625 2592 688 que

634 691 760 775 icy.
818 688 1130 773 Parquoy
1175 709 1366 771 apres
1410 690 1598 755 avoir
1641 710 1775 772 ouy
1818 688 1963 755 leur
2004 709 2339 774 response,
2383 688 2594 758 d'aul·

633 783 783 841 tant
823 796 950 858 que
993 795 1160 841 nous
1197 773 1494 842 desirons
1537 795 1662 859 que
1698 773 2071 859 l’Evangile
2114 775 2211 840 ait
2244 796 2366 842 son
2403 797 2598 843 cours

633 880 756 946 par
798 871 958 939 tout,
1017 870 1086 926 et
1144 882 1228 926 ne
1279 882 1564 927 sommes
1627 881 1746 944 pas
1801 869 1953 925 tant
2006 860 2300 928 adonmz
2343 869 2385 928 a
2428 883 2599 928 nous

633 967 916 1013 mesmes
961 956 1032 1012 et
1074 955 1115 1012 a
1159 955 1385 1013 nostre
1440 947 1597 1013 bien
1653 946 2040 1032 particulier
2097 968 2223 1031 que
2283 969 2456 1014 nous
2511 969 2600 1013 ne

632 1033 998 1118 preferions
1063 1031 1479 1100 l‘edification
1546 1032 1853 1119 generale
1911 1032 1993 1098 de
2058 1042 2243 1100 toute
2305 1033 2411 1099 l’E
2462 1035 2602 1114 lise,

634 1140 804 1185 nous
868 1121 1151 1185 n’avons
1208 1138 1328 1203 pas
1380 1119 1585 1185 voulu
1642 1119 2064 1202 simplement
2115 1140 2279 1186 vous
2345 1141 2417 1186 re
2565 1142 2601 1186 r

638 1214 857 1271 vostre
920 1213 1241 1289 requeste.
1331 1204 1717 1272 Seulement
1770 1225 1940 1272 nous
2021 1213 2378 1289 exceptons
2422 1206 2601 1273 deux

634 1292 909 1376 poincts.
994 1291 1099 1357 Le
1143 1292 1428 1375 premier
1470 1300 1572 1359 est
1615 1312 1743 1375 que
1786 1312 1950 1357 vous
1993 1290 2280 1359 advisiez
2327 1291 2482 1358 bien
2519 1293 2603 1359 de

634 1377 893 1443 n’avoir
956 1376 1148 1462 point
1203 1377 1293 1442 tel
1356 1375 1594 1462 esgard
1660 1384 1702 1443 a
1759 1398 1922 1444 vous
1986 1398 2114 1461 que
2181 1398 2348 1444 nous
2414 1380 2602 1445 aiens

636 1463 983 1548 dommage
1046 1484 1133 1528 ou
1197 1462 1547 1547 preiudice.
1658 1462 1793 1530 Gar
1868 1462 2167 1529 combien
2230 1485 2358 1549 que
2421 1464 2601 1530 Dieu

633 1570 805 1614 nous
848 1551 945 1615 ait
1000 1569 1296 1632 pourveu
1339 1548 1760 1636 auiourdhuy
1814 1567 1982 1615 nous
2037 1550 2390 1634 craignons
2447 1550 2601 1617 bien

636 1635 886 1702 d’avoir
928 1635 1132 1701 faulte
1175 1634 1259 1701 de
1304 1634 1429 1702 telz
1471 1636 1808 1702 ministres
1850 1654 2104 1702 comme
2158 1644 2337 1702 ceste
2368 1636 2602 1721 Eglise

635 1720 734 1787 les
777 1720 1090 1804 requiert‚
1134 1743 1263 1788 veu
1306 1726 1547 1805 qu’une
1591 1731 1791 1803 grant
1849 1721 2062 1805 partie
2115 1720 2197 1787 de
2247 1722 2314 1787 la
2375 1723 2602 1807 provi-

636 1807 782 1873 sion
828 1805 909 1872 de
950 1807 1212 1874 France
1256 1827 1341 1872 en
1400 1817 1503 1874 est
1565 1809 1782 1873 sortis.
1872 1809 1973 1873 Le
2032 1808 2272 1874 second
2332 1816 2432 1875 est
2474 1829 2603 1892 que

634 1891 837 1958 ledict
889 1893 1162 1959 maistre
1205 1893 1437 1959 Pierre
1496 1893 1671 1960 Viret
1714 1894 1778 1958 le
1836 1901 2073 1959 trouve
2129 1893 2262 1959 bon
2322 1904 2389 1960 et
2445 1914 2604 1961 con-

733 1978 900 2045 oisse
945 1999 1070 2062 que
1116 1999 1234 2045 son
1290 1978 1520 2044 labeur
1560 1988 1662 2045 est
1704 1979 2045 2046 tellement
2088 1980 2431 2063 profitable
2485 2000 2606 2064 par

682 2064 785 2130 ela
837 2064 997 2147 qu’il
1038 2086 1084 2148 y
1131 2063 1312 2131 doibt
1353 2063 1716 2131 demeurer.
1806 2065 1943 2132 Gar
1995 2065 2044 2129 il
2088 2087 2174 2132 ne
2217 2070 2375 2131 s’est
2415 2067 2607 2151 point

636 2149 977 2216 tellement
1017 2158 1209 2234 porte
1263 2172 1505 2218 envers
1562 2171 1730 2218 nous
1784 2171 1913 2235 que
1957 2171 2129 2217 nous
2173 2159 2243 2217 et
2280 2173 2387 2219 ses
2426 2173 2605 2219 com-

635 2236 959 2320 paignons
1003 2257 1089 2302 ne
1132 2235 1456 2303 desirions
1498 2235 1737 2304 d'estre
1773 2237 2030 2322 quietes
2074 2236 2157 2303 de
2199 2237 2340 2324 luy,
2412 2239 2603 2304 sinon

635 2342 763 2407 que
805 2322 872 2387 la
915 2323 1237 2388 necessite
1282 2324 1580 2406 requiere
1622 2323 1759 2407 quil
1804 2324 1933 2388 soit
1976 2322 2265 2390 ailleurs.

806 2406 1035 2491 Quant
1077 2415 1120 2475 a
1161 2430 1237 2475 ce
1281 2429 1410 2493 que
1446 2430 1611 2475 nous
1655 2428 1860 2476 avons
1902 2409 2146 2493 fourny
2183 2431 2348 2494 pour
2383 2418 2604 2475 entre-

632 2494 810 2560 tenir
874 2515 951 2560 sa
1014 2494 1261 2561 famille
1326 2513 1495 2560 nous
1559 2494 1993 2562 n’entendons
2058 2517 2175 2579 pas
2235 2494 2383 2561 d'en
2427 2505 2604 2562 estre

632 2579 1085 2646 remboursez:
1129 2601 1243 2647 car
1277 2601 1444 2646 nous
1479 2580 1863 2647 vouldrions
1900 2580 2238 2664 beaucoup
2262 2581 2415 2665 plus
2437 2582 2604 2647 faire

632 2686 800 2749 pour
841 2665 905 2730 le
941 2665 1401 2751 soulagoment
1443 2664 1525 2730 de
1567 2674 1790 2734 vostre
1812 2666 2040 2752 Eglise
2080 2673 2149 2733 et
2183 2667 2299 2734 des
2334 2666 2603 2744 aultres,

634 2758 704 2818 et
745 2770 947 2836 aussy
989 2772 1159 2818 nous
1201 2750 1321 2835 luy
1361 2772 1648 2818 sommes
1704 2750 2092 2819 redevables
2137 2752 2218 2819 de
2262 2751 2602 2836 beaucoup

630 2836 802 2922 plus,
848 2857 1103 2903 comme
1146 2859 1313 2921 pour
1355 2836 1677 2905 l’advenir
1721 2859 1893 2905 nous
1929 2860 2016 2905 ne
2054 2838 2175 2924 luy
2209 2838 2603 2905 vouldrions

636 2942 996 3008 espargner
1061 2923 1207 2990 rien
1242 2922 1323 2990 de
1368 2944 1444 2990 ce
1486 2945 1615 3007 que
1659 2924 1834 2990 Dieu
1899 2946 2064 2991 nous
2128 2944 2293 2990 aura
2361 2923 2601 2990 donne.

633 3008 728 3076 Et
770 3017 1088 3094 pourtant
1133 3031 1218 3077 ne
1263 3030 1427 3077 vous
1469 3031 1554 3076 en
1599 3018 1847 3078 mectez
1901 3032 2021 3096 pas
2071 3032 2156 3078 en
2209 3011 2423 3096 peine,
2493 3031 2605 3079 cas

635 3095 970 3163 advenant
1002 3097 1160 3180 qu’il
1200 3118 1368 3163 vous
1401 3096 1730 3164 domeure.
1800 3096 1937 3165 Sur
1970 3118 2148 3184 quoy
2183 3107 2304 3164 etc.
2363 3097 2606 3165 Donne

635 3202 713 3248 oe
762 3183 867 3248 12·
902 3182 1170 3266 janvier
1222 3186 1406 3249 1563.
1435 3186 1486 3262 ¹)

1485 3731 1693 3803 ³8⁹⁰.

1034 3884 1711 3955 BULLINGERUS
1757 3884 2200 3953 OALVINO.

817 4055 1111 4123 Pessima
1152 4077 1429 4140 quaeque
1473 4058 1829 4124 audiuntne·
1868 4060 1947 4124 de
1978 4059 2227 4141 proelio
2266 4059 2354 4125 ad
2376 4057 2607 4124 Dreux

635 4143 800 4228 fado
842 4148 900 4209 a
937 4143 1111 4224 fusis
1143 4144 1629 4225 protestantium
1670 4145 1887 4226 copiis.
1956 4144 2303 4226 Responsio
2338 4142 2607 4210 Brentio

639 4230 953 4296 destinata
993 4229 1129 4293 iam
1163 4249 1309 4294 eum
1338 4229 1524 4311 prelo
1561 4235 1668 4296 cst.

641 4400 755 4467 (Ex
792 4398 1134 4469 autographo
1171 4399 1335 4455 Arch.
1385 4400 1568 4455 Turio.
1623 4401 1767 4455 Plut.
1815 4399 1904 4454 vl.
1941 4400 2061 4455 Vol.
2097 4399 2218 4465 129,
2260 4401 2393 4453 olim
2428 4400 2605 4454 Serio.

872 4468 931 4521 B.
967 4468 1110 4537 Epp.
1147 4469 1302 4523 Tom.
1337 4468 1423 4535 30,
1456 4470 1548 4524 fol.
1585 4468 1705 4523 462.
1744 4497 1809 4508 -
1845 4468 2057 4524 Simler.
2100 4469 2215 4524 Vol.
2256 4466 2399 4531 106.)

640 4726 825 4781 8898.
848 4725 908 4789 1)
942 4724 1078 4792 Ray.
1113 4724 1191 4778 du
1230 4724 1448 4781 Cenaei!
1481 4724 1566 4778 10.
1601 4724 1746 4781 Now.
1784 4724 1957 4779 1563.-
2030 4724 2227 4780 Calvia
2404 4738 2497 4779 ose
2530 4739 2609 4776 au

640 4794 845 4851 concil
889 4793 956 4848 de
999 4794 1249 4861 rappeler
1294 4794 1459 4859 Vin-et,
1508 4795 1643 4849 dont
1688 4796 1737 4850 le
1780 4794 1946 4865 οοηρέ
1978 4800 2057 4849 est
2092 4794 2250 4862 expin-
2281 4834 2295 4848 .
2381 4809 2468 4847 oe.
2506 4791 2610 4845 18.-

641 4862 923 4919 Nouvelles
958 4862 1253 4943 demandes
1287 4862 1383 4917 des
1420 4863 1708 4933 Lyonnais
1751 4877 1898 4932 pour
1932 4864 2143 4919 obtenuit·
2174 4878 2280 4918 wne
2311 4862 2609 4931 prolonga·

642 4931 874 4986 fienda
1043 4929 1492 4986 e.—Nov.19.·
1562 4931 1760 4986 Calain
1801 4939 2063 5001 rapporte
2107 4931 2379 5054 &siler
2511 4931 2609 4985 dos

642 5001 823 5055 zeum
874 4998 943 5054 de
1030 5014 1141 5070 yon
1192 5002 1263 5054 σὺ
1314 5000 1425 5055 l'on
1476 5000 1742 5056 demands
1783 5002 1822 5056 ὰ
1864 5000 2071 5069 oar-der
2172 5007 2294 5055 uret.
2558 5014 2612 5055 οι

643 5069 879 5191 22⁹³:ae
913 5082 1047 5191 ετξ.
1070 5067 1519 5193 &ww
1533 5068 2094 5207 striata
2222 5068 2500 5192 νὴ
2462 5068 2609 5191 “1:32

646 5204 1115 5327 πωλῶ
1148 5208 1795 5347 Ἀέέέωὶῖἒᾍ·
1794 5206 1914 5277 ⁰⁰³
1949 5207 2144 5289 ΡΨ
2217 5207 2606 5330 mmmmm,

647 5341 1297 5398 mumditiam.
1412 5312 1425 5326 ⁹
1593 5292 1625 5330 r
1794 5275 2206 5344 ⁶⁹⁸⁶wa
2406 5275 2610 5329 ouda

2144 413 2676 484 EPISTOLAE
2719 421 3150 486 3898—3900

4518 423 4621 486 636

2867 606 3250 674 Clarissimo
3306 607 3452 674 viro
3506 607 3591 674 D.
3635 606 3873 675 Ioanni
3914 607 4199 676 Calvino
4241 608 4626 676 Gmeveusis

2695 692 3010 760 eeclesiae
3066 693 3313 776 pastori
3368 693 3753 761 fidelissimo
3808 693 4074 760 domino
4131 703 4201 760 et
4258 694 4466 760 amico
4503 714 4627 761 meo

2697 776 2970 845 colendo
3012 787 3079 846 et
3121 779 3475 846 carissimo.
4260 866 4481 934 Gonu:

2932 1103 3079 1119 ..
3228 1076 3299 1120 lx
3407 1057 4414 1137 lxerotllquantoslmin
4501 1065 4638 1121 uetu

2874 1052 2927 1120 S
2992 1053 3059 1118 D
3160 1053 3246 1116 V·
3363 1054 3425 1120 d’
3691 1055 3772 1121 ’b‘
4189 1055 4202 1068 '
4477 1054 4500 1118 l

2701 1149 2975 1242 propter
3018 1139 3278 1242 Galliae
3340 1161 3447 1207 res
3511 1139 3902 1242 deploratas.
4001 1139 4183 1206 Misit
4219 1140 4371 1206 Rex
4431 1142 4636 1241 ’litem

2703 1224 2986 1412 mm
3004 1224 3629 1412 marm&
3656 1247 3758 1378 01²
3765 1225 4640 1412 mffmffissrzaea

2703 1397 2952 1464 fuderit
3024 1397 3485 1481 d1ssiparitque
3564 1417 3793 1464 omnes
3855 1398 4420 1482 Hugonothorum
4493 1419 4644 1465 aues

2703 1484 2861 1550 licet
2923 1484 3486 1551 instructissimas.
3592 1483 3791 1549 Addit
3847 1481 4233 1552 (londensem
4286 1484 4646 1567 Principem

2704 1590 2848 1669 esse
2894 1576 3162 1670 captum
3204 1591 3416 1670 neque
3459 1579 3709 1637 restare
3752 1568 3933 1670 aliud
3967 1589 4167 1653 quam
4212 1578 4289 1634 ut
4322 1568 4646 1669 deleantu-

2705 1655 3702 1826 fflssffssssffifffztffiuffi
3734 1655 4648 1840 i‘fi'u'ffl‘ssss'qfflffi

2708 1835 2820 1894 tur
2873 1827 3133 1894 literae:
3193 1835 3455 1910 captum
3510 1826 3773 1911 quidem
4497 1848 4650 1892 mor-

2707 1921 2922 1990 tuum,
2937 1918 2990 1991 ¹)
3014 1913 3391 1980 Andelotum
3428 1913 3722 1996 graviter
3745 1913 4188 1993 vulneratum,
4214 1913 4650 1980 Admirati·-

2708 1998 3023 2067 cecidisse
3087 2009 3155 2067 et
3217 2001 3452 2088 ipsum.
3473 1998 3532 2084 Β)
3629 1998 3960 2067 Pauculos
4026 1999 4286 2083 elapsos
4347 2021 4440 2065 ex

2707 2085 3048 2151 Aureliam
3106 2085 3512 2170 pervenisse,
3533 2085 3589 2171 ³)
3631 2084 3746 2150 ubi
3789 2105 3970 2151 nune
4026 2086 4164 2151 sint
4217 2084 4562 2152 obsidendi
4598 2093 4654 2148 et

2707 2170 3084 2237 trucidandi
3127 2191 3203 2238 ac
3247 2170 3510 2236 delendi
3552 2191 3708 2236 mox
3750 2192 3979 2237 omnes
4022 2172 4137 2255 qui
4193 2173 4516 2238 invocant
4553 2191 4654 2235 no-

2707 2278 2862 2322 men
2907 2256 3178 2324 Christi.
3263 2257 3359 2323 Et
3399 2275 3779 2340 quanquam
3821 2257 4027 2323 sciam
4068 2267 4320 2340 quanta
4361 2257 4458 2322 sit
4503 2257 4656 2322 inso-

2707 2343 2913 2409 lentia
2956 2343 3245 2410 hostium
3271 2342 3538 2409 Christi
3579 2351 3648 2408 et
3681 2362 3881 2427 quam
3915 2363 4092 2410 vana
4134 2363 4333 2427 saepe
4375 2344 4656 2426 ipsorum

2707 2429 3027 2507 encomia,
3089 2437 3475 2495 terruerunt
3531 2449 3638 2493 me
3691 2437 3915 2495 tamen
3974 2435 4045 2493 et
4099 2439 4256 2494 tuae
4307 2438 4658 2512 postremae

2707 2514 2939 2581 literae
3004 2515 3128 2581 sub
3193 2515 3326 2580 fine
3391 2514 3550 2580 anni
3614 2514 3959 2597 praeteriti
4024 2513 4238 2592 datae,
4256 2515 4315 2592 ⁴)
4375 2534 4550 2598 quae
4603 2527 4658 2576 et

2706 2601 2891 2684 ipsae
2934 2600 3363 2666 continebant
3405 2608 3665 2666 nostros
3707 2621 3854 2666 esse
3895 2600 4096 2665 fusos.
4177 2600 4380 2667 Nunc
4427 2619 4660 2684 qnoque

2708 2686 2887 2751 fama
2940 2686 3125 2764 (licet
3175 2686 3459 2769 incerta)
3516 2686 3772 2770 spargit
3821 2685 4142 2768 θηρείων·
4182 2706 4226 2751 a
4269 2691 4307 2749 7
4349 2684 4659 2752 cantoni·

2708 2771 2831 2838 bus
2897 2793 3142 2838 novum
3206 2779 3434 2855 petere
3493 2771 3888 2850 militem,⁶)
3953 2772 4069 2854 qui
4145 2771 4273 2856 ipsi
4338 2781 4416 2837 et
4481 2790 4663 2856 reguo

2709 2865 2939 2924 contra
2961 2857 3218 2942 Anglos
3263 2857 3583 2922 auxilium
3628 2858 3816 2923 ferat.
3884 2855 4085 2938 Quod
4126 2858 4186 2922 si
4229 2877 4479 2925 verum
4513 2865 4662 2922 emet

2710 2950 3061 3044 appareret
3103 2951 3481 3044 nostrorum
3537 2963 3645 3009 res
3700 2941 3993 3008 nondum
4039 2942 4205 3008 adeo
4263 2963 4430 3044 esse⁸
4463 2941 4662 3026 deplo-

2709 3027 3777 3215 rrgffis'gsa‘tilsginigaeiglastilracfssgs
3804 3027 4329 3215 &prs-amynta
4369 3135 4490 3181 res
4525 3045 4664 3198 ξιξ

2710 3203 2912 3268 habet
2954 3222 3096 3268 sive
3137 3201 3417 3267 feliciter
3458 3201 3603 3268 sive
3642 3201 4017 3268 infeliciter.
4085 3199 4471 3267 Veritatem
4507 3220 4664 3266 emm

2709 3289 2920 3373 ipsam
2942 3289 3133 3387 ‘sci-re
3173 3287 3621 3387 maximopere
3662 3288 3981 3387 eupimus.
4153 3372 4167 3385 ·
4621 3370 4634 3383 ³

2708 3480 2861 3527 cum
2882 3371 3874 3543 Sgfiffiiaoaffitggffianpffirgs
3902 3372 4527 3557 efossffioesm
4577 3457 4665 3522 his

2707 3565 2853 3611 esse
2897 3542 3452 3628 respondendum.
3511 3544 3689 3610 Ante
3723 3564 4017 3609 mensem
4062 3564 4242 3609 emm
4285 3544 4448 3611 misi
4492 3542 4575 3610 ad
4609 3550 4666 3607 ts

2706 3630 2935 3697 literas
2992 3630 3143 3696 illas
3185 3650 3350 3713 quas
3405 3635 3473 3694 et
3513 3629 3684 3694 mihi
3742 3628 3989 3694 remitti
4031 3629 4247 3714 cupio.
4332 3628 4666 3696 Festinsvi

2708 3717 2907 3793 enim,
2966 3714 3245 3781 necdum
3302 3713 3453 3780 illas
3496 3714 3644 3781 aliis
3686 3714 4182 3781 communicavi.
4271 3714 4666 3800 Responsio-

2708 3822 2864 3867 nem
2927 3799 3196 3867 Brentio
3258 3799 3484 3864 datam
3549 3799 3915 3878 absolvifl)
3978 3821 4100 3883 per
4160 3800 4294 3867 Dei
4375 3801 4660 3885 gratiam

2706 3887 2842 3954 Ubi
2886 3887 3208 3970 impressa
3250 3885 3468 3963 fuerit,
3512 3886 3775 3950 mittam
3812 3884 3896 3951 ad
3941 3894 4007 3950 te
4043 3886 4456 3970 exemplum.
4521 3886 4664 3952 13·oe

2708 3973 3005 4038 tinanter
3046 3971 3167 4038 has
3203 3972 3437 4054 scripsi
3473 3971 3648 4055 quod
3693 3971 4064 4038 invenerim
4106 3972 4245 4038 iam
4279 3994 4471 4039 nunc
4505 3980 4666 4038 rectu

2707 4058 2999 4124 Bernam
3044 4058 3491 4141 profecturum
3534 4065 3604 4122 et
3645 4057 3780 4121 iam
3824 4056 4319 4123 abiturientem.
4416 4057 4664 4124 Saluu-

2708 4143 2811 4210 bis
2855 4142 2940 4208 D.
2989 4142 3412 4210 Ionvillaeum
3466 4151 3533 4206 et
3589 4142 3828 4207 &atres
3884 4141 4067 4208 alios.
4157 4142 4392 4209 Nostri
4441 4156 4508 4210 te
4551 4162 4664 4208 uns

2707 4450 2894 4505 8890.
2915 4449 2976 4513 1)
3008 4454 3242 4518 captum,
3279 4464 3394 4503 non
3427 4455 3716 4503 mortuum.

2913 4517 2976 4584 2)
3013 4518 3081 4572 de
3113 4524 3205 4572 atr
3314 4532 3343 4571 c
3369 4517 3556 4584 falsus
3587 4532 3795 4573 rum.

2915 4586 2977 4653 3)
3018 4586 3209 4640 Etiam
3346 4603 3375 4639 c
3408 4600 3538 4641 vero
3568 4587 3791 4640 minime
3823 4590 4203 4640 communen.
4273 4587 4664 4646 Cathean-

2709 4656 2877 4710 multo
2925 4656 3180 4721 pluribus
3230 4655 3407 4709 caesis
3439 4654 3789 4710 Admiralius
3839 4669 3963 4709 cum
4011 4655 4260 4724 equdem
4299 4658 4428 4723 {m
4473 4660 4666 4725 integro

2708 4726 3002 4859 Aurelian?
3023 4738 3215 4847 ven-baias
3249 4738 3307 4777 se
3328 4725 3543 4847 racepit,
3578 4739 3693 4779 non
3713 4730 3776 4779 ut
3809 4739 3878 4778 ex
3908 4722 4052 4791 fuya
4085 4724 4183 4778 ud
4217 4725 4364 4782 bono
4399 4727 4608 4783 arduin-

3009 4809 3083 4847 no
3199 4791 3365 4859 depu-
3406 4794 3530 4847 itae.

2914 4861 2974 4925 5)
3013 4859 3106 4915 De
3139 4862 3227 4915 his
3259 4875 3373 4916 non
3405 4866 3635 4916 constat.
3677 4862 3757 4915 Le
3791 4862 3900 4916 duc
3933 4870 4104 4935 ayant
4137 4863 4256 4919 este
4289 4863 4517 4919 decha-e
4549 4864 4668 4919 lie-

2706 4936 2901 4985 tenant
2917 4931 2987 4983 de
3022 4929 3297 4985 l'armeea
3328 4946 3487 4983 cause
3505 4930 3574 4983 de
3609 4931 3663 4984 la
3737 4931 3884 4985 rison
3902 4933 3976 4986 du
4000 4933 4369 4988 comoeublo
4387 4934 4456 4987 at
4489 4949 4594 5003 qus
4611 4929 4666 4982 1?

2709 5000 2989 5054 nouvelles
3033 4999 3381 5068 compagnies
3427 4998 3496 5053 de
3540 4946 3890 5066 genasar-mes
3925 5002 4112 5056 furent
4142 5003 4402 5057 dre-ees
4435 5012 4592 5057 outre
4619 5000 4666 5052 h

2707 5086 2837 5124 crue
2883 5069 2952 5122 de
3009 5068 3076 5120 10
3117 5074 3318 5133 autres,
3366 5066 3606 5121 chacune
3651 5068 3722 5121 de
3764 5068 3837 5122 20
3880 5069 4143 5125 hommes.
4187 5071 4369 5137 (Heu.
4405 5070 4464 5125 ἆ.
4499 5070 4667 5125 θη.

2705 5137 2857 5192 adm.
2891 5153 2946 5218 p.
2996 5135 3125 5203 159)
3161 5136 3424 5190 Helvetiis
3465 5151 3605 5205 prae
3648 5138 3877 5193 caeter&
3909 5140 4051 5195 nale
4083 5142 4248 5196 ωυϋ
4279 5155 4482 5209 puy-e
4515 5157 4564 5195 ο.
4591 5153 4664 5193 υ-

2702 5202 3392 5262 ηιαιῑιεονωαάευοεα
3435 5205 3770 5260 ,Bait-⁸11.
3807 5205 4021 5264 19813.
4056 5209 4231 5279 App.)

2914 5274 2975 5409 ‘33
3008 5273 3272 5395 eff
3412 5272 3444 5327 ⁷
3477 5287 3585 5345 ἠ-
