4900 6125
575 432 702 494 459

1456 615 1660 686 88⁰⁶.

1046 768 1577 839 zmm'ms
1623 769 2064 838 GALVINO.

579 1034 677 1101 aa
713 944 1175 1099 afemmsium
1231 947 1449 1026 portes
1512 944 1585 1009 in
1637 945 1961 1026 praesenti
2016 945 2381 1012 discrimine
2434 946 2538 1011 de-

677 1054 713 1098 r
785 1083 798 1097 .

862 1204 973 1267 (Ex
1012 1199 1350 1270 autographo
1386 1198 1520 1255 Ood.
1559 1198 1762 1255 Gener.
1799 1199 1917 1268 114,
1951 1199 2043 1256 fol.
2085 1199 2229 1268 112.)

581 1383 644 1445 A
687 1397 841 1443 mon
899 1375 1193 1441 honnore
1249 1393 1404 1457 pere
1458 1380 1524 1438 et
1590 1372 1762 1438 frere
1806 1394 1889 1437 en
1934 1381 2163 1438 nostre
2207 1374 2538 1459 Seigneur

701 1463 908 1529 Iehan
954 1459 1188 1526 Calvin
1233 1458 1532 1524 ministre
1576 1455 1656 1523 de
1700 1458 1951 1543 l'eglise
1996 1458 2076 1524 de
2120 1459 2416 1526 Gencve.

751 1633 1025 1717 Quoties
1090 1652 1210 1715 ego
1274 1629 1358 1695 ad
1424 1639 1488 1694 te
1555 1629 1780 1695 literas
1830 1629 1913 1696 do
1968 1629 2049 1696 de
2103 1629 2412 1697 Goridensi
2470 1639 2540 1696 et

580 1729 810 1789 nostra
861 1717 1191 1786 communi
1250 1736 1465 1793 causa,
1533 1737 1668 1780 non
1721 1716 1934 1782 scribo
1993 1736 2077 1781 ex
2144 1717 2344 1781 animi
2407 1717 2538 1783 mei

580 1807 927 1876 sententia.
1019 1803 1292 1871 Mallem
1337 1801 1513 1867 enim
1558 1801 1829 1867 meliora
1868 1811 1938 1867 et
1982 1803 2311 1868 faustiora.
2399 1803 2535 1870 Res

578 1902 680 1961 est
720 1912 987 1978 prorsus
1030 1888 1236 1955 ardna
1280 1898 1348 1953 et
1390 1908 1649 1970 anceps,
1693 1908 1824 1971 quo
1867 1887 1947 1952 fit
1982 1897 2057 1953 ut
2099 1909 2340 1973 magna
2383 1910 2538 1955 con-

577 1980 870 2046 tentione
914 1975 1193 2043 obtineri
1239 1975 1355 2039 vix
1400 1972 1756 2057 quidquam
1802 1974 2007 2057 possit
2050 1974 2223 2058 quod
2269 1994 2538 2059 magno-

804 2061 1141 2130 conducat.
1256 2059 1316 2124 N
1320 2078 1403 2124 on
1472 2057 1711 2124 damno
1776 2069 2154 2125 nostrorum
2212 2071 2539 2139 conatum,

579 2149 696 2218 sed
736 2148 887 2216 belli
932 2145 1206 2234 gerendi
1249 2141 1627 2210 tarditatem
1689 2145 1791 2229 (ut
1834 2154 1909 2210 tu
1954 2153 2239 2229 quoque)
2284 2166 2537 2213 accuso.

577 2237 898 2320 Princeps
949 2233 1291 2300 condensis
1332 2231 1428 2298 sic
1483 2240 1812 2315 temperat
1869 2232 2218 2297 clementia
2258 2232 2426 2297 iram
2474 2242 2542 2297 et

577 2322 995 2389 severitatem
1033 2327 1105 2383 ut
1141 2317 1254 2382 illa
1294 2317 1463 2383 hanc
1548 2338 1710 2382 aene
1749 2316 2104 2383 absorbeat.
2182 2317 2288 2383 Ab
2324 2318 2539 2383 alieno

578 2410 866 2476 abstinet
908 2424 1340 2486 rasorumque
1403 2403 1509 2486 opi
1558 2424 1634 2468 us
1692 2404 1927 2487 parcit:
2010 2423 2165 2470 suos
2207 2403 2536 2484 exhaurit,

579 2498 692 2580 qui
757 2499 1341 2578 quantumcunque
1406 2489 1748 2554 conferant
1803 2490 1980 2554 inter
2035 2509 2107 2555 se
2167 2511 2536 2569 numerum,

581 2600 920 2664 nunquam
946 2577 1425 2644 Guisianorum
1467 2576 1894 2658 rapacitatem
1933 2574 2322 2658 aequabunt.
2398 2573 2537 2657 Qui

579 2667 835 2733 interea
898 2663 1142 2729 nostris
1187 2681 1308 2727 nec
1352 2669 1648 2743 parcunt,
1716 2659 1830 2726 sed
1889 2661 2266 2726 immaniter
2309 2662 2380 2726 in
2424 2682 2538 2726 eos

578 2753 887 2820 saeviunt
923 2760 990 2815 et
1033 2770 1189 2832 opes
1233 2745 1526 2831 publicas
1569 2745 1912 2826 invadunt,
1957 2756 2035 2812 ut
2076 2748 2210 2812 sint
2245 2748 2540 2813 numeris

577 2839 880 2905 omnibus
908 2835 1154 2902 nostris
1187 2833 1577 2916 superiores,
1640 2834 1782 2897 Aut
1801 2831 2048 2897 bellum
2070 2833 2540 2918 capessendum

577 2924 849 2991 omnino
892 2942 1024 2987 non
1081 2931 1240 2996 erat,
1297 2926 1365 2984 et
1421 2917 1502 2983 de
1557 2916 2003 3002 tyrannicidio
2058 2928 2316 2984 tantum
2359 2920 2539 3003 cogi-

578 3010 872 3088 tandum,
919 3013 1039 3074 aut
1079 3006 1353 3085 fortiter,
1400 3012 1468 3070 et
1510 3005 1652 3071 sine
1699 3010 1887 3070 tanta
1929 3004 2266 3071 anxietate
2302 3025 2540 3090 geren-

579 3097 754 3163 dum.
802 3093 1050 3159 Videor
1093 3092 1289 3177 plane
1325 3091 1489 3156 mihi
1532 3091 1693 3167 (nisi
1718 3091 2044 3157 Dominus
2089 3091 2200 3156 det
2235 3091 2539 3165 meliora)

577 3184 651 3248 in
696 3180 1173 3248 Germanicum
1201 3176 1415 3244 Caroli
1438 3175 1521 3241 V.
1562 3175 1806 3242 bellum
1851 3185 1919 3242 et
1953 3186 2254 3243 nostrum
2296 3176 2542 3243 Helve-

579 3269 786 3334 ticum
827 3264 1094 3332 intueri.

752 3352 932 3436 Quid
971 3359 1348 3417 nostrorum
1385 3347 1970 3435 promptitudinem
2005 3357 2372 3416 remoretur
2407 3370 2540 3415 non

580 3440 832 3528 pigebit
874 3438 993 3504 tibi
1061 3435 1410 3503 declarare.
1503 3434 1787 3501 Causam
1832 3435 2116 3519 probant
2157 3457 2384 3502 omnes
2427 3457 2542 3501 cu-

577 3528 902 3613 piuntque
946 3531 1023 3589 ut
1064 3523 1297 3588 melior
1331 3543 1487 3605 pars
1529 3522 1766 3587 vincat
1848 3519 2044 3603 Quod
2087 3542 2358 3587 manum
2414 3522 2545 3606 ipsi

581 3635 718 3681 non
761 3611 1113 3678 admovere
1156 3608 1412 3693 possint
1451 3608 1614 3673 haec
1670 3618 2052 3674 causantur:
2120 3628 2228 3673 res
2265 3609 2339 3672 in
2386 3607 2543 3674 vici-

579 3700 696 3765 nia
743 3696 1031 3780 undique
1061 3701 1413 3779 suspectas,
1460 3692 1673 3776 plebis
1706 3693 2020 3776 inopiam,
2063 3692 2542 3777 stipendiorum

578 3786 900 3851 incertam
943 3780 1356 3857 solutionem,
1403 3778 1778 3863 principum
1824 3789 1893 3843 et
1936 3779 2336 3846 Germaniae
2379 3780 2547 3845 civi-

579 3878 797 3937 tatum
860 3867 1069 3932 altum
1126 3865 1483 3944 silentium,
1540 3864 2016 3949 Tigurinorum
2073 3865 2542 3931 Basiliensium

582 3952 1194 4023 Schafhusanorum
1239 3949 1850 4029 dissimulationem,
1906 3950 2217 4017 itinerum
2263 3950 2542 4016 difficul-

581 4050 806 4119 tatem,
865 4040 938 4104 in
991 4035 1367 4103 Condensia
1425 4042 1639 4101 castra
1695 4036 1752 4102 si
1813 4037 2260 4119 proficiscatur
2301 4038 2408 4102 exi

582 4147 837 4203 manus,
907 4122 1201 4208 pericula
1255 4120 1552 4188 desertae
1606 4121 1875 4204 patriae,
1942 4122 2000 4188 si
2056 4143 2312 4208 magna.
2411 4056 2545 4187 ΕΞ

582 4233 841 4297 quoque
881 4210 1023 4294 ipsa
1064 4207 1432 4293 legatorum
1478 4217 1546 4272 et
1587 4216 2082 4291 procuratorum
2129 4220 2391 4274 nostrae
2425 4228 2542 4292 pa·

583 4301 704 4365 tris
731 4303 781 4373 ¹)
840 4295 1161 4380 expositio
1216 4303 1284 4358 et
1336 4292 1506 4359 ratio
1573 4292 1657 4358 ad
1715 4292 2114 4377 respublicas
2169 4294 2294 4361 hoc
2338 4314 2539 4379 nego-

582 4386 750 4450 tium
819 4380 1141 4448 rel'erendi
1209 4379 1490 4444 multum
1557 4378 1850 4445 offendit.
1969 4381 2146 4446 Dum
2215 4402 2391 4447 nunc
2457 4379 2543 4445 ad

586 4471 870 4537 arbitros
914 4467 1317 4551 confugiunt,
1365 4486 1517 4531 mox
1561 4464 1839 4530 militem
1882 4466 1950 4530 in
1995 4467 2331 4549 suppetias
2353 4466 2540 4550 flagi-

586 4566 758 4621 tant:
805 4553 975 4638 quod
1022 4553 1228 4618 nostri
1274 4550 1656 4616 inclinantis
1698 4552 1831 4615 iam
1876 4550 2030 4617 belli
2076 4566 2541 4637 argumentum

585 4662 730 4708 ease
773 4642 1308 4723 interpretantur.
1376 4636 1667 4702 Versant
1709 4636 1905 4701 etiam
1952 4637 2075 4704 hoc
2118 4658 2358 4717 secum,
2405 4637 2539 4721 pri-

587 4740 774 4794 vatas
810 4725 1180 4809 principum
1217 4721 1491 4789 iniurias
1528 4722 1744 4789 calcar
1779 4723 1974 4789 fuisse
2011 4722 2202 4788 belli:
2243 4724 2537 4809 reginam

585 4829 655 4881 et
695 4832 938 4897 regem,
983 4811 1366 4895 quibuscum
1413 4808 1599 4875 nobis
1636 4830 1764 4892 pax
1801 4818 1869 4873 et
1903 4809 2191 4876 amicitia
2225 4817 2542 4895 perpetua

586 4908 937 4975 contracta,
1024 4894 1274 4961 nullam
1351 4893 1672 4961 hactenus
1749 4894 2292 4980 significationem
2379 4916 2541 4961 suae

589 4984 952 5051 sententiae
993 4980 1075 5046 de
1118 4982 1241 5047 hoc
1285 4990 1467 5046 motu
1499 4978 1774 5046 dedisse.
1841 4980 2078 5064 Itaque
2111 4982 2354 5065 suscipi
2400 4981 2537 5048 bel·

587 5070 724 5134 lum
783 5067 906 5135 hoc
960 5088 1000 5131 a
1043 5065 1231 5132 nobis
1275 5068 1421 5134 sine
1463 5064 1773 5150 perfidiae
1814 5065 2105 5149 periculo
2150 5088 2283 5133 non
2329 5088 2535 5151 posse,

589 5175 784 5238 quam
820 5154 1093 5219 minimo
1129 5154 1399 5237 reginae
1433 5160 1599 5218 nutu
1635 5171 1977 5235 possemus
2012 5154 2277 5219 evitare.
2338 5153 2539 5219 Dices

591 5358 858 5421 8808.1)
900 5356 1132 5411 Omnino
1168 5358 1474 5426 bandum
1513 5360 1701 5429 portis,
1737 5374 1851 5413 non
1887 5374 2044 5414 vero.-
2078 5360 2306 5429 patriae.

2105 425 2631 496 EPISTOLAE
2676 434 3101 500 3806—3807

4470 437 4575 501 460

2644 619 2853 686 mihi:
2909 621 3025 706 qui
3082 642 3348 689 omnem
3405 621 3697 708 pluviam
3742 623 3981 688 timent
4022 642 4362 707 nunquam
4405 623 4581 690 etism

2639 705 2977 790 paenulati
3054 707 3575 794 progredientur.
3700 708 3978 788 Fateor,
4064 708 4180 775 sed
4263 708 4412 793 quis
4476 708 4577 776 hos

2639 812 2789 858 seru
2972 799 3108 858 tam
3185 796 3448 878 penitus
3502 794 3870 860 insidentes
3937 793 4235 860 oratione
4305 793 4575 860 eximat?

2639 878 2735 945 Ut
2775 878 3024 962 aliquid
3068 879 3357 947 facerent
3397 880 3609 946 nostri
3650 879 3813 947 haec
3856 889 4049 946 erant
4092 881 4475 960 necessaria,
4516 889 4581 946 ut

2637 962 2959 1030 haberent
3024 965 3132 1031 vel
3189 965 3298 1033 hic
3356 965 3465 1032 vel
3519 987 3557 1031 e
3592 966 3958 1033 Germania
4011 966 4218 1033 socios
4272 964 4451 1046 belli,
4508 987 4581 1033 ne

2638 1049 2795 1116 solis
2847 1050 2973 1117 hoc
3025 1072 3194 1118 onus
3250 1052 3690 1130 incumberet,
3757 1059 3831 1117 ut
3896 1062 4090 1135 pacta
4154 1060 4224 1117 ct
4277 1059 4585 1119 conventa

2639 1144 2811 1203 esset
2867 1136 3346 1220 stipendiorum
3402 1138 3589 1217 ratio,
3656 1146 3972 1221 metuque
4025 1137 4339 1221 perfidiae
4391 1137 4583 1222 quali-

2636 1240 2895 1304 cunque
2937 1220 3052 1288 sed
3096 1230 3276 1289 certa
3309 1231 3533 1289 tamen
3568 1224 3837 1308 reginae
3891 1224 4395 1308 significatione,
4440 1222 4583 1289 libe·

2638 1320 2962 1374 rarentur.
3047 1307 3234 1375 Haec
3275 1309 3430 1393 quia
3473 1308 3763 1375 difficilia
3805 1309 4096 1387 obtentu,
4159 1317 4228 1375 et
4269 1310 4429 1393 quia
4459 1309 4585 1375 sine

2636 1391 2741 1458 his
2783 1401 3007 1459 tamen
3052 1394 3287 1461 confici
3339 1393 3510 1460 nihil
3565 1403 3795 1478 potest,
3852 1395 4023 1462 iacet
4078 1415 4277 1462 causa
4336 1395 4446 1460 hic
4485 1393 4584 1459 de-

2638 1485 2832 1544 serta.
2942 1478 3175 1562 Itaque
3241 1477 3432 1546 valde
3497 1482 3701 1546 miror
3769 1490 4029 1547 nostros
4094 1490 4233 1545 tam
4310 1481 4587 1566 segniter

2638 1587 2710 1630 se
2752 1565 2819 1632 in
2869 1565 3187 1632 tentanda
3232 1565 3717 1632 Germanorum
3774 1567 4116 1632 voluntate
4170 1567 4474 1651 gessisse,
4530 1577 4589 1631 et

2641 1659 2775 1714 tam
2832 1650 3136 1736 religiose
3189 1672 3229 1716 a
3281 1652 3724 1718 sacrificorum
3778 1653 4043 1736 iniquae
4108 1653 4316 1736 partis
4371 1652 4591 1736 opibus

2639 1736 2987 1814 abstinere,
3056 1744 3135 1802 ut
3188 1738 3320 1802 iam
3378 1757 3502 1803 nec
3553 1737 3708 1803 belli
3767 1739 3976 1805 socios
4035 1759 4157 1805 nec
4200 1736 4591 1822 stipendium

2640 1820 2938 1886 habeant
3020 1821 3296 1902 Deinde,
3345 1831 3672 1907 utcunque
3716 1823 4027 1891 conclusa
4069 1823 4301 1908 regina
4334 1824 4443 1902 sit,
4486 1843 4594 1907 per

2641 1906 2930 1992 aliquam
2985 1908 3294 1974 rimulam
3351 1907 3670 1975 indicium
3729 1909 4093 1975 voluntatis
4159 1908 4330 1975 elabi
4376 1910 4591 1993 potuit.

2639 1992 2891 2059 Vereor
2926 2014 3010 2059 ne
3045 1994 3231 2061 initio
3252 1993 3379 2061 hoc
3413 1995 3510 2060 eis
3544 1995 3934 2078 imposuerit
3956 1994 4130 2079 quod
4164 2016 4448 2062 numero
4483 1996 4595 2060 im·

2643 2099 2868 2162 parem
2915 2078 3173 2145 hostem
3239 2080 3525 2147 maiores
3566 2081 3787 2164 copias
3829 2080 4258 2148 collecturum
4302 2101 4441 2147 non
4484 2101 4596 2165 pu-

2645 2173 2880 2230 tarent.
2976 2162 3051 2229 Si
3103 2185 3209 2232 res
3263 2174 3401 2231 tam
3456 2167 3798 2251 praecipiti
3856 2166 4129 2233 consilio
4186 2176 4256 2232 et
4312 2166 4597 2233 subsidio

2643 2271 2779 2316 non
2833 2258 3059 2334 egeret
3113 2272 3233 2335 per
3287 2271 3541 2317 moram
3600 2251 3849 2335 aliquid
3905 2261 4329 2319 tentaremus.
4438 2251 4598 2336 Spes

2642 2335 2821 2400 enim
2848 2344 3023 2402 esset
3056 2357 3189 2401 non
3213 2358 3386 2403 vana
3411 2337 3726 2421 quosdam
3750 2359 3871 2403 nos
3905 2337 3976 2402 in
4006 2337 4161 2405 belli
4200 2339 4597 2405 consortium

2642 2429 3104 2505 pei-tracturos,
3161 2422 3678 2507 affulsuramque
3736 2424 3992 2489 interea
4048 2425 4395 2508 pecuniam
4454 2421 4599 2490 belli

2644 2527 2922 2572 nervum
2967 2517 3035 2573 et
3068 2508 3374 2574 animam.
3457 2506 3640 2575 Sunt
3673 2509 3851 2574 enim
3896 2509 4023 2575 hae
4066 2519 4447 2576 nostrorum
4492 2528 4599 2573 vo·

2642 2615 2770 2672 ces,
2818 2592 3014 2658 malle
3055 2615 3127 2660 se
3161 2592 3337 2659 domi
3382 2615 3578 2678 quam
3633 2595 3792 2661 foris
3836 2595 4041 2680 gratis
4085 2597 4292 2662 vitam
4335 2596 4601 2680 profun-

2644 2677 2815 2744 dere.
2884 2677 3074 2745 Nosti
3122 2679 3307 2764 vulgi
3350 2679 3713 2765 ingenium.
3783 2679 3860 2747 Si
3883 2681 4287 2765 Lugdunum
4326 2703 4403 2748 se
4439 2680 4607 2748 tueri

2643 2762 3045 2848 aliquamdiu
3089 2773 3326 2849 posset,
3348 2770 3404 2842 ²)
3448 2787 3584 2831 non
3629 2764 3900 2851 despero
3961 2767 4041 2832 de
4105 2769 4433 2851 suppetiis
4476 2768 4605 2834 No-

2645 2850 3142 2916 vocomensibus
3204 2859 3271 2917 et
3333 2851 3582 2935 aliquot
3648 2866 4023 2919 nostrorum
4086 2852 4440 2920 hominum
4498 2854 4605 2938 qui

2644 2956 2716 3002 se
2762 2933 2959 3001 adiun
3009 2947 3214 3002 erent.
3296 2937 3509 3003 Fama
3550 2938 3729 3021 pacis
3776 2959 3986 3022 paene
4031 2939 4385 3020 confectae,
4452 2939 4607 3006 dum

2644 3020 2807 3089 haec
2851 3022 2979 3123 scri
3025 3043 3081 3102 o,
3130 3024 3500 3122 perstrepit,
3548 3023 4004 3125 videnturque·
4024 3022 4324 3092 dubitare
4372 3025 4607 3093 adver·

2645 3128 2760 3260 gae?
2804 3116 3011 3293 pastas
3052 3110 4307 3294 {xffipefflngnleggffoedsgemsdlffioitudo
4334 3120 4606 3265 “gaiberti

2645 3278 2905 3345 Nobilis
2928 3280 3037 3348 hic
3054 3282 3112 3361 ⁸)
3277 3282 3643 3366 principem
3671 3280 4044 3350 Condamus·
4064 3284 4306 3351 missus
4341 3306 4389 3351 a
4425 3285 4607 3352 nobis

2648 3374 2862 3430 tecum
2918 3365 3000 3431 de
3058 3366 3162 3432 his
3219 3367 3415 3433 rebus
3469 3367 3779 3434 conferet.
3870 3369 4082 3435 Fidus
4124 3378 4246 3450 est,
4293 3371 4609 3454 prudens,

2646 3451 2845 3516 tritus
2903 3451 2975 3515 in
3029 3474 3101 3519 re
3156 3452 3407 3519 bellica.
3494 3453 3685 3533 Vale,
3751 3462 3819 3521 et
3872 3475 4087 3520 meam
4146 3476 4425 3539 operam
4494 3456 4609 3523 tibi

2645 3556 2907 3686 εοιιιριθέ
2927 3556 3070 3689 effes
3092 3539 3164 3603 in
3184 3537 3528 3690 ξιέἕῖοαιιοα
3548 3550 3850 3623 paratam
3885 3541 4005 3607 tibi
4036 3542 4385 3627 persuade.
4450 3544 4611 3611 Ber·

2644 3644 2770 3688 nae
2899 3672 2914 3687 .
3000 3645 3140 3690 unn
3350 3675 3362 3688 .

3798 3764 3979 3831 'l'uus
4022 3764 4437 3834 Zerchintes.

2814 3968 3177 4049 Postquam
3220 3967 3395 4033 iacta
3436 3975 3541 4035 est
3581 3967 3724 4035 alea
3760 3971 3959 4037 velim
3994 3980 4253 4039 nostros
4286 3974 4610 4041 innocen-

2647 4052 2731 4117 tis
2766 4052 3111 4137 sanguinis
3144 4051 3388 4119 habere
3423 4054 3767 4135 rationem,
3800 4065 4253 4142 tyrannorum,
4301 4069 4369 4126 et
4406 4059 4609 4128 sacri·

2644 4138 2918 4291 {eoflffl
2975 4159 3173 4222 opum
3231 4138 3503 4205 nullam.
3594 4140 3769 4207 Nam
3828 4141 3970 4209 sine
4028 4144 4358 4227 stipendio
4408 4147 4615 4233 friget

2650 4400 2815 4407 -—..--
2852 4400 2867 4405 -.
2918 4397 3053 4406 ..—
