4900 6125
572 379 702 441 5⁷5

572 571 870 648 tempore
912 560 1333 627 Dismaninus
1396 581 1547 627 cum
1613 559 1753 627 suis
1815 560 2171 630 coniuratis
2211 560 2415 629 fidem
2473 567 2543 627 et

575 648 999 717 autoritatem
1042 645 1219 730 apud
1259 646 1578 714 maiorem
1630 653 1889 731 partem
1949 647 2243 731 equitum
2295 647 2540 714 amisit.

746 731 1104 811 Audivisti,
1149 732 1394 817 optime
1418 732 1621 812 Trevi,
1666 731 1748 798 de
1836 732 2091 800 artibus
2135 734 2543 801 adversario·

572 841 762 888 rum:
809 827 1016 886 restat
1059 826 1137 884 ut
1191 819 1389 884 etiam
1444 816 1599 902 quid
1659 819 1767 885 hic
1875 839 1995 885 eus
2038 840 2156 902 per
2198 841 2320 886 nos
2363 827 2540 906 agat,

573 925 790 991 quove
831 905 904 970 in
948 909 1126 970 statu
1170 904 1307 970 sint
1336 925 1444 970 res
1479 910 1761 984 nostrae,
1796 904 2221 988 explicemus.
2286 904 2542 987 Quam-

579 993 694 1059 diu
758 990 1034 1057 illustris
1097 989 1495 1056 castellanus
1558 987 1891 1057 Bieoensis
1958 990 2149 1068 vixit,
2212 991 2541 1058 habebant

578 1098 740 1146 sane
802 1076 977 1161 quod
1041 1076 1605 1143 subtimescerent.
1694 1075 1802 1142 Ita
1866 1077 2041 1142 enim
2108 1077 2283 1161 apud
2346 1077 2539 1143 illum

576 1185 729 1231 cum
771 1184 896 1229 sua
938 1161 1237 1229 doctrina
1279 1161 1462 1228 exosi
1505 1169 1714 1241 erant,
1760 1169 1835 1227 ιιι
1872 1163 2123 1230 vocatis
2168 1163 2539 1230 senioribus

575 1257 800 1318 coetus
823 1247 1279 1316 Oracoviensis
1315 1249 1386 1312 in
1420 1268 1668 1332 magna
1701 1267 1941 1315 corona
1984 1247 2330 1314 hominum
2367 1249 2542 1315 hanc

575 1335 946 1402 doctrinam
1004 1331 1370 1399 detestatus
1412 1334 1516 1398 sit.
1603 1334 1697 1398 Et
1741 1334 2008 1399 omnino
2050 1334 2401 1400 interdixit
2443 1335 2540 1401 eis

571 1443 661 1489 ne
701 1419 1052 1505 Greyorius
1095 1419 1200 1486 vel
1243 1417 1502 1502 publice
1545 1418 1655 1485 vel
1696 1419 2015 1503 privatim
2058 1419 2255 1486 huius
2300 1420 2541 1490 doctri-

574 1528 702 1574 nae
724 1506 1129 1571 mentionem
1151 1503 1355 1570 ullam
1378 1505 1649 1570 faceret:
1695 1505 1986 1589 alioquin
2021 1526 2091 1570 se
2125 1507 2543 1572 occlusurum

577 1593 849 1659 domum
883 1611 1075 1657 suam
1112 1589 1503 1656 minabatur.
1571 1589 1760 1670 Malo,
1798 1591 2239 1691 inquit-hanc
2274 1591 2543 1658 domum

574 1676 2545 1847 ffissaffigsszss‘zsgmoefiffiffffiiffld5¹301ffi¹1¹3ffi²d3ffi5

574 1869 763 1916 meae
807 1849 941 1932 pati
986 1856 1102 1912 aut
1144 1867 1402 1932 quoquo
1437 1846 1631 1913 modo
1666 1868 2074 1930 promovere.
2143 1847 2204 1915 Ο
2242 1849 2540 1916 divinum

572 1943 807 2022 pectus
850 1934 1157 2011 hominis,
1215 1941 1282 2000 et
1324 1936 1661 2018 ingentem
1706 1933 1923 1999 zelum
1967 1955 2085 2017 pro
2142 1935 2351 2018 gloria
2391 1936 2542 2014 Dei,

574 2022 634 2089 si
678 2022 867 2087 Deus
907 2021 967 2086 ei
1011 2019 1219 2084 vitam
1264 2019 1540 2086 ulterius
1584 2020 2040 2103 protraxisset.
2120 2019 2256 2087 Sed
2303 2021 2399 2085 ita
2440 2022 2543 2087 vi-

575 2128 725 2174 sum
768 2113 871 2172 est
912 2106 1084 2189 patri
1130 2103 1733 2172 misericordiarum
1776 2127 1926 2172 eum
1971 2127 2248 2173 evocare
2290 2128 2373 2172 ex
2416 2106 2544 2174 hac

572 2194 819 2260 misera
868 2192 1011 2256 vita
1067 2190 1152 2256 ad
1218 2191 1565 2257 beatorum
1608 2190 1812 2257 sedes.
1903 2192 2051 2257 Iam
2094 2193 2306 2259 securi
2350 2199 2544 2258 erant

576 2278 941 2346 adversarii
983 2284 1051 2342 et
1094 2278 1456 2361 respirasse
1499 2276 1912 2358 videbantur,
1973 2277 2087 2343 sed
2131 2276 2319 2345 Deus
2363 2280 2542 2345 exci-

575 2365 743 2430 tavit
784 2363 1028 2429 iterum
1083 2362 1249 2428 alios
1312 2363 1493 2430 viros
1557 2363 1852 2430 heroicos
1914 2385 2080 2448 quos
2146 2364 2243 2430 eis
2305 2363 2547 2431 obiecit

575 2450 762 2517 velut
827 2450 972 2515 Gor
1018 2469 1253 2514 oneum
1321 2454 1540 2532 caput.
1648 2450 1757 2514 Ex
1817 2449 2057 2515 horum
2113 2470 2385 2516 numero
2443 2458 2547 2515 est

574 2535 930 2603 Palatinus
1036 2534 1451 2610 osnaniensis,
1523 2535 1906 2618 capitaneus
1963 2543 2188 2602 noster
2245 2535 2546 2620 Mar-yen-

575 2622 921 2707 buryensiS,
948 2619 1379 2702 SafraneciuS,
1395 2623 1478 2706 ¹¹⁸)
1500 2619 1775 2686 Sienicki
1797 2620 2126 2702 Nicolaus,
2151 2622 2548 2689 castellanus

582 2708 1070 2775 Osniecimensis
1113 2714 1179 2772 et
1221 2726 1452 2772 omnes
1494 2706 1804 2773 ecclesiae
1846 2708 1917 2773 in
1961 2707 2207 2773 ducatu
2245 2706 2547 2775 Osnieci-

576 2794 791 2860 mensi
869 2802 937 2859 et
1007 2792 1395 2870 Zatoriensi,
1471 2793 1588 2877 qui
1655 2794 1767 2859 xvi
1838 2791 2167 2872 OctobriS,
2196 2795 2277 2870 ¹⁵)
2343 2815 2546 2877 quum

576 2881 783 2946 funus
846 2899 929 2963 pe
1053 2878 1283 2944 ebatur
1338 2877 1608 2957 Bonem',
1677 2879 2010 2964 synodum
2066 2878 2423 2946 Gracoviae
2477 2881 2550 2945 in

577 2985 824 3052 magna
883 2965 1020 3032 cele
1066 2964 1262 3030 ritate
1306 2964 1726 3050 peragebant,
1794 2964 2068 3049 pedibus
2123 2973 2192 3031 et
2242 2966 2547 3032 manibus

578 3053 879 3119 inierunt
922 3052 993 3117 in
1035 3059 1329 3118 nostram
1372 3051 1791 3132 sententiam,
1839 3052 1931 3118 ita
1969 3049 2145 3136 quod
2180 3051 2278 3117 xii
2314 3052 2548 3118 minis-

580 3138 675 3205 tri
719 3140 792 3204 in
835 3136 952 3203 illa
993 3138 1138 3221 ipsa
1179 3135 1435 3220 synodo
1478 3138 1867 3204 confessioni
1911 3146 2178 3205 nostrae
2221 3137 2549 3222 subscrip-

580 3245 745 3305 sere,
809 3243 1009 3308 quam
1051 3221 1281 3289 eodem
1335 3223 1625 3301 consilio,
1690 3224 1889 3291 sicuti
1932 3223 2247 3291 Genevae
2297 3224 2548 3291 factum

580 3318 743 3389 erat,
779 3309 905 3375 hoc
938 3316 1054 3389 est,
1099 3316 1174 3374 ut
1217 3309 1315 3374 ita
1350 3316 1683 3376 constaret
1716 3331 1880 3394 quos
1916 3331 2035 3394 pro
2072 3310 2316 3375 nostris
2352 3331 2546 3394 repu-

579 3406 724 3462 tare
766 3393 1154 3461 deberemus
1196 3403 1263 3460 et
1308 3395 1422 3479 qui
1486 3403 1645 3463 sunt
1702 3416 1742 3461 a
1784 3395 2087 3481 partibus
2129 3395 2548 3462 Blandratis·

578 3492 822 3561 tarum,
889 3481 1507 3566 conscripseramus.
1594 3481 1705 3547 Ex
1749 3482 2013 3559 nostris,
2057 3482 2349 3566 inquam,
2394 3488 2551 3547 sunt

585 3568 899 3646 Gilovius,
936 3566 1021 3652 ¹⁰)
1085 3566 1364 3633 Iacobus
1410 3565 1689 3668 SylviuS,
1733 3588 1873 3653 ego,
1920 3567 2220 3646 Albinus,
2282 3567 2548 3634 Wism'e-

578 3654 789 3721 vicius
812 3656 896 3733 ¹⁷)
943 3660 1012 3719 et
1051 3652 1163 3718 alii
1209 3653 1497 3737 plurim1‚
1561 3655 1657 3718 ita
1707 3653 1885 3738 quod
1928 3654 2063 3720 iam
2105 3653 2359 3719 iustum
2402 3674 2549 3720 coe-

581 3749 730 3806 tum
772 3739 1152 3817 habeamus,
1194 3739 1265 3804 in
1311 3760 1438 3822 quo
1481 3739 1817 3824 praecipui
1879 3761 1963 3806 ex
2007 3739 2381 3823 magnificis
2424 3761 2549 3804 nu-

579 3834 942 3892 merantur.
1030 3824 1231 3891 Gives
1294 3826 1496 3890 etiam
1548 3825 1904 3911 praecipui,
1978 3832 2046 3891 et
2098 3825 2150 3890 ii
2207 3824 2547 3904 doctiores,

580 3913 716 3977 iam
758 3910 1321 3977 renunciaverunt
1369 3911 1691 3996 Greqorio,
1736 3933 1820 3978 ex
1865 3912 2101 3995 quibus
2146 3918 2249 3976 est
2286 3909 2374 3976 D.
2414 3911 2552 3977 Ios-

580 4002 704 4078 ίιιε,
748 3998 833 4063 D.
880 3996 1204 4075 Echlmoe,
1242 3996 1640 4077 Valet-ianm,
1685 3998 1772 4063 D.
1812 3997 2062 4064 Videan
2104 4004 2174 4062 et
2218 3995 2351 4062 alii.
2426 3996 2553 4062 Isti

581 4084 717 4149 iam
761 4103 885 4150 nec
928 4084 1274 4150 concienes
1324 4082 1621 4167 Greyorii
1672 4083 2111 4167 frequentant,
2171 4103 2293 4149 nec
2335 4103 2553 4149 sacra-

580 4177 813 4235 menta
876 4170 958 4236 ab
1024 4189 1100 4234 eo
1166 4170 1500 4254 percipere
1564 4168 1818 4235 volunt.
1908 4169 2200 4235 Istorum
2258 4170 2554 4235 omnium

581 4256 852 4323 nomine
910 4255 1115 4321 missa
1176 4263 1275 4321 est
1316 4254 1563 4340 legatio
1606 4253 1693 4320 ad
1736 4254 2189 4321 Lismanimcm
2241 4262 2309 4321 et
2360 4253 2550 4320 illum

584 4340 856 4409 Felicem
876 4345 961 4415 ¹⁸)
1005 4341 1546 4421 infelicissimum,
1589 4363 1675 4408 ne
1720 4340 2002 4439 amplius
2045 4340 2171 4407 sub
2212 4340 2408 4407 tit-ulo
2446 4360 2552 4406 ec-

584 4427 936 4494 clesiarum
993 4428 1272 4494 minoris
1314 4426 1629 4494 Poloniae
1675 4426 1976 4492 hommes
2020 4435 2156 4492 tam
2200 4434 2554 4493 extraneos

585 4534 784 4597 quam
828 4513 1221 4580 domesticos
1264 4513 1660 4597 deciperent,
1706 4532 1874 4579 neve
1910 4512 2231 4580 auderent
2263 4512 2555 4598 synodos

764 4821 850 4888 14>
884 4836 1041 4893 quen
1068 4820 1302 4878 Labien-
1332 4818 1532 4889 p.133
1565 4820 2027 4877 mutuarum
2060 4826 2112 4875 et
2144 4820 2559 4889 amanium·

764 4959 860 5093 igi
894 4957 1083 5083 ξφα)
1117 5026 1288 5082 adeas
1323 5028 1557 5083 Labicus.
1590 5042 1645 5096 p.
1684 5024 1801 5079 143.

765 5097 857 5163 17)
906 5113 951 5153 ε.
1012 5095 1348 5152 Ψὺπίουὲω
1400 5094 1653 5153 masiae
1708 5094 2022 5152 Veliet'ensis
2077 5095 2343 5152 minister.
2386 5094 2560 5163 (Lab.

592 5165 710 5219 141.
749 5166 907 5288 §11ng
938 5166 1006 5220 11.
1039 5164 1192 5248 6752.)

596 5236 862 5360 Pozomd
890 5234 1275 5371 (m

2252 369 2721 441 EPIS'I'OLA
2766 373 2935 438 3875

4486 375 4604 438 5⁷6

2640 580 3001 628 convocare
3042 568 3113 628 et
3153 561 3424 628 titulum
3455 562 3583 630 sibi
3617 562 3992 631 senioratus
4034 583 4378 648 usurpaoe.
4449 563 4602 631 om-

2635 648 2816 734 9orio
2867 647 3071 714 etiam
3125 645 3504 714 huiusmodi
3559 655 3665 715 est
3719 647 4005 717 conditio
4063 647 4282 716 oblata
4295 699 4312 727 ,
4367 659 4448 715 ut
4500 649 4602 717 vel

2641 733 2913 799 omnino
2947 731 3075 798 sibi
3109 733 3192 799 ab
3227 732 3352 799 hac
3386 732 3687 801 doctrina
3731 744 4149 820 temperaret,
4194 735 4307 801 vel
4347 756 4434 801 ue
4467 755 4606 800 am-

2641 817 2822 903 plius
2850 820 2920 885 in
2941 817 3212 886 aedibus
3234 819 3653 886 Bonerorum
3686 829 3913 889 coetus
3932 821 4188 887 fierent.
4259 820 4363 888 Gr
4433 823 4606 888 oriae

2642 905 2933 985 omnino,
2997 912 3227 989 utpote
3280 904 3406 970 sibi
3464 906 3799 988 conscius,
3865 906 4106 973 maluit
4169 904 4608 973 conditionem

2640 990 2827 1058 illam
2871 989 2953 1056 de
2996 990 3418 1058 convocando
3461 999 3652 1059 coetu
3694 994 3765 1059 in
3806 991 3926 1059 illa
3982 992 4176 1059 domo
4219 992 4602 1060 commodis·

2640 1076 2810 1227 siml?
2850 1076 3140 1176 reficere,
3175 1096 3374 1226 qtgm
3415 1076 3499 1144 ab
3512 1078 3760 1230 dimtpiia
3814 1078 4336 1231 etvblgseptltigma
4376 1087 4603 1178 coutu-

2641 1183 3172 1229 meosuein
3294 1183 3954 1230 eumocna.
4223 1163 4601 1231 zsremhre.

2814 1247 2905 1312 Vi
2951 1270 3042 1326 es,
3085 1249 3177 1312 mi
3213 1249 3299 1314 D.
3332 1248 3530 1329 Treci,
3576 1249 3899 1334 quomodo
3941 1248 4126 1316 illam
4170 1250 4602 1316 temeritatem

2643 1347 2712 1398 et
2769 1334 3143 1417 superbiam
3190 1334 3501 1418 Greyorii,
3561 1356 3761 1420 quam
3817 1343 3894 1401 tu
3959 1355 4222 1418 semper
4265 1336 4338 1400 in
4385 1357 4463 1401 eo
4502 1334 4601 1400 ob-

2644 1420 2922 1486 servasti
2967 1428 3034 1484 et
3076 1440 3299 1485 coram
3344 1440 3451 1485 me
3494 1431 3894 1505 conquestus
3937 1444 4027 1502 es,
4072 1422 4261 1487 Deus
4327 1420 4599 1505 punivit.

2644 1504 2883 1570 Nonne
2926 1505 3246 1572 habemus
3289 1505 3515 1570 vivam
3539 1507 3894 1591 imaginem
3936 1518 4004 1574 et
4046 1506 4428 1590 exemplum
4471 1507 4603 1573 effi·

2644 1610 2769 1656 cax
2813 1600 2887 1657 ιιι
2928 1591 3042 1674 qui
3084 1612 3155 1657 se
3198 1591 3268 1655 in
3321 1591 3577 1657 familia
3619 1592 3773 1659 Iesu
3819 1592 4074 1660 Christi
4118 1594 4456 1659 numerari
4502 1614 4604 1658 ve·

2643 1676 2775 1741 lint
2815 1676 2886 1742 in
2931 1678 3167 1743 timore
3211 1685 3279 1742 et
3320 1677 3504 1742 omni
3546 1679 3980 1745 submissione
4026 1679 4301 1762 spiritus
4342 1698 4606 1745 versen-

2646 1770 2771 1840 tur,
2838 1762 3030 1829 iuxta
3086 1760 3282 1829 illud:
3374 1761 3506 1845 Qui
3564 1771 3696 1829 stat
3751 1763 3976 1830 videat
4033 1785 4119 1830 ne
4173 1763 4381 1830 cadat.
4469 1764 4608 1830 Iam

2646 1847 2917 1914 omnino
2958 1849 3029 1913 in
3066 1849 3190 1914 hoc
3224 1855 3381 1913 sunt
3410 1870 3640 1914 omnes
3674 1858 3751 1916 ιιι
3785 1872 3940 1916 eum
3974 1851 4293 1918 Cracovia
4329 1850 4604 1917 eiiciant.

2647 1935 2937 1999 Tantum
2981 1935 3202 2019 agitur
3246 1933 3327 1999 de
3372 1934 3501 2000 alio
3542 1936 3864 2002 ministre.

2820 2018 2958 2086 Sed
2983 2041 3187 2104 quum
3225 2020 3526 2104 superius
3561 2022 3990 2088 confessionis
4028 2022 4438 2088 mentionem
4473 2023 4606 2100 feci,

2647 2113 2907 2190 oportet
2948 2127 3056 2172 me
3096 2113 3367 2189 propter
3423 2105 3573 2172 illos
3629 2109 3813 2174 viros
3867 2108 4090 2175 doctos
4134 2106 4318 2173 hunc
4362 2128 4610 2192 quoque

2647 2212 2798 2257 scru
2843 2191 3031 2258 ulum
3089 2191 3435 2258 discutere.
3523 2193 3663 2258 Nos
3720 2215 3852 2259 non
3907 2193 4375 2277 quaesivimus,
4441 2191 4610 2259 dicas

2645 2278 2735 2343 D.
2838 2277 3050 2344 alvino
3115 2287 3185 2343 et
3236 2276 3322 2343 D.
3378 2276 3770 2362 Bullinyero‚
3815 2300 4052 2345 novam
4116 2279 4606 2358 confessionem,

2649 2361 2765 2429 sed
2810 2383 2931 2445 pro
2974 2363 3385 2430 confessione
3442 2373 3671 2430 nostra
3732 2365 3861 2430 tria
3903 2365 4021 2430 illa
4063 2363 4386 2450 symbola,
4431 2386 4609 2449 apos·

2649 2447 2916 2514 tolicum
2977 2469 3235 2532 nempe,
3279 2449 3645 2515 Nicaenum
3689 2457 3755 2515 et
3812 2451 3895 2516 D.
3952 2451 4306 2517 Athanasii
4366 2451 4608 2534 aceepi-

2649 2555 2819 2614 mus,
2889 2555 2965 2601 ac
3021 2544 3291 2620 propter
3346 2536 3662 2601 maiorem
3719 2534 3955 2616 lucem,
4013 2558 4099 2602 ne
4153 2536 4302 2620 quis
4364 2536 4610 2619 aliquas

2652 2619 3060 2703 corruptelas
3124 2619 3377 2700 adsuat,
3447 2620 3877 2687 adiunximus
3939 2621 4091 2688 illos
4145 2643 4238 2687 xv
4307 2622 4610 2688 articulos

2652 2706 2764 2790 qui
2809 2706 3043 2789 'Piguri
3086 2707 3375 2787 novitiis,
3433 2708 3544 2790 qui
3603 2727 3676 2773 se
3719 2707 4027 2775 ecclesiae
4069 2707 4338 2772 illorum
4387 2727 4610 2794 aggre-

2653 2811 2812 2876 gare
2870 2791 3122 2870 volunt,
3180 2790 3594 2859 exhibentur.
3683 2793 3792 2859 Ita
3846 2794 4024 2859 enim
4068 2792 4157 2860 D.
4201 2792 4612 2877 Bauium

2653 2876 2843 2943 nobis
2886 2877 3236 2977 consuluit.
3319 2878 3754 2979 Postmodum
3799 2878 4225 2945 adiunximus
4268 2879 4610 2945 confessio-

2652 2964 4366 3149 B‘ffnioissffffiffiffikofflfflfflioetuffissmm
4365 2977 4612 3119 00¹¹¹nf⁸⁶¹0ffi

2653 3156 2906 3202 sionem
2971 3135 3384 3203 Genevensis
3473 3137 3799 3217 ecclesiae,
3879 3158 4080 3221 quam
4143 3139 4474 3223 expressit
4533 3137 4616 3203 D.

2653 3221 3038 3289 Theodorus
3059 3221 3241 3288 Besa
3282 3222 3354 3287 in
3398 3242 3521 3287 sua
3563 3223 3974 3291 confessione
4016 3224 4246 3289 statim
4289 3222 4378 3291 ab
4411 3223 4616 3299 initio,

2653 3307 2934 3372 articulo
2974 3309 3208 3391 primo.
3293 3308 3548 3376 Ultimo
3591 3310 3732 3376 loco
3792 3310 4185 3393 apponimus
4227 3310 4618 3376 sententiam

2652 3393 3079 3460 confessionis
3122 3393 3633 3474 Pinczoviensis,
3710 3416 3909 3479 quam
3966 3402 4198 3461 contra
4243 3394 4616 3462 Stanacum

2648 3478 3329 3564 promulgaveramus.
3419 3480 3663 3547 Exstat
3739 3483 4061 3564 impressa
4117 3480 4236 3547 sed
4286 3482 4428 3547 iam
4480 3501 4616 3547 eam

2650 3571 3101 3631 contemnunt.
3189 3565 3558 3645 Postremo,
3623 3574 3700 3631 ut
3753 3566 4063 3634 omnibus
4119 3575 4458 3634 constaret
4502 3587 4616 3632 nes

2650 3672 2805 3718 cum
2848 3650 3176 3717 restitutis
3231 3651 3537 3718 omnibus
3578 3673 3700 3735 per
3741 3652 4195 3731 Germaniam,
4240 3652 4616 3719 Helvetium

2651 3744 2720 3802 et
2739 3735 3146 3802 Sabaudiam
3191 3737 3482 3804 ecclesiis
3523 3736 3650 3804 hac
3692 3739 3764 3803 in
3807 3746 3996 3820 parte
4037 3759 4314 3822 prorsus
4349 3760 4614 3805 consen-

2650 3824 2794 3901 tire,
2841 3823 3058 3889 visum
3103 3824 3411 3889 universo
3454 3824 3672 3889 coetui
3718 3831 3793 3888 ut
3847 3822 4106 3907 publice
4148 3844 4382 3890 omnes
4425 3832 4616 3890 testa-

2652 3916 2888 3974 rentur
2929 3929 3001 3973 se
3043 3909 3117 3973 in
3157 3929 3236 3973 ea
3278 3907 3575 3975 Stancari
3629 3910 4081 3976 controversia
4132 3930 4285 3975 cum
4329 3910 4418 3977 D.
4463 3909 4616 3977 Phi·

2652 3994 2832 4077 lippo
2899 3992 3326 4060 Melanchtone
3414 4002 3484 4060 et
3546 3995 3898 4078 praedictis
3963 3993 4270 4062 omnibus
4335 3995 4617 4063 ecclesiis

2654 4080 2922 4146 sentire.
3014 4078 3310 4146 Stancari
3372 4079 3619 4146 librum
3681 4080 3941 4164 publice
3995 4080 4069 4146 in
4129 4081 4271 4147 foro
4329 4082 4618 4148 comburi

2653 4165 2968 4233 iussimus
3029 4172 3150 4232 etc.
3257 4165 3345 4231 In
3409 4165 3527 4231 illa
3588 4167 3734 4251 ipsa
3799 4166 4208 4234 confessione
4273 4168 4620 4234 manifeste

2655 4251 2964 4318 detestati
3050 4272 3280 4317 sumus
3369 4251 3764 4317 nominatim
3841 4252 4208 4319 doctrinam
4275 4253 4616 4320 Valentini

2662 4338 2954 4417 Getulis,
3003 4336 3320 4416 Gribaldi,
3370 4337 3649 4417 Genesii,
3675 4338 3921 4406 Aloiati
3957 4346 4024 4406 et
4068 4338 4368 4405 aliorum.
4441 4339 4620 4405 &an-

2654 4424 2794 4491 cari
2836 4423 3038 4489 etiam
3080 4421 3313 4489 deliria
3353 4423 3447 4489 ibi
3489 4423 3970 4491 damnavimus.
4057 4424 4248 4492 Haec
4305 4425 4618 4493 confusio

2658 4530 2866 4595 quum
2937 4507 3243 4593 Greyorio
3319 4518 3800 4593 proponeretur
3876 4517 3956 4576 ut
4025 4512 4088 4575 ei
4163 4509 4618 4587 subscriberet,

2659 4596 2930 4661 omnino
2996 4593 3230 4671 noluit,
3294 4594 3412 4660 sed
3477 4594 3650 4660 dixit
3703 4616 3776 4661 se
3819 4596 4097 4661 firmiter
4162 4598 4415 4662 sentire
4471 4617 4620 4663 cum

2659 4682 2918 4767 Ignatio
2963 4680 3096 4759 illo,
3153 4680 3449 4761 Irenaeo,
3493 4681 3919 4748 Tertulliano.
4007 4681 4220 4748 Plane
4263 4683 4446 4748 enim
4486 4701 4622 4748 eas-

2662 4766 2813 4834 dem
2876 4765 3238 4832 sententias
3310 4767 3383 4832 in
3460 4787 3649 4833 suam
3715 4788 3858 4834 rem
3923 4767 4264 4834 adducunt
4327 4789 4491 4852 quas
4557 4776 4622 4833 et

2658 4853 2815 4919 Val.
2866 4850 3139 4918 Gentilis
3189 4858 3259 4917 et
3315 4852 3623 4920 Servatus.
3721 4853 3910 4920 Haec
3965 4854 4188 4919 omnia
4251 4852 4624 4939 designavit

2660 4940 2735 5005 in
2791 4939 2914 5004 hac
2962 4937 3226 5023 pagella
3280 4959 3486 5004 manu
3539 4939 3809 5023 propria
3864 4941 4068 5018 (nosti
4123 4959 4400 5006 manum
4455 4941 4620 5014 eim)

2662 5024 3020 5108 descripta,
3087 5044 3288 5108 quam
3352 5024 3470 5091 tibi
3534 5023 3620 5091 ob
3669 5025 3986 5092 maiorem
4030 5024 4230 5092 fldem
4288 5024 4500 5103 mitto,
4557 5036 4622 5089 et

2663 5124 2820 5178 nota
2863 5110 3019 5194 quid
3063 5110 3314 5195 garriat
3354 5109 3436 5177 de
3478 5110 3607 5177 isto
3647 5109 3930 5196 Ignatio.

2834 5195 3128 5263 Videant
3188 5196 3397 5280 igitur
3450 5195 3547 5261 illi
3604 5196 3733 5261 viri
3785 5198 3876 5281 pii
3933 5205 4002 5264 et
4057 5196 4233 5263 docti
4287 5196 4448 5281 quid
4497 5196 4621 5263 sibi

2668 5283 2974 5367 deinceps
3041 5280 3124 5348 de
3183 5282 3576 5363 Lis-manino,
3639 5281 3942 5370 Greqmio
4005 5295 4074 5350 et
4127 5282 4276 5351 aliis
4329 5281 4618 5351 eiusdem
