4900 6125
607 416 729 480 391

939 603 1002 666 A
1040 600 1517 686 Monseigneur
1559 601 1810 667 Monsr.
1858 599 2254 684 d’espeville.

781 772 929 837 Iam
975 772 1204 840 literas
1249 772 1331 838 ad
1368 781 1436 838 te
1470 773 1882 855 scripseram,
1927 772 2034 837 vir
2066 771 2332 855 optime,
2378 792 2581 856 quum

609 865 836 924 noster
879 858 1254 924 Britannus
1311 867 1464 923 tuas
1521 857 1689 924 mihi
1745 856 2063 938 reddidit,
2132 857 2368 941 quibus
2414 857 2582 923 nihil

604 944 898 1028 optatius
955 953 1072 1010 aut
1129 945 1483 1011 iucundius
1537 944 1783 1009 adferri
1839 944 2070 1044 potuit,
2152 943 2234 1009 ob
2292 964 2371 1009 ea
2415 964 2583 1027 quae

601 1050 724 1115 pro
767 1038 882 1096 tua
924 1030 1346 1096 humanitate
1388 1039 1459 1097 et
1502 1030 1879 1115 singulari
1859 1051 1933 1095 ιιι
1975 1050 2081 1095 me
2117 1028 2582 1096 benevolentia

603 1116 854 1182 scribis.
943 1116 1171 1183 Unum
1231 1115 1397 1181 mihi
1455 1116 1808 1182 molestum
1860 1116 1984 1181 fuit
2044 1114 2216 1200 quod
2261 1116 2430 1180 mihi
2473 1135 2579 1180 ca-

595 1203 900 1269 rissimus
954 1203 1158 1267 frater
1213 1209 1352 1267 tam
1397 1203 1815 1286 importunus
1858 1202 2060 1266 fuerit
2101 1210 2178 1265 ιιι
2220 1221 2260 1264 a
2303 1211 2368 1266 te
2413 1222 2568 1267 cum

597 1286 825 1353 morbo
869 1289 1284 1354 conflictante
1329 1297 1396 1354 et
1440 1287 1761 1354 stomachi
1796 1286 2118 1353 cruditate
2154 1287 2388 1352 affecto
2426 1287 2572 1353 lite-

595 1395 709 1441 ras
753 1373 838 1439 ad
882 1395 989 1440 me
1033 1395 1168 1439 non
1213 1376 1301 1440 sit
1345 1374 1595 1439 veritus
1629 1380 1961 1472 expetere.
2035 1374 2131 1438 'Pe
2166 1373 2264 1439 ais
2299 1393 2572 1456 exspec-

599 1467 744 1525 tare
789 1459 946 1524 dum
992 1460 1113 1525 tibi
1157 1461 1521 1561 significem
1566 1481 1673 1525 me
1716 1460 1850 1524 iam
1895 1459 2133 1524 Italiae
2175 1458 2390 1523 taedio
2428 1479 2579 1542 cap-

605 1553 752 1611 tum
818 1544 1107 1629 quotidie
1173 1546 1604 1630 ingemiscere
1669 1544 1840 1629 quod
1909 1545 2019 1609 hic
2082 1564 2270 1609 mora
2322 1544 2583 1629 longior

601 1630 767 1696 mihi
813 1633 902 1697 sit
946 1631 1287 1696 trahenda.
1374 1630 1588 1713 Quam
1638 1630 2002 1714 prudenter
2043 1629 2208 1697 haec
2257 1631 2581 1731 cogitaris

601 1719 833 1783 testari
869 1735 1168 1801 possum.
1217 1727 1282 1782 et
1319 1738 1476 1782 vero
1511 1715 1893 1782 iamdudum
1926 1715 2009 1782 ad
2046 1724 2112 1782 te
2147 1716 2575 1800 scripsissem,

599 1802 729 1869 nisi
774 1823 883 1867 me
927 1804 1122 1868 sortis
1157 1823 1342 1868 meae
1375 1802 1741 1886 puduisset,
1789 1811 1987 1885 atque
2022 1812 2201 1868 certo
2239 1803 2579 1868 scivissem

593 1887 675 1954 de
719 1889 923 1954 fratre
968 1910 1113 1954 meo
1157 1896 1224 1953 te
1270 1910 1411 1954 rem
1456 1897 1659 1954 totam
1703 1887 2219 1955 intellecturum.
2291 1887 2567 1969 Quoties

600 1982 670 2039 et
739 1974 980 2057 quibus
1046 1975 1348 2058 suspiriis
1414 1975 1546 2039 iam
1616 1973 1697 2039 de
1762 1974 1982 2039 reditu
2046 1994 2192 2038 meo
2236 1975 2581 2058 cogitarim

599 2061 931 2126 Dominus
986 2062 1188 2125 novit.
1277 2060 1410 2126 Hic
1455 2059 1630 2142 quod
1689 2082 1796 2125 res
1851 2068 1952 2125 est
2004 2060 2328 2143 copiosius
2371 2059 2583 2143 expli-

599 2166 755 2213 care
814 2146 978 2211 mibi
1045 2168 1176 2211 non
1236 2146 1390 2212 licet
1451 2153 1716 2229 propter
1759 2145 1954 2211 huius
1999 2145 2402 2212 internuncii
2448 2145 2581 2211 dis-

602 2251 859 2298 cessum
925 2233 1345 2315 repentinum
1417 2241 1484 2296 et
1550 2239 1812 2315 praeter
1876 2252 2090 2296 meam
2151 2232 2583 2314 exspectatio·

605 2339 759 2384 nem
806 2328 1130 2401 paratum.
1222 2317 1348 2382 Ille
1387 2317 1468 2382 de
1513 2318 1701 2384 nobis
1745 2325 1814 2382 et
1855 2319 2052 2384 rebus
2094 2316 2346 2383 Italicis
2390 2317 2585 2401 plura

604 2404 903 2470 narrabit
946 2424 1143 2487 quam
1202 2404 1447 2487 possim
1504 2404 1600 2467 ita
1643 2404 1936 2469 breviter
2000 2404 2305 2469 scribere.
2394 2403 2580 2468 Alias

603 2490 800 2574 longe
844 2490 1067 2573 plura:
1114 2490 1381 2555 interim
1427 2510 1533 2554 me
1578 2509 1851 2555 excuses
1896 2490 2092 2554 etiam
2139 2497 2335 2572 atque
2379 2490 2579 2554 etiam

603 2597 785 2676 rogo.
874 2575 1254 2640 Ferrariam
1300 2574 1594 2640 nondum
1640 2574 1958 2652 vidimus,
2003 2595 2127 2640 nec
2170 2575 2435 2657 quando
2482 2576 2580 2639 vi-

604 2663 743 2727 suri
791 2662 998 2727 simus
1044 2661 1261 2726 adhuc
1305 2662 1493 2727 nobis
1536 2668 1812 2726 constat.
1903 2661 2084 2725 Tuas
2127 2660 2353 2726 literas
2398 2680 2579 2725 acce-

601 2748 705 2832 pit
752 2747 1102 2828 Ramboul„
1150 2747 1406 2831 quibus,
1452 2756 1533 2810 ιιι
1572 2745 1739 2810 mihi
1798 2746 1988 2824 dixit,
2035 2746 2480 2829 respondisset
2524 2748 2579 2811 si

604 2854 723 2916 per
791 2833 1080 2899 dolorem
1149 2854 1387 2898 manus
1455 2832 1797 2911 dexterae,
1863 2852 2063 2916 quem
2104 2853 2400 2898 mensem
2446 2832 2581 2896 iam

604 2921 945 3002 integrum
990 2918 1283 3001 pertulit,
1329 2918 1457 3002 ipsi
1503 2918 1814 2984 licuisset.
1886 2917 2122 3002 Itaque
2167 2939 2274 2983 me
2317 2917 2581 3002 rogavit

603 3013 682 3071 ιιι
727 3005 848 3071 tibi
894 3004 1207 3085 scribam,
1272 3025 1345 3072 se
1390 3013 1779 3070 excusatum
1822 3002 2065 3069 habeas
2125 3011 2194 3069 et
2246 3024 2578 3070 commen·

605 3089 852 3157 datum.
943 3091 1022 3157 Id
1070 3092 1245 3156 enim
1296 3090 1724 3157 vehementer
1768 3089 2112 3156 desiderat.
2203 3087 2342 3156 Sed
2386 3110 2582 3173 cogor

603 3179 807 3243 finem
855 3178 964 3243 hic
1004 3177 1250 3251 facere,
1311 3177 1498 3260 prius
1540 3186 1763 3242 tamen
1803 3196 1911 3241 me
1958 3175 2079 3241 tibi
2125 3177 2388 3259 tuisque
2431 3196 2581 3258 pre-

601 3264 789 3329 cibus
834 3263 1238 3339 commendo,
1286 3275 1350 3327 et
1409 3272 1487 3327 nt
1545 3284 1651 3328 me
1696 3283 1878 3327 ames
1922 3283 2042 3345 pro
2088 3268 2198 3327 tuo
2242 3283 2423 3326 more
2468 3282 2581 3327 ve-

597 3347 724 3413 lim
769 3350 1075 3415 maxime.
1165 3349 1496 3414 Dominus
1540 3357 1605 3413 te
1647 3356 1969 3433 perpetuo
2012 3355 2294 3414 tueatur.
2377 3347 2578 3413 Pata-

600 3435 701 3502 vii
745 3437 823 3498 3⁰
864 3434 1017 3500 Kal.
1065 3434 1301 3500 Octob.
1333 3439 1382 3512 ¹)

780 3520 1022 3585 Frater
1083 3541 1271 3586 meus
1333 3519 1718 3586 Ludovicus
1779 3518 1996 3586 Verac.
2063 3519 2173 3584 hic
2241 3519 2581 3585 nobiscum

605 3614 762 3690 aget
805 3606 1017 3689 quoad
1059 3606 1277 3690 ipsum
1323 3627 1458 3671 non
1508 3605 1769 3671 taedeat
1811 3625 2036 3671 rerum
2079 3605 2579 3671 Patavinarum.

607 3691 889 3757 Interim
947 3692 1285 3759 Rabbinos
1353 3691 1629 3757 evolvet.
1731 3691 1880 3776 Ego
1947 3712 2108 3758 vero
2173 3690 2343 3758 nihil
2402 3691 2583 3757 solus

608 3799 824 3864 agam.

1324 3915 1510 3981 Tuus
1554 3915 1674 3980 tibi
1719 3935 1916 3997 quam
1962 3912 2499 3981 devinctissimus

1366 4011 1433 4066 et
1475 4010 1793 4083 perpetuo
1837 4000 2469 4083 obsequentissimus

1612 4084 1763 4151 Car.
1808 4086 2228 4169 Bosquettus.

615 4178 752 4185 ———

614 4292 799 4347 ma.
827 4292 856 4346 1
919 4292 1071 4349 Lud.
1112 4291 1382 4346 Budaeus
1416 4292 1553 4347 obiit
1587 4288 1839 4372 Genevae
1867 4290 2152 4414 professor
2187 4291 2225 4346 1.
2255 4291 2400 4346 hebr.
2438 4306 2492 4345 ιι.
2531 4291 2586 4346 d.

627 4361 803 4418 VIII.
903 4362 974 4416 al.
1014 4361 1143 4415 Iun.
1181 4359 1339 4415 1551.
1412 4359 1568 4414 Male
1605 4358 1858 4414 Senebier

616 4432 814 4485 Hau
912 4433 1031 4485 eius
1065 4436 1291 4485 mortem
1324 4429 1403 4484 ad
1435 4446 1488 4484 a.
1517 4426 1656 4484 1552
1690 4429 1860 4494 refert
1893 4359 2000 4495 (Ν.
1987 4358 2175 4483 1493.
2201 4374 2473 4497 1506).

781 4499 1106 4556 Arabicum}
1137 4516 1194 4569 p.
1215 4497 1287 4554 55
1321 4514 1443 4554 eum
1479 4498 1558 4552 ad
1591 4514 1644 4551 a.
1675 4496 1813 4552 1567
1847 4500 2189 4566 superstitem
2223 4500 2387 4552 sistit.
2513 4500 2522 4511 ⁴

612 4574 721 4624 iter
753 4567 1018 4625 Italicum
1053 4569 1130 4625 ad
1165 4584 1346 4624 annos
1381 4564 1727 4621 1546—1549
1760 4566 2009 4632 referunt
2048 4567 2122 4622 Ν
2144 4563 2402 4621 793.887.
2433 4565 2588 4621 1188.

616 4636 771 4691 1191
814 4637 942 4693 1201
980 4644 1032 4694 et
1065 4653 1208 4708 seqq.
1282 4636 1592 4706 Epistozam
1629 4635 1774 4691 hanc
1805 4651 1932 4707 erqo
1967 4635 2047 4690 ad
2089 4651 2146 4693 a.
2180 4636 2299 4703 fen
2332 4633 2474 4690 1548
2505 4650 2591 4692 re·

605 4707 762 4773 sm
792 4706 1018 4776 poteris,
1053 4714 1198 4765 certe
1227 4714 1353 4777 post
1386 4704 1468 4763 Ν.
1503 4703 1644 4758 4147
1679 4704 2071 4761 collocandam.

2117 410 2650 479 EPISTOLAE
2696 414 2768 475 41
2785 414 3125 477 52-4154

3567 595 3766 668 4153.

2727 765 3203 837 CALVIN‘US
3250 766 3736 835 MJNISTRJS
3788 764 4577 834 NEOOOMENSIBUS.

2858 940 3167 1008 Fratrum
3222 959 3469 1005 nonnae
3521 941 3807 1023 queritur
3850 939 4241 1004 Ludom'eum
4293 939 4613 1008 diaconum.

2683 1028 2796 1111 qui
2858 1032 3129 1109 tempore
3173 1028 3375 1112 pestis
3424 1028 3787 1110 mussantis
3855 1045 3996 1091 eum
4064 1027 4232 1091 vitae
4282 1025 4617 1092 dmi-ue

2688 1114 3210 1180 Neocomensibus
3241 1112 3483 1196 fidelem
3526 1132 3779 1195 operam
3803 1112 4225 1195 praestiterat,
4268 1132 4431 1178 m
4461 1132 4499 1175 a
4536 1110 4617 1175 So—

2683 1206 2840 1266 natu
2882 1205 3124 1283 repente
3164 1200 3504 1267 dim-issum
3546 1218 3695 1263 esse.

2684 1388 2800 1453 (Ex
2855 1388 3171 1459 apographo
3224 1387 3357 1442 satis
3412 1387 3620 1440 recenti
3670 1386 3815 1440 Bibl.
3873 1386 4081 1441 nation.
4131 1385 4461 1440 Pariniens’n
4508 1384 4621 1440 Gall.

3271 1457 3471 1526 Dupuy
3508 1455 3635 1510 Vol.
3672 1453 3790 1522 102,
3827 1455 3918 1510 fol.
3954 1453 4064 1521 18.)

2684 1644 3027 1711 Fidelibus
3068 1644 3341 1710 Domini
3386 1644 3599 1710 nostri
3640 1645 3797 1710 Iesu
3841 1643 4094 1711 Christi
4152 1645 4366 1710 servis
4411 1642 4625 1709 <lemno

2685 1739 2755 1797 et
2808 1731 3079 1816 collegio
3132 1732 3585 1797 ministrorum
3628 1730 3691 1794 N
3696 1750 4099 1797 eocomens1s
4156 1729 4472 1798 ecclesiae
4518 1731 4627 1795 fra·

2856 1816 3070 1883 tribus
3114 1824 3184 1882 et
3227 1818 3617 1902 symmystis
3661 1818 4017 1882 carissimis
4060 1824 4127 1882 et
4169 1815 4482 1882 colendis.

2686 2005 2923 2071 Gratia
2953 2005 3155 2072 vobis
3198 2013 3266 2072 et
3307 2027 3440 2089 pax
3484 2026 3524 2070 a
3566 2004 3713 2069 Deo
3755 2012 3943 2088 patre
3984 2013 4213 2070 nostro
4258 2013 4330 2069 et
4372 2005 4629 2071 Domino

2685 2091 2840 2157 Iesu
2884 2092 3186 2171 Christo,
3248 2092 3487 2156 fratres
3534 2092 3871 2243 (ξὲιιιὲιὲἓιίιιι
3926 2099 3995 2156 et
4050 2112 4135 2157 ex
4200 2091 4430 2156 animo
4470 2091 4629 2156 nobi-

2862 2349 3071 2413 Inviti
3136 2348 3404 2431 qnidem
3472 2348 3748 2413 facimus
3828 2356 3907 2412 ut
3981 2349 4327 2415 vobiscum
4392 2357 4633 2414 utamur

2687 2435 2822 2501 ullo
2889 2455 3131 2518 genere
3198 2434 3757 2516 expostulationis.
3848 2433 3984 2499 Sed
4049 2437 4203 2516 quia
4260 2434 4631 2500 alterutrum

2687 2521 2878 2586 nobis
2921 2529 3024 2585 est
3067 2540 3350 2598 necesse,
3395 2530 3513 2584 aut
3557 2520 3884 2585 sustinere
3928 2520 4085 2586 faeti
4128 2522 4337 2586 vestri
4399 2520 4631 2603 culpam

2688 2614 2805 2673 aut
2848 2606 3057 2671 amice
3101 2605 3484 2688 placideque
3524 2606 3859 2671 vobiscum
3897 2606 4381 2689 expostulando
4404 2607 4631 2671 effioen

2685 2702 2764 2757 ut
2805 2691 2977 2775 quod
3022 2701 3362 2774 peccatum
3409 2701 3509 2756 est
3554 2693 3940 2775 corrigatur,
3986 2693 4246 2757 veniam
4306 2692 4501 2757 nobis
4538 2711 4631 2774 μισ

2686 2789 2909 2843 vestra
2952 2778 3297 2859 aequitate,
3340 2787 3413 2841 ut
3458 2798 3824 2860 speramus,
3871 2775 4141 2854 dabitis,
4211 2791 4285 2842 ut
4332 2800 4423 2843 ne
4464 2778 4633 2860 long·

2686 2863 2949 2947 quidem
3006 2871 3123 2927 aut
3181 2861 3462 2928 sollicita
3517 2864 3941 2928 excusatione
4000 2883 4166 2947 opus
4222 2865 4332 2928 sit.
4438 2861 4633 2944 Quum

2687 2950 2898 3014 frater
2962 2959 3185 3014 noster
3229 2948 3588 3014 Lndovieus
3610 2950 3662 3030 ¹)
3728 2948 4004 3015 feliciter
4063 2948 4335 3015 scholae
4406 2964 4633 3015 nostrae

2688 3036 2975 3101 serviret
3016 3054 3167 3100 eum
3211 3033 3400 3101 vobis
3445 3034 3832 3119 rogantibus
3889 3037 4337 3102 concessimus
4398 3049 4473 3101 ut
4512 3055 4633 3119 pro-

2684 3123 2975 3187 vinciam
3029 3120 3204 3203 apud
3258 3141 3375 3186 vos
3419 3119 3660 3196 obiret,
3723 3122 4010 3203 primum
4052 3121 4245 3187 valde
4291 3124 4633 3191 molestam.

2688 3207 2925 3273 deinde
2968 3227 3169 3289 supra
3207 3206 3475 3271 modum
3520 3171 3977 3290 periculosam.
4058 3208 4404 3290 Reputate
4450 3206 4633 3271 vobis·

2688 3313 2840 3359 cum
2885 3313 3084 3374 quam
3128 3292 3324 3374 pauci
3366 3293 3804 3374 reperiantur,
3867 3293 3981 3375 qui
4025 3315 4097 3358 se
4142 3304 4281 3358 tam
4330 3291 4633 3376 praesenti

2687 3379 2921 3444 mortis
2965 3376 3258 3460 periculo
3299 3389 3650 3460 opponant.
3724 3378 3956 3462 Neque
4000 3400 4157 3443 vero
4199 3396 4321 3443 aut
4358 3402 4482 3445 nos
4512 3398 4633 3443 em

2686 3465 3131 3540 extraximus,
3196 3472 3313 3529 aut
3365 3464 3509 3547 ipse
3552 3464 3777 3547 inopia
3820 3474 4084 3530 coactus
4128 3486 4201 3529 se
4242 3465 4439 3530 vobis
4480 3462 4631 3530 addi-

2685 3551 2807 3616 xit.
2897 3550 3232 3631 Receptus
3275 3570 3316 3613 a
3361 3548 3547 3614 vobis
3602 3549 3729 3614 fuit
3768 3558 3839 3615 et
3890 3571 3932 3614 a
3974 3564 4211 3615 senatu
4257 3564 4485 3616 vestro
4536 3551 4631 3615 hae

2684 3635 2834 3719 lege
2875 3645 2957 3700 ut
2996 3645 3317 3718 perpetuo
3373 3635 3741 3700 ministerio
3797 3637 4204 3736 fungeretur.
4296 3637 4631 3720 Postquam

2687 3723 2828 3787 eius
2871 3742 3070 3804 opera
3112 3731 3426 3804 tanquam
3473 3721 3726 3787 venalis
3780 3722 4145 3804 cuiuspiam
4194 3724 4511 3805 mancipii
4548 3722 4635 3785 ab·

2685 3808 2790 3872 usi
2834 3815 2991 3872 sunt
3038 3806 3242 3871 vestri
3284 3805 3604 3885 homines,
3647 3826 3827 3871 nunc
3867 3828 4019 3872 eum
4064 3807 4403 3891 ablegant.
4466 3808 4635 3873 Prin-

2686 3893 2875 3976 cipio,
2903 3892 3017 3958 ubi
3049 3891 3260 3957 fides?
3307 3890 3562 3972 deinde,
3600 3892 3716 3957 ubi
3751 3892 4093 3975 aequitas?
4140 3895 4255 3959 ubi
4276 3888 4631 3977 gnfimdo’

2686 3979 2802 4044 ubi
2860 3977 3143 4061 denique
3197 3977 3628 4044 humanitas?
3700 3978 3933 4061 Neque
3996 3978 4161 4044 haec
4219 3976 4633 4063 exprobrandi

2688 4084 2886 4132 causa
2929 4063 3238 4138 dicimus,
3302 4063 3417 4129 sed
3462 4074 3539 4128 ut
3582 4076 3809 4129 nostra
3849 4062 4300 4131 admonitione
4344 4085 4633 4161 expet-307

2687 4150 2849 4217 facti
2912 4149 3171 4215 senatui
3237 4157 3461 4215 vestro
3505 4148 4000 4230 demonstretis,
4066 4151 4329 4216 facinus
4398 4148 4631 4235 passini

2686 4235 2979 4319 exempli
3042 4235 3181 4300 fore
3246 4244 3313 4299 et
3378 4234 3647 4314 plenum
3693 4237 3965 4300 maximi
4008 4234 4389 4316 dedecoris,
4455 4237 4508 4302 si
4547 4236 4631 4318 pio

2693 4323 2867 4401 viro,
2935 4322 3121 4388 cuius
3188 4321 3452 4386 fidelem
3518 4341 3787 4404 operam
3852 4322 3921 4387 ιιι
3965 4342 4229 4387 summa
4272 4324 4631 4389 necomitam

2688 4418 3001 4491 expertus
3044 4416 3162 4486 est,
3206 4408 3300 4470 ita
3343 4406 3642 4472 illuserit.
3725 4407 3861 4472 Nos
3900 4418 4080 4506 certe
4123 4409 4327 4473 unius
4376 4407 4631 4474 homini·

2688 4494 2945 4559 iactura
2988 4493 3226 4557 moniti
3267 4490 3542 4575 posthac
3600 4495 3929 4559 cautiores
3984 4493 4265 4571 erimus,
4328 4496 4459 4560 nisi
4502 4494 4629 4557 hane

2688 4579 3007 4663 iniquitas
3061 4589 3352 4644 correcta
3407 4579 3627 4644 fuerit.
3716 4578 3984 4656 Valete,
4043 4578 4288 4645 stanes
4332 4580 4517 4645 nobi·
4552 4576 4629 4640 di-

2689 4665 3056 4744 lectissimi,
3121 4685 3198 4730 ac
3256 4663 3528 4730 liberam
3589 4676 3887 4730 nostram
3928 4629 4461 4749 obiurgationem
4504 4662 4627 4729 boni

2689 4749 3029 4817 consulite.
3119 4749 3448 4816 Dominus
3502 4771 3623 4816 vos
3681 4750 3795 4815 diu
3848 4750 3975 4817 sibi
4035 4764 4106 4815 et
4146 4752 4461 4817 ecclesiae
4498 4767 4627 4815 suan

2689 5042 2958 5168 m.)
2981 5041 3685 5166 swam&
3696 5039 4294 5167 ..samaa
4324 5035 4622 5167 m

2689 5184 2970 5316 auggg)
2873 5197 2943 5234 en
2982 5178 3115 5234 1537
3149 5180 3204 5234 le
3237 5178 3443 5249 college
3478 5179 3547 5233 de
3583 5179 3666 5234 L·
3690 5179 3876 5235 Bocbe
3909 5196 3979 5234 en
4014 5179 4315 5251 Faucigny.
4354 5172 4619 5245 (Er-‘O'-

4102 5932 4786 6125 A
