4900 6125
284 422 357 485 ¹1⁷
2088 419 2251 483 1563
2293 414 2479 484 IUL.

286 608 394 674 bus
433 625 658 673 secure
700 604 1137 673 exsultabant.
1222 604 1520 705 Maxime
1562 624 1720 671 vero
1761 603 1846 670 ad
1888 605 2220 672 insaniam

284 711 473 845 2²:1³}ssss
512 698 946 863 mm
968 688 1417 855 azfflviffl’sst,
1431 709 1575 841 ‘2¹2³
1612 690 2222 860 αἳοᾙῃὲζᾚᾝὲ

283 863 599 947 incognita
675 862 1044 946 triumphos
1099 860 1401 947 agebant,
1486 881 1785 928 summae
1848 862 2219 929 autoritatis

282 956 613 1033 patronum
654 957 849 1017 nacta
890 951 1191 1032 iustaque
1232 954 1299 1012 et
1342 948 1534 1012 firma
1566 946 1999 1014 cordatissimi
2023 949 2220 1015 Prin·

282 1035 431 1119 cipis
492 1033 870 1102 defensione
926 1035 1114 1111 freta,
1177 1032 1482 1098 liberiore
1550 1052 1751 1100 cursu
1803 1043 2218 1120 propagetur.

282 1123 373 1187 Ac
430 1127 496 1186 te
558 1119 843 1203 quidem,
911 1121 1023 1204 qui
1090 1127 1324 1203 sponte
1378 1118 1542 1184 satis
1604 1121 1936 1186 animatus
1978 1139 2069 1199 es,
2135 1117 2219 1184 ad

278 1209 823 1290 perseverantiam
887 1206 1141 1271 hortari
1219 1223 1693 1288 supervacuum
1773 1206 1955 1272 foret.
2067 1204 2219 1288 Quo

278 1301 485 1357 tamen
550 1291 855 1375 despecta
918 1289 1223 1358 muliebri
1285 1309 1512 1355 eorum
1575 1291 1965 1375 impotentia
2005 1292 2219 1358 consi·

278 1376 429 1444 lium
499 1397 635 1443 non
706 1378 926 1443 minus
980 1377 1254 1443 feliciter
1305 1395 1503 1458 quam
1559 1375 1792 1443 dextre
1844 1385 2218 1460 susceptum

278 1461 693 1546 persequaris,
752 1483 887 1528 non
944 1462 1199 1529 inutilis
1257 1461 1341 1526 ad
1398 1470 1463 1527 te
1507 1462 2028 1529 confirmandum
2077 1463 2220 1530 visa

276 1557 371 1614 est
406 1549 591 1629 ratio,
636 1549 694 1613 si
734 1548 996 1633 insigne
1038 1547 1301 1631 aliquod
1335 1567 1520 1613 meae
1553 1568 1711 1633 erga
1746 1547 2218 1615 Celsitudinem

274 1643 446 1699 tuam
488 1633 949 1700 observantiae
990 1634 1234 1719 pignus
1267 1641 1574 1700 exstaret.
1647 1632 1960 1701 Officium
1995 1642 2219 1700 autem

272 1740 383 1802 pro
444 1727 559 1785 tua
609 1718 980 1787 incredibili
1038 1718 1454 1784 humanitate
1512 1740 1643 1784 non
1700 1720 2033 1806 ingratum
2078 1720 2218 1786 fore

272 1806 493 1889 putavi
550 1806 607 1871 si
662 1825 843 1871 meos
883 1806 954 1870 in
1000 1805 1351 1871 Ieremiam
1394 1806 1898 1872 commentarios
1947 1804 2218 1891 amplis·

272 1891 427 1956 simo
468 1899 588 1956 tuo
628 1891 884 1956 nomini
931 1890 1236 1957 dicarem.

429 1976 676 2043 Fateor
736 1975 1001 2061 quidem
1060 1998 1194 2043 non
1251 1995 1330 2040 ea
1386 1996 1543 2043 cura
1599 1976 2018 2045 elucubratos
2075 1997 2218 2042 esse

268 2082 391 2144 qua
446 2061 693 2146 dignus
751 2074 895 2127 erat
955 2072 1088 2127 tam
1146 2062 1521 2145 praeclarus
1578 2061 1775 2128 liber:
1845 2064 2000 2146 quia
2058 2061 2217 2128 dum

268 2167 382 2231 pro
423 2157 740 2233 suggestu
764 2145 963 2214 doceo
1008 2168 1093 2213 ex
1136 2168 1249 2213 ore
1290 2168 1438 2213 meo
1481 2149 1750 2214 fuerunt
1792 2149 2067 2233 excepti.
2127 2149 2218 2214 Et

266 2241 435 2300 certe
477 2234 762 2301 antehac
803 2254 910 2299 me
953 2232 1191 2317 puduit
1224 2235 1297 2300 in
1332 2232 1547 2299 lucem
1583 2234 1847 2318 prodire
1882 2255 2048 2317 quae
2083 2253 2218 2299 non

271 2320 632 2386 accuratius
697 2327 767 2385 et
833 2319 1036 2403 longa
1090 2318 1517 2386 meditatione
1579 2319 1809 2385 limata
1886 2320 2218 2405 politaque

270 2413 497 2471 essent.
586 2405 858 2470 Veritus
899 2408 1095 2470 etiam
1155 2425 1306 2470 sum
1364 2426 1448 2470 ne
1501 2406 1572 2471 in
1631 2407 2046 2490 arrogantiae
2089 2407 2216 2472 cri·

267 2510 410 2555 men
467 2490 813 2557 traherent
870 2490 1192 2568 malevoli,
1260 2490 1433 2574 quod
1477 2491 1727 2558 subitos
1771 2501 1839 2558 et
1881 2491 2215 2575 incompo-

266 2577 414 2644 sitos
456 2596 795 2643 sermones
838 2587 907 2642 et
950 2575 1261 2642 mediocri
1304 2576 1631 2642 auditorio
1668 2575 2025 2644 destinatos
2066 2598 2215 2661 pas·

268 2661 384 2726 sim
427 2661 451 2727 l
540 2662 745 2728 endos
800 2660 1233 2728 obtruderem.
1324 2661 1471 2728 Etsi
1529 2669 1749 2728 autem
1805 2663 1928 2729 hoc
1985 2683 2216 2729 secun·

265 2745 413 2812 dum
524 2748 728 2813 ‘uere
782 2756 1159 2831 promptum
1217 2758 1336 2825 est,
1391 2748 1547 2831 quia
1598 2769 1707 2813 me
1763 2748 1972 2814 invito
2017 2768 2215 2814 excu-

265 2852 403 2898 sum
447 2834 632 2918 typis
673 2832 803 2899 fuit
843 2834 1132 2917 primum
1179 2832 1504 2914 volumen,
1549 2841 1625 2899 ut
1657 2843 1881 2900 tamen
1916 2835 1999 2900 ab
2035 2834 2217 2900 omni

262 2920 676 2985 excusatione
743 2917 1201 3001 supersedeam
1266 2918 1545 2984 aliorum
1606 2919 1851 2986 iudicio
1908 2919 2213 2986 adducor.

261 3005 522 3088 Aequos
580 3013 649 3071 et
705 3004 994 3072 sinceros
1055 3004 1331 3072 lectores
1385 3003 1709 3092 intelligo,
1767 3006 1881 3089 qui
1923 3008 2217 3072 fructum

264 3110 341 3155 ex
399 3091 529 3158 hoc
586 3089 810 3157 labore
868 3111 1004 3156 non
1050 3089 1522 3174 poenitendum
1563 3093 1813 3176 percipi
1858 3091 2214 3158 affirmant.

259 3174 571 3260 Adeoque
629 3196 865 3260 operae
921 3178 1206 3259 pretium
1264 3175 1530 3261 quidam
1573 3178 1774 3243 fuisse
1816 3178 2216 3258 existimant,

258 3268 336 3327 ut
373 3271 537 3328 nota
578 3269 753 3328 esset
794 3262 956 3328 haec
994 3282 1143 3327 mea
1186 3263 1653 3346 extemporalis
1709 3261 1983 3329 docendi
2026 3264 2213 3341 ratio,

258 3347 440 3414 cuius
481 3346 903 3432 simplicitas‘
922 3348 1166 3414 multos
1208 3348 1665 3416 ostentationis
1709 3348 1988 3415 nimium
2033 3349 2214 3433 cupi·

260 3432 373 3500 dos
414 3440 687 3501 sanaret
729 3432 811 3500 ab
855 3433 969 3498 illo
1013 3433 1198 3499 vitio.
1286 3433 1382 3501 Ut
1431 3453 1564 3499 non
1608 3435 1914 3501 omnibus
1957 3436 2214 3502 satisfa-

258 3519 384 3585 ciat
439 3518 731 3586 eruditio
789 3540 866 3585 ac
924 3519 1305 3598 dexteritas,
1362 3517 1591 3585 sedulo
1649 3528 1826 3587 certe
1869 3519 2021 3587 dedi
2064 3541 2216 3605 ope·

254 3624 398 3670 ram
442 3627 535 3671 ne
575 3607 657 3671 ab
698 3606 923 3689 aequis
967 3614 1034 3670 et
1076 3604 1388 3671 humanis
1422 3604 1774 3673 lectoribus
1808 3603 2217 3673 desideretur

257 3690 491 3776 religio
534 3697 607 3757 et
644 3691 826 3756 fides.
898 3690 1037 3757 Neo
1072 3711 1230 3756 vero
1264 3692 1680 3776 arrogantiae
1721 3699 1950 3757 notam
1983 3711 2219 3758 vereor

260 3776 314 3840 si
357 3777 652 3861 ingenue
707 3777 1037 3859 profitear,
1098 3776 1276 3842 hunc
1318 3776 1562 3842 librum
1627 3777 1811 3843 nullo
1857 3776 2053 3843 modo
2108 3799 2216 3844 me

456 3883 615 3929 rum
658 3863 728 3927 in
782 3861 995 3927 lucem
1039 3864 1241 3936 exire.
1299 3863 1427 3928 nisi
1470 3861 1864 3929 confiderem
1908 3864 2219 3930 ecclesiae

366 3949 379 3962 “
429 3949 576 4015 fore
617 3948 848 4013 utilem
892 3968 968 4015 ac
1032 3948 1136 4013 fru
1191 3949 1203 3962 ‘
1238 3968 1446 4014 erum.
1530 3946 1726 4030 Quod
1767 3949 1826 4015 si
1868 3950 2037 4015 forte
2078 3969 2218 4015 mo-

258 4034 424 4100 rosis
469 4031 862 4118 quibusdam
921 4042 991 4098 et
1044 4032 1279 4117 rigidis
1337 4033 1755 4101 exactoribus
1812 4055 2056 4102 munus
2098 4042 2218 4101 tua

257 4117 670 4186 Oelsitudine
713 4117 988 4204 dignum
1030 4139 1166 4184 non
1209 4119 1602 4199 censebitur,
1647 4140 1799 4186 rara
1832 4129 2056 4186 tamen
2093 4121 2217 4186 hu·

258 4206 583 4271 inanitate
641 4213 758 4270 tua
813 4206 1039 4283 fretus,
1098 4203 1540 4272 illustrissime
1582 4205 1922 4292 Princeps,
1980 4206 2219 4273 iucun-

259 4288 413 4356 dum
458 4292 606 4358 fore
647 4289 921 4357 confido.
1000 4291 1102 4355 Ac
1143 4290 1203 4355 si
1260 4289 1453 4356 hodie
1506 4301 1838 4374 superstes
1894 4294 1966 4357 in
2023 4292 2219 4358 terris

256 4385 621 4530 aa&
531 4374 1263 4547 stratagema-...²⁶
1233 4374 2220 4547 amatissima.

360 4510 379 4541 ἱ
1387 4512 1404 4539 Ι

259 4556 651 4631 agnosceret
706 4566 840 4612 non
893 4547 1149 4613 sincere
1206 4548 1429 4613 minus
1487 4567 1683 4632 quam
1742 4557 2125 4616 reverenter
2181 4570 2222 4617 a

259 4652 367 4700 me
422 4634 632 4700 fuisse
687 4634 1047 4717 expositas:
1076 4634 1129 4718 ⁸)
1200 4631 1370 4699 addo
1424 4634 1621 4699 etiam
1679 4634 1763 4701 ad
1807 4643 2221 4719 praesentem

258 4739 454 4785 usum
500 4718 759 4785 utiliter
814 4718 1353 4785 accommodatas.
1440 4719 1504 4785 N
1589 4741 1671 4785 ue
1710 4730 1933 4787 tamen
1979 4722 2063 4787 de
2103 4742 2222 4788 ex·

261 4806 609 4871 emtione
649 4805 851 4873 nimis
894 4805 1094 4872 anxie
1136 4804 1380 4884 laboro,
1425 4825 1491 4869 m
1579 4826 1620 4872 o
1676 4806 2032 4887 obtineam,
2088 4828 2222 4873 non

470 5061 533 5128 5)
569 5060 695 5119 Hoc
725 5077 853 5117 voro
894 5063 1125 5131 plurimi
1158 5061 1399 5117 omniun·
1441 5066 1741 5133 temporem
1784 5069 2228 5119 mmmmm-es

244 5145 377 5186 ..αι
409 5134 604 5187 ninus
632 5130 965 5198 confidenter
999 5130 1067 5185 de
1098 5132 1219 5186 sais
1251 5132 1410 5187 lutrio
1445 5131 1936 5200 pmodceaverum:
1977 5139 2065 5188 ase
2097 5149 2225 5204 quo·

259 5200 593 5324 ..ww
696 5269 1012 5338 ,Μ
897 5201 1839 5325 wazsfflmmzrzzrffl
1925 5202 1937 5216 ·
2135 5218 2222 5257 0‘·

252 5271 558 5406 profugae
575 5284 764 5395 'agtus‘
793 5337 860 5393 de
893 5338 1094 5408 quibus
1125 5354 1406 5409 numan
1427 5311 1767 5409 ’coquorum

1896 5270 2288 5327 ‘indtam.

4196 415 4280 479 78

2320 604 2453 670 nisi
2489 602 2837 671 immodico
2870 599 3212 669 testandae
3244 621 3375 685 qua
3409 608 3593 667 tuam
3614 599 4094 668 Oelsitudinem
4127 622 4280 687 pro·

2320 710 2562 773 sequor
2601 688 3045 755 venerationis
3088 686 3304 754 studio
3345 707 3456 754 me
3498 706 3817 772 peccasse.
3906 687 3968 752 A
4040 706 4145 767 ue,
4202 695 4282 754 ut

2319 775 2494 860 quod
2552 777 2742 841 initio
2799 774 2991 858 attigi
3047 793 3227 839 nuno
3282 774 3604 851 omittam,
3647 773 3774 839 nisi
3819 793 3926 838 me
3967 773 4020 837 ti
4062 771 4085 838 i
4129 772 4281 840 obs·

2322 862 2588 927 trictum
2634 859 2969 938 sentirem,
3013 859 3186 942 quod
3228 858 3313 925 ad
3347 856 3766 943 excipiendos
3788 857 4038 925 Christi
4081 878 4280 926 exsu-

2320 946 2420 1014 les
2465 946 2580 1031 qui
2624 947 2707 1012 ad
2752 957 2819 1013 te
2862 945 3250 1030 profugiunt
3292 944 3454 1012 adeo
3499 944 3710 1011 facilis
3766 966 3839 1012 es
3879 964 3957 1010 ac
4043 965 4281 1028 ropen·

2316 1053 2450 1112 sus,
2495 1054 2601 1099 me
2645 1035 2784 1116 ipse
2824 1029 3319 1117 ingratitudinis
3375 1031 3775 1097 damnarem.
3863 1030 4045 1098 Dimt
4104 1029 4284 1115 apud

2319 1126 2583 1203 poetam
2626 1116 2904 1184 barbara
2946 1115 3296 1196 mulier:⁶)

2493 1204 2647 1270 Non
2689 1207 2926 1288 ignara
2967 1203 3124 1268 mali
3165 1202 3424 1269 miseris
3467 1221 3847 1268 succurrere
3890 1200 4084 1269 disco.

2493 1289 2759 1356 Pudeat
2814 1309 3043 1356 omnes
3082 1288 3215 1354 Dei
3273 1288 3559 1356 cultores
3616 1295 3684 1353 et
3746 1286 3999 1355 Ohristi
4055 1308 4279 1356 servos

2319 1374 2561 1458 quibus
2604 1395 2725 1459 par
2781 1383 2882 1441 est
2924 1374 3226 1453 conditio,
3287 1373 3519 1440 saltem
3577 1394 3714 1439 non
3778 1372 3950 1440 idem
4013 1374 4276 1441 sentire.

2319 1460 2493 1527 Mihi
2559 1462 2712 1545 quia
2774 1462 2988 1544 impar
3044 1462 3266 1526 animo
3332 1468 3432 1526 est
3495 1458 3919 1527 succurrendi
3983 1459 4278 1541 facultas,

2320 1549 2559 1613 saltem
2617 1546 2742 1614 hoc
2799 1546 3089 1624 restabit,
3143 1543 3454 1630 quidquid
3513 1546 3587 1610 in
3643 1565 3756 1611 eos
3809 1545 4277 1614 beneficentiae

2320 1633 2660 1699 confertur
2699 1633 2868 1697 mihi
2911 1631 3193 1698 libenter
3234 1633 3407 1698 ferre
3451 1640 3808 1716 acceptum.

2498 1718 2852 1804 'Pringinta
2907 1719 3062 1783 anni
3119 1717 3327 1802 elapsi
3380 1727 3534 1783 sunt
3552 1721 3613 1794 ⁷)
3670 1738 3756 1782 ex
3799 1737 3930 1801 quo
3972 1715 4277 1784 volunta·

2320 1805 2495 1870 rium
2539 1804 2706 1869 mihi
2748 1803 3058 1871 exsilium
3102 1824 3144 1869 a
3186 1802 3409 1871 Gallia
3451 1801 3696 1883 indixi,
3759 1804 3912 1886 quia
3961 1801 4118 1869 inde
4159 1824 4276 1870 ex-

2320 1889 2579 1956 sulabat
2631 1889 2960 1975 evangelii
3015 1891 3292 1969 veritas,
3370 1908 3538 1972 pura
3592 1889 3822 1973 religio
3892 1896 3962 1956 et
4023 1890 4279 1975 integer

2321 1975 2454 2041 Dei
2526 1975 2764 2042 cultus.
2867 1975 3063 2041 Nunc
3134 1976 3228 2041 ita
3299 1975 3812 2060 peregrinationi
3881 1976 4143 2041 assuevi
4199 1983 4280 2041 ut

2319 2061 2578 2127 nullum
2620 2082 2728 2126 me
2769 2062 3019 2146 patriae
3062 2059 3457 2127 desiderium
3502 2068 3748 2145 tangat.
3819 2059 4145 2144 Equidem
4181 2060 4279 2128 ita

2318 2168 2468 2213 sum
2491 2148 2600 2213 hic
2619 2149 3012 2233 peregrinus
3032 2151 3086 2222 ⁸)
3124 2146 3334 2230 (unde
3369 2147 3569 2213 semel
3596 2147 3875 2213 eiectum
3910 2167 4017 2212 me
4049 2146 4275 2226 fuisse,

2318 2232 2581 2319 quando
2624 2234 2722 2298 ita
2763 2254 2909 2299 sum
2954 2241 3321 2312 revocatus,
3366 2252 3500 2298 non
3542 2241 3643 2299 est
3676 2252 3797 2299 our
3830 2252 3939 2297 me
3981 2253 4277 2316 unquam

2318 2320 2652 2404 poeniteat
2695 2320 2802 2386 vel
2845 2317 3117 2403 pudeat)
3161 2325 3238 2384 ut
3279 2317 3626 2403 indigenae
3660 2339 3793 2383 non
3831 2317 3959 2383 alio
3993 2338 4100 2384 me
4133 2317 4277 2384 loco

2320 2405 2566 2472 ducant
2607 2424 2803 2488 quam
2861 2406 2915 2472 si
2975 2413 3205 2471 atavos
3260 2405 3465 2471 citare
3523 2424 3780 2488 possem
3839 2404 4040 2468 huius
4092 2404 4277 2470 urbis

2318 2492 2513 2557 cives.
2574 2489 2711 2557 Sed
2746 2511 2873 2573 quo
2908 2491 3135 2556 mitius
3168 2489 3334 2554 mihi
3353 2491 3540 2555 Deus
3619 2489 3883 2572 epercit,
3913 2490 4123 2555 maior
4155 2509 4277 2571 pro
4307 2495 4316 2502 ’

2319 2577 2631 2642 fratribus
2673 2577 2839 2642 meis
2893 2587 3030 2642 tam
3075 2576 3289 2642 Gallis
3331 2595 3530 2659 quam
3634 2575 3886 2642 landris
3948 2595 4108 2641 cura
4170 2596 4278 2642 me

2321 2661 2662 2728 sollicitat:
2710 2670 2777 2728 et
2818 2660 3066 2738 eadem,
3131 2661 3441 2745 quoniam
3483 2660 3840 2728 liberaliter
3883 2681 3923 2726 a
3965 2671 4082 2727 tua
4124 2660 4275 2728 Oel-

2320 2748 2611 2815 situdine
2669 2748 2924 2831 excepti
2949 2753 2977 2788 ⁹
3061 2748 3346 2826 fuerunt,
3407 2768 3514 2812 me
3571 2746 3870 2813 stimulat
3912 2755 4108 2830 atque
4149 2747 4276 2812 im-

2320 2833 2509 2917 pellit
2548 2831 2633 2898 ad
2673 2834 2955 2919 profiten
3004 2854 3109 2898 am
3154 2834 3261 2900 cui
3296 2854 3402 2900 me
3444 2832 3735 2899 officium
3773 2833 4081 2917 astringit
4123 2853 4275 2916 gra-

2321 2917 2692 2985 titudinem.
2750 2919 2888 2986 Nec
2926 2938 3079 2986 vero
3114 2926 3180 2983 te
3203 2919 3441 3004 pigeat,
3476 2918 3918 2984 illustrissime
3940 2919 4275 3002 Princeps,

2320 3006 2379 3073 si
2422 3003 2683 3090 quando
2724 3004 2796 3070 iu
2840 3003 3083 3073 exteris
3126 3011 3194 3070 et
3230 3002 3495 3088 quidem
3538 3003 3804 3090 linguae
3848 3011 4112 3072 nostrae
4154 3003 4275 3071 ho-

2320 3092 2607 3158 minibus
2649 3090 2960 3177 deceptus
3001 3092 3222 3172 fueris,
3264 3091 3339 3155 in
3381 3111 3582 3157 cursu
3626 3103 3778 3157 tuae
3819 3090 4049 3157 solitae
4085 3110 4275 3156 man-

2319 3177 2691 3243 suetudinis
2747 3197 3039 3263 pergere.
3145 3175 3386 3243 Sciunt
3442 3196 3671 3243 omnes
3728 3196 3923 3260 quam
3981 3175 4276 3260 improbe

2319 3264 2440 3330 tibi
2499 3262 2783 3329 illuserit
2839 3261 3317 3329 audacissimus
3375 3261 3624 3343 rabula,
3691 3262 4014 3347 simulque
4056 3262 4277 3347 impu-

2318 3370 2488 3428 rum,
2584 3347 2941 3433 superbum
3006 3358 3072 3414 et
3150 3347 3571 3431 perfidiosum
3632 3346 3898 3428 animal,
3991 3347 4275 3432 denique

2318 3443 2688 3501 monstrum
2768 3456 2850 3500 ex
2932 3434 3142 3500 multa
3218 3432 3463 3500 foetida
3538 3433 3817 3500 colluvie
3893 3434 4272 3513 conflatum,

2312 3521 2713 3587 Franciscus
2731 3519 3125 3599 BalduinuS,
3162 3518 3776 3586 iurisconsultorum
3811 3527 4034 3585 tamen
4064 3518 4275 3586 solers

2316 3606 2723 3690 compilator.
2790 3606 2965 3671 Nam
3008 3626 3212 3690 quum
3257 3627 3342 3671 ex
3377 3613 3574 3692 gente
3617 3605 4010 3672 Atrebatum
4045 3607 4271 3671 oriun-

2316 3690 2442 3758 dus
2485 3692 2608 3759 sub
2651 3691 2979 3777 evangelii
3022 3699 3368 3776 praetextu
3426 3692 3497 3757 in
3539 3698 3724 3757 tuam
3777 3712 3851 3758 se
3893 3690 4270 3758 clientelam

2316 3778 2722 3857 contulisset,
2792 3778 2958 3844 iuris
3029 3777 3242 3844 civilis
3360 3777 3639 3843 rofessor
3708 3778 3777 3842 in
3849 3776 4087 3844 celebri
4153 3784 4270 3842 tua

2316 3863 2542 3930 schola
2574 3862 3122 3948 Heidelbergensi
3167 3871 3283 3927 tua
3343 3861 3708 3928 iberalitate
3743 3870 4021 3942 creatus,
4066 3882 4270 3945 quum

2318 3969 2390 4015 se
2434 3958 2644 4015 totum
2702 3946 3097 4015 demerendo
3153 3956 3292 4013 tam
3357 3949 3666 4014 munifico
3724 3948 4023 4031 Principi
4086 3946 4270 4014 addi·

2318 4056 2467 4102 cere
2526 4034 2824 4113 deberet,
2892 4035 3067 4099 hunc
3123 4034 3252 4100 sibi
3309 4033 3722 4100 commodum
3779 4035 3918 4099 fore
3992 4032 4272 4118 gradum

2318 4122 2580 4205 putavit
2621 4121 2705 4186 ad
2750 4139 2956 4186 novas
2998 4118 3405 4187 conditiones
3445 4138 3566 4203 pro
3609 4141 3791 4185 more
3833 4140 3954 4186 suo
3998 4126 4272 4202 captan-

2319 4206 2456 4273 das.
2538 4206 2793 4290 Itaque,
2838 4205 3039 4273 simul
3083 4225 3160 4270 ac
3202 4226 3353 4290 spes
3396 4205 3613 4272 nescio
3656 4226 3817 4289 quas
3859 4204 4098 4281 olfecit,
4158 4203 4270 4269 de-

2318 4306 2495 4359 serta
2548 4293 2831 4359 statione
2889 4302 3234 4376 spretoque
3286 4291 3457 4375 quod
3503 4291 3673 4357 male
3717 4299 3784 4357 et
3824 4287 4274 4355 fraudulenter

2526 4582 2585 4649 6)
2632 4583 2731 4638 Vir
2767 4623 2780 4635 .
2817 4582 2955 4637 Aen.
2989 4583 3037 4637 1.
3072 4580 3193 4636 630.

2531 4650 2587 4718 7)
2627 4599 2799 4706 Βαίρίο
2839 4657 3137 4719 temporum
3169 4664 3283 4704 aon
3317 4653 3574 4706 accurate
3607 4647 3833 4715 definita
3867 4646 4100 4703 videtur.
4159 4646 4277 4703 001-

2321 4721 2492 4777 ladon
2523 4735 2579 4789 p.
2616 4718 2714 4773 142
2749 4720 2796 4774 Π
2870 4721 3002 4774 artit
3035 4720 3104 4773 de
3135 4717 3344 4773 Franco
3378 4718 3484 4773 l'an
3521 4716 3660 4771 1534
3694 4719 3771 4786 (et
3802 4717 4018 4787 quiden·
4050 4732 4120 4772 ιι.
4144 4715 4278 4786 Sep-

2325 4791 2522 4847 umbro·
2551 4794 2654 4844 aut
2692 4787 2740 4843 0
2904 4790 2952 4855 ).
3022 4788 3205 4843 Besae
3239 4787 3367 4841 Vita
3400 4786 3483 4841 ed.
3511 4785 3709 4842 Metel
3735 4801 3791 4855 p.
3825 4783 3890 4840 4.·
3925 4784 4095 4840 Paulo
4129 4791 4280 4853 post·

2323 4875 2489 4929 quam
2508 4856 2763 4911 Aureliae
2797 4857 3062 4926 insignem
3097 4857 3249 4910 illum
3286 4856 3529 4911 libellum
3565 4854 3825 4908 edidisset
3897 4870 4020 4908 uem
4039 4852 4276 4925 Psyoho·

2323 4925 3386 5052 sm22'0¹²⁵⁸¹:·;.1⁰·0fl⁹·22.·5a⁶‚2‘3:5
3403 4923 3839 5049 &aaa
3930 4939 4081 4978 Μ’·
4115 4923 4278 4978 ‘⁰²⁶··

2729 5013 2763 5049 η
2879 5012 2930 5048 n
3839 5030 3855 5044 .

2531 5064 2593 5127 8)
2633 5010 2883 5134 Reqffl
2918 5062 3137 5119 Onesi!
3165 5062 3252 5117 25.
3288 5059 3425 5117 De'c.
3460 5058 3623 5114 1559.-
3660 5060 3790 5116 L’ou
3824 5060 3944 5132 prie
3981 5061 4054 5116 M.
4083 5059 4277 5115 Calvia

2321 5135 2630 5259 ¹<facoepter
2680 5134 2736 5187 la
2785 5132 3140 5204 bourgeoisie.
3221 5132 3266 5186 Il
3312 5149 3347 5185 a
3388 5132 3669 5200 beaucoup
3721 5128 3984 5185 remercie
4034 5129 4106 5183 de
4161 5135 4280 5184 cest

2360 5219 2587 5258 onneur.

2425 5341 2464 5409 f
2529 5270 2593 5355 ξ)
2627 5269 3157 5338 F'rancorardeoms,
3187 5267 3480 5334 Helenus,
3527 5267 3872 5325 Trevireases
3902 5271 3955 5324 et
3988 5268 4092 5323 alii
4129 5267 4284 5325 Gaui

2320 5357 2428 5413 pro
2459 5357 2567 5411 aas.
