4900 6125
614 380 750 444 123

1500 561 1708 633 8999.

928 717 1406 788 OALVINUS
1450 717 1573 784 ΕΤ
1617 717 1863 784 ΒΕΖΔ
1908 716 2283 784 VIRETO.

788 891 895 961 De
934 890 1169 976 synodo
1213 887 1552 956 Gallorum
1591 889 1979 956 convocando
2019 895 2079 956 et
2119 887 2589 974 quibusmodis

617 1003 662 1048 a
706 979 876 1065 Reye
917 975 1169 1061 aliquid
1208 974 1475 1041 obtineri
1505 975 1730 1057 possit.
1760 978 1812 1052 ¹)

776 1150 946 1206 Oodd.
981 1149 1188 1203 Genev.
1228 1143 1372 1208 107..
1417 1144 1512 1199 sol.
1546 1143 1654 1198 268
1687 1150 1747 1199 et
1788 1144 1909 1211 119,
1950 1147 2041 1200 fol.
2079 1145 2149 1199 5⁷
2192 1147 2314 1201 coll.
2351 1162 2399 1200 c.
2436 1147 2578 1217 Epp.

697 1239 784 1277 η.
828 1220 923 1275 VI.
967 1216 1107 1271 1118
1157 1221 1217 1270 et
1266 1214 1489 1269 Simleri
1540 1214 1662 1268 Vol.
1710 1212 1834 1271 10⁷.
1904 1214 2065 1269 Prius
2116 1214 2252 1270 illud
2302 1231 2461 1269 exem
2505 1216 2587 1271 lu·

665 1288 1038 1359 subscriptum
1072 1290 1185 1342 est:
1222 1281 1300 1338 D.
1339 1282 1508 1339 Petro
1553 1281 1739 1338 Virdo
1777 1283 2038 1340 Calendis
2074 1283 2313 1354 Augusti
2347 1233 2527 1351 1563)

790 1459 925 1525 Vix
982 1457 1127 1524 fieri
1186 1455 1378 1521 aliter
1430 1455 1651 1538 potuit
1704 1455 1865 1540 quin
1931 1454 2261 1541 synodum
2304 1455 2583 1539 impedi·

611 1556 767 1614 rent
809 1544 1049 1629 quibus
1090 1541 1261 1607 nihil
1304 1541 1561 1626 gratius
1602 1548 1706 1607 est
1746 1562 1947 1625 quam
1989 1541 2413 1608 ecclesiarum
2448 1539 2582 1609 dis-

611 1633 869 1717 sipatio.
957 1627 1248 1713 Sperant
1299 1626 1500 1704 enim,
1556 1625 1669 1692 ubi
1727 1628 2134 1694 cessaverint
2190 1637 2579 1703 conventus.

611 1739 736 1784 nos
799 1718 939 1782 fore
1004 1734 1233 1797 scopas
1297 1712 1670 1792 dissolutae,
1737 1722 1805 1778 et
1869 1723 2047 1780 certe
2091 1714 2313 1780 omnia
2355 1713 2583 1779 statim

608 1804 920 1870 diffluent
963 1822 1040 1867 ac
1083 1799 1362 1882 improbi
1406 1798 1831 1883 protei-vique
1872 1798 2175 1866 homines
2233 1801 2302 1866 in
2347 1800 2581 1865 effrae-

612 1910 768 1956 nem
854 1886 1194 1952 licentiam
1256 1892 1628 1968 erumpent.
1737 1884 2045 1969 Denique
2112 1885 2238 1950 hoc
2304 1886 2584 1952 artificio

612 1974 845 2041 durius
890 1978 1315 2056 oppugnatur
1357 1971 1591 2056 religio
1634 1990 1834 2053 quam
1876 1971 1936 2035 si
1980 1970 2201 2054 palam
2244 1971 2583 2038 saevirent

614 2062 856 2128 hosws.
948 2056 1256 2125 Periculo
1321 2058 1545 2140 itaque
1601 2057 1865 2123 obviam
1911 2055 2207 2121 eundum
2250 2065 2318 2122 et
2360 2058 2585 2122 omnia

612 2143 954 2214 tentanda.
1042 2143 1273 2226 Neque
1329 2152 1551 2207 tamen
1610 2163 1953 2208 censemus
2009 2152 2165 2207 ante
2210 2142 2584 2209 habendam

611 2255 758 2300 esse
801 2228 1134 2316 synodum
1175 2250 1374 2312 quam
1418 2230 1770 2312 impetrata
1814 2250 1854 2293 a
1896 2225 1999 2292 Re
2046 2250 2083 2294 e
2126 2229 2324 2294 fuerit
2368 2229 2579 2295 venia.

614 2317 804 2386 Nihil
869 2325 1095 2382 autem
1148 2325 1228 2380 ut
1282 2315 1354 2379 in
1411 2336 1485 2379 re
1538 2314 1855 2397 perplexa
1906 2335 1949 2379 u
1986 2316 1999 2328 '
2037 2314 2138 2379 'us
2194 2316 2416 2380 visum
2460 2327 2581 2391 est,

612 2426 811 2490 quam
857 2401 1221 2485 supplicem
1262 2399 1561 2466 libellum
1604 2400 1778 2483 Regi
1813 2400 2070 2478 offerre,
2115 2401 2300 2466 cuius
2334 2402 2582 2466 formu-

614 2491 751 2556 lam
795 2488 1200 2571 scripsimus,
1243 2495 1322 2550 ut
1363 2484 1517 2551 inde
1561 2486 1839 2551 sumatis
1881 2484 2054 2568 quod
2096 2486 2317 2552 visum
2362 2488 2579 2568 fuerit,

614 2577 674 2644 si
732 2575 916 2641 vobis
972 2571 1360 2656 probabitur
1416 2581 1719 2637 nostrum
1770 2571 2139 2637 consilium.
2244 2573 2369 2639 Ubi
2428 2594 2580 2638 ves-

616 2673 792 2728 tram
835 2659 1230 2724 modestiam
1270 2657 1704 2741 cognoverint
1752 2657 1946 2722 aulici
1989 2668 2057 2722 et
2099 2658 2374 2740 parendi
2416 2659 2579 2726 faci-

616 2747 898 2822 litatem,
957 2745 1260 2828 quamvis
1302 2764 1436 2808 non
1479 2744 1849 2820 flectantur,
1910 2743 2143 2808 saltem
2190 2744 2581 2811 retinebitur

614 2854 847 2900 eorum
890 2829 1260 2906 crudelitas,
1329 2850 1413 2894 ne
1456 2837 1758 2896 noceant.
1846 2827 2069 2895 Simul
2113 2851 2189 2895 ac
2233 2829 2314 2895 de
2357 2839 2583 2897 vestra

615 2919 948 2986 sententia
988 2916 1147 2981 facti
1190 2916 1437 2981 erimus
1479 2914 1810 2993 certiores,
1868 2913 2326 2981 adiuvabimus
2369 2936 2580 2999 quan-

616 3014 762 3071 tum
806 3005 874 3070 in
919 3002 1111 3068 nobis
1153 3004 1280 3066 erit
1322 3009 1392 3066 et
1424 3020 1768 3084 speramus
1801 2998 2051 3084 aliquid
2086 3000 2354 3068 tandem
2387 3023 2581 3086 posse

615 3091 921 3158 obtineri.
1011 3088 1221 3154 Porro
1276 3087 1433 3171 quia
1485 3088 1557 3152 in
1612 3086 1839 3152 multis
1896 3087 2058 3153 locis
2113 3098 2379 3153 exortae
2423 3098 2582 3155 sunt

617 3177 789 3255 lites,
866 3174 1154 3260 gliscunt
1210 3172 1499 3252 dissidia,
1558 3173 1932 3256 petulanter
1987 3174 2324 3251 ferociunt,
2380 3195 2580 3257 quae-

614 3263 773 3328 dam
828 3259 1145 3327 ecclesiae
1206 3270 1498 3342 pastores
1554 3280 1676 3342 pro
1733 3258 2005 3324 libidine
2062 3259 2189 3325 sibi
2233 3269 2578 3326 accersunt

616 3347 728 3415 vel
766 3342 1136 3430 repudiant,
1180 3343 1464 3428 denique
1499 3345 1761 3409 infinita
1793 3346 2207 3429 negotiorum
2242 3346 2582 3430 congeries

615 3437 688 3500 in
754 3433 929 3499 hanc
990 3431 1320 3516 synodum
1403 3431 1651 3497 reiecta
1715 3440 1894 3496 erat:
1995 3433 2182 3497 venit
2247 3432 2438 3498 nobis
2507 3434 2580 3497 in

618 3530 909 3586 mentem
953 3537 1091 3583 una
1134 3517 1319 3595 ratio,
1384 3525 1463 3581 ut
1503 3538 1544 3581 a
1584 3516 1773 3582 vobis
1814 3517 2011 3600 pauci
2051 3516 2402 3601 eligantur,
2470 3520 2582 3602 qui

620 3607 753 3671 huc
792 3604 1074 3670 veniant
1124 3612 1194 3668 et
1248 3603 1308 3667 si
1350 3623 1480 3667 non
1536 3603 1787 3685 possint
1829 3604 2309 3669 controversias
2350 3625 2583 3671 omnes

620 3691 952 3770 dirimere,
997 3689 1228 3756 saltem
1284 3688 1675 3772 provideant
1717 3711 1800 3754 ne
1844 3689 2217 3773 graviorem
2258 3691 2583 3756 iacturam

621 3778 952 3860 accipiant
993 3774 1321 3852 ecclesiae,
1370 3775 1429 3840 si
1463 3774 1650 3840 nulla
1687 3776 1975 3859 cognitio
2015 3776 2406 3858 interposita
2438 3776 2581 3842 fue-

621 3864 731 3929 rit.
836 3861 1195 3928 Sumerent
1259 3870 1480 3925 autem
1545 3882 1586 3925 a
1649 3861 1929 3945 singulis
1992 3860 2281 3927 ecclesiis
2349 3864 2581 3930 breves

620 3948 1143 4024 commentarios,
1205 3946 1453 4012 reversi
1511 3956 1734 4030 postea
1790 3946 2229 4014 rescriberent
2271 3949 2428 4032 quid
2473 3970 2579 4016 ac-

620 4044 771 4100 tum
812 4042 1016 4100 esset:
1084 4053 1240 4097 nam
1304 4032 1362 4097 si
1420 4031 1577 4116 quid
1629 4042 1866 4117 agatur
1922 4034 2047 4100 sub
2100 4034 2279 4118 regis
2334 4035 2581 4101 ditione

620 4121 749 4187 erit
826 4119 1178 4187 calumniis
1256 4118 1631 4184 obnoxium.
1740 4120 1880 4185 Vos
1955 4120 2162 4203 igitur
2226 4120 2581 4204 expendite

620 4206 782 4290 quid
848 4206 1136 4272 maxime
1192 4204 1517 4286 expediat.
1608 4204 1795 4284 Vale,
1852 4206 2093 4270 eximie
2149 4206 2257 4270 vir
2300 4216 2365 4271 et
2407 4208 2581 4276 inte-

622 4292 907 4378 gerrime
948 4293 1167 4357 frater.
1258 4289 1688 4374 symmystae
1731 4312 1960 4357 omnes
2002 4293 2213 4357 nostri
2248 4300 2316 4357 te
2353 4302 2421 4358 et
2456 4296 2583 4359 fra«

620 4388 759 4445 tres
802 4378 1164 4462 plurimum
1207 4376 1510 4443 salutant.
1583 4374 1915 4442 Dominus
1959 4377 2142 4443 vobis
2185 4376 2374 4444 adsit.
2444 4380 2581 4446 Ge-

621 4485 834 4530 nevae
876 4462 1189 4531 Calendis
1227 4462 1534 4546 Augusti.
1554 4464 1614 4543 2)
1756 4468 1761 4473 '

1428 4598 1700 4663 Fratres
1743 4599 1843 4665 tui
1886 4606 1954 4664 et
1996 4611 2407 4686 symmystae

1604 4684 1884 4751 Ioannes
1929 4685 2250 4752 Calvinus

1602 4770 1987 4837 Theodorus
2030 4772 2225 4839 Beza.

622 4960 810 5015 8900.
836 4959 891 5026 1)
927 4959 999 5025 ct'.
1040 4959 1114 5014 N.
1147 4958 1287 5013 3993
1320 4964 1370 5013 et
1404 4964 1720 5029 sequentem.

828 5028 891 5095 2)
928 5044 1071 5100 quae
1113 5029 1357 5099 coquitur
1402 5028 1736 5097 supplicatio
1780 5027 1859 5082 ad
1896 5026 2094 5096 Regem
2159 5029 2212 5083 εἰ
2252 5030 2391 5099 quid
2432 5032 2582 5087 vide·

624 5113 766 5165 m,
806 5097 1030 5153 Caluini
1063 5113 1204 5166 opus
1236 5102 1331 5160 est,
1378 5097 1445 5150 de
1477 5112 1586 5168 quo
1621 5097 1710 5151 hic
1754 5096 2011 5165 loquitur.
2084 5071 2159 5150 Ϊη
2193 5101 2581 5168 supplementis

622 5167 863 5233 reperies
913 5166 1069 5221 aliud
1125 5165 1513 5220 Genevensium
1572 5173 1837 5234 scriptum
1885 5165 1964 5218 ad
2021 5166 2244 5220 eandem
2311 5170 2582 5238 synodum

622 5239 917 5304 pertinens.

2150 374 2682 446 EPIS'POLAE
2726 381 3152 446 3999—4001

4525 392 4608 451 124

3569 567 3770 639 4⁰⁰⁰.

2801 723 3245 821 aeonem
3291 737 3474 807 ons
3516 739 4032 810 mmsms
4073 742 4547 834 Famem.

2868 910 2971 977 11³
3009 911 3378 978 ammonam
3420 912 3487 979 za
3510 913 3898 997 pemissio„
3930 913 4007 980 aa
4038 914 4203 980 tenir
4233 915 4345 982 aes
4375 917 4613 1001 syo-aaa

3027 1098 3437 1167 (Bibliotheque
3471 1101 3543 1155 de
3578 1099 3815 1157 Geneve.
3885 1101 4087 1157 Cotton
4125 1101 4326 1169 19710.)

3183 1273 3291 1337 Au
3334 1272 3486 1358 Roy
3528 1278 3597 1339 et
3640 1294 3682 1338 a
3723 1293 3843 1340 son
3888 1272 4173 1340 Conseil.

2862 1440 3223 1528 Supplient
3280 1441 3872 1509 treshumblement
3912 1442 4013 1511 les
4069 1444 4408 1511 ministres
4459 1443 4533 1511 de
4563 1445 4619 1511 ln

2685 1526 2912 1610 parole
2955 1528 3037 1595 de
3080 1528 3261 1594 Dieu
3300 1537 3368 1594 et
3423 1528 3520 1596 les
3576 1529 3852 1613 deputez
3909 1537 3977 1596 et
4018 1530 4258 1615 eglises
4302 1532 4618 1598 reformem

2687 1611 2769 1677 de
2814 1620 3032 1680 vostre
3078 1613 3420 1700 royaulme
3474 1616 3834 1682 assemblez
3890 1637 3977 1683 en
4033 1614 4101 1681 la
4143 1615 4306 1682 ville
4349 1616 4435 1682 de
4473 1617 4620 1683 Lina

2684 1698 2955 1782 iusques
3019 1720 3105 1765 au
3173 1698 3447 1766 nombre
3514 1700 3594 1766 de
4018 1705 4069 1780 ¹)
4135 1722 4302 1785 pour
4361 1702 4529 1768 tenir
4571 1702 4619 1767 le

2686 1781 2962 1868 Synode
3016 1787 3128 1870 qui
3172 1786 3355 1852 avoit
3398 1792 3537 1853 este
3581 1784 3845 1869 assigne
3886 1783 3937 1850 il
3982 1810 4030 1870 y
4073 1808 4115 1853 a
4156 1787 4340 1854 desia
4383 1809 4516 1873 ung
4550 1809 4623 1854 an

2685 1889 2878 1955 passe
2922 1869 3196 1938 Comme
3238 1871 3427 1957 ainsy
3468 1871 3595 1937 soit
3628 1872 3803 1954 quilz
3837 1881 4234 1955 pensassent
4265 1894 4399 1957 que
4435 1883 4623 1939 vostre

2686 1957 2977 2036 maieste,
3024 1955 3195 2036 Sire,
3261 1979 3346 2023 ne
3411 1957 3774 2024 trouveroit
3837 1958 4026 2040 point
4087 1958 4418 2026 maulvais
4475 1958 4622 2042 quils

2684 2041 3185 2109 continnassent
3248 2064 3290 2108 a
3351 2043 3517 2109 faire
3581 2064 3654 2109 ce
3718 2043 3891 2125 quilz
3947 2053 4065 2109 ont
4108 2053 4488 2112 acoustume
4525 2064 4624 2128 par

2683 2127 3033 2211 cydevant.
3106 2127 3282 2195 Mais
3326 2130 3514 2195 aians
3559 2128 3854 2194 entendu
3897 2151 3971 2196 ce
4007 2149 4135 2212 que
4169 2130 4299 2196 ΜΓ.
4341 2130 4409 2197 le
4443 2129 4623 2197 oona

2683 2214 2761 2279 de
2805 2212 2996 2280 Saul&
3057 2225 3282 2280 vostre
3325 2215 3733 2281 Lieutenant
3794 2215 4158 2297 provincial
4225 2238 4311 2282 en
4377 2238 4452 2282 ce
4507 2216 4626 2299 pais

2684 2319 2855 2363 nous
2898 2320 2938 2364 a
2994 2299 3252 2367 declaro
3306 2299 3443 2384 quil
3504 2323 3587 2366 ne
3632 2321 3795 2367 vous
3839 2302 4066 2367 venoit
4107 2302 4296 2384 point
4339 2324 4381 2368 a
4425 2322 4536 2387 gre
4570 2313 4626 2366 et

2682 2385 3275 2554 ἓῗοξέῗῗοὲἒὶἶζ
3298 2385 3880 2538 Θῗῑξῖὤῖἶῗοὲἕῗ
3905 2387 4524 2555 ἕζωιοξᾞῗηέζ
4547 2385 4628 2537 ξ

2684 2577 2802 2621 son
2850 2577 2967 2639 pas
3012 2577 3284 2624 encores
3344 2523 3497 2623 bien
3542 2559 3848 2641 appaisez
3893 2557 3982 2622 du
4047 2568 4194 2623 tout
4236 2559 4429 2624 Nous
4483 2558 4630 2624 desi·

2684 2661 2842 2707 rans
2888 2663 3048 2709 vous
3089 2643 3273 2712 obeir
3314 2664 3566 2710 comme
3628 2665 3751 2712 voz
3794 2643 4203 2710 treshnmble
4253 2644 4542 2711 subiecta
4577 2651 4630 2708 et

2686 2748 2968 2794 mesmes
3012 2729 3162 2812 puis
3206 2728 3345 2813 quil
3387 2750 3557 2795 vous
3601 2750 3642 2794 a
3683 2728 3838 2813 plen
3876 2728 3959 2795 de
3994 2737 4220 2795 vostre
4487 2748 4629 2795 noun

2686 2813 2861 2879 tenir
2905 2836 2987 2880 en
3035 2823 3252 2880 vostre
3319 2816 3683 2898 protection
3728 2834 3890 2881 avec
3933 2814 4168 2880 liberte
4211 2814 4542 2882 danoncer
4577 2813 4632 2878 la

2684 2920 2849 2982 pure
2908 2899 3132 2982 parole
3182 2901 3263 2966 de
3308 2901 3484 2966 Dieu
3538 2908 3607 2968 et
3649 2899 4073 2967 administret
4112 2901 4210 2968 les
4253 2921 4628 2976 sacremens,

2684 3005 2856 3050 nous
2901 2994 3172 3052 sentens
3232 3007 3354 3070 par
3409 2985 3551 3052 cela
3608 2994 3757 3052 tant
3799 2985 3949 3070 plus
3991 2986 4246 3072 obligez
4292 3008 4334 3051 a
4379 3008 4468 3052 ne
4507 2986 4632 3051 rien

2684 3071 2855 3137 faire
2920 3094 3017 3155 ny
3080 3081 3368 3138 attenter
3432 3072 3550 3155 qui
3612 3070 3936 3156 desplaise
3999 3094 4040 3138 a
4091 3082 4318 3139 vostre
4361 3074 4632 3151 maieste,

2685 3177 2853 3222 nous
2909 3178 3197 3223 sommes
3254 3159 3673 3224 incontinent
3731 3156 4036 3241 deportes
4092 3158 4173 3224 de
4236 3176 4634 3244 poursuyvre

2685 3241 2833 3326 plus
2891 3243 3123 3321 oultre‚
3185 3265 3469 3311 mesmes
3539 3263 3746 3310 avons
3790 3243 4253 3310 contremendo
4298 3244 4496 3311 ceulx
4535 3243 4630 3327 qui

2683 3327 3035 3394 debvoient
3076 3330 3267 3394 venir
3308 3331 3442 3395 afin
3487 3329 3625 3413 quil
3661 3350 3744 3394 ne
3779 3331 4062 3395 semblat
4094 3331 4283 3413 point
4320 3352 4458 3414 que
4488 3348 4632 3394 nom

2682 3415 3201 3497 pretendissions
3266 3415 3690 3482 controvenir
3750 3414 4235 3499 oblicquement
4291 3434 4334 3480 a
4391 3416 4464 3482 la
4515 3414 4632 3479 def·

2682 3501 2868 3566 fence
2931 3501 3126 3566 faicte
3189 3521 3311 3585 par
3375 3508 3596 3566 vostre
3661 3501 3951 3566 maieste.
4041 3500 4446 3585 Gependant
4487 3519 4630 3566 noos

2683 3606 2891 3651 avons
2927 3586 3171 3666 advise,
3208 3585 3378 3663 Sire,
3425 3586 3506 3651 de
3540 3607 3704 3652 vous
3740 3594 4080 3670 presentet
4110 3594 4289 3655 ceste
4326 3596 4630 3672 requeste,

2682 3692 2991 3755 esperans
3027 3681 3232 3756 quant
3267 3694 3428 3738 vous
3462 3678 3532 3737 et
3565 3681 3788 3737 vostre
3821 3673 4084 3751 conseil,
4132 3674 4322 3739 aians
4357 3670 4630 3739 eumen

2681 3759 2779 3824 les
2823 3765 3348 3825 remonstrances
3387 3759 3500 3842 qui
3543 3779 3592 3843 y
3636 3767 3785 3824 sont
3826 3768 4207 3837 contenues,
4253 3781 4396 3825 non
4441 3756 4630 3824 seule-

2684 3853 2867 3908 ment
2937 3866 3104 3910 vous
3183 3865 3350 3910 nous
3425 3844 3831 3911 laccorderez
3899 3845 4065 3910 mais
4129 3843 4463 3910 desii-eres
4522 3860 4632 3926 qne

2681 3939 2858 3996 ceste
2900 3930 3094 3995 ordre
3137 3929 3364 3995 davoir
3408 3929 3522 3995 des
3566 3928 3852 3995 Sinodes
3896 3931 4023 3996 soit
4069 3930 4352 3996 observe
4397 3948 4632 3997 comme

2680 4015 2730 4080 il
2815 4024 2915 4082 est
2982 4017 3350 4082 necessaire
3410 4035 3578 4098 pour
3641 4015 3705 4081 le
3769 4014 3922 4081 bien
3985 4015 4207 4099 public
4273 4015 4361 4083 de
4429 4024 4632 4083 voco-e

2682 4102 3040 4271 {33¹3
3069 4101 3243 4252 {2⁸¹³
3287 4122 3478 4185 ‘⁰⁹⁰⁸
3513 4099 3600 4269 ‘¹2⁶3
3636 4123 3757 4253 1:2²
3773 4101 4632 4253 :322⁵‘32‘3212'3z123'2

2683 4239 2900 4340 duictz
2955 4273 3128 4357 quilz
3181 4273 3411 4338 naient
3466 4272 3739 4357 besoing
3796 4271 4016 4339 destre
4069 4280 4264 4338 tenus
4308 4295 4402 4338 en
4446 4269 4630 4337 bride.

2683 4361 2818 4426 Les
2883 4380 3010 4425 uns
3073 4359 3361 4424 seroient
3406 4366 3570 4441 ‘trop
3634 4358 3863 4424 bardis
3918 4381 3960 4424 a
4003 4359 4508 4443 entreprendre,
4549 4356 4631 4421 ln

2681 4446 2933 4511 anltres
2975 4454 3318 4511 meneront
3361 4445 3466 4512 vie
3509 4444 3815 4523 dissolue,
3858 4445 3956 4511 les
4006 4445 4255 4511 anltres
4298 4461 4630 4511 eemouve-

2682 4532 2901 4597 roient
2959 4530 3246 4598 troubles
3304 4540 3373 4596 et
3426 4530 3856 4611 contentione,
3917 4530 4013 4596 les
4073 4529 4322 4596 anltres
4369 4530 4630 4596 ferum

2687 4615 2929 4682 bandes
2972 4638 3012 4681 a
3053 4625 3219 4701 part.
3310 4616 3663 4698 Beaucoup
3717 4615 4025 4683 derreurs
4065 4616 4460 4699 pourroient
4499 4610 4628 4698 pol-

2679 4703 2871 4783 luler,
2929 4703 2977 4767 il
3033 4724 3105 4769 se
3157 4702 3605 4770 commectroit
3659 4701 3741 4768 de
3797 4722 3998 4787 grans
4042 4702 4224 4783 abus,
4289 4698 4630 4795 lesquellq·

2678 4790 2912 4856 choses
2955 4789 3451 4855 nameneroient
3494 4808 3610 4870 pas
3651 4787 4024 4855 seulement
4063 4785 4437 4855 scandalles
4477 4802 4630 4852 mnu

2678 5096 2956 5166 4000.1)
2993 5096 3076 5151 Le
3115 5097 3335 5151 nombre
3384 5101 3464 5150 m
3507 5094 4494 5165 mahumetanam&
4557 5092 4630 5147 Lo

2686 5167 2905 5237 Synode
2949 5182 3254 5234 commenpa
3296 5165 3345 5218 10
3394 5160 3664 5220 lom
3714 5171 3766 5220 et
3810 5181 3881 5220 ne
3924 5165 4016 5232 sut
4064 5164 4272 5220 trouble
4323 5176 4627 5219 “affl

2675 5238 2862 5305 sapon.
2933 5235 3177 5305 (Amnon
3212 5234 3255 5288 Ι.
3287 5231 3403 5301 22.)

2888 5305 2949 5372 2)
2981 5311 3091 5359 noe
3124 5303 3365 5358 desim
3396 5301 3700 5371 (proees‘e).
