4900 6125
294 426 404 488 481

289 634 336 697 y
375 607 666 676 adiouste
708 616 1006 676 monstre
1051 628 1232 675 asses
1273 608 1412 693 quil
1457 628 1792 693 approuve
1828 629 1983 675 mou
2018 608 2247 676 labeur

293 718 373 764 en
414 704 551 762 cest
592 693 906 762 endroict.
994 695 1044 762 J
1044 696 1223 761 oinct
1263 694 1332 760 18
1374 694 1796 761 chrestienne
1840 695 2147 763 affection
2181 702 2249 761 et

293 802 513 849 amour
533 801 659 865 que
682 789 827 846 tout
863 802 939 847 ce
958 780 1198 866 peuple
1218 800 1325 847 me
1346 788 1564 866 porte:
1609 801 1685 848 ce
1712 781 1823 865 qui
1858 781 2015 849 faict
2047 781 2248 865 qu'en

292 888 528 935 couvre
580 869 637 933 si
691 866 945 933 saincte
1000 866 1349 952 i’employe
1413 880 1548 933 tres
1593 866 1955 933 voluutiers
1997 874 2146 933 tout
2184 865 2250 933 le

291 951 523 1020 travail
565 953 710 1018 soin
755 961 822 1018 et
864 952 1189 1037 diligence
1232 973 1358 1037 que
1415 953 1479 1019 ie
1521 952 1669 1037 puis
1728 959 1796 1018 et
1836 974 1945 1020 me
1988 952 2090 1020 dis
2212 974 2250 1019 e

288 1060 329 1106 a
381 1039 716 1106 cheminer
771 1059 857 1104 en
918 1038 1075 1105 telle
1133 1037 1484 1122 simplicite
1547 1038 1705 1122 qu'il
1761 1060 1906 1106 sera
1959 972 2211 1107 facil?
2209 1057 2252 1103 a

287 1124 431 1193 voir
473 1144 602 1208 que
644 1125 743 1190 les
784 1125 1134 1192 afflictione
1174 1145 1440 1209 passees
1475 1145 1560 1190 ne
1591 1129 1799 1191 m’ont
1832 1145 1950 1209 pas
1985 1133 2124 1192 este
2160 1123 2250 1191 du

287 1217 429 1277 tout
467 1210 763 1278 inutiles.
840 1210 890 1277 J
891 1231 930 1277 e
971 1229 1143 1278 vous
1183 1230 1269 1296 ay
1310 1210 1468 1277 bien
1510 1210 1714 1278 voulu
1758 1212 2000 1278 escrire
2033 1217 2253 1277 mutes

288 1317 393 1364 ces
448 1295 681 1363 choses
735 1317 900 1381 pour
954 1295 1023 1362 la
1079 1296 1493 1364 conionction
1548 1297 1969 1364 chrestienne
2019 1317 2147 1381 que
2188 1297 2252 1362 ie

289 1382 498 1449 desire
551 1383 739 1448 avoir
796 1402 1085 1468 avecque
1140 1403 1303 1449 vous
1345 1381 1624 1467 laquelle
1664 1382 1728 1448 ie
1771 1383 2069 1451 confesse
2112 1387 2252 1448 n’a-

286 1469 429 1535 voir
470 1489 590 1553 pas
634 1470 961 1535 tousiours
1003 1475 1392 1535 entretenue
1436 1468 1517 1534 de
1559 1490 1671 1535 ma
1713 1476 1862 1552 part
1902 1489 2158 1536 comme
2199 1468 2251 1533 il

286 1554 698 1638 apparteuoit
732 1561 800 1620 et
840 1575 928 1620 en
971 1573 1045 1619 ce
1085 1554 1150 1619 ie
1191 1574 1359 1620 vous
1401 1554 1660 1639 supplie
1702 1576 1861 1621 uzer
1903 1554 1984 1621 de
2028 1561 2251 1621 vostre

284 1639 539 1705 charite
580 1650 649 1706 et
691 1639 1025 1724 prudence
1067 1650 1521 1707 accoustumee
1578 1650 1866 1707 mettant
1918 1662 2002 1707 en
2045 1640 2249 1725 oubly

283 1744 357 1791 ce
412 1726 529 1809 qui
588 1730 780 1793 m’est
832 1747 964 1792 une
1014 1727 1139 1792 fois
1192 1725 1517 1810 eschappe
1562 1748 1684 1812 par
1728 1748 1859 1793 une
1900 1725 2250 1793 miserable

281 1809 564 1878 cholere.
668 1812 1007 1897 Esperant
1068 1813 1364 1879 recevoir
1429 1814 1522 1879 tel
1588 1813 1740 1878 bien
1807 1812 1889 1879 de
1953 1833 2123 1878 vous
2189 1814 2250 1879 ie

280 1897 442 1963 ferai
499 1899 591 1963 fin
645 1919 686 1964 a
748 1920 860 1963 ma
900 1898 1068 1964 letre
1105 1919 1228 1982 par
1270 1919 1403 1964 une
1444 1899 1887 1983 supplication
1929 1917 2016 1964 au
2058 1898 2251 1984 Seig-

280 2005 448 2049 neur
496 1983 639 2068 quil
695 1984 888 2051 benis
944 1985 1277 2051 tousiours
1330 2006 1453 2050 voz
1511 1985 1758 2051 saincte
1800 1985 2064 2051 labeurs
2103 1991 2170 2050 et
2211 2005 2252 2050 a

279 2090 445 2136 vous
504 2068 665 2153 qu’il
717 2090 882 2136 vous
938 2068 1146 2154 plaise
1184 2070 1368 2137 avoir
1410 2091 1822 2138 souvenance
1867 2069 1949 2137 de
1991 2072 2124 2137 moi
2167 2092 2252 2138 eu

279 2176 398 2223 νον,
442 2155 742 2222 oraisons
785 2155 1033 2221 devant
1073 2155 1209 2241 luy.

449 2311 559 2380 De
603 2312 936 2399 Bergerac
977 2332 1052 2378 ce
1093 2309 1276 2378 XIX
1318 2312 1401 2377 de
1444 2312 1836 2396 septambre.

1208 2474 1453 2541 Vostre
1498 2480 1633 2541 tres
1675 2471 1950 2539 humble
1990 2473 2163 2540 frere

1419 2603 1496 2669 Ρι
1528 2600 1921 2668 Villeroche.

1183 3323 1383 3393 42⁰5.

833 3486 1198 3555 ZANOUS
1256 3484 1697 3553 CALVINO.

449 3675 951 3744 Mannohthonis
1013 3675 1467 3743 declarationes
1530 3676 1605 3741 de
1673 3676 2246 3758 praedestinatione

255 3767 322 3832 si
366 3765 669 3849 quaein
725 3762 863 3828 eius
912 3762 1191 3845 epistolis
1246 3765 1482 3827 exstem
1531 3781 1740 3826 secum
1794 3762 2245 3827 communicari

254 3849 970 4019 gamm
1009 3868 1229 4015 {ligius
1306 3846 1946 4015 doctu-snammnffper
2009 3867 2244 4016 &qm

252 4022 573 4089 Moerin&

676 4192 788 4257 (Ex
825 4191 999 4247 Tomo
1037 4189 1199 4244 vm.
1235 4188 1373 4259 Opp.
1408 4189 1611 4243 Zancbi
1646 4206 1703 4258 p.
1745 4189 1888 4257 148.)

426 4389 505 4457 S.
545 4389 726 4454 Raro
748 4386 1010 4471 quidem
1034 4386 1117 4451 ad
1142 4395 1207 4452 te
1227 4386 1460 4465 scribe,
1485 4386 1732 4472 optime
1753 4394 1942 4470 pater
1965 4387 2241 4466 Calvina,

251 4498 343 4563 pe
556 4496 598 4540 a
639 4483 864 4539 tamen
905 4473 1325 4539 observantia
1387 4479 1454 4537 te
1495 4492 1873 4556 prosequor.
1960 4474 2054 4538 Et
2107 4475 2242 4540 mei

250 4564 372 4648 qui
426 4582 540 4628 em
585 4559 828 4626 silentii
871 4558 1121 4624 multae
1164 4565 1323 4623 sunt
1362 4577 1614 4638 causae,
1658 4558 1776 4624 sed
1814 4557 1935 4624 illa
1969 4579 2102 4626 non
2137 4568 2243 4627 est

247 4657 610 4735 postrema
653 4645 824 4729 quod
868 4645 1071 4711 sciam
1114 4653 1181 4709 te
1220 4650 1320 4709 tot
1361 4643 1691 4728 tantisque
1735 4645 2015 4729 negotiis
2050 4666 2239 4713 occu-

247 4736 410 4821 pari
475 4739 558 4798 ut
611 4751 820 4816 paene
877 4729 1210 4796 obruaris:
1289 4738 1555 4794 tantum
1612 4730 1800 4796 abest
1839 4741 1914 4796 ut
1957 4751 2239 4815 aequum

248 4823 350 4887 sit
395 4819 630 4885 virum
673 4824 936 4883 tantum
978 4814 1294 4882 molestiis
1328 4817 1528 4881 etiam
1563 4815 1904 4881 literarum
1940 4839 2238 4884 mearum

245 4904 757 4987 intempestivis
814 4901 1004 4968 affici.
1099 4899 1290 4983 Quae
1325 4910 1443 4966 tua
1484 4902 1687 4987 igitur
1730 4913 1833 4967 est
1866 4902 2237 4986 prudentia,

245 4991 614 5059 silentium
679 5010 897 5054 meum
964 4989 1036 5053 in
1105 4988 1346 5053 bonam
1431 4988 1885 5071 interpreteris
1960 5000 2236 5072 partem,

243 5080 468 5147 etiam
518 5086 713 5159 atque
754 5076 956 5140 etiam
998 5094 1177 5158 rogo.
1247 5072 1442 5140 Nunc
1489 5081 1565 5139 ut
1607 5074 1997 5140 diuturnum
2038 5075 2238 5141 silen-

243 5168 430 5231 tium
507 5163 896 5245 abrumpam
965 5159 1334 5226 necessaria
1400 5159 1718 5242 quaedam
1800 5181 2001 5228 causa
2057 5161 2232 5229 facit.

243 5253 358 5318 Ea
407 5268 579 5315 vero
621 5248 785 5313 haec
827 5256 948 5312 est.
1027 5244 1174 5311 Non
1220 5243 1446 5311 dubito
1523 5247 1639 5312 uin
1673 5267 1794 5331 pro
1838 5256 1954 5312 tua
1988 5246 2234 5331 pietate

239 5340 487 5407 virum
527 5334 652 5399 Dei
696 5342 964 5398 sanctae
998 5331 1354 5396 memoriae
1377 5330 1459 5395 D.
1560 5331 1674 5399 hil.
1703 5331 2234 5401 Melonem-town

475 5434 709 5494 Calvisi
740 5449 929 5506 epm.
1011 5431 1127 5489 Vol-
1159 5430 1294 5489 XX.

1908 417 2700 490 SUPPLEMENTUM.

4192 423 4318 487 482

2349 609 2704 694 aliquando
2749 611 2882 678 tuis
2925 608 3136 678 literis
3180 608 3389 674 amice
3454 605 3873 673 admonueris
3911 605 3997 673 de
4037 605 4156 672 illa
4197 625 4323 673 sua

2347 705 2682 780 postrema
2698 749 2713 774 ‚
2779 703 2923 762 tum
2968 696 3050 764 de
3091 692 3722 780 praedestinatione,
3800 699 3944 759 tum
3990 692 4073 759 de
4114 691 4323 760 libero

2351 781 2642 862 arbitrio,
2687 781 2883 868 longe
2925 803 2966 848 a
3051 782 3227 850 riore
3271 779 3539 847 diversa
3597 778 3913 846 doctrina.
4001 779 4068 845 N
4066 799 4155 845 on
4201 778 4324 846 du-

2351 868 2489 934 bito
2531 868 2731 934 etiam
2774 870 2936 952 quin
2985 870 2999 884 ‘
3057 889 3124 947 e,
3200 873 3277 932 ut
3319 872 3464 932 erat
3506 865 3838 932 humanus
3879 872 3951 931 et
3990 863 4112 930 tibi
4156 865 4324 930 ami-

2350 951 3511 1107 ⁰z⁶ffi02¹32³2252233¹³22223t
3549 951 4110 1122 1335193113
4123 961 4325 1102 fut

2350 1061 2610 1206 dubito,
2673 1127 2941 1210 iuquam
2959 1177 2976 1206 ,
3044 1061 3203 1209 quqm
3257 1121 3371 1189 ille
3424 1124 3533 1188 vir
3573 1123 3703 1189 Dei
3769 1122 3981 1188 literis
4036 1122 4176 1188 tuis
4219 1143 4326 1188 re-

2352 1211 2708 1296 sponderit.
2798 1212 2926 1277 Est
2984 1221 3206 1278 autem
3250 1210 3591 1294 negotium
3634 1207 3801 1274 mihi
3844 1229 3996 1275 cum
4039 1208 4327 1275 homini·

2353 1297 2477 1365 bus
2521 1318 2657 1364 nou
2702 1305 2962 1365 tautum
3006 1297 3158 1381 plus
3202 1315 3400 1379 quam
3427 1294 3834 1361 Lutheranis
3877 1295 3946 1359 iu
3992 1314 4066 1360 re
4104 1314 4325 1361 sacra-

2351 1384 2699 1464 mentaria,
2744 1382 2862 1450 sed
2937 1383 3112 1468 quod
3136 1382 3321 1467 peius
3343 1381 3476 1461 est)
3521 1380 3657 1446 fere
3678 1379 4059 1465 Pelagianis
4101 1380 4173 1445 in
4218 1402 4326 1447 ar-

2352 1469 2553 1536 ticulo
2613 1469 2695 1536 de
2737 1490 2781 1553 p
2944 1469 3339 1537 estinatione
3356 1518 3371 1546 ,
3432 1465 3641 1533 libero
3684 1466 3957 1533 arbitrio
3999 1473 4069 1532 et
4264 1467 4327 1531 'a

2352 1554 2505 1622 Dei.
2565 1554 2897 1638 Quoniam
2933 1577 3092 1622 vero
3124 1559 3370 1640 urgent
3404 1563 3770 1636 postremos
3796 1550 4091 1636 Philippi
4151 1572 4326 1632 ocos,

2352 1650 2421 1708 et
2464 1642 2780 1708 autoritas
2828 1640 3142 1724 Philippi,
3208 1647 3286 1707 ut
3328 1639 3475 1718 scis,
3521 1659 3766 1723 magua
3807 1645 3910 1705 est
3952 1645 4023 1704 et
4063 1658 4327 1722 semper

2351 1727 2479 1794 fuit
2518 1729 2593 1793 in
2639 1727 3032 1795 Germania:
3076 1726 3321 1795 idcirco
3352 1725 3423 1792 ‘si
3458 1745 3716 1808 possem
3752 1744 3833 1791 ex
3871 1723 4080 1808 ipsius
4114 1724 4328 1791 literis

2353 1814 2806 1881 demonstrare
2819 1865 2836 1893 ,
2901 1812 3094 1879 illum
3150 1833 3288 1879 non
3329 1811 3427 1876 ita
3467 1810 3670 1895 impie
3713 1809 3796 1875 de
3838 1809 4134 1877 articulis
4174 1831 4325 1877 sen·

2352 1900 2537 1979 sisse,
2579 1898 3137 1985 quemadmodum
3179 1898 3314 1983 ipsi
3358 1896 3723 1963 adversarii
3764 1896 3906 1962 eius
3940 1895 4117 1964 locos
4151 1915 4325 1963 com-

2353 2007 2591 2054 munes
2655 1987 3217 2070 interpretantur,
3283 1983 3454 2049 foret
3517 1982 3727 2049 bonae
3788 2001 4025 2049 causae
4087 2001 4327 2065 operae

2352 2092 2472 2224 {51⁶
2473 2069 2832 2224 2⁰¹3}ss
2885 2083 3053 2241 ἓξὲξ
3098 2071 3198 2223 351³
3199 2068 3746 2240 Ἧοέἓῗὲἰᾶῗῶ
3760 2067 4327 2221 ‘i‘tnss‘ssussaffl

2350 2242 2601 2328 aliquid
2653 2242 2955 2323 valeant,
3024 2262 3136 2309 eas
3193 2239 3276 2306 ad
3334 2262 3453 2306 nos
3516 2240 3746 2306 mittas
3804 2261 3926 2324 per
3974 2237 4323 2307 Christum

2351 2338 2754 2397 servatorem
2812 2349 2993 2415 rogo.
3083 2329 3143 2394 E
3285 2347 3448 2393 vero
3513 2334 3742 2393 sancte
3792 2324 4139 2409 promitto,
4201 2325 4321 2391 ubi

2349 2415 2488 2482 illis
2532 2435 2692 2480 usus
2736 2415 2955 2495 fuero,
3015 2434 3123 2479 me
3249 2433 3340 2478 na
3382 2410 3514 2477 fide
3556 2411 4016 2498 remissurum:
4083 2409 4322 2478 feceris

2352 2521 2497 2567 rem
2536 2521 2773 2567 causae
2815 2499 3044 2566 utilem
3088 2507 3158 2566 et
3199 2497 3427 2565 amicis
3470 2497 3933 2583 gratissimam.

2525 2586 2632 2652 De
2678 2586 2874 2653 rebus
2916 2585 3162 2652 nostris
3207 2583 3378 2650 nihil
3442 2583 3660 2650 adhuc
3703 2583 3912 2650 scribo
3956 2584 4131 2668 quia‘
4153 2605 4324 2650 non-

2353 2671 2517 2737 dum
2571 2672 2764 2756 plene
2818 2671 2991 2739 licet.
3076 2671 3227 2738 Hoc
3284 2680 3547 2736 tantum
3611 2689 3882 2753 possum
3925 2669 4214 2736 scribere
4256 2679 4326 2737 et

2354 2759 2706 2834 affirmare,
2750 2779 2891 2823 rem
2934 2777 3079 2823 esse
3119 2758 3191 2822 in
3235 2778 3312 2822 eo
3354 2765 3531 2823 statu
3575 2765 3655 2819 ut
3697 2754 3968 2821 Domini
4002 2776 4138 2822 non
4172 2776 4326 2841 pos-

2353 2845 2489 2910 sint
2553 2843 2922 2910 doctrinam
2973 2863 3014 2908 a
3070 2863 3179 2909 me
3233 2842 3344 2908 hic
3404 2847 3482 2907 ut
3534 2840 3712 2924 piam
3768 2840 4102 2920 traditam,
4162 2848 4232 2908 et
4284 2862 4327 2909 a

2354 2928 2733 2996 Marbachio
2788 2936 2865 2995 ut
2921 2929 3195 3014 impiam
3249 2925 3684 3012 improbatam
3744 2925 4089 3007 damnare,
4160 2928 4326 3012 quin

2352 3016 2552 3083 etiam
2612 3015 2897 3083 scientes
2954 3023 3024 3082 et
3081 3014 3381 3082 volentes
3433 3023 3583 3079 tum
3634 3012 4001 3079 doctrinam
4090 3020 4165 3081 ut
4221 3015 4324 3083 in·

2354 3103 2549 3168 terim
2594 3101 2676 3168 de
2721 3110 2950 3187 aperto
2994 3101 3125 3168 Dei
3167 3099 3369 3168 verbo
3412 3107 3480 3165 et
3521 3099 3605 3164 de
3647 3097 3959 3165 Patribus
4051 3100 4065 3115 '
4124 3099 4139 3114 ⁶
4222 3099 4325 3166 di-

2352 3190 2530 3270 cam)
2576 3209 2617 3254 a
2661 3188 2754 3254 M.
2802 3186 3048 3255 Bucero
3110 3189 3182 3252 in
3237 3186 3364 3253 hac
3422 3184 3647 3252 schola
3688 3191 3756 3250 et
3798 3185 4074 3253 ecclesia
4115 3185 4325 3252 tradi-

2352 3272 3852 3442 ssffrssaaffiag’fflimqfffflffiussffiss
3891 3270 4325 3424 ὙΗΣῙἯ

2349 3445 2742 3530 bergensem
2799 3445 3132 3511 damnent.
3222 3442 3450 3526 Quum
3506 3443 3687 3509 enim
3744 3442 4037 3508 viderem
4057 3495 4073 3521 ,
4152 3444 4323 3510 mihi

2348 3530 2432 3597 ab
2496 3530 2631 3597 illis
2696 3530 3072 3597 hominibus
3136 3551 3269 3596 non
3336 3530 3553 3595 solum
3629 3527 4139 3613 disputationem
4203 3530 4321 3597 sed

2345 3617 2545 3682 etiam
2592 3637 2789 3682 omne
2842 3618 3127 3683 amicum
3186 3627 3254 3681 et
3304 3616 3639 3699 privatum
3683 3614 3808 3681 coll
3892 3615 4075 3680 uium
4119 3614 4321 3683 dene-

2346 3704 2510 3786 gari,
2547 3703 2815 3768 interim
2854 3712 3083 3768 tamen
3118 3709 3431 3786 perpetuo
3467 3701 3666 3767 etiam
3702 3721 3741 3765 e
3773 3721 3866 3785 pu
3894 3700 4051 3785 pitis
4086 3722 4319 3768 sanam

2347 3787 2717 3855 doctrinam
2782 3788 3081 3853 damnari
3099 3839 3115 3865 ,
3206 3800 3275 3852 et
3351 3807 3459 3852 me
3525 3798 3839 3870 tanquam
3907 3786 4318 3854 haereticum

2347 3873 2523 3957 apud
2565 3874 2885 3940 Dominos
2926 3885 2992 3940 et
3037 3894 3154 3974 per
3197 3880 3407 3938 totam
3449 3872 3680 3938 urbem
3727 3870 4013 3950 traduci,
4075 3872 4317 3939 addere

2346 3959 2547 4025 etiam
2593 3980 2760 4039 eam,
2804 3980 3001 4043 quam
3046 3958 3176 4043 ipsi
3220 3970 3452 4026 contra
3492 3978 3602 4023 me
3647 3957 3885 4023 docent
3927 3957 4317 4041 doctrinam,

2348 4045 2717 4110 doctrinam
2760 4067 2904 4112 esse
2945 4045 3245 4111 omnium
3288 4044 3712 4110 ecclesiarum
3766 4064 3936 4127 quae
3979 4047 4315 4128 Augusta-

2349 4151 2507 4197 uam
2552 4132 3024 4197 confessionem
3072 4130 3417 4214 amplexae
3459 4145 3632 4208 sunt,
3693 4150 3817 4213 ego
3860 4129 4041 4196 volui
4086 4130 4314 4197 videre

2347 4235 2433 4282 an
2479 4219 2573 4282 ita
2627 4239 2700 4283 se
2755 4238 2863 4282 res
2917 4215 3211 4282 haberet.
3295 4215 3475 4280 Veni
3536 4216 3759 4300 itaque
3800 4214 4314 4301 Heidelbergam

2345 4315 2414 4368 et
2457 4304 2933 4388 Marpurgum:
3003 4302 3249 4369 contuli
3305 4322 3459 4367 cum
3501 4301 3637 4366 illis
3678 4300 4021 4384 theologis.
4112 4301 4315 4369 Utra-

2345 4409 2473 4539 q‘?
2511 4388 2868 4541 3⁶⁹3&
2892 4409 3024 4539 ¹2:11¹}
3069 4388 3308 4538 ⁸⁰¹¹¹³¹¹t
3326 4386 4029 4538 ἅπῶᾟέἒψ
4077 4389 4314 4540 ΡἨΞΪ

2344 4496 2412 4539 vi
2447 4526 2465 4554 ,
2671 4496 2707 4541 e
3028 4496 3060 4541 s
3105 4494 3277 4557 scrip
3309 4493 3584 4539 urarum
3854 4493 4028 4538 onus
4068 4493 4144 4539 co
4279 4508 4312 4527 -

2342 4561 2573 4640 mavit,
2615 4571 2683 4626 et
2725 4560 3205 4644 amplissimum
3249 4579 3449 4626 sanae
3493 4556 3828 4623 doctrinae
3861 4560 4312 4627 testimonium

2343 4648 2509 4712 mihi
2553 4645 2893 4712 dederunt.
2979 4645 3210 4745 Neque
3254 4645 3381 4711 hoc
3423 4644 3669 4720 solum,
3713 4641 3831 4742 sed
3872 4645 4073 4710 etiam
4116 4667 4308 4730 roga-

2341 4741 2525 4883 m
2546 4735 3197 4902 ‘esitasse
3227 4751 3562 4915 rm
3593 4730 4036 4913 ‚mand
4072 4753 4310 4885 m

2340 4903 2712 4970 academiae
2776 4903 3280 4986 Marpurgensis
3358 4901 3746 4984 subscnpsit
3759 4952 3775 4979 ,
3861 4900 3978 4969 sed
4043 4904 4308 4987 scripsit

2339 4991 2541 5056 etiam
2599 5010 2838 5075 graves
2892 4989 3115 5054 literas
3176 4987 3258 5053 de
3316 4986 3440 5054 hac
3498 4985 3799 5054 doctrina
3854 4988 3937 5054 ad
3981 4986 4068 5055 D.
4120 4988 4304 5055 Stur-

2338 5077 2558 5157 mium,
2601 5075 2797 5160 idque
2840 5076 2911 5139 iu
2955 5075 3137 5140 hunc
3179 5075 3379 5139 finem
3422 5080 3498 5139 ut
3542 5094 3656 5139 eas
3698 5074 3953 5140 senatui
3998 5074 4303 5143 osteude-

2337 5170 2459 5228 ret.
2549 5160 2800 5229 Scribit
2841 5162 3052 5237 enim,
3124 5180 3197 5225 se
3236 5158 3664 5226 vehementer
3706 5160 3935 5225 mirari
3976 5160 4134 5243 quid
4179 5162 4303 5231 hoc

2334 5248 2422 5313 sit
2463 5246 2640 5332 quod
2698 5247 3062 5314 doctrinam
3122 5244 3303 5311 illam
3349 5244 3600 5312 Christi
3619 5296 3634 5323 ,
3699 5265 3893 5329 quam
3953 5254 4151 5313 antea
4195 5248 4305 5316 hic

2335 5333 2647 5401 docuerat
2690 5332 3008 5401 Bucen-us,
3076 5353 3401 5416 quamque
3455 5341 3724 5398 senatus
3781 5352 4025 5417 magno
4070 5332 4307 5417 plausu
