4900 6125
331 434 444 496 249

329 617 507 684 modo
560 619 918 702 praeterire
973 639 1270 703 possum,
1328 619 1486 703 quin
1533 620 1844 709 audiam?
1917 621 2275 688 Praeterea

330 725 488 770 unus
542 704 866 788 princeps,
929 725 1014 771 ne
1067 716 1476 789 praeteream
1532 718 1811 774 matrem
1839 710 1896 785 ⁶²)
1952 718 2020 773 et
2073 728 2272 793 syno-

329 788 473 855 dum
518 798 651 855 tam
694 790 1157 869 necessariam,
1201 813 1308 856 me
1352 791 1619 892 adigere
1662 792 1898 858 merito
1942 792 2152 873 debet,
2199 802 2272 859 ut

325 875 675 940 adcurram.
747 877 850 941 'ru
895 897 1069 943 unus
1113 898 1219 942 me
1262 877 1572 960 expedire
1626 889 1829 962 potes,
1885 878 1940 943 si
1988 879 2270 963 aliquem

326 961 446 1028 buc
489 962 759 1038 miseris,
785 966 841 1039 ⁸)
885 964 996 1047 qui
1034 962 1140 1029 hic
1185 963 1372 1029 initia
1407 965 1738 1031 nascentis
1773 964 2084 1031 ecclesiae
2121 986 2271 1050 pro-

324 1058 624 1131 sequatur
666 1056 735 1113 et
777 1048 1095 1127 absolvat,
1155 1058 1225 1114 et
1276 1050 1330 1116 si
1392 1069 1526 1115 non
1585 1060 1902 1135 perpetuo
1961 1050 2069 1118 hic
2114 1051 2271 1117 hae·

322 1153 460 1199 rere
501 1134 723 1217 possit,
760 1132 991 1200 saltem
1030 1147 1165 1199 tam
1209 1134 1344 1214 diu,
1390 1134 1596 1202 donec
1632 1157 1756 1222 ego
1792 1146 2106 1216 revertar,
2154 1147 2269 1202 aut

321 1218 480 1285 alius
525 1221 739 1304 magis
781 1218 1055 1286 idoneus
1098 1220 1383 1287 inveniri
1426 1223 1650 1305 possit.
1724 1223 2033 1288 Arbitror
2077 1234 2141 1290 te
2186 1221 2269 1289 ad

318 1302 635 1389 synodum
680 1305 1052 1371 vocandum
1098 1328 1138 1372 a
1177 1307 1494 1391 principe,
1554 1308 1732 1391 quod
1790 1329 1981 1392 spero
2027 1330 2156 1375 non
2201 1319 2269 1374 te

319 1389 843 1458 detrectatumm.
929 1392 1023 1458 Et
1080 1394 1133 1458 si
1193 1391 1262 1457 id
1308 1413 1439 1459 non
1484 1394 1689 1471 fieret,
1750 1402 1816 1459 te
1872 1393 2268 1461 obtestatum

315 1475 502 1542 velim
550 1497 670 1561 per
714 1476 1059 1544 Christum
1097 1479 1458 1545 Dominum
1502 1489 1570 1544 et
1612 1491 1908 1546 nostram
1949 1482 2023 1546 in
2066 1502 2270 1546 evan·

314 1562 474 1648 gelio
517 1563 897 1640 amicitiam,
944 1564 1002 1631 si
1046 1562 1202 1632 hinc
1245 1563 1542 1649 expediri
1586 1573 1722 1631 tam
1767 1566 1894 1631 cito
1939 1587 2074 1633 non
2204 1589 2268 1632 s·

314 1650 448 1729 sim,
493 1656 574 1714 ut
616 1650 976 1734 prospicias
1019 1658 1162 1715 tum
1206 1651 1277 1715 in
1323 1650 1595 1736 synodo,
1644 1662 1783 1717 tum
1827 1652 1897 1718 in
1941 1652 2121 1718 omni
2170 1673 2266 1731 us,

313 1742 386 1799 ut
425 1737 675 1818 optime
719 1736 806 1800 sit
850 1734 1216 1801 consultum
1260 1736 1589 1803 ecclesiae.
1670 1738 1935 1804 Interea
1977 1747 2045 1803 te
2087 1758 2266 1822 roge,

309 1841 388 1885 ne
421 1820 723 1971 gaas-eris
759 1831 1046 1889 mentem
1085 1828 1268 1888 tuam
1305 1823 1578 1906 aperire,
1623 1822 1781 1908 quid
1817 1824 2067 1891 sentias
2101 1824 2268 1889 mihi

423 1928 470 1970 n
517 1928 652 1972 nm.

470 1992 688 2058 Miror
730 1992 1048 2078 collegam
1093 2012 1467 2076 acceptasse
1511 1994 1950 2062 conditionem
1995 1998 2264 2065 Castro-

306 2075 477 2157 duni,
504 2082 566 2156 ⁴)
610 2079 994 2162 priusquam
1030 2100 1152 2164 ego
1187 2088 1571 2147 reverterer.
1648 2080 2035 2160 Matar-inus,
2062 2084 2118 2160 ὃ)
2153 2083 2266 2166 qui

305 2163 475 2230 solus
533 2163 605 2229 id
664 2164 952 2247 scripsit,
1011 2165 1311 2232 Senones
1376 2167 1563 2250 petit.
1656 2166 1916 2234 Sorelus
1971 2167 2267 2234 nondum

305 2270 414 2314 sex
450 2271 716 2316 menses
759 2250 1062 2329 absolvit,
1109 2271 1302 2335 quem
1341 2250 1536 2318 audio
1570 2250 1848 2319 electum
1886 2274 2047 2333 esse,
2094 2253 2268 2338 quod

304 2335 460 2400 mihi
529 2334 725 2403 valde
789 2336 1020 2419 placet.
1123 2336 1292 2402 Vale
1356 2356 1506 2403 cum
1573 2339 1701 2422 piis
1769 2350 1912 2405 tum
1977 2339 2265 2424 collegia,

305 2431 439 2486 tum
498 2421 655 2486 aliis
709 2421 1032 2490 omnibus.
1123 2421 1337 2488 Valde
1393 2435 1655 2508 gratum
1703 2425 1824 2490 fuit
1868 2424 2079 2492 editas
2124 2447 2267 2493 esse

303 2516 434 2571 tam
479 2516 745 2574 sanctas
789 2509 1289 2574 constitutiones
1331 2509 1525 2576 istius
1567 2510 1767 2578 urbis.
1794 2514 1847 2591 θ)
1936 2510 2265 2578 Dominus

302 2591 482 2661 Iesus
529 2606 599 2658 te
643 2602 864 2659 servet
906 2608 973 2660 et
1019 2597 1214 2660 istam
1258 2595 1620 2664 ecclesiam.
1693 2597 1975 2679 Vapinci
2019 2603 2117 2664 ll.
2154 2598 2264 2664 Ia-

302 2680 512 2745 nuarii
572 2684 754 2745 1562.

1317 2820 1501 2885 'l'uus
1544 2828 1722 2886 totus
1765 2821 2086 2888 Farellus.

466 3020 606 3104 Qui
653 3042 885 3090 causas
929 3031 1141 3110 agunt
1196 3024 1714 3092 sacrificulorum
1761 3036 2099 3111 rogarunt,
2146 3029 2260 3095 bo-

299 3128 467 3174 nane
512 3110 917 3176 conscientia
960 3109 1026 3175 id
1069 3123 1355 3193 possent.
1429 3112 1578 3178 Etsi
1612 3123 1767 3196 opto
1809 3133 2039 3179 omnes
2077 3134 2261 3196 pror-

298 3215 407 3260 sus
451 3194 627 3260 nihil
685 3215 1034 3262 commune
1094 3196 1336 3263 habere
1391 3218 1543 3264 cum
1596 3198 1821 3281 impiis
1863 3220 2074 3281 neque
2129 3200 2262 3265 illis

297 3279 524 3346 adesse
570 3283 642 3345 in
686 3280 827 3360 hoc,
884 3291 960 3347 ut
1011 3283 1082 3347 in
1142 3303 1265 3349 sua
1308 3282 1573 3349 alantur
1622 3284 1975 3367 impietate,
2039 3297 2261 3351 tamen

297 3365 406 3430 ubi
453 3367 680 3451 agitur
723 3365 805 3432 de
842 3365 1166 3446 dominiis,
1228 3366 1531 3435 censibus
1577 3381 1643 3434 et
1698 3369 1845 3434 aliis
1903 3369 1972 3435 id
2028 3392 2260 3455 genus,

296 3472 427 3516 non
496 3451 664 3517 adeo
728 3451 1039 3519 damnavi
1105 3455 1266 3537 quin
1332 3475 1528 3539 agere
1591 3457 1861 3538 possint.
1949 3454 2084 3522 Sed
2152 3458 2263 3523 ubi

296 3537 522 3622 agitur
579 3535 661 3603 de
718 3538 800 3604 iis
858 3559 1027 3622 quae
1130 3561 1203 3606 ro
1248 3540 1462 3606 salute
1513 3542 1904 3620 animarum,
1951 3552 2029 3606 ut
2071 3543 2263 3607 anni·

298 3623 609 3690 versariis
663 3623 884 3690 missis
928 3630 995 3689 et
1037 3625 1059 3689 i
1160 3646 1388 3710 genus,
1450 3647 1652 3711 quum
1699 3626 1862 3692 haec
1903 3626 2106 3711 impie
2148 3650 2263 3714 pe·

295 3715 526 3774 tantur
571 3719 640 3775 et
683 3711 926 3794 inique,
971 3710 1111 3775 dixi
1155 3712 1447 3794 iniquam
1494 3732 1757 3778 causam
1797 3734 1836 3778 a
1871 3712 2118 3779 sciente
2154 3715 2261 3800 agi

295 3815 422 3859 non
485 3816 682 3879 posse
739 3796 911 3862 bona
967 3797 1384 3863 conscientia.
1475 3797 1957 3881 Redemptores
2011 3800 2262 3882 priora·

295 3887 484 3946 tuum
531 3891 601 3947 et
643 3880 1064 3960 decimarum,
1123 3883 1233 3966 qui
1278 3884 1499 3949 omnia
1542 3905 1710 3967 quae
1763 3894 1924 3950 sunt
1976 3886 2263 3971 episcopi

296 3967 607 4052 exigunt,
667 3968 966 4051 quamvis
1021 3977 1240 4052 optem
1287 3968 1435 4035 aliis
1478 3970 1786 4053 occupari
1838 3980 1908 4036 et
1950 3991 2086 4036 non
2136 3973 2263 4036 im-

296 4052 564 4120 misceri
621 4063 758 4118 tam
818 4055 1018 4139 impie
1061 4055 1285 4137 partis,
1307 4059 1367 4132 ⁷)
1425 4063 1648 4121 tamen
1691 4056 1848 4139 quia
1892 4056 2042 4123 licet
2087 4057 2262 4123 triti-

297 4158 444 4203 cum
493 4139 579 4205 ab
622 4138 757 4204 illis
800 4160 1034 4218 emere,
1081 4138 1190 4205 ubi
1236 4140 1404 4205 nihil
1445 4142 1525 4206 fit
1567 4140 1888 4207 eiusmodi
1930 4144 2263 4226 emptione

297 4223 475 4290 unde
523 4223 721 4289 detur
763 4225 1012 4291 occasio
1057 4225 1255 4309 impie
1308 4226 1568 4312 agendi,
1624 4247 1754 4293 non
1812 4229 1906 4292 ita
1950 4227 2263 4295 damnavi

297 4309 352 4374 si
395 4312 548 4393 quis
583 4309 870 4395 praedia,
909 4311 1196 4378 decimas
1231 4321 1298 4377 et
1337 4333 1572 4380 census
1605 4312 1952 4380 conducat:
2000 4313 2114 4381 sed
2151 4314 2263 4380 ubi

505 4603 566 4668 2)
609 4601 1076 4657 Mau-chioniam
1114 4601 1179 4656 de
1218 4600 1492 4669 Romu,
1538 4607 1762 4659 matrem
1811 4603 1973 4663 ducis
2005 4605 2074 4660 de
2111 4604 2258 4662 Lon-

604 4739 820 4794 Mn'moe
851 4745 935 4795 cst
958 4738 1044 4795 1ο.
1072 4740 1417 4810 Βῑωιώανᾶ,
1448 4739 1672 4810 Μαι)
1705 4755 1849 4808 vero,
1884 4757 1999 4798 non
2031 4749 2260 4798 comat

298 4805 564 4888 a...
590 4807 916 4932 w
941 4808 1767 4947 scammis.
1780 4809 2261 4950 *was

506 5014 563 5080 4)
600 5016 682 5069 sic
732 5015 1133 5086 autoomphon.
1228 5016 1444 5072 Onetor-i
1501 5015 1744 5071 varim
1835 5016 1945 5072 Est
2119 5019 2130 5032 ⁶

302 5080 680 5147 maenadas,
719 5100 826 5154 quo
873 5091 1053 5140 tam
1090 5084 1400 5142 worm-u
1432 5098 1542 5139 non
1579 5086 1696 5151 ivit,
1744 5099 1928 5141 ver-tm
2019 5103 2256 5142 tenum.

297 5288 444 5344 Nm·
508 5150 1029 5361 ἓζςξέἀοπκαισεῖ
1059 5153 1514 5293 &afim-ea.
1601 5223 1767 5293 (Res.
1822 5223 1900 5278 du
1956 5223 2115 5280 Ocno.
2173 5224 2252 5277 11.

597 5363 680 5414 sie
713 5360 1110 5430 moyraphon.
1189 5360 1405 5418 Caeten‘
1437 5361 1708 5431 hyemat:
1743 5361 1923 5431 impiis
1959 5360 2148 5431 pontis.

2037 433 2196 498 1562
2231 430 2615 500 IANUAR-

4200 435 4331 498 250

2372 621 2784 688 numeranda
2830 631 2932 689 est
2972 620 3253 704 pecunia
3294 640 3416 703 pro
3460 618 3679 688 missis
3724 626 3788 682 et
3843 617 3908 682 id
3959 639 4171 702 genus
4213 642 4327 704 pe·
4414 636 4423 651 ·

2371 710 2606 775 cuniae
2670 708 2961 793 exig-itur
3019 728 3136 790 pro
3203 705 3421 791 sigillo
3478 714 3548 771 et
3588 703 4074 788 dispensatione
4128 726 4330 790 super

2371 793 2696 879 coniugiis
2739 804 2883 859 tum
2926 791 3353 860 clandestinis
3407 802 3553 857 tum
3596 800 3892 875 tempore
3937 811 3978 855 a
4018 791 4331 875 pontifice

2369 879 2719 965 prohibito,
2780 900 2899 963 pro
2957 877 3364 945 absolutione
3409 885 3479 942 et
3520 875 3587 942 id
3679 897 3863 955 enus,
3917 876 4069 958 quia
4126 878 4329 961 impia

2370 975 2528 1032 sunt
2571 965 2713 1031 dixi
2753 965 3081 1050 fugienda.
3156 965 3302 1030 Hoc
3337 975 3559 1029 tamen
3596 983 3635 1028 a
3683 961 3836 1039 didi,
3875 961 3984 1027 hic
4016 984 4124 1027 mc
4160 964 4330 1030 velle

2371 1051 2537 1118 alios
2592 1050 2822 1118 audire
2879 1062 3073 1133 teque
3125 1050 3463 1117 consulere
3521 1060 3589 1114 et
3653 1060 3881 1132 optare
3939 1058 4015 1113 ut
4078 1047 4329 1133 synodo

2371 1139 2546 1204 iusta
2589 1138 2753 1203 haec
2813 1137 3310 1220 inquirerentur
3354 1145 3420 1199 et
3477 1134 3981 1201 discuterentur.
4052 1134 4144 1199 Et
4186 1156 4331 1201 sae·

2370 1225 2522 1308 pius
2566 1224 2864 1307 quaesivi
2908 1222 2991 1288 ad
3039 1229 3102 1287 te
3146 1221 3430 1287 scribere
3472 1230 3539 1287 et
3582 1230 3712 1286 non·
3759 1220 3960 1286 licuit.

2551 1310 2929 1391 Gropefflm,
2989 1308 3099 1391 qui
3160 1307 3265 1372 hic
3324 1307 3546 1373 docuit
3600 1326 3843 1391 magno
3899 1305 4217 1390 applausu
4261 1316 4329 1370 et

2371 1416 2597 1461 secum
2642 1393 3047 1477 dispensavit
3092 1406 3164 1459 ut
3208 1392 3571 1459 monachus
3609 1414 3757 1459 cum
3800 1390 4134 1457 monachis
4177 1411 4329 1477 age-

2370 1491 2476 1546 ret
2518 1490 2585 1547 et
2627 1481 2896 1547 missam
2944 1479 3208 1545 tandem
3255 1480 3520 1557 faceret,
3564 1478 3787 1544 omnia
3829 1476 4151 1562 probavit,
4198 1478 4331 1543 imo

2370 1566 2668 1633 severius
2725 1566 2944 1651 arguit
2996 1586 3105 1631 eos
3149 1566 3260 1649 qui
3319 1565 3677 1630 haerebant
3742 1582 3942 1648 super
3995 1562 4330 1645 dispensa-

2372 1653 2662 1719 tionibus
2729 1665 2795 1718 et
2860 1651 3075 1717 omnis
3140 1652 3309 1716 ratio
3375 1660 3443 1715 et
3500 1650 3827 1732 scriptura
3876 1650 4034 1714 fuit:
4104 1669 4331 1733 regem

2369 1739 2773 1823 permittere,
2832 1739 3020 1821 quasi
3066 1735 3384 1821 quidquid
3429 1757 3546 1802 rex
3606 1736 3945 1819 permittat
3987 1736 4131 1800 Deo
4177 1755 4330 1818 pro-

2369 1824 2580 1891 betur.
2669 1824 2737 1889 Is
2780 1823 3021 1890 nebulo
3065 1824 3460 1889 Lausannae
3504 1822 3643 1906 agit
3684 1820 3964 1886 donatus
4008 1819 4331 1904 stipendio

2370 1911 2575 1976 trium
2620 1914 2732 2000 V,
2759 1914 2812 1985 ⁸)
2859 1916 2936 1974 ut
2978 1909 3192 1985 audio,
3253 1908 3534 1994 singulis
3592 1908 3946 1973 mensibus.
4037 1905 4171 1988 Qui
4216 1927 4330 1990 po·

2370 1997 2521 2062 cula
2556 1996 2665 2062 hic
2703 2006 2929 2061 amant
2973 2006 3042 2061 et
3076 2002 3401 2074 ventrem,
3446 2002 3766 2077 expetunt
3809 1992 4164 2069 hominem,
4210 2012 4330 2058 nec

2371 2081 2597 2147 dubito
2642 2083 2797 2165 quin
2858 2081 3048 2148 facile
3092 2080 3455 2159 obtineant,
3516 2081 3574 2145 si
3619 2079 3723 2145 vel
3772 2077 3999 2162 pedem
4045 2098 4329 2145 movero.

2367 2169 2472 2234 'ru
2517 2168 2641 2235 hoc
2699 2166 2885 2233 nobis
2940 2165 3125 2233 dabis
3179 2173 3253 2231 ut
3310 2188 3428 2251 per
3488 2165 3771 2248 aliquem
3839 2174 4015 2230 tuam
4084 2165 4332 2230 scribas

2368 2255 2785 2320 sententiam.
2860 2253 3011 2318 Non
3054 2250 3219 2317 mihi
3279 2261 3536 2318 tantum
3584 2250 3699 2317 sed
3742 2250 3889 2316 aliis
3933 2270 4191 2333 quoque
4235 2251 4331 2315 fa-

2368 2340 2502 2407 cies
2569 2360 2707 2404 rem
2774 2349 3044 2424 gratam.
3150 2336 3331 2404 Satis
3397 2337 3585 2403 nobis
3652 2335 3967 2403 deberent
4030 2336 4328 2402 sufficere

2368 2426 2563 2491 binae
2599 2425 2751 2490 illae
2786 2425 2868 2490 ad
2915 2426 3229 2489 miserum
3266 2444 3490 2489 meum
3525 2432 4017 2506 praeceptorem
4062 2422 4325 2487 literae:

2368 2511 2483 2578 sed
2529 2509 2768 2577 mande
2795 2514 2853 2587 ⁹)
2898 2509 3085 2576 nobis
3140 2511 3354 2594 magis
3408 2516 3665 2593 oportet
3708 2518 3784 2574 ut
3827 2518 4048 2574 sancte
4093 2527 4327 2572 consu·

2367 2597 2583 2665 lamus
2628 2617 2748 2663 nos
2792 2596 3194 2682 rogantibus.

3248 3141 3453 3212 3695.

2366 3299 2677 3365 FABEL
2725 3298 2922 3366 on
2980 3296 3490 3364 MINISTRES
3550 3297 3677 3363 DE
3734 3294 4323 3363 NEUCHATEL.

2542 3469 2615 3536 11
2668 3476 2761 3536 est
2816 3469 3326 3550 encoredGap,
3383 3474 3441 3534 et
3495 3468 3825 3534 reviendra
3885 3467 4329 3551 quandonle

2364 3557 2763 3623 demandera.
2862 3555 2937 3621 Π
2979 3561 3120 3622 veut
3176 3559 3367 3638 qu’on
3429 3555 3651 3621 insiste
3693 3556 3925 3637 aupres
3966 3554 4054 3619 du
4097 3555 4326 3636 prime

2354 3643 2620 3796 ms
2602 3644 2769 3795 331⁶.
2787 3642 3173 3810 ζ’ἴηῗῗαὲῗ
3174 3642 3847 3809 swam&
3856 3640 4327 3792 mm

2366 3899 2676 3965 (Bibliotbe
2717 3917 2784 3954 ne
2820 3902 2889 3954 de
2925 3900 3244 3955 Nenebatel.
3282 3929 3349 3940 —
3385 3901 3453 3954 A.
3476 3896 3646 3953 1140.
3700 3897 3780 3951 Im
3822 3898 3989 3952 rimee
4022 3895 4060 3950 ὲ
4096 3897 4150 3950 la
4183 3897 4324 3950 suite

2541 3969 2612 4022 du
2652 3917 2799 4040 &ray
2835 3986 3001 4040 usage
3036 3970 3106 4022 de
3142 3970 3197 4022 la
3230 3971 3399 4038 croix,
3435 3968 3517 4023 ed.
3553 3967 3705 4022 Fick.
3748 3968 3765 4017 l
3882 4006 3895 4032 ,
3933 3983 3986 4036 p.
4021 3963 4166 4032 310.)

2548 4142 2603 4206 A
2648 4161 2789 4207 mes
2848 4141 3201 4209 tresehairs
3258 4141 3462 4208 freres
3516 4138 3596 4206 de
3650 4139 3715 4204 la
3767 4137 3906 4205 Sts.
3965 4137 4324 4204 assemblee

2364 4225 2446 4294 de
2489 4226 2554 4292 Ν
2556 4227 2916 4293 eufchastel

3622 4330 3662 4374 a
3706 4308 4147 4377 Neufchastel.

2572 4484 2678 4549 La
2721 4504 2915 4570 grace
2962 4484 3051 4549 du
3098 4482 3424 4569 Seigneur
3470 4503 3637 4548 vous
3680 4482 3810 4547 soit
3852 4480 4123 4545 donnee.

2536 4621 2686 4687 Mes
2752 4622 3075 4688 treschers
3146 4619 3369 4687 freres.
3462 4618 3605 4703 I’ay
3673 4627 3810 4684 este
3886 4618 4017 4683 fort
4094 4616 4320 4701 ioyeus

2364 4705 2751 4773 d'entendre
2808 4707 2872 4772 la
2924 4727 3140 4772 venue
3201 4717 3344 4772 tant
3409 4704 3662 4772 desiree
3719 4703 3801 4769 de
3844 4703 4322 4786 Monseigneur

2361 4805 2584 4860 nostre
2619 4794 2862 4860 Prince
2898 4800 2967 4859 et
3002 4792 3085 4859 de
3120 4790 3445 4859 Madame.
3476 4797 3524 4867 ¹)
3594 4791 3685 4856 Et
3728 4786 3807 4854 de
3851 4809 3927 4853 ce
4013 4808 4096 4852 ue
4140 4795 4319 4853 toute

2361 4879 2428 4943 la
2492 4899 2651 4947 cour
2715 4878 2908 4963 qu’ilz
2968 4888 3088 4945 ont
3145 4886 3247 4946 est
3311 4879 3441 4944 fort
3493 4876 3876 4944 crestienne.
4034 4882 4063 4938 t
4106 4871 4187 4937 de
4244 4893 4319 4939 ce

2361 4970 2555 5049 qu'on
2602 4989 2641 5031 a
2685 4975 3003 5050 propouse
3047 4965 3127 5030 de
3173 4985 3544 5049 pourveoyr
3588 4961 3872 5027 aOressi
3917 4966 3984 5024 et
4026 4981 4109 5024 au
4136 4960 4316 5025 Lan-

2564 5224 2626 5286 8)
2663 5226 3043 5307 σᾳνοκαίοηαη
3078 5223 3275 5288 (ἑκ-κε).

2356 5292 2631 5430 MR}
2655 5296 2933 5416 ‘ivellffiflL
2969 5358 3120 5413 3670.
3156 5357 3310 5414 8679.
