4900 6125
306 387 411 451 269

1145 570 1342 643 37⁰⁸.

816 723 1292 794 OALVINUS
1336 726 1663 794 ΒΕΖΔΕ.

445 897 2006 983 Επίᾱωοοηυοηῠκεωπωμαεεμίωὑιίυκν

295 986 422 1051 dere
479 983 737 1051 videtur.
830 983 1168 1050 Praeterea
1222 984 1615 1070 animantur
1660 982 1967 1049 nonnulla
2116 981 2130 994 ⁰

292 1067 1226 1137 emamaobemedelsbata.

287 1240 680 1309 (Anthenticnm
728 1243 1011 1314 exemplar
1052 1250 1235 1298 exstat
1283 1243 1342 1297 in
1377 1241 1506 1297 God.
1545 1241 1750 1297 Gener.
1787 1238 1935 1300 107⁸,
1971 1238 2065 1293 fol.
2101 1236 2224 1295 250.

289 1309 596 1380 Apognpha
630 1312 875 1381 reperies
908 1313 964 1367 in
1011 1312 1140 1367 cod.
1193 1311 1335 1379 111⁸,
1370 1310 1462 1366 sol.
1498 1309 1618 1375 208,
1653 1311 1711 1364 in
1758 1310 1898 1379 Epp.
1938 1307 2096 1363 Bern.
2130 1306 2221 1362 VI.

675 1396 728 1451 p.
765 1377 902 1434 1007
937 1386 996 1435 et
1029 1382 1176 1451 apud
1212 1381 1501 1435 Simlernm
1521 1379 1637 1434 Vol.
1665 1377 1810 1447 103.)

287 1554 340 1618 A
361 1552 696 1619 Monsieur
737 1562 806 1619 et
850 1553 1003 1619 bien
1049 1553 1220 1619 aime
1262 1553 1434 1618 frere
1458 1551 1792 1618 Monsieur
1836 1548 1918 1617 de
1960 1550 2157 1616 Beze.
2173 1552 2220 1630 ¹)

435 1724 700 1790 Litcras
743 1731 895 1791 tuas
908 1728 968 1801 ²)
1013 1725 1232 1808 accepi
1276 1724 1524 1791 mixtas
1549 1721 1792 1808 gaudio
1837 1729 1903 1787 et
1947 1721 2223 1788 tristitia

283 1818 406 1875 tum
429 1808 684 1893 publice
706 1817 850 1876 tum
872 1811 1208 1893 privatim.
1281 1809 1456 1876 Nam
1499 1810 1623 1876 etsi
1645 1805 1944 1876 nondum
1980 1827 2220 1875 conva-

281 1895 465 1962 lueris
519 1894 743 1979 aliqua
794 1903 1020 1962 tamen
1075 1918 1159 1962 ex
1218 1902 1408 1980 parte
1470 1894 1851 1980 mitigatum
1893 1913 2037 1960 esse
2079 1914 2220 1960 ma-

279 1980 419 2060 lum,
462 1992 530 2048 et
568 1992 638 2046 te
658 1979 883 2047 dolore
917 1982 1212 2048 levatum
1251 2002 1397 2048 esse
1429 1981 1644 2048 laetus
1679 1980 1973 2065 cognovi,
2011 2000 2222 2063 quan-

279 2087 458 2150 quam
499 2087 610 2134 me
650 2066 851 2132 simul
908 2068 1096 2152 angit
1154 2066 1328 2152 quod
1368 2066 1701 2134 residuum
1749 2076 1868 2145 est,
1911 2084 1987 2131 ac
2030 2085 2220 2149 prae-

278 2152 488 2219 sertim
564 2151 767 2219 timor
851 2164 1007 2220 tuus
1083 2174 1280 2238 quem
1364 2163 1589 2221 tamen
1666 2161 2003 2218 extenuas.
2115 2150 2221 2216 De

277 2248 501 2305 eventu
569 2237 960 2305 Conventus
1025 2247 1123 2305 tot
1187 2239 1345 2304 laeti
1409 2238 1636 2304 nuncii
1702 2237 2075 2315 volitarant,
2140 2249 2222 2302 ιιι

276 2323 428 2388 nihil
458 2323 628 2389 mihi
663 2323 1022 2390 iucundum
1056 2326 1129 2390 in
1164 2334 1283 2390 tua
1316 2326 1698 2389 narratione
1731 2324 1947 2389 fuerit.
2007 2319 2219 2403 Quid-

275 2408 415 2492 quid
455 2410 776 2477 hactenus
810 2410 1088 2476 feliciter
1123 2410 1470 2488 acciderat,
1504 2430 1636 2475 uno
1669 2417 2003 2475 momento
2030 2428 2219 2474 ever-

276 2514 406 2561 sum
460 2506 584 2562 est.
689 2493 939 2576 Quales
994 2496 1342 2563 habiturus
1396 2495 1489 2562 sis
1532 2494 1743 2561 socios
1784 2492 2002 2560 video:
2104 2515 2219 2559 uo-

273 2601 407 2646 rum
462 2581 634 2647 alter
689 2581 999 2666 garrulus
1063 2593 1129 2648 et
1169 2582 1389 2649 mimia
1444 2579 1843 2647 confidentia
1896 2580 2073 2665 turgi
2122 2600 2216 2659 us,

276 2666 424 2732 alter
497 2676 726 2734 autem
802 2665 1025 2734 fatuus
1105 2675 1175 2734 et
1230 2666 1528 2746 stolidus,
1595 2665 1832 2733 deinde
1899 2666 2218 2749 profanus

273 2760 332 2818 et
380 2752 516 2819 sola
569 2752 837 2819 inscitia
893 2751 1130 2831 audax,
1189 2772 1265 2820 ac
1308 2772 1574 2836 prorsus
1617 2750 1828 2816 nihili.
1855 2752 1909 2834 ⁸)
1993 2749 2217 2835 Oppo-

269 2846 494 2904 nentur
554 2846 781 2904 autem
836 2837 1024 2905 vobis
1079 2839 1379 2904 homines
1433 2846 1570 2903 tam
1613 2835 1745 2903 Dei
1787 2846 1970 2903 metu
2015 2858 2216 2922 quam

267 2923 500 3007 pudore
558 2923 783 2990 soluti.
872 2924 1046 2991 Nam
1102 2923 1472 2991 Monachus
1487 2925 1549 3001 ⁴)
1604 2924 1716 3007 qui
1774 2921 1940 2988 mibi
1999 2943 2216 3007 nuper

267 3010 610 3096 rescripsit,
657 3009 801 3077 vult
841 3011 911 3076 in
956 3009 1250 3078 Domino
1293 3011 1512 3094 potius
1554 3030 1754 3094 quam
1799 3009 1944 3076 Deo
1988 3008 2216 3075 vivere

268 3105 326 3161 et
375 3099 563 3162 mori.
654 3095 922 3163 Senties
972 3095 1131 3181 quid
1189 3097 1514 3164 hactenus
1576 3095 1814 3162 occulti
1860 3096 2100 3161 veneni
2142 3096 2215 3160 in

267 3181 446 3250 corde
487 3183 747 3249 aluerit.
820 3181 967 3248 Iam
1011 3185 1069 3248 si
1113 3191 1411 3248 veterum
1471 3181 1872 3247 testimoniis
1906 3201 2215 3265 pugnan-

267 3266 407 3334 dum
442 3271 589 3345 erit,
638 3268 807 3334 nihil
843 3269 1057 3354 magis
1091 3268 1435 3335 confusum
1472 3275 1696 3334 vestra
1730 3266 2213 3350 disceptatione.

265 3351 496 3419 Verum
542 3355 712 3420 haec
753 3354 1222 3438 intempestive
1267 3354 1500 3432 scribo,
1568 3353 1723 3437 quia
1768 3352 1878 3417 vel
1920 3353 2217 3420 confecta

263 3458 358 3503 res
412 3441 554 3518 erit,
618 3440 724 3504 vel
782 3441 848 3505 in
907 3440 1048 3506 luto
1091 3439 1278 3507 eritis
1322 3437 1602 3505 demersi
1647 3447 1999 3521 antequam
2043 3438 2216 3505 istuc

261 3526 642 3605 perveniant
696 3545 885 3592 meae
937 3525 1188 3593 literae.
1277 3525 1415 3592 Sed
1459 3522 1795 3609 rogandus
1837 3523 1967 3589 erit
2008 3524 2214 3604 Deus,

261 3619 330 3673 ut
381 3621 445 3677 te
498 3610 780 3678 consilio
833 3622 1042 3695 regat,
1097 3608 1372 3694 dissipet
1427 3621 1608 3678 astus
1651 3609 2105 3693 improborum
2149 3622 2218 3675 et

261 3692 512 3779 laqueos
567 3718 799 3763 omnes
857 3695 1322 3780 decipulasque
1379 3694 1668 3763 Satanae
1733 3694 1945 3760 solvat
1988 3706 2058 3761 et
2100 3696 2214 3761 ab·

259 3801 391 3846 rum
477 3797 524 3848 t.

393 3802 706 3949 pausada
784 3878 1084 3951 repertus
1161 3877 1266 3933 est
1344 3877 1478 3932 tam
1558 3865 1834 3932 idoneus
1910 3865 2217 3934 Budaeus·

259 3971 598 4033 successor,
645 3953 974 4036 paciscere
1016 3974 1161 4020 cum
1187 3972 1282 4031 eo,
1329 3959 1407 4018 nt
1441 3953 1657 4017 visum
1700 3953 1912 4029 fuerit,
1958 3952 2041 4018 de
2074 3955 2214 4019 via-

263 4038 396 4115 tico,
437 4040 640 4105 modo
684 4059 770 4105 ne
812 4039 964 4122 plus
1006 4039 1234 4123 exigat
1275 4059 1470 4121 quam
1514 4038 1685 4104 ferat
1727 4047 1956 4104 nostra
1998 4039 2212 4105 tenui-

261 4131 369 4190 tas.
454 4125 870 4209 Magnopere
914 4136 1137 4191 tamen
1196 4121 1553 4189 videndum
1595 4133 1715 4202 est,
1780 4144 1866 4188 ne
1908 4125 1981 4189 in
2025 4137 2214 4191 tanta

261 4213 524 4290 penuria
582 4232 737 4278 eum
791 4211 981 4277 nobis
1025 4210 1196 4277 elabi
1237 4210 1437 4277 sinas.
1527 4208 1956 4276 Samraverius
1998 4209 2214 4277 adhuc

262 4292 600 4376 decumbit,
646 4308 716 4361 et
754 4317 1006 4375 vereor,
1051 4297 1110 4361 si
1143 4296 1497 4380 pristinum
1535 4296 1828 4379 vigorem
1869 4315 2214 4381 recupera-

259 4382 438 4462 verit,
485 4404 574 4449 ne
620 4383 692 4448 in
730 4382 1012 4466 patriam
1051 4381 1283 4449 evolet.

419 4467 843 4535 Pennltimas
900 4477 1048 4535 tuas
1106 4487 1241 4534 non
1298 4468 1468 4534 attin
1556 4517 1570 4532 .
1652 4466 2006 4552 Negotium
2050 4466 2215 4534 illud

263 4549 336 4618 de
374 4575 500 4637 quo
545 4556 682 4621 iam
720 4574 852 4620 non
899 4567 999 4620 est
1042 4552 1247 4621 libera
1290 4575 1493 4621 consu
1521 4553 1699 4632 tatio,
1745 4553 1910 4619 mihi
1953 4552 2213 4638 perple-

261 4826 434 4882 8700.
455 4828 516 4894 1)
552 4829 713 4884 Haec
746 4826 1013 4883 Calvinus
1047 4843 1115 4883 m.
1148 4842 1234 4896 pr.

451 4896 516 5036 ²3
549 4894 1001 5022 wuffiffi
1016 4894 2211 5033 voxviancgeaxegagmmgr.im

255 4966 685 5117 pndmgleqisq‘,
719 5051 907 5090 verum
937 5041 986 5090 et
1007 5032 1382 5090 Mortes-atus·
1403 5032 1587 5090 eodem
1619 5033 1735 5090 loco
1764 5034 2002 5104 pomus·
2034 5033 2211 5100 fussee

260 5105 435 5160 παίω
469 5118 689 5159 mm

1547 5170 1792 5226 ‘tamus
1833 5173 1995 5228 cuius
2039 5173 2212 5228 solius

262 5238 1215 5300 metuendaeaemntssor
1285 5241 1434 5295 nicta
1670 5244 1906 5310 tmpore
1974 5241 2212 5310 scriptae

259 5307 552 5378 (xmae),
591 5325 774 5366 vernn
811 5309 906 5366 vix
941 5311 1001 5365 in
1035 5309 1179 5367 hunc
1214 5325 1355 5379 quae
1386 5309 1478 5365 hic
1508 5309 1673 5367 haben
1706 5308 1901 5366 cadere
1933 5308 2205 5367 m’dentur.

1985 386 2146 450 1562
2189 381 2572 453 IANUAR.

4159 384 4290 450 2⁷0

2324 592 2491 639 xum
2548 578 2668 672 est,
2728 569 2974 672 multis.
3013 577 3235 672 autem
3294 568 3618 672 odiosum·
3635 569 3777 637 erit.
3866 569 4020 635 Non
4062 577 4285 639 metuo

2323 656 2706 828 {tm‘zff’
2728 654 2895 827 5:⁴¹3.
2910 655 4287 821 &maffisffzaeffianfflfiffi

2323 827 2765 915 respondebit.
2850 826 3029 910 Quid
3072 826 3259 895 dico?
3327 828 3445 895 vix
3487 828 3910 895 centesimam
3952 828 4089 912 spei
4134 848 4283 913 par-

2323 924 2459 982 tem
2501 913 2929 998 explebimus.
3006 911 3142 980 Sed
3178 915 3377 980 finem
3413 914 3597 995 facio,
3639 915 3794 998 quia
3834 934 3942 981 me
3986 922 4055 981 et
4097 913 4283 980 dolor

2323 1009 2393 1067 et
2433 998 2802 1068 sollicitudo
2839 1000 3249 1086 constringit.

2496 1084 2604 1152 De
2650 1085 3047 1153 Normandio
3089 1084 3346 1153 nullum
3390 1093 3454 1152 te
3498 1084 3774 1153 verbum
3814 1085 3887 1151 in
3937 1086 4288 1170 postremis

2324 1174 2460 1240 tuis
2536 1172 2767 1240 fecisse
2832 1173 3108 1239 miratus
3172 1192 3339 1238 sum.
3448 1170 3841 1256 Ubicunque
3906 1178 4131 1239 tamen
4195 1172 4284 1240 sit

2324 1258 2600 1326 multam
2639 1257 2702 1323 ei
2743 1256 3023 1325 salutem
3068 1278 3312 1342 precor.
3386 1256 3694 1343 Oollegae
3736 1258 3937 1324 etiam
3981 1264 4050 1322 et
4089 1256 4287 1325 amici

2323 1364 2553 1411 omnes
2634 1351 2698 1410 te
2774 1342 3136 1428 plurimum
3200 1342 3510 1410 salutant.
3622 1340 3964 1417 Senatum,
4026 1350 4283 1426 partem

2322 1428 3086 1583 ffitusspifflissffiissffo
3122 1425 4282 1600 ‘zffifflffiffissbssrdss

2322 1600 2750 1687 integerrime
2827 1609 2897 1667 et
2977 1566 3348 1669 dnl’cissime
3425 1601 3646 1667 frater.
3757 1600 4084 1666 Dominus
4160 1565 4281 1666 tibi

2323 1708 2583 1772 semper
2604 1684 2793 1767 adsit,
2831 1694 2897 1754 te
2931 1688 3252 1773 gubernet
3294 1687 3671 1772 invictaque
3693 1687 3937 1753 virtute
3959 1686 4285 1753 sustineat

2321 1795 2528 1859 usque
2570 1773 2643 1839 in
2687 1774 2906 1840 finem.
2998 1778 3073 1838 5⁰
3116 1772 3257 1840 Cal.
3302 1772 3499 1840 Febr.
3554 1775 3736 1838 1562.

3148 1909 3481 1975 Iohannes
3515 1908 3837 1976 Calvinus
3876 1918 4049 1974 tuus.
4064 1910 4116 1983 ⁸)

3088 2206 3491 2216 ———-—-———

3208 2457 3398 2527 37⁰7.

2856 2609 3220 2681 ZANOUS
3264 2610 3755 2679 OAILLE'I'O.

2495 2783 2743 2864 Inveni,
2789 2790 2857 2850 ut
2892 2784 3156 2862 videtur,
3200 2784 3617 2884 Argentorato
3662 2783 3976 2850 Genavam
4001 2782 4278 2867 profecto

2320 2873 2504 2937 autor
2568 2875 2661 2936 est
2713 2876 2787 2936 ut
2824 2870 3101 2936 marchae
3142 2869 3347 2936 siudw
3393 2870 3821 2936 Institutionis
3866 2867 4277 2935 (lamiam

2319 2954 2640 3024 incumbat
2680 2961 2737 3022 et
2799 2976 2865 3023 se
2918 2956 3136 3039 ipsum
3198 2952 3613 3025 calvinistam
3643 2955 3991 3038 profitetur,
4035 2975 4162 3037 qua
4201 2955 4277 3022 de

2318 3061 2519 3112 eausa
2559 3064 2605 3110 a
2652 3040 2994 3110 Germanis
3036 3042 3389 3125 impetatur.

2598 3215 2709 3283 (Ex
2745 3214 2917 3269 Temo
2954 3213 3111 3268 VIII.
3148 3212 3284 3284 Opp.
3321 3211 3527 3268 Zanchi
3565 3213 3631 3270 P.
3668 3213 3736 3268 11.
3773 3230 3825 3282 p.
3862 3210 4004 3275 177.)

2319 3472 2515 3539 Nunc
2581 3471 2767 3539 vides
2830 3473 2904 3537 in
2946 3465 3280 3556 quodnam
3338 3470 3633 3540 studium
3696 3471 3818 3537 tibi
3884 3472 3972 3536 sit
4024 3470 4278 3536 incum-

2320 3557 2627 3632 bendum,
2674 3565 2743 3624 et
2783 3557 2942 3623 dum
2984 3558 3136 3624 istic
3177 3577 3249 3621 es
3291 3577 3452 3622 cura
3493 3564 3572 3622 ut
3604 3577 3689 3622 ex
3723 3565 3949 3622 sancto
3985 3554 4100 3621 illo
4134 3556 4277 3621 viro

2316 3644 2643 3710 rationem
2709 3643 2995 3727 aliquam
3050 3643 3273 3727 capias
3330 3642 3691 3709 studiorum
3747 3650 4012 3708 tuorum
4077 3661 4277 3728 quam

2317 3738 2452 3797 toto
2498 3731 2672 3796 vitae
2714 3738 2868 3796 tuae
2911 3727 3235 3796 curriculo
3276 3728 3711 3812 persequaris.
3756 3735 3894 3795 tam
3938 3727 4008 3794 in
4050 3727 4275 3812 legen-

2317 3815 2419 3881 dis
2479 3815 2826 3898 scripturis
2881 3835 3080 3899 quam
3139 3815 3214 3878 in
3255 3813 3417 3880 locis
3460 3813 3916 3880 communibus
3960 3812 4275 3899 colligen-

2316 3901 2436 3968 dis.
2527 3901 2788 3968 Deinde
2831 3921 2913 3966 ex
2957 3901 3138 3967 illius
3180 3900 3715 3966 Institutionibus
3759 3898 3997 3984 collige
4042 3899 4108 3963 in
4155 3898 4277 3965 ali-

2315 4008 2510 4072 quem
2553 3986 2796 4054 librum
2838 3986 2987 4054 illos
3026 3986 3376 4071 praecipue
3418 3985 3595 4054 locos
3628 3985 3742 4069 qui
3778 3991 4276 4051 controvertun-

2315 4082 2426 4140 tur
2469 4073 2596 4138 hoc
2638 4081 2932 4157 tempore
2978 4074 3151 4138 inter
3192 4092 3314 4137 nos
3355 4077 3424 4138 et
3465 4072 3756 4156 papistas
3799 4071 4087 4155 aliosque
4120 4068 4276 4136 hae-

2316 4159 2586 4225 reticos:
2631 4159 2712 4225 iis
2753 4166 2999 4243 postea,
3042 4159 3101 4225 si
3144 4157 3302 4243 quid
3344 4160 3519 4223 inter
3561 4153 3961 4225 studendum
4004 4177 4087 4222 ss.
4131 4155 4276 4222 lite·

2316 4246 2428 4325 ris,
2496 4245 2604 4310 vel
2668 4245 2741 4309 in
2805 4244 3087 4311 lectione
3152 4253 3434 4327 patrum,
3502 4243 3601 4308 vel
3664 4242 3732 4308 in
3789 4241 4276 4308 commentariis

2317 4328 2655 4398 doctorum
2702 4330 2996 4397 virorum
3040 4330 3251 4396 nostri
3314 4330 3644 4413 temporis,
3709 4328 3818 4396 vel
3851 4328 3984 4395 alia
4024 4328 4276 4393 ratione

2317 4416 2438 4483 tibi
2471 4424 2776 4483 occurrat
2829 4414 3001 4500 qnod
3059 4413 3145 4482 ad
3187 4435 3300 4481 eos
3342 4415 3520 4482 locos
3562 4416 3907 4499 pertineat,
3950 4411 4115 4479 illud
4158 4411 4276 4480 ad-

2317 4502 2465 4568 des:
2543 4504 2640 4568 ita
2680 4503 2862 4567 intra
2903 4522 3146 4585 paucos
3188 4521 3398 4567 annos
3439 4500 3556 4568 tibi
3601 4521 3908 4586 magnam
3954 4499 4273 4582 supellec-

2317 4587 2503 4654 tilem
2569 4589 2848 4671 parabis.
2951 4586 3087 4654 Sed
3151 4595 3412 4672 praeter
3468 4585 3592 4654 hoc
3645 4608 3863 4652 meum
3931 4585 4275 4652 consilinm

2316 4674 2602 4753 consule,
2661 4682 2736 4739 ut
2779 4683 2977 4740 antea
3018 4694 3359 4757 coeperam
3403 4671 3636 4751 dicere,
3693 4670 3777 4737 D.
3832 4670 4164 4738 Calvinum
4207 4680 4276 4736 et

2314 4760 2497 4829 illius
2542 4781 2816 4843 sequere
2872 4758 3239 4826 consilium.
3290 4793 4274 4808 ————————

2488 4846 2864 4924 Caeterum,
2921 4845 3095 4929 quod
3149 4844 3235 4911 ad
3291 4845 3414 4911 hoc
3470 4843 3708 4929 dogma
3767 4845 4020 4919 attinet,
4065 4840 4275 4907 habeo

2357 4954 2481 4998 uae
2525 4932 2692 4997 meis
2737 4930 3132 4998 adversariis
3175 4952 3257 5014 op
3348 4952 3499 4998 nam
3547 4953 3629 4995 ex
3673 4928 3926 4995 duobus
3960 4928 4274 4994 Martinis

2381 5018 2690 5098 ermanis,
2774 5017 3042 5084 Luthero
3107 5025 3173 5084 et
3304 5037 3483 5083 acero
3548 5014 3892 5099 permulta.
4003 5014 4271 5080 Etenim

2517 5311 2579 5378 5)
2620 5310 2809 5367 Euam
2847 5310 3171 5379 subscriptio
3206 5313 3415 5378 autom·-
