4900 6125
282 443 353 506 73
2072 442 2237 505 1563
2278 439 2464 509 IUL.

278 627 561 696 barbarie
623 626 1038 712 expostulare
1093 626 1311 707 libeat,
1370 626 1541 711 quod
1596 626 1927 693 hominem
1988 625 2069 693 de
2112 648 2218 694 ec·

280 716 460 781 cleda
499 712 631 779 Dei
695 733 830 778 nou
896 713 1068 778 male
1124 713 1456 792 meritum,
1516 721 1585 778 et
1648 713 1836 779 cuius
1889 712 2219 779 laboribus

280 800 488 878 adiuti,
533 800 835 882 quamvis
879 799 1316 876 dissimulent,
1371 821 1444 864 se
1485 796 1833 865 venditant
1874 797 2051 882 apud
2093 799 2219 864 im·

277 885 525 970 peritos,
568 896 908 968 tantopere
972 884 1454 962 abominantur,
1515 882 1600 949 ad
1653 883 2003 950 fucandam
2048 885 2222 950 hanc

278 971 808 1055 ingratitudinem
875 970 1096 1036 nullus
1161 970 1292 1035 illis
1358 969 1536 1037 color
1612 977 1931 1054 suppetet.
2034 968 2219 1035 Dum

464 1055 945 1122 Calvinismum
987 1054 1349 1122 obiiciendo
1416 1055 1633 1138 aliqua
1699 1056 2010 1121 infamiae
2065 1065 2222 1122 nota

274 1153 445 1207 tuam
489 1141 965 1208 Celsitudinem
1017 1161 1366 1227 aspergere
1420 1148 1759 1221 conantur,
1825 1141 1997 1206 nihil
2041 1139 2220 1207 aliud

274 1247 460 1311 quam
538 1248 728 1294 suam
804 1228 1200 1310 pravitatem
1266 1248 1417 1294 cum
1482 1227 1764 1293 stultitia
1826 1228 2076 1294 frustra
2151 1236 2219 1292 et

270 1333 502 1397 magno
556 1335 674 1379 suo
731 1334 885 1379 cum
941 1312 1257 1379 dedecore
1321 1311 1630 1396 produnt.
1721 1312 1916 1394 Quod
1961 1312 2017 1378 si
2062 1312 2217 1395 quid

272 1397 390 1463 sibi
430 1398 741 1483 consequi
784 1397 1100 1465 videntur
1157 1397 1332 1482 apud
1393 1398 1500 1464 sui
1542 1397 1810 1476 similes,
1877 1419 1962 1463 ex
2017 1418 2218 1482 oppo-

271 1485 391 1548 sito
431 1482 607 1566 apud
646 1484 811 1568 pios,
854 1484 1165 1560 eruditos,
1210 1485 1604 1567 compositae
1659 1483 1901 1549 mentis
1944 1485 2217 1569 integri-

270 1589 388 1652 que
466 1567 689 1636 iudicii
756 1569 1057 1636 homines
1120 1590 1269 1636 mea
1333 1590 1463 1636 vox
1529 1568 1960 1654 personandis
2025 1570 2219 1636 iustis

268 1655 395 1720 tuis
427 1655 752 1732 laudibus,
790 1665 863 1721 ut
897 1677 1105 1739 spero,
1143 1654 1550 1721 exaudietur.
1616 1655 1920 1740 Fingunt
1952 1654 2217 1737 quidem

268 1739 579 1806 eiusmodi
624 1739 892 1807 rabulae
935 1749 1004 1806 et
1046 1742 1305 1806 fortiter
1349 1741 1712 1819 clamitant,
1757 1752 2074 1824 tanquam
2097 1762 2216 1824 pro

266 1825 393 1892 aris
436 1836 505 1892 et
546 1827 703 1893 focis
752 1848 823 1893 se
866 1825 1207 1893 dimicare:
1255 1847 1485 1893 verum
1531 1847 1616 1890 an
1659 1827 1756 1892 ita
1797 1826 1887 1893 sit
1929 1827 2217 1893 iudicare

266 1912 467 1978 cuivis
510 1912 703 1979 facile
745 1932 821 1978 ac
875 1922 1258 1996 promptum
1315 1921 1434 1979 est.
1519 1912 1615 1977 Et
1667 1913 1750 1978 ab
1807 1911 2216 1978 excutiendis

262 1995 520 2080 quidem
574 2018 803 2064 eorum
868 1999 1120 2064 deliriis
1183 1995 1634 2081 supersedebo,
1693 1996 1953 2081 quaudo
2009 1999 2219 2064 maior

262 2101 484 2148 eorum
529 2104 684 2167 pars
726 2082 883 2167 quid
926 2085 1174 2167 garriat
1217 2105 1353 2149 non
1394 2083 1742 2168 intelligit:
1804 2092 2065 2148 tantum
2108 2105 2217 2151 ca·

260 2169 396 2251 pita
438 2169 732 2235 breviter
774 2170 1095 2253 attingam
1142 2170 1214 2233 in
1258 2169 1496 2253 quibus
1531 2170 1614 2235 ab
1648 2170 1937 2253 ipsorum
1975 2170 2216 2254 magis·

260 2255 401 2334 tris,
447 2276 615 2339 quos
657 2267 879 2321 tamen
925 2255 1360 2320 nihilominus
1395 2275 1562 2333 amo,
1609 2253 2017 2321 dissidemus.

427 2339 682 2406 Christi
746 2362 946 2407 carne
1010 2352 1078 2406 et
1141 2342 1460 2424 sanguine
1526 2361 1684 2406 vere
1749 2361 1870 2405 nos
1913 2341 1985 2405 in
2028 2361 2216 2407 sacra

257 2445 461 2491 coena
524 2427 725 2511 pasci,
790 2447 926 2491 nou
993 2447 1182 2492 secus
1243 2447 1319 2493 ac
1362 2426 1557 2510 panis
1600 2436 1669 2491 et
1712 2426 1941 2493 vinum
1986 2447 2213 2509 corpo-

254 2523 399 2575 rum
445 2521 609 2577 sunt
651 2512 983 2588 alimenta,
1028 2513 1095 2577 in
1145 2532 1312 2577 enue
1367 2512 1668 2579 fatemur.
1756 2511 1834 2578 Si
1877 2512 2214 2594 quaeritur

254 2596 609 2680 explicatio
642 2597 857 2681 magis
893 2597 1090 2664 diluci
1138 2617 1196 2674 a,
1241 2600 1458 2664 carnis
1493 2608 1561 2663 et
1593 2598 1935 2682 sanguinis
1959 2596 2212 2663 Christi

254 2681 628 2749 substantia
670 2684 1031 2766 spiritualis
1073 2683 1263 2749 nobis
1298 2683 1437 2750 vita
1471 2695 1589 2763 est,
1627 2704 1831 2767 eaque
1866 2684 1987 2750 sub
2023 2683 2212 2766 panis

249 2775 315 2831 et
358 2768 500 2834 vini
545 2768 863 2853 symbolis
908 2768 1097 2835 nobis
1138 2769 1740 2835 communicantur:
1785 2769 1939 2852 quia
1982 2768 2211 2835 Chris-

246 2863 353 2918 tus
436 2855 833 2938 mysterium
897 2874 1137 2919 coenae
1199 2855 1551 2921 instituens
1615 2875 1830 2938 neque
1890 2854 2212 2921 fallaciter

246 2938 611 3022 quidquam
674 2940 994 3022 promisit,
1059 2960 1275 3023 neque
1332 2940 1494 3006 lusit
1557 2941 1864 3006 inanibus
1918 2943 2209 3023 spectris,

245 3023 359 3090 sed
396 3024 575 3109 quod
621 3046 695 3091 re
732 3026 879 3109 ipsa
921 3023 1120 3092 dabat
1161 3027 1457 3093 externis
1510 3026 1719 3111 signis
1762 3035 2210 3109 repraesenta-

245 3110 359 3176 vit.
440 3111 644 3177 Nunc
686 3111 770 3177 de
821 3111 1014 3177 modo
1057 3112 1671 3179 communicationis
1728 3122 1936 3178 restat
1978 3133 2210 3195 quaes-

241 3197 354 3263 tio.
444 3197 634 3264 Hinc
684 3217 845 3262 vero
904 3198 1199 3265 nascitur
1253 3199 1620 3276 conflictus,
1687 3197 1858 3282 quod
1924 3198 2211 3265 subscri·

242 3281 397 3347 bere
442 3303 675 3349 eorum
732 3282 1189 3367 imaginationi
1245 3301 1629 3349 recusamus
1684 3284 1798 3367 qui
1838 3283 1961 3351 loci
2016 3304 2211 3367 prae-

238 3369 531 3434 sentiam
596 3368 892 3453 exigunt.
984 3369 1313 3447 Dicimus,
1381 3368 1680 3452 quamvis
1742 3370 1811 3434 in
1878 3369 2060 3436 coelo
2122 3369 2211 3434 sit

237 3452 578 3531 Christus,
637 3474 877 3519 arcana
933 3464 1155 3519 tamen
1214 3464 1281 3519 et
1332 3453 1973 3539 incomprehensibili
2015 3455 2209 3541 spiri-

234 3546 349 3605 tus
392 3540 543 3605 eius
587 3541 831 3605 virtute
874 3538 958 3603 ad
1001 3560 1125 3604 nos
1167 3545 1517 3622 penetrare
1561 3541 1843 3623 gratiam
1884 3540 2090 3619 illam,
2135 3548 2212 3606 ut

235 3644 387 3689 caro
434 3626 585 3691 eius
628 3626 818 3692 nobis
860 3625 952 3691 sit
993 3625 1279 3703 vivifica,
1345 3646 1469 3691 nos
1527 3634 1746 3691 autem
1805 3626 2013 3693 simus
2056 3646 2208 3693 caro

238 3729 322 3774 ex
368 3731 579 3777 carne
620 3711 764 3777 eius
807 3719 877 3775 et
919 3731 1065 3776 ossa
1108 3730 1195 3775 ex
1237 3711 1495 3778 ossibus
1537 3711 1681 3777 eius
1725 3712 1927 3797 (Eph.
1971 3718 2031 3792 5,
2070 3716 2205 3787 30).

238 3794 348 3861 Ab
382 3796 525 3862 illis
561 3805 807 3874 contra,
848 3797 976 3861 nisi
1019 3817 1090 3861 se
1112 3796 1422 3862 Christus
1456 3797 1524 3861 in
1561 3805 1743 3862 terra
1775 3797 1982 3877 sistat,
2024 3797 2210 3863 nulla

238 3882 386 3948 eius
472 3881 847 3947 admittitur
923 3881 1446 3949 communicatio.
1557 3883 1767 3948 Porro
1829 3892 1906 3948 ut
1980 3883 2208 3950 localis

232 3968 665 4050 praesentiae
706 3967 931 4032 odium
975 3967 1249 4051 fugiant,
1316 3978 1761 4034 commentum
1805 3968 2209 4053 Ubiquitatis

233 4054 469 4119 minus
515 4053 852 4137 probabile
895 4053 1215 4119 fabricare
1256 4074 1524 4119 necesse
1566 4063 1697 4120 est:
1755 4053 1932 4138 quod
1973 4057 2030 4121 si
2076 4076 2209 4121 non

231 4137 555 4205 videmus
683 4160 787 4205 sse
829 4159 980 4203 cum
1022 4136 1176 4204 fidei
1220 4139 1560 4223 principiis
1605 4140 1958 4221 conciliari,
2022 4139 2208 4206 rudi-

232 4224 359 4289 tati
429 4159 681 4291 salt&
726 4234 988 4291 nostrae
1043 4225 1406 4308 ignoscant.
1494 4225 1628 4291 Hic
1681 4248 1815 4292 non
1868 4227 2211 4310 sequimur

228 4312 589 4394 proprium
635 4331 920 4390 sensum,
967 4309 1084 4375 sed
1138 4310 1461 4394 quantum
1506 4311 1719 4376 intelli
1806 4313 1985 4378 ntiae
2039 4311 2207 4377 divi·

228 4397 424 4462 nitus
470 4397 664 4461 nobis
707 4415 1050 4461 concessae
1093 4394 1398 4461 modulus
1439 4398 1632 4480 capit,
1675 4398 1731 4463 C
1818 4400 1926 4464 isti
1970 4417 2207 4483 eorpus

228 4502 381 4548 8888
452 4481 698 4564 ubique
755 4482 1032 4547 minime
1087 4503 1240 4548 cum
1306 4482 1637 4565 scriptura
1692 4494 2203 4549 consentaneum

229 4578 381 4633 est·
452 4568 711 4633 Verum
756 4569 1181 4651 quantumvis
1232 4567 1546 4633 reclamet
1588 4569 1898 4635 Christus
1961 4571 2101 4653 ipse
2140 4578 2207 4634 et

228 4652 549 4737 apostoli,
615 4662 695 4718 ut
747 4652 1160 4719 immensitas
1215 4651 1478 4719 deitatis
1518 4654 1589 4718 in
1636 4675 1899 4721 carnem
1944 4676 2206 4739 compe-

226 4747 352 4818 tat,
400 4739 657 4805 suffieit
696 4738 829 4804 illis
887 4738 1246 4821 personalis
1302 4740 1480 4805 unio.
1567 4742 1775 4823 Atqui
1812 4762 2007 4808 nemo
2051 4741 2205 4807 hae·

226 4834 441 4890 tenua
488 4832 751 4907 praeter
784 4823 1137 4909 Eutychen
1179 4823 1421 4902 docuit,
1464 4826 1560 4892 sic
1598 4828 1963 4910 permixtas
2005 4827 2208 4893 fuisse

224 4920 543 4989 naturas,
586 4909 701 4976 ubi
737 4908 1045 4977 Christus
1078 4909 1274 4975 homo
1314 4911 1529 4977 factus
1572 4921 1692 4991 est,
1739 4922 1811 4978 ut
1855 4912 2025 4997 quod
2071 4911 2208 4978 dei·

226 4998 361 5062 tati
408 4996 759 5081 proprium
802 5005 946 5061 erat
988 4996 1320 5061 humanae
1382 5005 1661 5063 naturae
1704 5018 2048 5065 commune
2093 5000 2207 5064 fie-

222 5090 351 5149 ret.
462 5079 798 5166 Eqnidem
864 5080 1014 5147 nolo
1076 5101 1161 5146 ex
1225 5081 1513 5148 hominis
1579 5083 1874 5149 damnati
1941 5085 2209 5150 nomine

222 5168 371 5235 illis
432 5167 663 5233 odium
715 5169 1026 5234 conflare:
1093 5165 1401 5233 monendi
1458 5176 1683 5235 tamen
1742 5179 1899 5236 sunt
1942 5180 2015 5236 ut
2059 5190 2207 5253 pro·

222 5256 388 5339 pius
448 5260 523 5319 et
575 5254 894 5320 attentius
950 5274 1170 5320 secum
1236 5261 1562 5337 reputent,
1627 5276 1941 5340 quorsum
1999 5257 2205 5323 bonos

214 5360 526 5426 quoque,
599 5340 825 5407 doctos
901 5350 970 5405 et
1042 5340 1447 5423 perspicaces
1512 5341 1799 5426 abripiat
1860 5342 2210 5424 contentio,

4198 444 4280 505 74

2321 629 2437 694 ubi
2502 634 2765 694 tantum
2823 628 2907 695 ad
2962 647 3199 694 causae
3251 648 3410 694 suae
3466 627 3901 710 patrocinium
3962 628 4279 695 feruntur.

2320 714 2520 780 Certe
2562 735 2763 797 quum
2804 714 2876 780 in
2919 712 3193 780 concilio
3216 714 3553 796 Ephesino
3595 713 3721 779 hoc
3761 713 4088 779 refutandi
4110 714 4281 781 Nes-

2319 799 2471 864 torii
2516 801 2836 882 optimum
2881 807 3053 865 esset
3094 798 3557 882 compendium
3602 799 3660 864 si
3704 799 3861 863 unio
3917 800 4282 883 personalis

2320 887 2836 952 communicaret
2898 886 3073 950 inter
3135 893 3408 950 naturas
3461 883 3633 967 quod
3690 884 3923 968 cuique
3987 892 4089 950 est
4131 906 4283 968 pro-

2320 971 2562 1055 prium,
2620 972 2743 1037 hoc
2804 971 3115 1056 proferre,
3169 970 3324 1054 quia
3379 991 3499 1054 pro
3564 990 3827 1035 summa
3867 969 4278 1037 absurditate

2319 1055 2735 1139 repudiatum
2780 1065 2970 1136 esset,
3031 1057 3282 1122 nemini
3336 1056 3523 1122 venit
3564 1055 3634 1120 in
3670 1062 3975 1122 mentem.
4041 1055 4282 1140 Itaque

2320 1141 2765 1208 valde'miror
2807 1164 2917 1210 eos
2960 1143 3071 1225 qui
3116 1142 3302 1207 nobis
3337 1141 3786 1220 adversantur,
3833 1143 3904 1206 in
3950 1162 4145 1225 quem
4178 1142 4278 1208 la·

2322 1226 2365 1293 b
2413 1227 2711 1293 rinthum
2773 1250 2844 1295 se
2909 1227 3315 1311 demergant,
3378 1248 3509 1292 non
3576 1227 4004 1293 considerare.
4101 1226 4278 1294 Nam

2322 1335 2381 1380 s1
2425 1312 2692 1379 deitatis
2748 1313 3160 1379 immensitas
3204 1311 3458 1378 Christi
3515 1313 3698 1377 carni
3751 1313 4081 1392 convenit,
4123 1315 4279 1397 quia

2319 1399 2508 1464 Deus
2572 1399 3032 1465 manifestatus
3097 1406 3198 1464 est
3260 1398 3333 1462 in
3395 1418 3591 1464 carne
3658 1403 3747 1475 (l.
3794 1398 3963 1464 Tim.
4023 1402 4083 1476 3,
4149 1398 4287 1483 16),-

2320 1485 2467 1567 pari
2514 1505 2771 1568 quoque
2816 1485 3073 1550 ratione
3107 1482 3425 1550 divinitas
3468 1484 3609 1549 eius
3652 1492 3720 1549 et
3762 1481 3975 1549 doluit
4016 1493 4084 1550 et
4124 1505 4278 1550 esu-

2320 1571 2435 1635 riit
2478 1580 2547 1635 et
2588 1571 2782 1636 morti
2826 1571 2954 1635 fuit
2995 1570 3278 1636 obnoxia
3322 1578 3385 1633 et
3452 1568 3734 1652 denique
3776 1579 4055 1636 mortua.
4141 1568 4277 1635 Ne·

2319 1676 2447 1740 que
2491 1656 2668 1721 enim
2713 1656 3028 1740 effugient
3093 1657 3253 1739 quin
3318 1663 3550 1720 mutua
3613 1656 3699 1721 sit
3769 1654 4277 1740 argumentandi

2318 1741 2506 1807 ratio.
2614 1742 3089 1808 Pronunciavit
3154 1740 3463 1807 Christus
3543 1739 3759 1807 adhuc
3836 1740 4132 1807 mortalis
4205 1762 4278 1807 se

2319 1827 2572 1894 nescire
2614 1827 2877 1910 quando
2921 1828 3183 1893 futurus
3226 1837 3398 1892 esset
3441 1826 3581 1892 dies
3625 1825 3850 1893 iudicii
3887 1827 4123 1909 (Marc.
4177 1830 4274 1905 13,

2320 1917 2454 1985 32).
2546 1913 2786 1978 Annon
2832 1913 2935 1979 his
2978 1912 3198 1979 verbis
3241 1912 3457 1995 palam
3512 1922 3578 1977 et
3643 1912 3987 1978 articulate
4028 1911 4279 1996 aliquid

2318 1998 2649 2064 humanae
2726 2008 3004 2064 naturae
3078 1997 3387 2065 vendicat
3463 1997 3633 2081 quod
3702 1998 3786 2063 ad
3864 1997 4278 2064 divinitatem

2317 2086 2676 2151 transferre
2717 2086 2817 2150 fas
2860 2105 2992 2149 nou
3038 2083 3252 2150 esset?
3326 2081 3518 2164 Quod
3563 2080 3644 2149 de
3687 2083 4278 2150 communicatione

2364 2171 2797 2252 roprietatum
2841 2168 3211 2235 obtendunt
3254 2169 3794 2252 intempestivum
3838 2177 3942 2234 est
3975 2179 4060 2247 et,
4105 2168 4277 2252 quod

2316 2192 2488 2321 gons
2531 2276 2755 2321 eorum
2800 2274 2960 2338 pace
3004 2253 3306 2332 dixerim,
3352 2255 3421 2320 in
3465 2276 3538 2320 re
3573 2255 3830 2320 minuta
3868 2253 4277 2320 hallucinan-

2316 2351 2444 2406 tur.
2535 2341 2713 2423 Quia
2754 2341 2887 2406 filio
2928 2340 3214 2406 hominis
3273 2340 3563 2405 tribuere
3649 2339 3782 2405 uod
3824 2340 4085 2406 deitatis
4129 2360 4279 2424 pro·

2315 2427 2537 2510 prium
2561 2436 2678 2503 est,
2715 2447 2792 2492 ac
2815 2447 3085 2492 rursum
3107 2427 3465 2492 transferre
3491 2423 3573 2490 ad
3642 2427 3907 2492 citatem
3929 2424 4103 2509 quod
4141 2445 4277 2493 non

2316 2511 2446 2578 nisi
2511 2511 2907 2578 humanitati
2974 2512 3303 2590 convenit,
3367 2512 3729 2595 impropria
3790 2520 3858 2576 et
3901 2532 4135 2594 aspera
4177 2519 4278 2579 est

2320 2597 2659 2681 loquutio:
2706 2616 2792 2662 ne
2830 2597 3028 2663 rudes
3061 2597 3503 2681 impingerent
3536 2598 3805 2663 confuse
3839 2617 3947 2662 res
3982 2595 4277 2664 diversas

2314 2680 2649 2749 miscendo
2683 2682 2792 2749 vel
2837 2682 3118 2767 improbi
3175 2683 3440 2748 rixandi
3488 2683 3837 2748 materiam
3890 2684 4276 2766 arriperent,

2315 2768 2489 2834 hanc
2553 2770 2835 2853 figuram
2898 2777 3221 2836 vocarunt
3272 2767 3617 2833 orthodoxi
3684 2770 4033 2853 scriptores
4098 2766 4275 2833 ἰδιω-

2313 2854 2526 2935 μάτων
2587 2863 2917 2919 κοινωνίαν.
3008 2851 3203 2933 Quod
3259 2852 3342 2918 de
3399 2852 3615 2919 verbis
3669 2853 3767 2918 illi
3821 2854 4137 2919 dixerunt
4191 2853 4276 2920 ad

2316 2961 2463 3006 rem
2500 2959 2738 3024 parum
2793 2937 3201 3006 considerate
3259 2939 3573 3006 trahitur.
3660 2940 3923 3024 Agebat
3965 2939 4274 3005 Christus

2313 3028 2385 3091 in
2428 3026 2628 3092 terris
2691 3046 2894 3110 quum
2952 3024 3150 3102 dixit,
3175 3024 3386 3092 filium
3442 3024 3733 3092 hominis
3796 3027 3866 3090 in
3910 3025 4087 3092 coelo
4130 3045 4275 3093 esse

2316 3112 2486 3197 (Ioh.
2536 3117 2594 3190 3,
2646 3117 2775 3185 13).
2862 3111 2965 3177 Ν8
3006 3112 3154 3194 quis
3198 3111 3369 3176 male
3413 3112 3814 3178 exercitatus
3852 3118 4115 3196 putaret
4148 3113 4273 3177 im-

2314 3218 2622 3264 mensum
2665 3199 2869 3263 fuisse
2912 3196 3165 3263 Christi
3208 3218 3463 3281 corpus,
3532 3197 3799 3263 obviam
3852 3199 4020 3262 itum
4064 3199 4275 3263 errori

2314 3284 2442 3349 fuit
2485 3282 2790 3348 familiari
2839 3281 3305 3361 admonitione,
3372 3302 3491 3366 pro
3539 3290 3642 3348 ter
3682 3284 4007 3349 unitatem
4048 3303 4274 3365 perso·

2313 3389 2439 3434 nae
2473 3369 2694 3435 verbis
2725 3369 3149 3451 pronunciari
3192 3367 3275 3434 de
3318 3369 3453 3435 filio
3493 3305 3797 3448 hominis,
3841 3369 4012 3452 quod
4047 3380 4272 3435 tamen

2312 3474 2445 3519 non
2513 3452 2877 3537 quadrabat
2931 3454 3062 3519 nisi
3117 3453 3468 3521 divinitati.
3571 3454 3799 3521 Verba
3860 3454 4057 3521 Pauli
4115 3463 4273 3522 sunt

2312 3540 2488 3623 apud
2534 3540 2789 3606 Lucam
2831 3542 3008 3618 (Act.
3056 3544 3158 3615 20,
3206 3540 3319 3619 28)
3361 3541 3582 3606 Deum
3648 3541 4003 3607 redemisse
4068 3541 4272 3607 eccle-

2311 3627 2475 3691 siam
2522 3626 2847 3709 sanguine
2888 3645 3025 3691 suo.
3113 3625 3219 3691 Ne
3262 3626 3410 3709 quis
3450 3625 3603 3692 inde
3647 3627 4020 3709 conciperet
4049 3628 4271 3693 Deum

2311 3712 2769 3795 sanguineum,
2822 3710 2905 3776 ad
2946 3710 3194 3776 nodum
3237 3733 3319 3777 ex
3368 3710 3720 3777 adiendum
3778 3712 3999 3779 valere
4044 3711 4273 3778 debuit

2309 3796 2542 3863 eadem
2611 3794 3003 3862 admonitio:
3071 3798 3224 3881 quia
3285 3798 3310 3862 i
3357 3818 3461 3862 em
3528 3810 3629 3863 est
3693 3798 3889 3863 homo
3956 3805 4025 3863 et
4065 3799 4269 3879 Deus,

2316 3881 2512 3947 verbo
2577 3889 2771 3947 tenus
2815 3883 2899 3948 ad
2940 3881 3162 3948 Deum
3222 3884 3560 3949 transferri
3619 3881 3794 3967 quod
3848 3884 3918 3948 in
3961 3891 4270 3949 naturam

2310 3967 2670 4033 humanam
2737 3969 2999 4051 proprie
3056 3968 3243 4034 cadit.
3334 3966 3561 4050 Quum
3617 3969 3916 4052 patribus
3958 3968 4271 4052 loquendi

2310 4055 2595 4138 figuram
2639 4050 2724 4117 ad
2765 4054 3096 4137 simplices
3140 4053 3464 4121 docendos
3506 4053 3998 4121 accommodare
4040 4076 4271 4139 propo-

2310 4140 2509 4204 situm
2577 4138 2794 4219 fuerit,
2860 4139 2968 4206 vel
3031 4160 3375 4224 perperam
3437 4141 3548 4206 vel
3603 4161 3839 4224 parum
3896 4139 4269 4207 verecunde

2312 4224 2438 4290 alio
2497 4224 2787 4290 trahitur
2841 4234 2916 4290 ut
2970 4226 3445 4309 proprietatum
3504 4226 4006 4292 communicatio
4070 4225 4269 4292 realis

2308 4311 2398 4377 sit
2438 4312 2734 4376 mixtura
2777 4311 3125 4395 utriusque
3178 4320 3469 4378 naturae.
3558 4312 3765 4395 Atqui
3809 4310 3994 4377 sedet
4036 4311 4268 4378 Chris·

2309 4404 2416 4462 tus
2463 4396 2544 4460 ad
2588 4396 2796 4479 patris
2855 4396 3214 4477 dexteram,
3273 4416 3440 4480 quae
3494 4395 3735 4481 ubique
3788 4397 4028 4463 diffusa
4081 4396 4267 4464 nullo

2308 4481 2523 4566 spatio
2565 4480 2854 4548 locorum
2897 4484 3173 4566 capitur.
3253 4483 3498 4548 Fateor
3540 4503 3720 4562 sane,
3766 4492 3834 4548 et
3875 4483 4267 4549 immensam

2308 4588 2453 4633 esse
2497 4564 2629 4633 Dei
2682 4566 3023 4634 dexteram
3073 4577 3142 4635 et
3194 4588 3576 4652 quacunque
3635 4575 3821 4653 patet
3884 4568 4085 4635 simul
4148 4589 4266 4634 ex·

2309 4651 2493 4719 tendi
2538 4651 2788 4718 Christi
2833 4654 3205 4737 imperium,
3250 4654 3422 4737 quod
3478 4654 3786 4723 sessionis
3841 4675 3996 4720 voce
4060 4656 4264 4738 scrip·

2308 4746 2463 4804 tura
2504 4739 2948 4822 metaphorice
2989 4740 3335 4825 signifieat.
3417 4736 3589 4805 Nam
3632 4738 3805 4823 quod
3846 4741 4095 4825 passim
4119 4741 4264 4806 Deo

2308 4824 2628 4891 asseritur
2669 4845 2848 4890 nunc
2883 4826 2967 4891 ad
3011 4826 3349 4892 Christum
3395 4825 3738 4892 transferri
3772 4835 3965 4892 extra
4005 4834 4264 4893 contro-

2310 4910 2596 4977 versiam
2639 4920 2769 4975 est:
2815 4910 3091 4995 ideoque
3135 4910 3525 4978 tantundem
3568 4911 3745 4977 valet
3787 4910 4034 4979 Sedere
4069 4920 4266 4996 atque

2308 4994 2540 5062 mundi
2605 4994 3063 5080 gubernationi
3127 5018 3447 5082 praeesse,
3513 4995 3687 5080 quod
3743 4996 4049 5064 Christus
4112 5018 4265 5064 cum
4365 5010 4370 5017 ·

2308 5090 2498 5167 patre
2540 5101 2886 5147 commuue
2929 5083 3143 5150 habet.
3232 5084 3395 5164 Imo,
3455 5084 3611 5167 quia
3656 5104 3777 5167 per
3831 5084 4020 5148 illum
4075 5091 4266 5168 pater

2308 5166 2632 5233 mundum
2695 5168 2999 5248 sustinet,
3057 5170 3422 5253 potentiam
3475 5190 3664 5236 suam
3720 5170 3968 5236 exserit
4019 5170 4089 5235 in
4146 5169 4263 5236 ad-

2309 5252 2789 5320 ministratione
2833 5275 3058 5320 rerum
3100 5256 3414 5334 omnium,
3459 5256 3806 5341 praecipue
3850 5276 4011 5321 vero
4049 5255 4122 5321 in
4157 5274 4262 5322 ee-

2312 5339 2551 5408 clesiae
2615 5339 3091 5422 gubernatione
3154 5344 3595 5426 praesentiam
3651 5362 3806 5408 suae
3848 5342 4101 5427 gratiae
4144 5362 4262 5407 ex-
