4900 6125
540 384 663 446 151
2054 369 2586 442 EPIS‘I'OLAE
2628 374 3046 439 3638-3641
4439 377 4545 438 152

536 567 919 634 satisfacere
982 575 1267 651 possent
1356 563 1511 648 Qua
1551 565 1624 631 in
1680 584 1755 630 re
1797 573 1872 629 tu
1915 569 1984 629 et
2025 562 2265 629 caeteri
2307 561 2504 630 colle—

536 673 684 740 gae,
727 653 785 720 si
828 673 963 736 qua
1003 653 1256 718 ratione
1299 650 1592 736 potestis,
1644 648 2021 718 succurrite.

716 739 821 805 De
874 737 957 804 iis
998 757 1167 821 quse
1208 738 1281 804 in
1324 736 1479 803 0010
1521 747 1863 823 geruntur,
1930 746 1999 799 et
2038 754 2208 818 0000
2251 732 2336 799 ad
2380 753 2502 800 nos

538 823 830 910 quotidie
884 822 1275 903 afferuntur,
1338 821 1509 889 nihil
1564 821 1649 888 ad
1708 830 1776 888 ts
1834 819 2064 900 scribo,
2128 818 2285 904 quia
2340 819 2505 885 haec

538 910 767 976 omnia
807 907 928 974 tibi
970 929 1170 993 quam
1212 909 1405 975 nobis
1441 907 1875 992 compertiora
1907 926 2051 972 esse
2086 924 2223 971 non
2256 903 2505 972 dubito.

538 995 676 1062 Hic
733 992 921 1061 nobis
964 993 1204 1062 accidit
1244 991 1422 1078 quod
1463 992 1639 1078 apud
1681 1011 1830 1060 vos:
1898 990 2185 1076 undique
2230 1011 2271 1055 a
2311 990 2506 1056 nobis

537 1080 831 1148 ministri
885 1087 1224 1164 petuntur,
1268 1100 1547 1164 quorum
1591 1078 1765 1163 apud
1819 1098 1942 1144 nos
1996 1080 2276 1162 01113000
2319 1076 2507 1143 inve-

536 1166 671 1234 niri
707 1187 1036 1266 ‘numerus
1075 1175 1310 1318 {catast
1399 1165 1743 1317 ¹⁵Hoabemus
1786 1163 1894 1230 hic
1937 1162 2233 1315 qssidffi„
2252 1161 2505 1263 studio-

536 1272 649 1320 000
704 1271 979 1318 iuvenes
1036 1272 1075 1317 0
1246 1272 1407 1319 voca
1482 1273 1515 1317 s
1611 1273 1678 1316 m
1736 1270 1927 1316 suam
2269 1267 2505 1313 101010-

536 1337 707 1404 terio
748 1338 1164 1421 impensuros
1206 1336 1558 1421 aliquando
1568 1270 2207 1420 qpromittuntfmsed
2248 1332 2504 1399 interea

536 1429 901 1490 causantur
943 1444 1014 1489 00
1067 1423 1288 1491 adhuc
1346 1423 1545 1491 nimis
1604 1424 1959 1507 imparatos
2002 1440 2162 1487 esse.
2251 1419 2504 1485 Nume-

537 1531 656 1576 rus
711 1518 815 1576 est
870 1509 1105 1608 aliquis
1166 1510 1528 1593 scripturas
1582 1506 2088 1592 proponentium
2149 1512 2218 1571 et
2260 1506 2333 1571 in
2375 1505 2503 1571 hoc

537 1594 1028 1662 exercitatioms
1105 1615 1346 1680 genere
1414 1613 1487 1660 00
1551 1594 2021 1672 exercentium,
2102 1591 2183 1658 de
2259 1591 2501 1675 quibus

534 1700 784 1766 100300
846 1700 997 1764 spes
1063 1690 1179 1746 est.
1294 1681 1442 1765 Ego
1455 1678 1720 1831 Ν(1100οᾱ
1786 1698 2050 1763 possum
2116 1675 2350 1743 hortor
2416 1673 2502 1742 ad

535 1766 982 1833 ministerium
1027 1786 1255 1833 omnes
1297 1767 1409 1851 qui
1581 1766 1744 1832 illud
1789 1764 1955 1830 mihi
2012 1764 2152 1848 apti
2206 1784 2350 1830 0000
2400 1784 2502 1828 vi-

537 1851 799 1931 dentur,
844 1851 960 1919 sed
1002 1873 1137 1919 non
1182 1860 1443 1918 tantum
1478 1853 1748 1936 proficio
1793 1872 1869 1918 00
1904 1868 2255 1934 promoveo
2289 1869 2500 1933 quan-

535 1947 683 2003 tum
724 1959 808 2005 cu
853 1938 936 2003 io.

710 2022 763 2089 S
833 2033 1015 2089 utem
1071 2023 1351 2089 multam
1408 2022 1548 2090 dico
1607 2022 1874 2108 collegis
1917 2022 2238 2088 omnibus.
2329 2018 2502 2085 Vale

535 2131 577 2174 o
624 2109 785 2174 time
847 2127 924 2175 00
989 2109 1372 2189 diutissime,
1438 2118 1508 2174 et
1564 2121 1746 2176 tuam
1811 2129 1972 2175 cura
2025 2105 2498 2174 valetudinem.

604 2195 858 2261 emausi
902 2200 961 2260 5.
1005 2196 1351 2263 Decembr.

709 2277 1023 2347 Salutant
1085 2291 1152 2346 te
1594 2288 1662 2346 et
1706 2279 2039 2345 Martinus
2093 2285 2503 2364 symmystae

534 2377 604 2432 ct
661 2366 904 2434 caeteri
959 2366 1218 2433 fratros.
1308 2366 1654 2450 Intelliges
1710 2387 1793 2431 ex
1842 2363 2084 2432 scheda
2139 2384 2337 2448 quam
2395 2362 2504 2428 his

533 2452 702 2519 meis
756 2452 964 2518 literis
1016 2451 1344 2519 inclusam
1402 2451 1486 2518 ad
1537 2463 1605 2517 te
1660 2453 1855 2517 mitto
1910 2471 2079 2534 quas
2131 2448 2408 2515 00010010
2463 2466 2504 2512 a

533 2538 722 2605 vobis
778 2538 1157 2604 ministrum
1217 2545 1416 2622 petat.
1506 2538 1803 2605 Pecunia
1844 2535 1998 2602 huic
2042 2535 2283 2602 nuncio
2327 2553 2502 2601 com-

532 2625 739 2690 missa
781 2635 884 2689 est
968 2644 1121 2689 uam
1166 2623 1341 2707 apud
1386 2632 1454 2689 te
1487 2622 1859 2707 deponeret,
1903 2621 1987 2687 ad
2022 2629 2325 2706 sumptus
2358 2620 2502 2685 eius

580 2710 653 2774 ui
694 2708 934 2775 mitten
980 2731 1061 2776 00
1105 2709 1253 2787 erit,
1297 2711 1355 2775 si
1399 2709 1634 2793 aliquis
1678 2729 1720 2773 a
1762 2708 1950 2774 vobis
1984 2707 2271 2773 inveniri
2305 2713 2505 2790 queat

918 2794 1173 2861 Iterum
1218 2795 1383 2860 vale.

707 2879 1041 2948 Schedam
1084 2880 1166 2946 (10
1208 2901 1340 2964 000
1381 2880 1655 2947 10010101
1696 2898 1783 2944 00
1826 2879 2145 2962 requiras,
2192 2878 2346 2962 0010
2386 2877 2501 2961 001

537 2987 687 3034 0010
730 2967 1143 3034 conscribere
1184 2965 1463 3034 debebat
1498 2965 1582 3031 ad
1626 2973 1691 3031 te
1736 2963 1980 3031 scribit.

1527 3105 1711 3171 'runs
1753 3102 1999 3171 Petrus
2042 3101 2331 3168 Viretus.

536 2794 828 2861 idoneus.

1330 3399 1739 3409 ——-——

1429 3648 1627 3720 0000.

1093 3806 1425 3892 numm
1471 3824 1530 3887 A
1578 3818 1948 3889 oALvm.

718 3996 795 4062 ΙΙ
856 3990 2508 4077 demundeunoem‘ficatdebonneconduitepour

539 4076 2273 4165 Mmpmdepmmkfflmm.

542 4254 933 4325 (Δώσω-00110
968 4253 1040 4307 (10
1075 4253 1129 4307 ln
1150 4248 1536 4320 Bibliothcquc
1564 4249 1634 4303 dc
1660 4247 1899 4303 Genevc.
1934 4247 2055 4303 Vol.
2081 4245 2198 4313 196,
2232 4246 2328 4301 fol.
2353 4245 2505 4312 280.)

715 4426 1062 4493 Monsieur
1119 4423 1466 4489 Monsieur
1527 4420 1769 4487 Oalvin
1828 4418 2187 4485 tresfidelle
2252 4440 2505 4486 annon-

536 4515 796 4582 ciatcur
840 4512 922 4578 de
965 4509 1032 4575 10
1078 4508 1373 4576 doctrine
1411 4505 1501 4572 du
1544 4505 1653 4572 filz
1697 4505 1778 4572 de
1811 4505 1998 4657 Dim:
2042 4589 2332 4657 aenove·

632 4772 737 4837 La
793 4788 989 4856 grace
1047 4766 1136 4832 (10
1193 4762 1526 4850 80130001·
1588 4772 1815 4829 nostre
1864 4763 1991 4830 bon
2050 4762 2228 4828 Dicu
2290 4762 2422 4828 soit

1340 4871 1500 4916 avec
1544 4871 1723 4917 vous.

719 5026 1076 5104 Monsieur,
1131 5044 1325 5107 apres
1377 5042 1507 5106 000
1561 5021 2050 5087 dernierement
2095 5023 2168 5105 je
2216 5039 2377 5085 vous
2419 5039 2505 5085 eu

544 5112 752 5184 remis
785 5133 870 5178 en
904 5111 1219 5178 memoire
1252 5108 1608 5176 l’ancience
1640 5106 2082 5174 benevolence
2117 5126 2244 5191 que
2282 5114 2506 5172 vostre

802 5218 910 5263 me
966 5205 1263 5265 monstra
1316 5195 1451 5261 lors
1507 5215 1635 5278 que
1677 5195 1894 5260 arrivs
1938 5211 1980 5257 a
2028 5192 2324 5270 Geneve,
2390 5192 2506 5275 qui

544 5225 655 5355 gt
705 5284 790 5363 (si
846 5282 999 5348 bien
1056 5288 1228 5349 m’en
1296 5282 1599 5358 souvien)
1657 5279 1791 5344 l'an
1858 5280 2041 5358 153⁷,
2108 5276 2390 5363 laquelle
2432 5299 2505 5344 00

2607 562 2867 631 declara
2931 582 3019 629 00
3071 581 3146 631 00
3204 582 3334 646 000
3390 583 3478 628 00
3535 562 3840 628 voulutes
3905 569 4267 662 pei-mettre
4319 581 4440 645 000
4483 566 4547 648 je

2606 647 2991 716 delaissasse
3031 646 3129 717 100
3180 647 3441 715 lettres:
3498 649 3665 714 mais
3705 667 3814 713 me
3848 645 4072 714 feistcs
4114 668 4191 714 00
4231 646 4382 713 bien
4425 647 4549 716 d’a-

2605 736 2753 803 voir
2808 756 2938 802 une
2993 734 3200 802 010000
3256 754 3341 800 00
3386 732 3652 818 college,
3697 731 3941 817 (100001
3982 754 4153 818 pour
4194 733 4328 800 lors
4369 734 4549 801 estoit

2604 819 2929 922 principal
2969 819 3313 888 Honsieur
3356 817 3656 887 Sonnicr.
3702 840 3870 886 vous
3910 838 4019 885 me
4064 817 4267 886 distes
4309 840 4433 920 000
4471 841 4549 887 00

2604 927 2927 988 1000001οι
2969 926 3089 991 pas
3141 925 3472 991 recogncu
3527 927 3586 972 01
3627 926 3714 970 00
3759 926 3925 972 vous
3989 926 4179 972 eusse
4221 925 4420 972 remis
4471 926 4551 972 en

2605 994 2919 1059 memoire
2977 1013 3087 1060 ces
3140 1001 3357 1076 temps
3411 992 3494 1058 10.
3522 996 3574 1070 ¹)
3669 991 3926 1072 Adonc,
3979 991 4342 1071 Monsieur,
4396 1012 4550 1058 vous

2604 1079 2795 1165 priay
2838 1098 2967 1163 000
3009 1085 3230 1147 vostre
3263 1077 3391 1144 bon
3427 1076 3636 1162 plasir
3669 1078 3773 1144 fut
3805 1098 3913 1144 me
3946 1076 4264 1145 conceder
4296 1084 4553 1145 attesta-

2607 1166 2748 1231 tion
2808 1165 2866 1230 si
2924 1166 3143 1232 auriez
3188 1163 3481 1230 entendu
3524 1163 3608 1230 de
3650 1184 3805 1251 moy
3848 1162 4047 1231 chose
4095 1163 4363 1250 indigne
4405 1161 4554 1231 d’un

2606 1252 2908 1318 ministre
2942 1250 3024 1317 de
3065 1249 3135 1317 la
3174 1248 3423 1335 parolle
3467 1249 3549 1316 de
3590 1248 3803 1317 Dieu:
3847 1270 4015 1317 vous
4048 1258 4407 1335 proposant
4437 1270 4556 1335 que

2605 1337 2671 1403 ie
2721 1340 2898 1402 m’en
2953 1357 3212 1423 venoye
3255 1356 3339 1401 au
3381 1335 3529 1420 pais
3573 1333 3656 1401 de
3767 1336 3782 1349 ‘
3856 1336 4004 1402 osin
4046 1356 4213 1420 pour
4254 1336 4557 1419 prescher

2606 1422 2950 1508 levangile,
3011 1444 3118 1489 me
3172 1423 3454 1488 retii-ant
3496 1421 3579 1487 de
3620 1421 3688 1488 10
3732 1428 3909 1487 terre
3953 1421 4035 1488 de
4078 1421 4440 1488 Messieurs
4479 1419 4556 1488 de

2605 1509 2828 1575 Berne
2863 1515 2932 1576 et
2961 1518 3397 1575 mesmement
3431 1507 3512 1573 de
3547 1507 3897 1587 Modon,²)
3933 1516 4000 1573 et
4033 1529 4107 1574 00
4143 1527 4306 1574 avoc
4338 1516 4553 1593 00030.

2605 1592 2923 1680 Surquoy
2987 1594 3037 1660 11
3107 1614 3273 1661 vous
3326 1593 3510 1678 pleut
3562 1614 3671 1659 me
3725 1593 3978 1659 donner
4031 1613 4201 1677 pour
4254 1614 4556 1678 response

2605 1701 2731 1765 que
2774 1679 2916 1748 cela
2972 1679 3348 1748 sembleroit
3402 1679 3611 1745 sentix·
3664 1700 3783 1747 son
3837 1679 4187 1746 ambition:
4249 1701 4416 1766 vray
4460 1689 4556 1748 est

2605 1786 2733 1851 que
2753 1787 2861 1831 me
2904 1767 3223 1833 donnates
3265 1786 3398 1832 000
3440 1764 3704 1832 adresse
3739 1764 3821 1832 de
3855 1765 4138 1850 laquelle
4170 1787 4329 1832 mon
4363 1765 4560 1850 esprit

2602 1853 2707 1917 fut
2748 1851 2881 1918 fort
2921 1859 3212 1932 content,
3258 1871 3300 1917 a
3339 1851 3564 1918 savoir
3598 1872 3727 1935 que
3770 1851 3831 1917 ie
3875 1851 4288 1918 travaillasse
4324 1873 4449 1936 000
4481 1875 4561 1920 00

2602 1937 2859 2024 1Ε31100
2913 1959 3038 2023 000
3092 1938 3158 2004 10
3214 1936 3547 2022 80130001·
3585 1957 3693 2003 100
3737 1938 4180 2004 commettroit
4223 1936 4560 2022 discipline

2603 2024 3094 2110 ecclesiastique
3150 2047 3195 2110 y
3254 2021 3358 2089 fut
3399 2022 3480 2089 (10
3525 2023 3743 2090 bonne
3788 2022 3994 2090 heure
4038 2021 4372 2091 observee.
4459 2023 4557 2090 En

2646 2131 2776 2197 uoy
2821 2132 2984 2178 vous
3026 2109 3274 2194 promis
3316 2132 3362 2194 y
3406 2116 3581 2176 estre
3614 2106 3894 2194 diligent
3924 2117 4339 2195 moyennant
4371 2109 4558 2196 layde

2602 2132 2689 2262 30
2731 2218 2889 2264 mon
2932 2195 3128 2263 Dieu.
3213 2195 3409 2275 Mais,
3468 2194 3818 2275 Monsieur,
3880 2194 3947 2261 10
3999 2197 4326 2279 premiere
4368 2196 4558 2263 chose

2603 2304 2781 2367 quon
2822 2303 2935 2348 ma
2977 2281 3321 2361 demands,
3379 2288 3604 2348 estant
3645 2282 3867 2348 arrive
3909 2301 4032 2364 par
4076 2280 4252 2361 deca,
4301 2302 4384 2364 00
4425 2289 4559 2349 estc

2605 2370 2663 2435 si
2722 2370 2976 2453 i’avoye
3033 2368 3486 2452 tesmoignage
3546 2367 3628 2432 (10
3685 2375 3906 2433 vostre
3963 2367 4194 2452 Eglise
4248 2375 4319 2433 et
4374 2387 4559 2452 apres

2606 2455 2794 2521 avoir
2813 2452 3214 2520 fidellement
3233 2461 3542 2537 rapporte
3562 2473 3637 2520 00
3657 2473 3785 2537 000
3806 2453 4080 2520 m’aviez
4102 2453 4255 2531 dict,
4279 2474 4391 2519 me
4427 2455 4562 2520 seut

2608 2540 2861 2606 enioint
2904 2547 3146 2606 mettre
3179 2539 3371 2622 peine
3409 2537 3490 2605 dc
3532 2557 3884 2605 recouvrer
3921 2538 4201 2623 quelque
4245 2550 4387 2605 mot
4421 2538 4560 2605 des-

2607 2628 2778 2711 cript
2832 2626 2914 2692 de
2966 2646 3160 2706 vous,
3219 2632 3287 2691 et
3338 2645 3590 2690 1000100
3643 2623 3777 2689 10’0
3830 2646 3919 2690 00
3975 2624 4135 2691 faict
4186 2625 4416 2710 signer
4459 2646 4564 2691 ma

2604 2733 2959 2798 promesse.
3038 2712 3351 2795 Parquoy
3393 2711 3456 2776 ie
3500 2732 3665 2777 vous
3708 2710 3985 2794 supplic,
4030 2711 4397 2791 Monsieur,
4442 2732 4563 2795 000

2606 2800 2775 2900 ainsi
2818 2818 2947 2881 000
2988 2818 3218 2898 mavez
3262 2805 3401 2863 este
3442 2816 3601 2880 pere
3642 2795 3914 2881 pai-dela
3935 2804 4175 2897 ‘estant
4207 2817 4409 2864 cause
4443 2817 4567 2882 que

2605 2905 2845 3037 12ξέ
2846 2882 3540 3036 Ἑῖἶὲὲθῗιέἓὲἓὲΐ·
3568 2889 4568 3054 ἐῑιὲνέῗῗῃέἲέἒθᾚῗζῗὲ

2609 3054 3216 3227 (θ’ἒέἓέῑὲηῗὲεοὲι
3241 3054 4130 3226 ’ἒὲθῖἑεᾚέἳὲξῖὲιζῗῗξ
4161 3064 4570 3226 ῗωωωΐὲιῑῗ

2609 3227 2709 3296 100
2773 3248 3142 3313 promesses
3206 3248 3331 3312 000
3397 3228 3508 3312 iay
3569 3227 3793 3293 faittes
3855 3248 3897 3293 a
3954 3226 4132 3292 Dieu
4188 3235 4257 3292 et
4326 3248 4369 3294 a
4425 3249 4568 3293 eux.

2511 3394 2522 3403 ·
2612 3315 2799 3383 Vous
2839 3316 3064 3400 priant
3103 3334 3211 3380 me
3253 3312 3630 3398 pardonner
3663 3312 3722 3379 si
3753 3312 4040 3396 plustost
4073 3333 4155 3398 ay
4191 3312 4284 3377 im
4377 3320 4570 3380 rtunc

2610 3410 2834 3467 vostre
2888 3422 3087 3486 grace
3146 3422 3188 3466 a
3243 3419 3400 3485 moy
3456 3400 3523 3466 ia
3563 3419 3857 3485 0030000
3899 3419 4026 3482 000
4067 3396 4232 3464 00110
4322 3419 4362 3464 0
4397 3398 4571 3465 Mes-

2610 3488 2822 3554 sieurs
2864 3506 2989 3555 voz
3030 3486 3257 3564 freres,
3314 3484 3622 3569 ausquelz
3677 3485 3928 3569 iestoye
3971 3503 4224 3550 comme
4263 3485 4332 3551 10
4374 3504 4575 3569 pense

2608 3574 2952 3659 incognen.
3041 3570 3176 3654 Qui
3219 3591 3370 3637 sera
3408 3570 3708 3650 lendroit,
3764 3590 3852 3636 ou
3894 3570 3960 3635 10
4002 3570 4232 3655 prix-ay
4275 3568 4342 3635 le
4388 3569 4574 3654 8013·

2609 3681 2780 3726 0001·
2823 3678 2988 3727 vous
3042 3656 3298 3723 donner
3354 3677 3438 3722 en
3483 3656 3700 3723 bonne
3744 3664 3931 3721 sante
3972 3653 4213 3741 100300
4256 3656 4368 3722 vie
4410 3676 4574 3740 pour

2609 3745 2824 3811 servir
2844 3766 2885 3811 0
2918 3764 2995 3809 00
3027 3741 3254 3827 310110.
3314 3740 3423 3807 De
3444 3742 3904 3808 Hesmoutiers
3925 3762 3998 3809 00
4023 3746 4081 3808 7.
4103 3739 4185 3807 (10
4208 3741 4576 3810 Decembre

2616 3835 2776 3896 1561
2827 3848 2950 3914 par
2984 3827 3046 3895 lc
3079 3835 3227 3893 tout

3205 3964 3451 4030 Vostre
3493 3962 3966 4030 tresobeissant
4006 3965 4338 4030 serviteur

2983 4051 3329 4136 Francoys
3372 4048 3618 4135 Dugue
3660 4050 3963 4114 ministre
4007 4068 4049 4114 a
4091 4049 4572 4117 Hesmoutiers.

2611 4291 3122 4357 casanata-t
3170 4289 3399 4359 (Noa'cs
3443 4304 3544 4344 sur
3587 4289 3637 4344 10
3678 4286 3873 4359 colle‘qs
3918 4289 3987 4345 ds
4024 4288 4576 4356 Bicomditn‘a

2611 4377 2711 4556 :tw
2744 4359 3186 4498 ωῆηῗίψοαάοκ,
3212 4426 3428 4482 Madet·
3461 4425 3527 4480 in
3561 4442 3697 4497 09νο
3744 4425 3990 4482 Vadam-⁶
4020 4427 4165 4481 inm
4205 4424 4572 4480 Lanam
