<?xml version="1.0" encoding="UTF-8"?>
<!DOCTYPE html PUBLIC "-//W3C//DTD XHTML 1.0 Transitional//EN"
    "http://www.w3.org/TR/xhtml1/DTD/xhtml1-transitional.dtd">
<html xmlns="http://www.w3.org/1999/xhtml" xml:lang="en" lang="en">
 <head>
  <title>
</title>
<meta http-equiv="Content-Type" content="text/html;charset=utf-8" />
  <meta name='ocr-system' content='tesseract 3.04.00' />
  <meta name='ocr-capabilities' content='ocr_page ocr_carea ocr_par ocr_line ocrx_word'/>
</head>
<body>
  <div class='ocr_page' id='page_1' title='image "./ioanniscalvinio12unkngoog/ioanniscalvinio12unkngoog_0243.png"; bbox 0 0 4900 6125; ppageno 0'>
   <div class='ocr_carea' id='block_1_1' title="bbox 308 378 414 443">
    <p class='ocr_par' dir='ltr' id='par_1_1' title="bbox 308 378 414 443">
     <span class='ocr_line' id='line_1_1' title="bbox 308 378 414 443; baseline -0.019 0"><span class='ocrx_word' id='word_1_1' title='bbox 308 378 414 443; x_wconf 81' lang='lat'><strong>449</strong></span> 
     </span>
    </p>
   </div>
   <div class='ocr_carea' id='block_1_2' title="bbox 268 559 2239 3969">
    <p class='ocr_par' dir='ltr' id='par_1_2' title="bbox 268 559 2239 3969">
     <span class='ocr_line' id='line_1_2' title="bbox 305 559 1851 645; baseline -0.004 -15"><span class='ocrx_word' id='word_1_2' title='bbox 305 563 504 631; x_wconf 83' lang='lat' dir='ltr'><strong>sertim</strong></span> <span class='ocrx_word' id='word_1_3' title='bbox 546 581 693 626; x_wconf 89' lang='lat' dir='ltr'><strong>cum</strong></span> <span class='ocrx_word' id='word_1_4' title='bbox 737 561 931 626; x_wconf 89' lang='lat' dir='ltr'><strong>annis</strong></span> <span class='ocrx_word' id='word_1_5' title='bbox 975 559 1441 645; x_wconf 85' lang='lat' dir='ltr'><strong>superioribus,</strong></span> <span class='ocrx_word' id='word_1_6' title='bbox 1479 560 1714 644; x_wconf 90' lang='lat' dir='ltr'><strong>quibus</strong></span> <span class='ocrx_word' id='word_1_7' title='bbox 1748 561 1851 626; x_wconf 88' lang='lat' dir='ltr'><strong>Rs</strong></span> 
     </span>
     <span class='ocr_line' id='line_1_3' title="bbox 304 646 2230 724; baseline -0.003 -9"><span class='ocrx_word' id='word_1_8' title='bbox 304 648 510 715; x_wconf 84' lang='lat' dir='ltr'><strong>tissimi</strong></span> <span class='ocrx_word' id='word_1_9' title='bbox 565 646 812 714; x_wconf 75' lang='lat' dir='ltr'>bellicis</span> <span class='ocrx_word' id='word_1_10' title='bbox 865 647 1039 711; x_wconf 90' lang='lat' dir='ltr'><strong>curis</strong></span> <span class='ocrx_word' id='word_1_11' title='bbox 1095 646 1594 724; x_wconf 75' lang='lat' dir='ltr'><strong>distinebantur,</strong></span> <span class='ocrx_word' id='word_1_12' title='bbox 1652 646 1854 712; x_wconf 92' lang='lat' dir='ltr'><strong>Conci</strong></span> <span class='ocrx_word' id='word_1_13' title='bbox 1888 646 1925 661; x_wconf 86' lang='grc'>”</span> <span class='ocrx_word' id='word_1_14' title='bbox 1990 665 2230 711; x_wconf 91' lang='lat' dir='ltr'><strong>nomen</strong></span> 
     </span>
     <span class='ocr_line' id='line_1_4' title="bbox 301 731 2234 817; baseline -0.004 -15"><span class='ocrx_word' id='word_1_15' title='bbox 301 754 531 817; x_wconf 84' lang='lat' dir='ltr'><strong>semper</strong></span> <span class='ocrx_word' id='word_1_16' title='bbox 571 733 639 798; x_wconf 91' lang='lat' dir='ltr'><strong>in</strong></span> <span class='ocrx_word' id='word_1_17' title='bbox 681 753 796 798; x_wconf 90' lang='lat' dir='ltr'><strong>ore</strong></span> <span class='ocrx_word' id='word_1_18' title='bbox 839 742 1200 810; x_wconf 86' lang='lat' dir='ltr'><strong>versarent,</strong></span> <span class='ocrx_word' id='word_1_19' title='bbox 1236 738 1659 809; x_wconf 77' lang='lat' dir='ltr'><strong>testarentur,</strong></span> <span class='ocrx_word' id='word_1_20' title='bbox 1697 731 2125 815; x_wconf 88' lang='lat' dir='ltr'><strong>appellarent,</strong></span> <span class='ocrx_word' id='word_1_21' title='bbox 2164 737 2234 796; x_wconf 88' lang='lat' dir='ltr'><strong>et</strong></span> 
     </span>
     <span class='ocr_line' id='line_1_5' title="bbox 297 816 2232 901; baseline -0.003 -14"><span class='ocrx_word' id='word_1_22' title='bbox 297 819 442 888; x_wconf 89' lang='lat' dir='ltr'><strong>illud</strong></span> <span class='ocrx_word' id='word_1_23' title='bbox 503 840 572 884; x_wconf 86' lang='lat' dir='ltr'><strong>se</strong></span> <span class='ocrx_word' id='word_1_24' title='bbox 612 837 869 901; x_wconf 88' lang='lat' dir='ltr'><strong>cupere,</strong></span> <span class='ocrx_word' id='word_1_25' title='bbox 922 817 1105 884; x_wconf 91' lang='lat' dir='ltr'><strong>illius</strong></span> <span class='ocrx_word' id='word_1_26' title='bbox 1147 837 1493 884; x_wconf 90' lang='lat' dir='ltr'><strong>censuram</strong></span> <span class='ocrx_word' id='word_1_27' title='bbox 1553 817 1722 883; x_wconf 89' lang='lat' dir='ltr'><strong>velle</strong></span> <span class='ocrx_word' id='word_1_28' title='bbox 1766 838 1836 884; x_wconf 90' lang='lat' dir='ltr'><strong>se</strong></span> <span class='ocrx_word' id='word_1_29' title='bbox 1879 816 2101 884; x_wconf 89' lang='lat' dir='ltr'><strong>subire</strong></span> <span class='ocrx_word' id='word_1_30' title='bbox 2144 817 2232 882; x_wconf 88' lang='lat' dir='ltr'><strong>si-</strong></span> 
     </span>
     <span class='ocr_line' id='line_1_6' title="bbox 299 902 2231 986; baseline -0.003 -14"><span class='ocrx_word' id='word_1_31' title='bbox 299 904 621 972; x_wconf 83' lang='lat' dir='ltr'><strong>mularent.</strong></span> <span class='ocrx_word' id='word_1_32' title='bbox 671 904 854 986; x_wconf 84' lang='lat' dir='ltr'><strong>Ergo</strong></span> <span class='ocrx_word' id='word_1_33' title='bbox 889 904 1021 968; x_wconf 90' lang='lat' dir='ltr'><strong>iam</strong></span> <span class='ocrx_word' id='word_1_34' title='bbox 1057 904 1296 969; x_wconf 88' lang='lat' dir='ltr'><strong>omissa</strong></span> <span class='ocrx_word' id='word_1_35' title='bbox 1332 904 1809 969; x_wconf 89' lang='lat' dir='ltr'><strong>sententiarum</strong></span> <span class='ocrx_word' id='word_1_36' title='bbox 1848 924 1924 970; x_wconf 89' lang='lat' dir='ltr'><strong>ac</strong></span> <span class='ocrx_word' id='word_1_37' title='bbox 1960 902 2231 968; x_wconf 89' lang='lat' dir='ltr'><strong>iudicio-</strong></span> 
     </span>
     <span class='ocr_line' id='line_1_7' title="bbox 297 987 2230 1073; baseline -0.003 -15"><span class='ocrx_word' id='word_1_38' title='bbox 297 1012 429 1059; x_wconf 87' lang='lat' dir='ltr'><strong>rum</strong></span> <span class='ocrx_word' id='word_1_39' title='bbox 483 990 914 1067; x_wconf 75' lang='lat' dir='ltr'><strong>contentione,</strong></span> <span class='ocrx_word' id='word_1_40' title='bbox 959 987 1040 1054; x_wconf 90' lang='lat' dir='ltr'><strong>de</strong></span> <span class='ocrx_word' id='word_1_41' title='bbox 1062 989 1268 1073; x_wconf 88' lang='lat' dir='ltr'><strong>Regis</strong></span> <span class='ocrx_word' id='word_1_42' title='bbox 1312 1008 1528 1069; x_wconf 89' lang='lat' dir='ltr'><strong>causa,</strong></span> <span class='ocrx_word' id='word_1_43' title='bbox 1572 1009 1740 1072; x_wconf 89' lang='lat' dir='ltr'><strong>quae</strong></span> <span class='ocrx_word' id='word_1_44' title='bbox 1783 1010 1932 1055; x_wconf 89' lang='lat' dir='ltr'><strong>cum</strong></span> <span class='ocrx_word' id='word_1_45' title='bbox 1968 988 2230 1071; x_wconf 90' lang='lat' dir='ltr'><strong>ubique,</strong></span> 
     </span>
     <span class='ocr_line' id='line_1_8' title="bbox 299 1074 2234 1160; baseline -0.002 -17"><span class='ocrx_word' id='word_1_46' title='bbox 299 1093 424 1143; x_wconf 83' lang='lat' dir='ltr'><strong>tum</strong></span> <span class='ocrx_word' id='word_1_47' title='bbox 465 1075 567 1142; x_wconf 89' lang='lat' dir='ltr'><strong>hic</strong></span> <span class='ocrx_word' id='word_1_48' title='bbox 609 1076 900 1140; x_wconf 77' lang='lat' dir='ltr'><strong>maxime</strong></span> <span class='ocrx_word' id='word_1_49' title='bbox 943 1095 1093 1141; x_wconf 90' lang='lat' dir='ltr'><strong>cum</strong></span> <span class='ocrx_word' id='word_1_50' title='bbox 1139 1074 1506 1159; x_wconf 77' lang='lat' dir='ltr'><strong>Religionis</strong></span> <span class='ocrx_word' id='word_1_51' title='bbox 1546 1074 1837 1160; x_wconf 88' lang='lat' dir='ltr'><strong>periculo</strong></span> <span class='ocrx_word' id='word_1_52' title='bbox 1880 1075 2234 1141; x_wconf 90' lang='lat' dir='ltr'><strong>coniuncta</strong></span> 
     </span>
     <span class='ocr_line' id='line_1_9' title="bbox 297 1159 2232 1243; baseline -0.003 -14"><span class='ocrx_word' id='word_1_53' title='bbox 297 1175 402 1237; x_wconf 86' lang='lat' dir='ltr'><strong>est,</strong></span> <span class='ocrx_word' id='word_1_54' title='bbox 445 1160 728 1227; x_wconf 85' lang='lat' dir='ltr'><strong>breviter</strong></span> <span class='ocrx_word' id='word_1_55' title='bbox 770 1160 1071 1226; x_wconf 89' lang='lat' dir='ltr'><strong>nonnihil</strong></span> <span class='ocrx_word' id='word_1_56' title='bbox 1114 1181 1516 1226; x_wconf 89' lang='lat' dir='ltr'><strong>moneamus.</strong></span> <span class='ocrx_word' id='word_1_57' title='bbox 1603 1161 1754 1227; x_wconf 89' lang='lat' dir='ltr'><strong>Non</strong></span> <span class='ocrx_word' id='word_1_58' title='bbox 1791 1159 2023 1237; x_wconf 90' lang='lat' dir='ltr'><strong>dicam,</strong></span> <span class='ocrx_word' id='word_1_59' title='bbox 2059 1159 2232 1243; x_wconf 91' lang='lat' dir='ltr'><strong>quod</strong></span> 
     </span>
     <span class='ocr_line' id='line_1_10' title="bbox 293 1246 2234 1330; baseline -0.002 -17"><span class='ocrx_word' id='word_1_60' title='bbox 293 1268 502 1314; x_wconf 85' lang='lat' dir='ltr'><strong>omnes</strong></span> <span class='ocrx_word' id='word_1_61' title='bbox 552 1247 743 1312; x_wconf 86' lang='lat' dir='ltr'><strong>fateri</strong></span> <span class='ocrx_word' id='word_1_62' title='bbox 800 1248 1103 1324; x_wconf 79' lang='lat' dir='ltr'><strong>arbitror,</strong></span> <span class='ocrx_word' id='word_1_63' title='bbox 1150 1246 1515 1330; x_wconf 81' lang='lat' dir='ltr'><strong>Religionis</strong></span> <span class='ocrx_word' id='word_1_64' title='bbox 1570 1246 2036 1312; x_wconf 78' lang='lat' dir='ltr'><strong>authoritatem</strong></span> <span class='ocrx_word' id='word_1_65' title='bbox 2083 1265 2234 1310; x_wconf 90' lang='lat' dir='ltr'><strong>cum</strong></span> 
     </span>
     <span class='ocr_line' id='line_1_11' title="bbox 295 1330 2232 1418; baseline -0.002 -19"><span class='ocrx_word' id='word_1_66' title='bbox 295 1333 490 1418; x_wconf 85' lang='lat' dir='ltr'><strong>Regia</strong></span> <span class='ocrx_word' id='word_1_67' title='bbox 529 1334 870 1398; x_wconf 89' lang='lat' dir='ltr'><strong>maiestate</strong></span> <span class='ocrx_word' id='word_1_68' title='bbox 917 1334 1011 1397; x_wconf 90' lang='lat' dir='ltr'><strong>ita</strong></span> <span class='ocrx_word' id='word_1_69' title='bbox 1065 1353 1207 1398; x_wconf 90' lang='lat' dir='ltr'><strong>esse</strong></span> <span class='ocrx_word' id='word_1_70' title='bbox 1250 1334 1583 1398; x_wconf 89' lang='lat' dir='ltr'><strong>communi</strong></span> <span class='ocrx_word' id='word_1_71' title='bbox 1625 1332 1907 1415; x_wconf 90' lang='lat' dir='ltr'><strong>quodam</strong></span> <span class='ocrx_word' id='word_1_72' title='bbox 1952 1330 2232 1409; x_wconf 86' lang='lat' dir='ltr'><strong>vinculo,</strong></span> 
     </span>
     <span class='ocr_line' id='line_1_12' title="bbox 293 1418 2234 1503; baseline -0.002 -19"><span class='ocrx_word' id='word_1_73' title='bbox 293 1427 351 1485; x_wconf 88' lang='lat' dir='ltr'><strong>et</strong></span> <span class='ocrx_word' id='word_1_74' title='bbox 402 1419 582 1502; x_wconf 87' lang='lat' dir='ltr'><strong>quasi</strong></span> <span class='ocrx_word' id='word_1_75' title='bbox 640 1418 1030 1502; x_wconf 72' lang='lat' dir='ltr'><strong>cognatione</strong></span> <span class='ocrx_word' id='word_1_76' title='bbox 1086 1418 1365 1500; x_wconf 85' lang='lat' dir='ltr'><strong>quadam</strong></span> <span class='ocrx_word' id='word_1_77' title='bbox 1426 1418 1820 1503; x_wconf 87' lang='lat' dir='ltr'><strong>colligatam,</strong></span> <span class='ocrx_word' id='word_1_78' title='bbox 1882 1427 1956 1482; x_wconf 93' lang='lat' dir='ltr'><strong>ut</strong></span> <span class='ocrx_word' id='word_1_79' title='bbox 1997 1429 2234 1482; x_wconf 91' lang='lat' dir='ltr'><strong>neutra</strong></span> 
     </span>
     <span class='ocr_line' id='line_1_13' title="bbox 293 1503 2231 1587; baseline -0.002 -17"><span class='ocrx_word' id='word_1_80' title='bbox 293 1505 626 1571; x_wconf 88' lang='lat' dir='ltr'><strong>consistere</strong></span> <span class='ocrx_word' id='word_1_81' title='bbox 692 1505 937 1585; x_wconf 78' lang='lat' dir='ltr'><strong>absque</strong></span> <span class='ocrx_word' id='word_1_82' title='bbox 1004 1503 1279 1570; x_wconf 89' lang='lat' dir='ltr'><strong>alterius</strong></span> <span class='ocrx_word' id='word_1_83' title='bbox 1343 1505 1668 1587; x_wconf 88' lang='lat' dir='ltr'><strong>praesidio</strong></span> <span class='ocrx_word' id='word_1_84' title='bbox 1685 1551 1701 1580; x_wconf 90' lang='lat'>‚</span> <span class='ocrx_word' id='word_1_85' title='bbox 1746 1511 1982 1568; x_wconf 90' lang='lat' dir='ltr'><strong>neutra</strong></span> <span class='ocrx_word' id='word_1_86' title='bbox 2044 1523 2231 1568; x_wconf 90' lang='lat' dir='ltr'><strong>suam</strong></span> 
     </span>
     <span class='ocr_line' id='line_1_14' title="bbox 291 1586 2231 1675; baseline -0.002 -20"><span class='ocrx_word' id='word_1_87' title='bbox 291 1590 659 1675; x_wconf 89' lang='lat' dir='ltr'><strong>dignitatem</strong></span> <span class='ocrx_word' id='word_1_88' title='bbox 728 1586 861 1675; x_wconf 75' lang='lat' dir='ltr'><strong>[fol.</strong></span> <span class='ocrx_word' id='word_1_89' title='bbox 927 1595 1035 1668; x_wconf 82' lang='lat'><strong>14]</strong></span> <span class='ocrx_word' id='word_1_90' title='bbox 1101 1591 1347 1673; x_wconf 88' lang='lat' dir='ltr'><strong>absque</strong></span> <span class='ocrx_word' id='word_1_91' title='bbox 1424 1589 1695 1655; x_wconf 90' lang='lat' dir='ltr'><strong>alterius</strong></span> <span class='ocrx_word' id='word_1_92' title='bbox 1760 1589 1972 1655; x_wconf 89' lang='lat' dir='ltr'><strong>salute</strong></span> <span class='ocrx_word' id='word_1_93' title='bbox 2037 1588 2231 1666; x_wconf 90' lang='lat' dir='ltr'><strong>tueri,</strong></span> 
     </span>
     <span class='ocr_line' id='line_1_15' title="bbox 291 1673 2232 1758; baseline -0.002 -17"><span class='ocrx_word' id='word_1_94' title='bbox 291 1687 508 1741; x_wconf 87' lang='lat' dir='ltr'><strong>neutra</strong></span> <span class='ocrx_word' id='word_1_95' title='bbox 563 1673 842 1758; x_wconf 90' lang='lat' dir='ltr'><strong>denique</strong></span> <span class='ocrx_word' id='word_1_96' title='bbox 901 1677 1116 1758; x_wconf 90' lang='lat' dir='ltr'><strong>perire</strong></span> <span class='ocrx_word' id='word_1_97' title='bbox 1161 1673 1408 1758; x_wconf 87' lang='lat' dir='ltr'><strong>absque</strong></span> <span class='ocrx_word' id='word_1_98' title='bbox 1449 1677 1722 1741; x_wconf 89' lang='lat' dir='ltr'><strong>alterius</strong></span> <span class='ocrx_word' id='word_1_99' title='bbox 1765 1675 1968 1740; x_wconf 87' lang='lat' dir='ltr'><strong>exitio</strong></span> <span class='ocrx_word' id='word_1_100' title='bbox 2009 1674 2232 1757; x_wconf 88' lang='lat' dir='ltr'><strong>possit.</strong></span> 
     </span>
     <span class='ocr_line' id='line_1_16' title="bbox 289 1759 2238 1845; baseline -0.002 -19"><span class='ocrx_word' id='word_1_101' title='bbox 289 1761 423 1827; x_wconf 83' lang='lat' dir='ltr'><strong>Non</strong></span> <span class='ocrx_word' id='word_1_102' title='bbox 467 1761 699 1838; x_wconf 90' lang='lat' dir='ltr'><strong>dicam,</strong></span> <span class='ocrx_word' id='word_1_103' title='bbox 743 1761 900 1826; x_wconf 92' lang='lat' dir='ltr'><strong>olim</strong></span> <span class='ocrx_word' id='word_1_104' title='bbox 936 1760 1107 1843; x_wconf 91' lang='lat' dir='ltr'><strong>apud</strong></span> <span class='ocrx_word' id='word_1_105' title='bbox 1153 1760 1436 1827; x_wconf 88' lang='lat' dir='ltr'><strong>Iudaeos</strong></span> <span class='ocrx_word' id='word_1_106' title='bbox 1480 1762 1713 1845; x_wconf 89' lang='lat' dir='ltr'><strong>Remp.</strong></span> <span class='ocrx_word' id='word_1_107' title='bbox 1760 1759 2124 1827; x_wconf 87' lang='lat' dir='ltr'><strong>sacerdotio</strong></span> <span class='ocrx_word' id='word_1_108' title='bbox 2168 1769 2238 1824; x_wconf 89' lang='lat' dir='ltr'><strong>et</strong></span> 
     </span>
     <span class='ocr_line' id='line_1_17' title="bbox 289 1844 2233 1931; baseline 0.001 -20"><span class='ocrx_word' id='word_1_109' title='bbox 289 1867 494 1931; x_wconf 87' lang='lat' dir='ltr'><strong>regno,</strong></span> <span class='ocrx_word' id='word_1_110' title='bbox 537 1857 614 1912; x_wconf 90' lang='lat' dir='ltr'><strong>ut</strong></span> <span class='ocrx_word' id='word_1_111' title='bbox 649 1844 901 1912; x_wconf 88' lang='lat' dir='ltr'><strong>duabus</strong></span> <span class='ocrx_word' id='word_1_112' title='bbox 936 1847 1215 1912; x_wconf 89' lang='lat' dir='ltr'><strong>summis</strong></span> <span class='ocrx_word' id='word_1_113' title='bbox 1238 1847 1555 1930; x_wconf 89' lang='lat' dir='ltr'><strong>partibus,</strong></span> <span class='ocrx_word' id='word_1_114' title='bbox 1602 1847 1808 1912; x_wconf 85' lang='lat' dir='ltr'><strong>fuisse</strong></span> <span class='ocrx_word' id='word_1_115' title='bbox 1851 1847 2233 1912; x_wconf 86' lang='lat' dir='ltr'><strong>conflatam:</strong></span> 
     </span>
     <span class='ocr_line' id='line_1_18' title="bbox 288 1931 2235 2016; baseline -0.002 -19"><span class='ocrx_word' id='word_1_116' title='bbox 288 1943 350 1997; x_wconf 85' lang='lat' dir='ltr'><strong>et</strong></span> <span class='ocrx_word' id='word_1_117' title='bbox 409 1931 579 2015; x_wconf 89' lang='lat' dir='ltr'><strong>apud</strong></span> <span class='ocrx_word' id='word_1_118' title='bbox 647 1947 877 2016; x_wconf 89' lang='lat' dir='ltr'><strong>gentes</strong></span> <span class='ocrx_word' id='word_1_119' title='bbox 940 1946 1079 1998; x_wconf 89' lang='lat' dir='ltr'><strong>tam</strong></span> <span class='ocrx_word' id='word_1_120' title='bbox 1144 1932 1370 1999; x_wconf 87' lang='lat' dir='ltr'><strong>doctas</strong></span> <span class='ocrx_word' id='word_1_121' title='bbox 1415 1954 1612 2014; x_wconf 90' lang='lat' dir='ltr'><strong>quam</strong></span> <span class='ocrx_word' id='word_1_122' title='bbox 1677 1932 1988 1997; x_wconf 89' lang='lat' dir='ltr'><strong>barbaras</strong></span> <span class='ocrx_word' id='word_1_123' title='bbox 2040 1931 2235 1996; x_wconf 90' lang='lat' dir='ltr'><strong>sicuti</strong></span> 
     </span>
     <span class='ocr_line' id='line_1_19' title="bbox 283 2017 2235 2102; baseline -0.002 -18"><span class='ocrx_word' id='word_1_124' title='bbox 283 2039 640 2101; x_wconf 88' lang='lat' dir='ltr'><strong>corporum,</strong></span> <span class='ocrx_word' id='word_1_125' title='bbox 678 2018 773 2084; x_wconf 91' lang='lat' dir='ltr'><strong>sic</strong></span> <span class='ocrx_word' id='word_1_126' title='bbox 799 2018 1171 2082; x_wconf 87' lang='lat' dir='ltr'><strong>animorum</strong></span> <span class='ocrx_word' id='word_1_127' title='bbox 1205 2018 1520 2100; x_wconf 87' lang='lat' dir='ltr'><strong>quosdam</strong></span> <span class='ocrx_word' id='word_1_128' title='bbox 1557 2026 1873 2102; x_wconf 85' lang='lat' dir='ltr'><strong>perpetuo</strong></span> <span class='ocrx_word' id='word_1_129' title='bbox 1909 2017 2235 2100; x_wconf 81' lang='lat' dir='ltr'><strong>principes</strong></span> 
     </span>
     <span class='ocr_line' id='line_1_20' title="bbox 287 2101 2234 2186; baseline -0.002 -18"><span class='ocrx_word' id='word_1_130' title='bbox 287 2117 347 2168; x_wconf 89' lang='lat' dir='ltr'><strong>et</strong></span> <span class='ocrx_word' id='word_1_131' title='bbox 404 2102 853 2169; x_wconf 75' lang='lat' dir='ltr'><strong>moderatores</strong></span> <span class='ocrx_word' id='word_1_132' title='bbox 933 2104 1252 2170; x_wconf 79' lang='lat' dir='ltr'><strong>extitisse.</strong></span> <span class='ocrx_word' id='word_1_133' title='bbox 1360 2104 1510 2169; x_wconf 88' lang='lat' dir='ltr'><strong>Non</strong></span> <span class='ocrx_word' id='word_1_134' title='bbox 1579 2104 1794 2168; x_wconf 88' lang='lat' dir='ltr'><strong>dicam</strong></span> <span class='ocrx_word' id='word_1_135' title='bbox 1860 2101 2059 2186; x_wconf 89' lang='lat' dir='ltr'><strong>(quod</strong></span> <span class='ocrx_word' id='word_1_136' title='bbox 2134 2114 2234 2166; x_wconf 89' lang='lat' dir='ltr'><strong>ta-</strong></span> 
     </span>
     <span class='ocr_line' id='line_1_21' title="bbox 283 2186 2233 2274; baseline -0.002 -20"><span class='ocrx_word' id='word_1_137' title='bbox 283 2209 423 2254; x_wconf 88' lang='lat' dir='ltr'><strong>men</strong></span> <span class='ocrx_word' id='word_1_138' title='bbox 464 2210 782 2272; x_wconf 86' lang='lat' dir='ltr'><strong>quorsum</strong></span> <span class='ocrx_word' id='word_1_139' title='bbox 843 2190 1188 2271; x_wconf 80' lang='lat' dir='ltr'><strong>pertineat,</strong></span> <span class='ocrx_word' id='word_1_140' title='bbox 1233 2189 1585 2274; x_wconf 86' lang='lat' dir='ltr'><strong>diligenter</strong></span> <span class='ocrx_word' id='word_1_141' title='bbox 1628 2211 1771 2255; x_wconf 90' lang='lat' dir='ltr'><strong>esse</strong></span> <span class='ocrx_word' id='word_1_142' title='bbox 1815 2186 2233 2254; x_wconf 90' lang='lat' dir='ltr'><strong>animadver-</strong></span> 
     </span>
     <span class='ocr_line' id='line_1_22' title="bbox 283 2272 2235 2358; baseline -0.002 -18"><span class='ocrx_word' id='word_1_143' title='bbox 283 2274 540 2340; x_wconf 85' lang='lat' dir='ltr'><strong>tendum</strong></span> <span class='ocrx_word' id='word_1_144' title='bbox 581 2283 850 2348; x_wconf 90' lang='lat' dir='ltr'><strong>censeo)</strong></span> <span class='ocrx_word' id='word_1_145' title='bbox 896 2296 1025 2339; x_wconf 92' lang='lat' dir='ltr'><strong>non</strong></span> <span class='ocrx_word' id='word_1_146' title='bbox 1071 2275 1309 2340; x_wconf 90' lang='lat' dir='ltr'><strong>minori</strong></span> <span class='ocrx_word' id='word_1_147' title='bbox 1353 2274 1527 2357; x_wconf 90' lang='lat' dir='ltr'><strong>apud</strong></span> <span class='ocrx_word' id='word_1_148' title='bbox 1557 2275 1870 2358; x_wconf 90' lang='lat' dir='ltr'><strong>populum</strong></span> <span class='ocrx_word' id='word_1_149' title='bbox 1916 2272 2235 2338; x_wconf 89' lang='lat' dir='ltr'><strong>Christia-</strong></span> 
     </span>
     <span class='ocr_line' id='line_1_23' title="bbox 281 2358 2234 2443; baseline -0.002 -18"><span class='ocrx_word' id='word_1_150' title='bbox 281 2381 429 2425; x_wconf 88' lang='lat' dir='ltr'><strong>num</strong></span> <span class='ocrx_word' id='word_1_151' title='bbox 489 2361 702 2443; x_wconf 90' lang='lat' dir='ltr'><strong>pretio</strong></span> <span class='ocrx_word' id='word_1_152' title='bbox 767 2360 1124 2427; x_wconf 87' lang='lat' dir='ltr'><strong>Pontifices</strong></span> <span class='ocrx_word' id='word_1_153' title='bbox 1146 2411 1162 2439; x_wconf 97' lang='lat'><strong>,</strong></span> <span class='ocrx_word' id='word_1_154' title='bbox 1231 2381 1426 2443; x_wconf 91' lang='lat' dir='ltr'><strong>quam</strong></span> <span class='ocrx_word' id='word_1_155' title='bbox 1492 2361 1932 2443; x_wconf 82' lang='lat' dir='ltr'><strong>Imperatores</strong></span> <span class='ocrx_word' id='word_1_156' title='bbox 1997 2358 2234 2424; x_wconf 86' lang='lat' dir='ltr'><strong>fuisse:</strong></span> 
     </span>
     <span class='ocr_line' id='line_1_24' title="bbox 283 2444 2238 2530; baseline 0 -21"><span class='ocrx_word' id='word_1_157' title='bbox 283 2467 392 2512; x_wconf 89' lang='lat' dir='ltr'><strong>nec</strong></span> <span class='ocrx_word' id='word_1_158' title='bbox 433 2445 694 2511; x_wconf 89' lang='lat' dir='ltr'><strong>illorum</strong></span> <span class='ocrx_word' id='word_1_159' title='bbox 741 2455 1192 2528; x_wconf 90' lang='lat' dir='ltr'><strong>contemptum</strong></span> <span class='ocrx_word' id='word_1_160' title='bbox 1227 2446 1450 2511; x_wconf 90' lang='lat' dir='ltr'><strong>induci</strong></span> <span class='ocrx_word' id='word_1_161' title='bbox 1495 2467 1700 2530; x_wconf 82' lang='lat' dir='ltr'><strong>posse,</strong></span> <span class='ocrx_word' id='word_1_162' title='bbox 1738 2447 1899 2529; x_wconf 91' lang='lat' dir='ltr'><strong>quin</strong></span> <span class='ocrx_word' id='word_1_163' title='bbox 1934 2444 2238 2511; x_wconf 89' lang='lat' dir='ltr'><strong>similiter</strong></span> 
     </span>
     <span class='ocr_line' id='line_1_25' title="bbox 283 2530 2235 2615; baseline -0.001 -19"><span class='ocrx_word' id='word_1_164' title='bbox 283 2531 506 2597; x_wconf 87' lang='lat' dir='ltr'><strong>horum</strong></span> <span class='ocrx_word' id='word_1_165' title='bbox 549 2543 968 2614; x_wconf 90' lang='lat' dir='ltr'><strong>contemptus</strong></span> <span class='ocrx_word' id='word_1_166' title='bbox 1002 2531 1472 2615; x_wconf 87' lang='lat' dir='ltr'><strong>despectusque</strong></span> <span class='ocrx_word' id='word_1_167' title='bbox 1506 2542 1958 2614; x_wconf 88' lang='lat' dir='ltr'><strong>consequatur.</strong></span> <span class='ocrx_word' id='word_1_168' title='bbox 2050 2530 2235 2595; x_wconf 89' lang='lat' dir='ltr'><strong>Haec</strong></span> 
     </span>
     <span class='ocr_line' id='line_1_26' title="bbox 279 2616 2234 2700; baseline -0.001 -18"><span class='ocrx_word' id='word_1_169' title='bbox 279 2617 467 2700; x_wconf 85' lang='lat' dir='ltr'><strong>igitur</strong></span> <span class='ocrx_word' id='word_1_170' title='bbox 523 2640 658 2682; x_wconf 90' lang='lat' dir='ltr'><strong>non</strong></span> <span class='ocrx_word' id='word_1_171' title='bbox 716 2616 948 2694; x_wconf 91' lang='lat' dir='ltr'><strong>dicam,</strong></span> <span class='ocrx_word' id='word_1_172' title='bbox 1008 2639 1175 2700; x_wconf 88' lang='lat' dir='ltr'><strong>quae</strong></span> <span class='ocrx_word' id='word_1_173' title='bbox 1230 2618 1436 2683; x_wconf 89' lang='lat' dir='ltr'><strong>satius</strong></span> <span class='ocrx_word' id='word_1_174' title='bbox 1492 2638 1636 2682; x_wconf 90' lang='lat' dir='ltr'><strong>esse</strong></span> <span class='ocrx_word' id='word_1_175' title='bbox 1678 2626 1837 2700; x_wconf 90' lang='lat' dir='ltr'><strong>puto</strong></span> <span class='ocrx_word' id='word_1_176' title='bbox 1879 2617 1949 2681; x_wconf 87' lang='lat' dir='ltr'><strong>in</strong></span> <span class='ocrx_word' id='word_1_177' title='bbox 1987 2618 2234 2699; x_wconf 86' lang='lat' dir='ltr'><strong>cogita-</strong></span> 
     </span>
     <span class='ocr_line' id='line_1_27' title="bbox 279 2701 2236 2786; baseline 0 -19"><span class='ocrx_word' id='word_1_178' title='bbox 279 2702 443 2767; x_wconf 80' lang='lat' dir='ltr'><strong>tione</strong></span> <span class='ocrx_word' id='word_1_179' title='bbox 525 2704 1036 2785; x_wconf 87' lang='lat' dir='ltr'><strong>uniuscuiusque</strong></span> <span class='ocrx_word' id='word_1_180' title='bbox 1101 2701 1472 2786; x_wconf 88' lang='lat' dir='ltr'><strong>relinquere</strong></span> <span class='ocrx_word' id='word_1_181' title='bbox 1548 2724 1744 2786; x_wconf 91' lang='lat' dir='ltr'><strong>quam</strong></span> <span class='ocrx_word' id='word_1_182' title='bbox 1807 2705 1880 2767; x_wconf 90' lang='lat' dir='ltr'><strong>in</strong></span> <span class='ocrx_word' id='word_1_183' title='bbox 1942 2702 2236 2767; x_wconf 90' lang='lat' dir='ltr'><strong>oratione</strong></span> 
     </span>
     <span class='ocr_line' id='line_1_28' title="bbox 279 2787 2235 2872; baseline -0.001 -18"><span class='ocrx_word' id='word_1_184' title='bbox 279 2808 418 2854; x_wconf 85' lang='lat' dir='ltr'><strong>mea</strong></span> <span class='ocrx_word' id='word_1_185' title='bbox 461 2810 724 2871; x_wconf 90' lang='lat' dir='ltr'><strong>ponere.</strong></span> <span class='ocrx_word' id='word_1_186' title='bbox 815 2789 874 2853; x_wconf 88' lang='lat' dir='ltr'>N</span> <span class='ocrx_word' id='word_1_187' title='bbox 882 2810 1011 2854; x_wconf 91' lang='lat' dir='ltr'><strong>unc</strong></span> <span class='ocrx_word' id='word_1_188' title='bbox 1056 2810 1213 2854; x_wconf 87' lang='lat' dir='ltr'><strong>vero</strong></span> <span class='ocrx_word' id='word_1_189' title='bbox 1257 2787 1489 2867; x_wconf 88' lang='lat' dir='ltr'><strong>dicam,</strong></span> <span class='ocrx_word' id='word_1_190' title='bbox 1537 2789 1708 2872; x_wconf 88' lang='lat' dir='ltr'><strong>quod</strong></span> <span class='ocrx_word' id='word_1_191' title='bbox 1752 2789 1876 2871; x_wconf 91' lang='lat' dir='ltr'><strong>ipsi</strong></span> <span class='ocrx_word' id='word_1_192' title='bbox 1915 2788 2235 2854; x_wconf 89' lang='lat' dir='ltr'><strong>coniicere</strong></span> 
     </span>
     <span class='ocr_line' id='line_1_29' title="bbox 276 2871 2233 2957; baseline -0.001 -19"><span class='ocrx_word' id='word_1_193' title='bbox 276 2873 424 2938; x_wconf 89' lang='lat' dir='ltr'><strong>olim</strong></span> <span class='ocrx_word' id='word_1_194' title='bbox 466 2874 859 2952; x_wconf 84' lang='lat' dir='ltr'><strong>solebamus,</strong></span> <span class='ocrx_word' id='word_1_195' title='bbox 915 2875 1045 2938; x_wconf 90' lang='lat' dir='ltr'><strong>iam</strong></span> <span class='ocrx_word' id='word_1_196' title='bbox 1103 2876 1234 2939; x_wconf 90' lang='lat' dir='ltr'><strong>iam</strong></span> <span class='ocrx_word' id='word_1_197' title='bbox 1279 2875 1646 2940; x_wconf 79' lang='lat' dir='ltr'><strong>manifestis</strong></span> <span class='ocrx_word' id='word_1_198' title='bbox 1699 2874 1960 2939; x_wconf 91' lang='lat' dir='ltr'><strong>indiciis</strong></span> <span class='ocrx_word' id='word_1_199' title='bbox 2004 2871 2233 2957; x_wconf 87' lang='lat' dir='ltr'><strong>depre-</strong></span> 
     </span>
     <span class='ocr_line' id='line_1_30' title="bbox 278 2958 2233 3038; baseline -0.001 -14"><span class='ocrx_word' id='word_1_200' title='bbox 278 2959 639 3038; x_wconf 86' lang='lat' dir='ltr'><strong>hendimus,</strong></span> <span class='ocrx_word' id='word_1_201' title='bbox 703 2979 826 3024; x_wconf 92' lang='lat' dir='ltr'><strong>nec</strong></span> <span class='ocrx_word' id='word_1_202' title='bbox 891 2970 1150 3025; x_wconf 87' lang='lat' dir='ltr'><strong>tantum</strong></span> <span class='ocrx_word' id='word_1_203' title='bbox 1211 2958 1443 3036; x_wconf 90' lang='lat' dir='ltr'><strong>dicam,</strong></span> <span class='ocrx_word' id='word_1_204' title='bbox 1502 2959 1616 3025; x_wconf 89' lang='lat' dir='ltr'><strong>sed</strong></span> <span class='ocrx_word' id='word_1_205' title='bbox 1675 2961 1758 3025; x_wconf 92' lang='lat' dir='ltr'><strong>ab</strong></span> <span class='ocrx_word' id='word_1_206' title='bbox 1801 2961 1949 3025; x_wconf 90' lang='lat' dir='ltr'><strong>istis</strong></span> <span class='ocrx_word' id='word_1_207' title='bbox 1993 2960 2233 3024; x_wconf 87' lang='lat' dir='ltr'><strong>factam</strong></span> 
     </span>
     <span class='ocr_line' id='line_1_31' title="bbox 273 3042 2235 3122; baseline -0.001 -12"><span class='ocrx_word' id='word_1_208' title='bbox 273 3066 405 3112; x_wconf 87' lang='lat' dir='ltr'><strong>esse</strong></span> <span class='ocrx_word' id='word_1_209' title='bbox 447 3046 994 3122; x_wconf 87' lang='lat' dir='ltr'><strong>coniurationem,</strong></span> <span class='ocrx_word' id='word_1_210' title='bbox 1039 3066 1160 3112; x_wconf 92' lang='lat' dir='ltr'><strong>nec</strong></span> <span class='ocrx_word' id='word_1_211' title='bbox 1203 3046 1394 3112; x_wconf 90' lang='lat' dir='ltr'><strong>modo</strong></span> <span class='ocrx_word' id='word_1_212' title='bbox 1436 3046 1771 3113; x_wconf 86' lang='lat' dir='ltr'><strong>Ecclesiae</strong></span> <span class='ocrx_word' id='word_1_213' title='bbox 1816 3055 2080 3122; x_wconf 89' lang='lat' dir='ltr'><strong>statum,</strong></span> <span class='ocrx_word' id='word_1_214' title='bbox 2118 3042 2235 3109; x_wconf 91' lang='lat' dir='ltr'><strong>sed</strong></span> 
     </span>
     <span class='ocr_line' id='line_1_32' title="bbox 271 3131 2233 3217; baseline -0.002 -19"><span class='ocrx_word' id='word_1_215' title='bbox 271 3131 548 3217; x_wconf 83' lang='lat' dir='ltr'><strong>Regiam</strong></span> <span class='ocrx_word' id='word_1_216' title='bbox 613 3134 1025 3197; x_wconf 88' lang='lat' dir='ltr'><strong>maiestatem</strong></span> <span class='ocrx_word' id='word_1_217' title='bbox 1093 3134 1425 3208; x_wconf 89' lang='lat' dir='ltr'><strong>attentari,</strong></span> <span class='ocrx_word' id='word_1_218' title='bbox 1492 3133 1607 3199; x_wconf 88' lang='lat' dir='ltr'><strong>sed</strong></span> <span class='ocrx_word' id='word_1_219' title='bbox 1665 3134 1961 3198; x_wconf 92' lang='lat' dir='ltr'><strong>omnium</strong></span> <span class='ocrx_word' id='word_1_220' title='bbox 2007 3151 2233 3196; x_wconf 91' lang='lat' dir='ltr'><strong>rerum</strong></span> 
     </span>
     <span class='ocr_line' id='line_1_33' title="bbox 273 3216 2235 3295; baseline -0.002 -12"><span class='ocrx_word' id='word_1_221' title='bbox 273 3218 722 3285; x_wconf 71' lang='lat' dir='ltr'><strong>confizsionem</strong></span> <span class='ocrx_word' id='word_1_222' title='bbox 782 3217 1025 3295; x_wconf 90' lang='lat' dir='ltr'><strong>induci,</strong></span> <span class='ocrx_word' id='word_1_223' title='bbox 1091 3218 1206 3283; x_wconf 86' lang='lat' dir='ltr'><strong>sed</strong></span> <span class='ocrx_word' id='word_1_224' title='bbox 1259 3234 1640 3284; x_wconf 85' lang='lat' dir='ltr'><strong>cunctorum</strong></span> <span class='ocrx_word' id='word_1_225' title='bbox 1708 3217 2014 3283; x_wconf 90' lang='lat' dir='ltr'><strong>ordinum</strong></span> <span class='ocrx_word' id='word_1_226' title='bbox 2079 3216 2235 3282; x_wconf 88' lang='lat' dir='ltr'><strong>sub·</strong></span> 
     </span>
     <span class='ocr_line' id='line_1_34' title="bbox 271 3302 2233 3387; baseline -0.001 -20"><span class='ocrx_word' id='word_1_227' title='bbox 271 3307 643 3370; x_wconf 77' lang='lat' dir='ltr'><strong>versionem</strong></span> <span class='ocrx_word' id='word_1_228' title='bbox 688 3304 978 3387; x_wconf 85' lang='lat' dir='ltr'><strong>cogitari,</strong></span> <span class='ocrx_word' id='word_1_229' title='bbox 1037 3302 1517 3369; x_wconf 89' lang='lat' dir='ltr'><strong>demonstrabo.</strong></span> <span class='ocrx_word' id='word_1_230' title='bbox 1620 3303 1981 3387; x_wconf 86' lang='lat' dir='ltr'><strong>Appellent</strong></span> <span class='ocrx_word' id='word_1_231' title='bbox 2026 3323 2233 3385; x_wconf 92' lang='lat' dir='ltr'><strong>quan-</strong></span> 
     </span>
     <span class='ocr_line' id='line_1_35' title="bbox 271 3389 2231 3473; baseline 0 -20"><span class='ocrx_word' id='word_1_232' title='bbox 271 3402 404 3453; x_wconf 90' lang='lat' dir='ltr'><strong>tum</strong></span> <span class='ocrx_word' id='word_1_233' title='bbox 465 3390 681 3454; x_wconf 87' lang='lat' dir='ltr'><strong>velint</strong></span> <span class='ocrx_word' id='word_1_234' title='bbox 743 3389 1130 3473; x_wconf 84' lang='lat' dir='ltr'><strong>Evangelia,</strong></span> <span class='ocrx_word' id='word_1_235' title='bbox 1188 3403 1257 3454; x_wconf 91' lang='lat' dir='ltr'><strong>et</strong></span> <span class='ocrx_word' id='word_1_236' title='bbox 1322 3389 1654 3454; x_wconf 88' lang='lat' dir='ltr'><strong>doctrinae</strong></span> <span class='ocrx_word' id='word_1_237' title='bbox 1698 3409 1910 3455; x_wconf 88' lang='lat' dir='ltr'><strong>novae</strong></span> <span class='ocrx_word' id='word_1_238' title='bbox 1950 3390 2231 3470; x_wconf 88' lang='lat' dir='ltr'><strong>speciem</strong></span> 
     </span>
     <span class='ocr_line' id='line_1_36' title="bbox 272 3473 2235 3557; baseline -0.001 -18"><span class='ocrx_word' id='word_1_239' title='bbox 272 3474 766 3541; x_wconf 77' lang='lat' dir='ltr'><strong>nefandissimis</strong></span> <span class='ocrx_word' id='word_1_240' title='bbox 809 3476 948 3541; x_wconf 88' lang='lat' dir='ltr'><strong>suis</strong></span> <span class='ocrx_word' id='word_1_241' title='bbox 986 3476 1232 3557; x_wconf 90' lang='lat' dir='ltr'><strong>coeptis</strong></span> <span class='ocrx_word' id='word_1_242' title='bbox 1276 3474 1654 3539; x_wconf 89' lang='lat' dir='ltr'><strong>obtendant.</strong></span> <span class='ocrx_word' id='word_1_243' title='bbox 1725 3473 1911 3539; x_wconf 85' lang='lat' dir='ltr'><strong>Nihil</strong></span> <span class='ocrx_word' id='word_1_244' title='bbox 1953 3495 2061 3539; x_wconf 92' lang='lat' dir='ltr'><strong>me</strong></span> <span class='ocrx_word' id='word_1_245' title='bbox 2095 3494 2235 3538; x_wconf 90' lang='lat' dir='ltr'><strong>mo·</strong></span> 
     </span>
     <span class='ocr_line' id='line_1_37' title="bbox 268 3559 2236 3644; baseline -0.001 -18"><span class='ocrx_word' id='word_1_246' title='bbox 268 3575 421 3626; x_wconf 89' lang='lat' dir='ltr'><strong>vent</strong></span> <span class='ocrx_word' id='word_1_247' title='bbox 477 3560 778 3643; x_wconf 88' lang='lat' dir='ltr'><strong>speciosa</strong></span> <span class='ocrx_word' id='word_1_248' title='bbox 830 3562 1115 3637; x_wconf 92' lang='lat' dir='ltr'><strong>nomina,</strong></span> <span class='ocrx_word' id='word_1_249' title='bbox 1187 3559 1353 3624; x_wconf 92' lang='lat' dir='ltr'><strong>nihil</strong></span> <span class='ocrx_word' id='word_1_250' title='bbox 1419 3560 1707 3626; x_wconf 83' lang='lat' dir='ltr'><strong>affectati</strong></span> <span class='ocrx_word' id='word_1_251' title='bbox 1773 3560 2236 3644; x_wconf 87' lang='lat' dir='ltr'><strong>elegantesque</strong></span> 
     </span>
     <span class='ocr_line' id='line_1_38' title="bbox 271 3646 2235 3712; baseline 0 -3"><span class='ocrx_word' id='word_1_252' title='bbox 271 3646 437 3711; x_wconf 81' lang='lat' dir='ltr'><strong>tituli</strong></span> <span class='ocrx_word' id='word_1_253' title='bbox 475 3667 706 3712; x_wconf 88' lang='lat' dir='ltr'><strong>rerum</strong></span> <span class='ocrx_word' id='word_1_254' title='bbox 742 3647 1092 3711; x_wconf 91' lang='lat' dir='ltr'><strong>veritatem</strong></span> <span class='ocrx_word' id='word_1_255' title='bbox 1128 3658 1410 3711; x_wconf 84' lang='lat' dir='ltr'><strong>mutant.</strong></span> <span class='ocrx_word' id='word_1_256' title='bbox 1502 3646 1653 3710; x_wconf 86' lang='lat' dir='ltr'><strong>Non</strong></span> <span class='ocrx_word' id='word_1_257' title='bbox 1689 3658 1790 3710; x_wconf 89' lang='lat' dir='ltr'><strong>est</strong></span> <span class='ocrx_word' id='word_1_258' title='bbox 1845 3646 2235 3710; x_wconf 90' lang='lat' dir='ltr'><strong>inusitatum</strong></span> 
     </span>
     <span class='ocr_line' id='line_1_39' title="bbox 273 3730 2239 3813; baseline 0.001 -18"><span class='ocrx_word' id='word_1_259' title='bbox 273 3746 382 3796; x_wconf 88' lang='lat' dir='ltr'><strong>aut</strong></span> <span class='ocrx_word' id='word_1_260' title='bbox 425 3732 745 3808; x_wconf 85' lang='lat' dir='ltr'><strong>insolens,</strong></span> <span class='ocrx_word' id='word_1_261' title='bbox 850 3731 978 3796; x_wconf 89' lang='lat' dir='ltr'><strong>uod</strong></span> <span class='ocrx_word' id='word_1_262' title='bbox 1035 3744 1099 3795; x_wconf 88' lang='lat' dir='ltr'><strong>te</strong></span> <span class='ocrx_word' id='word_1_263' title='bbox 1148 3731 1357 3796; x_wconf 88' lang='lat' dir='ltr'><strong>endae</strong></span> <span class='ocrx_word' id='word_1_264' title='bbox 1421 3731 1816 3813; x_wconf 88' lang='lat' dir='ltr'><strong>turpitudini</strong></span> <span class='ocrx_word' id='word_1_265' title='bbox 1863 3730 2239 3796; x_wconf 89' lang='lat' dir='ltr'><strong>honestiora</strong></span> 
     </span>
     <span class='ocr_line' id='line_1_40' title="bbox 893 3815 2236 3966; baseline 0.001 -85"><span class='ocrx_word' id='word_1_266' title='bbox 893 3817 1086 3882; x_wconf 84' lang='lat' dir='ltr'><strong>velan</strong></span> <span class='ocrx_word' id='word_1_267' title='bbox 1134 3839 1213 3881; x_wconf 91' lang='lat' dir='ltr'><strong>ae</strong></span> <span class='ocrx_word' id='word_1_268' title='bbox 1257 3815 1601 3899; x_wconf 89' lang='lat' dir='ltr'><strong>cupiditati</strong></span> <span class='ocrx_word' id='word_1_269' title='bbox 1648 3817 1985 3966; x_wconf 39' lang='lat' dir='ltr'><strong>splendori?</strong></span> <span class='ocrx_word' id='word_1_270' title='bbox 2003 3817 2236 3966; x_wconf 61' lang='lat' dir='ltr'><strong>aliqulils</strong></span> 
     </span>
     <span class='ocr_line' id='line_1_41' title="bbox 1990 3903 2239 3969; baseline 0 -3"><span class='ocrx_word' id='word_1_271' title='bbox 1990 3903 2120 3969; x_wconf 91' lang='lat' dir='ltr'><strong>ecit</strong></span> <span class='ocrx_word' id='word_1_272' title='bbox 2167 3903 2179 3915; x_wconf 84' lang='lat'><strong>‘</strong></span> <span class='ocrx_word' id='word_1_273' title='bbox 2214 3940 2239 3952; x_wconf 88' lang='lat'>-</span> 
     </span>
    </p>
   </div>
   <div class='ocr_carea' id='block_1_3' title="bbox 2001 567 2231 642">
    <p class='ocr_par' dir='ltr' id='par_1_3' title="bbox 2001 567 2231 642">
     <span class='ocr_line' id='line_1_42' title="bbox 2001 567 2231 642; baseline -0.009 -17"><span class='ocrx_word' id='word_1_274' title='bbox 2001 567 2231 642; x_wconf 89' lang='lat' dir='ltr'><strong>poten-</strong></span> 
     </span>
    </p>
   </div>
   <div class='ocr_carea' id='block_1_4' title="bbox 270 3817 1841 3987">
    <p class='ocr_par' dir='ltr' id='par_1_4' title="bbox 270 3817 1841 3987">
     <span class='ocr_line' id='line_1_43' title="bbox 272 3817 802 3900; baseline 0.002 -20"><span class='ocrx_word' id='word_1_275' title='bbox 272 3817 628 3895; x_wconf 86' lang='lat' dir='ltr'><strong>involucra,</strong></span> <span class='ocrx_word' id='word_1_276' title='bbox 677 3839 802 3900; x_wconf 90' lang='lat' dir='ltr'><strong>quo</strong></span> 
     </span>
     <span class='ocr_line' id='line_1_44' title="bbox 270 3903 1841 3987; baseline -0.001 -19"><span class='ocrx_word' id='word_1_277' title='bbox 270 3904 573 3981; x_wconf 77' lang='lat' dir='ltr'><strong>eximius,</strong></span> <span class='ocrx_word' id='word_1_278' title='bbox 636 3916 705 3968; x_wconf 89' lang='lat' dir='ltr'><strong>et</strong></span> <span class='ocrx_word' id='word_1_279' title='bbox 754 3903 1087 3987; x_wconf 90' lang='lat' dir='ltr'><strong>popularis</strong></span> <span class='ocrx_word' id='word_1_280' title='bbox 1140 3921 1337 3968; x_wconf 90' lang='lat' dir='ltr'><strong>causa</strong></span> <span class='ocrx_word' id='word_1_281' title='bbox 1394 3905 1841 3985; x_wconf 88' lang='lat' dir='ltr'><strong>conquiratur.</strong></span> 
     </span>
    </p>
   </div>
   <div class='ocr_carea' id='block_1_5' title="bbox 270 3984 2248 4071">
    <p class='ocr_par' dir='ltr' id='par_1_5' title="bbox 270 3984 2248 4071">
     <span class='ocr_line' id='line_1_45' title="bbox 270 3984 2248 4071; baseline 0.001 -20"><span class='ocrx_word' id='word_1_282' title='bbox 270 3987 378 4054; x_wconf 88' lang='lat' dir='ltr'><strong>lud</strong></span> <span class='ocrx_word' id='word_1_283' title='bbox 402 3988 833 4066; x_wconf 77' lang='lat' dir='ltr'><strong>Saturninus,</strong></span> <span class='ocrx_word' id='word_1_284' title='bbox 865 3990 1074 4054; x_wconf 88' lang='lat' dir='ltr'><strong>fecere</strong></span> <span class='ocrx_word' id='word_1_285' title='bbox 1098 3987 1406 4066; x_wconf 80' lang='lat' dir='ltr'><strong>Gracchi,</strong></span> <span class='ocrx_word' id='word_1_286' title='bbox 1443 3989 1554 4070; x_wconf 91' lang='lat' dir='ltr'><strong>qui</strong></span> <span class='ocrx_word' id='word_1_287' title='bbox 1577 3986 1751 4071; x_wconf 90' lang='lat' dir='ltr'><strong>quod</strong></span> <span class='ocrx_word' id='word_1_288' title='bbox 1773 3984 2248 4065; x_wconf 60' lang='lat' dir='ltr'><strong>moliebantur,</strong></span> 
     </span>
    </p>
   </div>
   <div class='ocr_carea' id='block_1_6' title="bbox 269 4073 2241 5445">
    <p class='ocr_par' dir='ltr' id='par_1_6' title="bbox 269 4073 2241 5186">
     <span class='ocr_line' id='line_1_46' title="bbox 269 4073 2238 4158; baseline -0.001 -19"><span class='ocrx_word' id='word_1_289' title='bbox 269 4095 336 4139; x_wconf 85' lang='lat' dir='ltr'><strong>se</strong></span> <span class='ocrx_word' id='word_1_290' title='bbox 371 4076 599 4158; x_wconf 90' lang='lat' dir='ltr'><strong>populi</strong></span> <span class='ocrx_word' id='word_1_291' title='bbox 647 4077 864 4158; x_wconf 88' lang='lat' dir='ltr'><strong>gratia</strong></span> <span class='ocrx_word' id='word_1_292' title='bbox 906 4075 1252 4156; x_wconf 86' lang='lat' dir='ltr'><strong>suscipere,</strong></span> <span class='ocrx_word' id='word_1_293' title='bbox 1300 4095 1370 4139; x_wconf 89' lang='lat' dir='ltr'><strong>se</strong></span> <span class='ocrx_word' id='word_1_294' title='bbox 1412 4073 1475 4138; x_wconf 91' lang='lat' dir='ltr'><strong>le</strong></span> <span class='ocrx_word' id='word_1_295' title='bbox 1523 4095 1592 4138; x_wconf 89' lang='lat' dir='ltr'><strong>es</strong></span> <span class='ocrx_word' id='word_1_296' title='bbox 1636 4075 1931 4156; x_wconf 85' lang='lat' dir='ltr'><strong>agrarias</strong></span> <span class='ocrx_word' id='word_1_297' title='bbox 1975 4094 2109 4137; x_wconf 91' lang='lat' dir='ltr'><strong>non</strong></span> <span class='ocrx_word' id='word_1_298' title='bbox 2155 4074 2238 4138; x_wconf 92' lang='lat' dir='ltr'><strong>ad</strong></span> 
     </span>
     <span class='ocr_line' id='line_1_47' title="bbox 269 4158 2239 4242; baseline -0.001 -17"><span class='ocrx_word' id='word_1_299' title='bbox 269 4161 717 4235; x_wconf 85' lang='lat' dir='ltr'><strong>evertendam,</strong></span> <span class='ocrx_word' id='word_1_300' title='bbox 773 4159 888 4225; x_wconf 91' lang='lat' dir='ltr'><strong>sed</strong></span> <span class='ocrx_word' id='word_1_301' title='bbox 943 4158 1024 4223; x_wconf 85' lang='lat' dir='ltr'><strong>ad</strong></span> <span class='ocrx_word' id='word_1_302' title='bbox 1086 4161 1456 4225; x_wconf 89' lang='lat' dir='ltr'><strong>constitucn</strong></span> <span class='ocrx_word' id='word_1_303' title='bbox 1504 4180 1612 4224; x_wconf 90' lang='lat' dir='ltr'><strong>am</strong></span> <span class='ocrx_word' id='word_1_304' title='bbox 1659 4159 1890 4242; x_wconf 89' lang='lat' dir='ltr'><strong>Remp.</strong></span> <span class='ocrx_word' id='word_1_305' title='bbox 1949 4160 2239 4241; x_wconf 88' lang='lat' dir='ltr'><strong>perferre</strong></span> 
     </span>
     <span class='ocr_line' id='line_1_48' title="bbox 271 4243 2241 4328; baseline -0.001 -17"><span class='ocrx_word' id='word_1_306' title='bbox 271 4243 776 4311; x_wconf 84' lang='lat' dir='ltr'><strong>denunciabant.</strong></span> <span class='ocrx_word' id='word_1_307' title='bbox 881 4245 1072 4310; x_wconf 88' lang='lat' dir='ltr'><strong>Fecit</strong></span> <span class='ocrx_word' id='word_1_308' title='bbox 1129 4243 1298 4309; x_wconf 89' lang='lat' dir='ltr'><strong>illud</strong></span> <span class='ocrx_word' id='word_1_309' title='bbox 1357 4246 1551 4328; x_wconf 91' lang='lat' dir='ltr'><strong>paulo</strong></span> <span class='ocrx_word' id='word_1_310' title='bbox 1610 4258 1753 4327; x_wconf 88' lang='lat' dir='ltr'><strong>post</strong></span> <span class='ocrx_word' id='word_1_311' title='bbox 1801 4244 2115 4311; x_wconf 84' lang='lat' dir='ltr'><strong>Catilina:</strong></span> <span class='ocrx_word' id='word_1_312' title='bbox 2166 4255 2241 4309; x_wconf 91' lang='lat' dir='ltr'><strong>ut</strong></span> 
     </span>
     <span class='ocr_line' id='line_1_49' title="bbox 269 4331 2239 4413; baseline -0.001 -16"><span class='ocrx_word' id='word_1_313' title='bbox 269 4352 418 4397; x_wconf 88' lang='lat' dir='ltr'><strong>cum</strong></span> <span class='ocrx_word' id='word_1_314' title='bbox 490 4332 695 4409; x_wconf 77' lang='lat' dir='ltr'><strong>urbis,</strong></span> <span class='ocrx_word' id='word_1_315' title='bbox 759 4342 957 4413; x_wconf 89' lang='lat' dir='ltr'><strong>atque</strong></span> <span class='ocrx_word' id='word_1_316' title='bbox 1031 4331 1195 4396; x_wconf 87' lang='lat' dir='ltr'><strong>adeo</strong></span> <span class='ocrx_word' id='word_1_317' title='bbox 1260 4331 1438 4396; x_wconf 91' lang='lat' dir='ltr'><strong>orbis</strong></span> <span class='ocrx_word' id='word_1_318' title='bbox 1507 4331 1795 4394; x_wconf 89' lang='lat' dir='ltr'><strong>Romani</strong></span> <span class='ocrx_word' id='word_1_319' title='bbox 1861 4332 2239 4396; x_wconf 89' lang='lat' dir='ltr'><strong>vastitatem</strong></span> 
     </span>
     <span class='ocr_line' id='line_1_50' title="bbox 269 4416 2235 4499; baseline 0 -19"><span class='ocrx_word' id='word_1_320' title='bbox 269 4420 489 4483; x_wconf 80' lang='lat' dir='ltr'><strong>animo</strong></span> <span class='ocrx_word' id='word_1_321' title='bbox 569 4418 975 4499; x_wconf 89' lang='lat' dir='ltr'><strong>concepisset</strong></span> <span class='ocrx_word' id='word_1_322' title='bbox 999 4468 1012 4491; x_wconf 91' lang='lat'><strong>,</strong></span> <span class='ocrx_word' id='word_1_323' title='bbox 1094 4416 1305 4480; x_wconf 90' lang='lat' dir='ltr'><strong>civem</strong></span> <span class='ocrx_word' id='word_1_324' title='bbox 1388 4438 1459 4480; x_wconf 90' lang='lat' dir='ltr'><strong>se</strong></span> <span class='ocrx_word' id='word_1_325' title='bbox 1537 4416 1969 4480; x_wconf 89' lang='lat' dir='ltr'><strong>nihilominus</strong></span> <span class='ocrx_word' id='word_1_326' title='bbox 2043 4416 2235 4499; x_wconf 87' lang='lat' dir='ltr'><strong>Reip.</strong></span> 
     </span>
     <span class='ocr_line' id='line_1_51' title="bbox 269 4501 2240 4585; baseline -0.001 -17"><span class='ocrx_word' id='word_1_327' title='bbox 269 4518 627 4579; x_wconf 83' lang='lat' dir='ltr'><strong>amantem,</strong></span> <span class='ocrx_word' id='word_1_328' title='bbox 665 4503 1046 4579; x_wconf 81' lang='lat' dir='ltr'><strong>officiosum,</strong></span> <span class='ocrx_word' id='word_1_329' title='bbox 1090 4501 1540 4585; x_wconf 87' lang='lat' dir='ltr'><strong>libertatisque</strong></span> <span class='ocrx_word' id='word_1_330' title='bbox 1583 4511 1974 4568; x_wconf 89' lang='lat' dir='ltr'><strong>assertorem</strong></span> <span class='ocrx_word' id='word_1_331' title='bbox 2014 4502 2240 4566; x_wconf 90' lang='lat' dir='ltr'><strong>haberi</strong></span> 
     </span>
     <span class='ocr_line' id='line_1_52' title="bbox 272 4586 2239 4671; baseline 0.001 -20"><span class='ocrx_word' id='word_1_332' title='bbox 272 4590 653 4670; x_wconf 87' lang='lat' dir='ltr'><strong>postularet.</strong></span> <span class='ocrx_word' id='word_1_333' title='bbox 761 4588 1001 4652; x_wconf 76' lang='lat' dir='ltr'><strong>Fecere</strong></span> <span class='ocrx_word' id='word_1_334' title='bbox 1059 4587 1338 4671; x_wconf 88' lang='lat' dir='ltr'><strong>denique</strong></span> <span class='ocrx_word' id='word_1_335' title='bbox 1403 4597 1471 4651; x_wconf 93' lang='lat' dir='ltr'><strong>et</strong></span> <span class='ocrx_word' id='word_1_336' title='bbox 1527 4586 1689 4652; x_wconf 90' lang='lat' dir='ltr'><strong>illud</strong></span> <span class='ocrx_word' id='word_1_337' title='bbox 1748 4590 1816 4652; x_wconf 90' lang='lat' dir='ltr'><strong>in</strong></span> <span class='ocrx_word' id='word_1_338' title='bbox 1863 4587 2083 4653; x_wconf 88' lang='lat' dir='ltr'><strong>Gallia</strong></span> <span class='ocrx_word' id='word_1_339' title='bbox 2124 4609 2239 4670; x_wconf 91' lang='lat' dir='ltr'><strong>pa-</strong></span> 
     </span>
     <span class='ocr_line' id='line_1_53' title="bbox 269 4672 2238 4755; baseline -0.001 -16"><span class='ocrx_word' id='word_1_340' title='bbox 269 4680 443 4739; x_wconf 80' lang='lat' dir='ltr'><strong>trum</strong></span> <span class='ocrx_word' id='word_1_341' title='bbox 483 4688 862 4740; x_wconf 88' lang='lat' dir='ltr'><strong>nostrorum</strong></span> <span class='ocrx_word' id='word_1_342' title='bbox 899 4673 1218 4738; x_wconf 89' lang='lat' dir='ltr'><strong>memoria</strong></span> <span class='ocrx_word' id='word_1_343' title='bbox 1251 4672 1502 4738; x_wconf 90' lang='lat' dir='ltr'><strong>nobiles</strong></span> <span class='ocrx_word' id='word_1_344' title='bbox 1538 4673 1784 4755; x_wconf 89' lang='lat' dir='ltr'><strong>aliquot</strong></span> <span class='ocrx_word' id='word_1_345' title='bbox 1818 4688 1886 4738; x_wconf 92' lang='lat' dir='ltr'><strong>et</strong></span> <span class='ocrx_word' id='word_1_346' title='bbox 1923 4693 2238 4755; x_wconf 88' lang='lat' dir='ltr'><strong>proceres,</strong></span> 
     </span>
     <span class='ocr_line' id='line_1_54' title="bbox 269 4757 2240 4846; baseline 0 -22"><span class='ocrx_word' id='word_1_347' title='bbox 269 4768 343 4823; x_wconf 85' lang='lat' dir='ltr'><strong>ut</strong></span> <span class='ocrx_word' id='word_1_348' title='bbox 384 4762 454 4824; x_wconf 89' lang='lat' dir='ltr'><strong>in</strong></span> <span class='ocrx_word' id='word_1_349' title='bbox 515 4759 1034 4844; x_wconf 86' lang='lat' dir='ltr'><strong>flagitiosissima</strong></span> <span class='ocrx_word' id='word_1_350' title='bbox 1076 4780 1117 4823; x_wconf 91' lang='lat' dir='ltr'><strong>a</strong></span> <span class='ocrx_word' id='word_1_351' title='bbox 1159 4759 1346 4843; x_wconf 84' lang='lat' dir='ltr'><strong>Rege</strong></span> <span class='ocrx_word' id='word_1_352' title='bbox 1390 4758 1735 4824; x_wconf 86' lang='lat' dir='ltr'><strong>Ludovico</strong></span> <span class='ocrx_word' id='word_1_353' title='bbox 1777 4757 2121 4824; x_wconf 86' lang='lat' dir='ltr'><strong>undecimo</strong></span> <span class='ocrx_word' id='word_1_354' title='bbox 2157 4759 2240 4846; x_wconf 78' lang='lat'><strong>¹²)</strong></span> 
     </span>
     <span class='ocr_line' id='line_1_55' title="bbox 271 4842 2240 4930; baseline -0.001 -19"><span class='ocrx_word' id='word_1_355' title='bbox 271 4843 656 4923; x_wconf 84' lang='lat' dir='ltr'><strong>defectione,</strong></span> <span class='ocrx_word' id='word_1_356' title='bbox 702 4858 769 4910; x_wconf 91' lang='lat' dir='ltr'><strong>et</strong></span> <span class='ocrx_word' id='word_1_357' title='bbox 791 4845 1010 4930; x_wconf 84' lang='lat' dir='ltr'><strong>Regni</strong></span> <span class='ocrx_word' id='word_1_358' title='bbox 1044 4843 1396 4928; x_wconf 90' lang='lat' dir='ltr'><strong>diripiendi</strong></span> <span class='ocrx_word' id='word_1_359' title='bbox 1441 4866 1516 4910; x_wconf 89' lang='lat' dir='ltr'><strong>ac</strong></span> <span class='ocrx_word' id='word_1_360' title='bbox 1559 4842 1919 4927; x_wconf 90' lang='lat' dir='ltr'><strong>occupandi</strong></span> <span class='ocrx_word' id='word_1_361' title='bbox 1964 4845 2240 4911; x_wconf 90' lang='lat' dir='ltr'><strong>scelera-</strong></span> 
     </span>
     <span class='ocr_line' id='line_1_56' title="bbox 269 4930 2241 5014; baseline -0.001 -17"><span class='ocrx_word' id='word_1_362' title='bbox 269 4930 529 4997; x_wconf 81' lang='lat' dir='ltr'><strong>tissima</strong></span> <span class='ocrx_word' id='word_1_363' title='bbox 583 4930 946 5009; x_wconf 86' lang='lat' dir='ltr'><strong>voluntate,</strong></span> <span class='ocrx_word' id='word_1_364' title='bbox 1005 4931 1158 4995; x_wconf 93' lang='lat' dir='ltr'><strong>boni</strong></span> <span class='ocrx_word' id='word_1_365' title='bbox 1218 4932 1435 4996; x_wconf 88' lang='lat' dir='ltr'><strong>nescio</strong></span> <span class='ocrx_word' id='word_1_366' title='bbox 1494 4932 1679 4996; x_wconf 92' lang='lat' dir='ltr'><strong>cuius</strong></span> <span class='ocrx_word' id='word_1_367' title='bbox 1722 4930 1966 5014; x_wconf 89' lang='lat' dir='ltr'><strong>publici</strong></span> <span class='ocrx_word' id='word_1_368' title='bbox 2003 4953 2241 4996; x_wconf 86' lang='lat' dir='ltr'><strong>nomen</strong></span> 
     </span>
     <span class='ocr_line' id='line_1_57' title="bbox 269 5015 2241 5101; baseline -0.001 -19"><span class='ocrx_word' id='word_1_369' title='bbox 269 5028 758 5101; x_wconf 84' lang='lat' dir='ltr'><strong>praetexerent.</strong></span> <span class='ocrx_word' id='word_1_370' title='bbox 868 5015 1316 5097; x_wconf 82' lang='lat' dir='ltr'><strong>Quamobrem</strong></span> <span class='ocrx_word' id='word_1_371' title='bbox 1361 5015 1667 5081; x_wconf 90' lang='lat' dir='ltr'><strong>desinant</strong></span> <span class='ocrx_word' id='word_1_372' title='bbox 1724 5016 2047 5081; x_wconf 90' lang='lat' dir='ltr'><strong>coniurati</strong></span> <span class='ocrx_word' id='word_1_373' title='bbox 2095 5016 2241 5082; x_wconf 86' lang='lat' dir='ltr'><strong>diu-</strong></span> 
     </span>
     <span class='ocr_line' id='line_1_58' title="bbox 273 5101 2240 5186; baseline 0 -21"><span class='ocrx_word' id='word_1_374' title='bbox 273 5104 402 5168; x_wconf 80' lang='lat' dir='ltr'><strong>tius</strong></span> <span class='ocrx_word' id='word_1_375' title='bbox 459 5102 654 5167; x_wconf 89' lang='lat' dir='ltr'><strong>nobis</strong></span> <span class='ocrx_word' id='word_1_376' title='bbox 711 5123 829 5184; x_wconf 90' lang='lat' dir='ltr'><strong>per</strong></span> <span class='ocrx_word' id='word_1_377' title='bbox 885 5103 1164 5185; x_wconf 89' lang='lat' dir='ltr'><strong>speciem</strong></span> <span class='ocrx_word' id='word_1_378' title='bbox 1224 5102 1572 5167; x_wconf 90' lang='lat' dir='ltr'><strong>simulatae</strong></span> <span class='ocrx_word' id='word_1_379' title='bbox 1617 5102 1879 5186; x_wconf 90' lang='lat' dir='ltr'><strong>pietatis</strong></span> <span class='ocrx_word' id='word_1_380' title='bbox 1923 5101 2240 5168; x_wconf 86' lang='lat' dir='ltr'><strong>illudere:</strong></span> 
     </span>
    </p>

    <p class='ocr_par' dir='ltr' id='par_1_7' title="bbox 449 5288 1548 5358">
     <span class='ocr_line' id='line_1_59' title="bbox 449 5288 1548 5358; baseline -0.001 -14"><span class='ocrx_word' id='word_1_381' title='bbox 449 5291 549 5351; x_wconf 75' lang='lat'><strong>12)</strong></span> <span class='ocrx_word' id='word_1_382' title='bbox 593 5290 684 5344; x_wconf 78' lang='lat' dir='ltr'><strong>La</strong></span> <span class='ocrx_word' id='word_1_383' title='bbox 717 5292 861 5358; x_wconf 70' lang='lat' dir='ltr'><strong>lique</strong></span> <span class='ocrx_word' id='word_1_384' title='bbox 894 5290 973 5344; x_wconf 74' lang='lat' dir='ltr'><strong>du</strong></span> <span class='ocrx_word' id='word_1_385' title='bbox 1007 5292 1130 5344; x_wconf 72' lang='lat' dir='ltr'><strong>bien</strong></span> <span class='ocrx_word' id='word_1_386' title='bbox 1159 5291 1359 5357; x_wconf 63' lang='lat' dir='ltr'><strong>public.</strong></span> <span class='ocrx_word' id='word_1_387' title='bbox 1397 5288 1548 5344; x_wconf 76' lang='lat'><strong>1465.</strong></span> 
     </span>
    </p>

    <p class='ocr_par' dir='ltr' id='par_1_8' title="bbox 487 5374 1332 5445">
     <span class='ocr_line' id='line_1_60' title="bbox 487 5374 1332 5445; baseline -0.001 -15"><span class='ocrx_word' id='word_1_388' title='bbox 487 5376 722 5431; x_wconf 64' lang='lat' dir='ltr'><strong>cotom</strong></span> <span class='ocrx_word' id='word_1_389' title='bbox 741 5389 928 5445; x_wconf 74' lang='lat' dir='ltr'><strong>opera.</strong></span> <span class='ocrx_word' id='word_1_390' title='bbox 1013 5376 1124 5431; x_wconf 68' lang='lat' dir='ltr'><strong>vot</strong></span> <span class='ocrx_word' id='word_1_391' title='bbox 1161 5374 1332 5431; x_wconf 68' lang='lat' dir='ltr'><strong>mx.</strong></span> 
     </span>
    </p>
   </div>
   <div class='ocr_carea' id='block_1_7' title="bbox 2078 369 2466 438">
    <p class='ocr_par' dir='ltr' id='par_1_9' title="bbox 2078 369 2466 438">
     <span class='ocr_line' id='line_1_61' title="bbox 2078 369 2466 438; baseline 0.005 -4"><span class='ocrx_word' id='word_1_392' title='bbox 2078 373 2240 436; x_wconf 84' lang='lat'><strong>1562</strong></span> <span class='ocrx_word' id='word_1_393' title='bbox 2281 369 2466 438; x_wconf 85' lang='lat' dir='ltr'><strong>IUN.</strong></span> 
     </span>
    </p>
   </div>
   <div class='ocr_carea' id='block_1_8' title="bbox 2277 576 2305 5343">
    <p class='ocr_par' dir='ltr' id='par_1_10' title="bbox 2277 576 2305 5343">
     <span class='ocr_line' id='line_1_62' title="bbox 2277 576 2305 5343; baseline 0 0"><span class='ocrx_word' id='word_1_394' title='bbox 2277 576 2305 5343; x_wconf 95' lang='lat' dir='ltr'><strong> </strong></span> 
     </span>
    </p>
   </div>
   <div class='ocr_carea' id='block_1_9' title="bbox 4166 363 4305 427">
    <p class='ocr_par' dir='ltr' id='par_1_11' title="bbox 4166 363 4305 427">
     <span class='ocr_line' id='line_1_63' title="bbox 4166 363 4305 427; baseline 0.014 -1"><span class='ocrx_word' id='word_1_395' title='bbox 4166 363 4305 427; x_wconf 81' lang='lat'><strong>450</strong></span> 
     </span>
    </p>
   </div>
   <div class='ocr_carea' id='block_1_10' title="bbox 2329 551 4311 4500">
    <p class='ocr_par' dir='ltr' id='par_1_12' title="bbox 2329 551 4311 4500">
     <span class='ocr_line' id='line_1_64' title="bbox 2329 551 4301 643; baseline -0.005 -20"><span class='ocrx_word' id='word_1_396' title='bbox 2329 567 2693 643; x_wconf 89' lang='lat' dir='ltr'><strong>agnoscant</strong></span> <span class='ocrx_word' id='word_1_397' title='bbox 2724 555 3013 634; x_wconf 87' lang='lat' dir='ltr'><strong>tandem,</strong></span> <span class='ocrx_word' id='word_1_398' title='bbox 3051 556 3223 640; x_wconf 89' lang='lat' dir='ltr'><strong>quod</strong></span> <span class='ocrx_word' id='word_1_399' title='bbox 3257 574 3669 640; x_wconf 89' lang='lat' dir='ltr'><strong>nequaquam</strong></span> <span class='ocrx_word' id='word_1_400' title='bbox 3703 551 3984 620; x_wconf 88' lang='lat' dir='ltr'><strong>inficiari</strong></span> <span class='ocrx_word' id='word_1_401' title='bbox 4018 554 4301 636; x_wconf 87' lang='lat' dir='ltr'><strong>possunt</strong></span> 
     </span>
     <span class='ocr_line' id='line_1_65' title="bbox 2330 634 4296 727; baseline -0.004 -19"><span class='ocrx_word' id='word_1_402' title='bbox 2330 665 2402 709; x_wconf 90' lang='lat' dir='ltr'><strong>se</strong></span> <span class='ocrx_word' id='word_1_403' title='bbox 2465 651 2691 725; x_wconf 87' lang='lat' dir='ltr'><strong>aperte</strong></span> <span class='ocrx_word' id='word_1_404' title='bbox 2736 643 3045 720; x_wconf 83' lang='lat' dir='ltr'><strong>Galliam,</strong></span> <span class='ocrx_word' id='word_1_405' title='bbox 3090 643 3364 727; x_wconf 88' lang='lat' dir='ltr'><strong>Regem,</strong></span> <span class='ocrx_word' id='word_1_406' title='bbox 3409 642 3739 725; x_wconf 80' lang='lat' dir='ltr'><strong>Regnum,</strong></span> <span class='ocrx_word' id='word_1_407' title='bbox 3785 638 4123 713; x_wconf 84' lang='lat' dir='ltr'><strong>Proceres,</strong></span> <span class='ocrx_word' id='word_1_408' title='bbox 4168 634 4296 701; x_wconf 76' lang='lat' dir='ltr'><strong>Se-</strong></span> 
     </span>
     <span class='ocr_line' id='line_1_66' title="bbox 2331 722 4299 811; baseline -0.004 -18"><span class='ocrx_word' id='word_1_409' title='bbox 2331 740 2584 806; x_wconf 88' lang='lat' dir='ltr'><strong>natum,</strong></span> <span class='ocrx_word' id='word_1_410' title='bbox 2629 729 2878 811; x_wconf 86' lang='lat' dir='ltr'><strong>templa</strong></span> <span class='ocrx_word' id='word_1_411' title='bbox 2910 727 3181 806; x_wconf 83' lang='lat' dir='ltr'><strong>Christi,</strong></span> <span class='ocrx_word' id='word_1_412' title='bbox 3228 737 3401 795; x_wconf 89' lang='lat' dir='ltr'><strong>tecta</strong></span> <span class='ocrx_word' id='word_1_413' title='bbox 3444 726 3666 811; x_wconf 89' lang='lat' dir='ltr'><strong>populi</strong></span> <span class='ocrx_word' id='word_1_414' title='bbox 3708 732 3950 808; x_wconf 91' lang='lat' dir='ltr'><strong>petere,</strong></span> <span class='ocrx_word' id='word_1_415' title='bbox 3996 722 4299 788; x_wconf 88' lang='lat' dir='ltr'><strong>domina-</strong></span> 
     </span>
     <span class='ocr_line' id='line_1_67' title="bbox 2331 807 4294 896; baseline -0.003 -18"><span class='ocrx_word' id='word_1_416' title='bbox 2331 815 2576 880; x_wconf 88' lang='lat' dir='ltr'><strong>tionem</strong></span> <span class='ocrx_word' id='word_1_417' title='bbox 2623 814 2891 893; x_wconf 86' lang='lat' dir='ltr'><strong>ambire,</strong></span> <span class='ocrx_word' id='word_1_418' title='bbox 2938 835 3161 880; x_wconf 91' lang='lat' dir='ltr'><strong>rerum</strong></span> <span class='ocrx_word' id='word_1_419' title='bbox 3196 814 3396 896; x_wconf 87' lang='lat' dir='ltr'><strong>potiri</strong></span> <span class='ocrx_word' id='word_1_420' title='bbox 3441 813 3644 879; x_wconf 87' lang='lat' dir='ltr'><strong>velle:</strong></span> <span class='ocrx_word' id='word_1_421' title='bbox 3684 810 3967 892; x_wconf 90' lang='lat' dir='ltr'><strong>denique</strong></span> <span class='ocrx_word' id='word_1_422' title='bbox 4007 807 4294 874; x_wconf 88' lang='lat' dir='ltr'><strong>honores</strong></span> 
     </span>
     <span class='ocr_line' id='line_1_68' title="bbox 2331 894 4297 984; baseline -0.004 -18"><span class='ocrx_word' id='word_1_423' title='bbox 2331 921 2493 984; x_wconf 91' lang='lat' dir='ltr'><strong>quos</strong></span> <span class='ocrx_word' id='word_1_424' title='bbox 2535 902 2755 984; x_wconf 90' lang='lat' dir='ltr'><strong>quieta</strong></span> <span class='ocrx_word' id='word_1_425' title='bbox 2798 901 2962 983; x_wconf 90' lang='lat' dir='ltr'><strong>Rep.</strong></span> <span class='ocrx_word' id='word_1_426' title='bbox 3018 900 3385 983; x_wconf 88' lang='lat' dir='ltr'><strong>desperant,</strong></span> <span class='ocrx_word' id='word_1_427' title='bbox 3441 898 3823 981; x_wconf 89' lang='lat' dir='ltr'><strong>perturbata</strong></span> <span class='ocrx_word' id='word_1_428' title='bbox 3875 894 4183 976; x_wconf 90' lang='lat' dir='ltr'><strong>consequi</strong></span> <span class='ocrx_word' id='word_1_429' title='bbox 4223 913 4297 958; x_wconf 89' lang='lat' dir='ltr'><strong>se</strong></span> 
     </span>
     <span class='ocr_line' id='line_1_69' title="bbox 2332 975 4293 1069; baseline -0.005 -17"><span class='ocrx_word' id='word_1_430' title='bbox 2332 1007 2522 1069; x_wconf 89' lang='lat' dir='ltr'><strong>posse</strong></span> <span class='ocrx_word' id='word_1_431' title='bbox 2577 986 2902 1052; x_wconf 88' lang='lat' dir='ltr'><strong>arbitrari.</strong></span> <span class='ocrx_word' id='word_1_432' title='bbox 3007 984 3205 1066; x_wconf 83' lang='lat' dir='ltr'><strong>Quod</strong></span> <span class='ocrx_word' id='word_1_433' title='bbox 3262 987 3317 1052; x_wconf 90' lang='lat' dir='ltr'><strong>si</strong></span> <span class='ocrx_word' id='word_1_434' title='bbox 3370 984 3536 1049; x_wconf 88' lang='lat' dir='ltr'><strong>falsa</strong></span> <span class='ocrx_word' id='word_1_435' title='bbox 3594 982 3848 1062; x_wconf 89' lang='lat' dir='ltr'><strong>obiicio,</strong></span> <span class='ocrx_word' id='word_1_436' title='bbox 3905 979 4108 1045; x_wconf 90' lang='lat' dir='ltr'><strong>velim</strong></span> <span class='ocrx_word' id='word_1_437' title='bbox 4155 975 4293 1065; x_wconf 78' lang='lat' dir='ltr'><strong>[fol.</strong></span> 
     </span>
     <span class='ocr_line' id='line_1_70' title="bbox 2339 1067 4296 1154; baseline -0.003 -19"><span class='ocrx_word' id='word_1_438' title='bbox 2339 1076 2442 1154; x_wconf 77' lang='lat'><strong>151</strong></span> <span class='ocrx_word' id='word_1_439' title='bbox 2496 1070 2778 1136; x_wconf 89' lang='lat' dir='ltr'><strong>reddant</strong></span> <span class='ocrx_word' id='word_1_440' title='bbox 2832 1073 3177 1149; x_wconf 86' lang='lat' dir='ltr'><strong>rationem,</strong></span> <span class='ocrx_word' id='word_1_441' title='bbox 3235 1091 3352 1136; x_wconf 90' lang='lat' dir='ltr'><strong>cur</strong></span> <span class='ocrx_word' id='word_1_442' title='bbox 3409 1071 3688 1138; x_wconf 83' lang='lat' dir='ltr'><strong>Genava</strong></span> <span class='ocrx_word' id='word_1_443' title='bbox 3739 1067 3904 1132; x_wconf 91' lang='lat' dir='ltr'><strong>urbe</strong></span> <span class='ocrx_word' id='word_1_444' title='bbox 3958 1072 4296 1147; x_wconf 89' lang='lat' dir='ltr'><strong>occupata,</strong></span> 
     </span>
     <span class='ocr_line' id='line_1_71' title="bbox 2334 1149 4299 1240; baseline -0.006 -17"><span class='ocrx_word' id='word_1_445' title='bbox 2334 1158 2592 1223; x_wconf 91' lang='lat' dir='ltr'><strong>Ducem</strong></span> <span class='ocrx_word' id='word_1_446' title='bbox 2615 1178 2735 1222; x_wconf 88' lang='lat' dir='ltr'><strong>sua</strong></span> <span class='ocrx_word' id='word_1_447' title='bbox 2756 1157 2928 1236; x_wconf 90' lang='lat' dir='ltr'><strong>sede,</strong></span> <span class='ocrx_word' id='word_1_448' title='bbox 2951 1158 3345 1240; x_wconf 84' lang='lat' dir='ltr'><strong>Episcopum</strong></span> <span class='ocrx_word' id='word_1_449' title='bbox 3385 1175 3506 1221; x_wconf 91' lang='lat' dir='ltr'><strong>suo</strong></span> <span class='ocrx_word' id='word_1_450' title='bbox 3528 1154 3689 1221; x_wconf 91' lang='lat' dir='ltr'><strong>solio</strong></span> <span class='ocrx_word' id='word_1_451' title='bbox 3712 1149 4192 1218; x_wconf 75' lang='lat' dir='ltr'><strong>deturbarunt?</strong></span> <span class='ocrx_word' id='word_1_452' title='bbox 4207 1150 4299 1233; x_wconf 79' lang='lat'><strong>¹³)</strong></span> 
     </span>
     <span class='ocr_line' id='line_1_72' title="bbox 2333 1235 4298 1326; baseline -0.002 -21"><span class='ocrx_word' id='word_1_453' title='bbox 2333 1243 2613 1309; x_wconf 86' lang='lat' dir='ltr'><strong>Veteres</strong></span> <span class='ocrx_word' id='word_1_454' title='bbox 2670 1242 2932 1326; x_wconf 89' lang='lat' dir='ltr'><strong>quidem</strong></span> <span class='ocrx_word' id='word_1_455' title='bbox 2988 1242 3467 1320; x_wconf 87' lang='lat' dir='ltr'><strong>Iurisconsulti,</strong></span> <span class='ocrx_word' id='word_1_456' title='bbox 3526 1260 3632 1306; x_wconf 90' lang='lat' dir='ltr'><strong>res</strong></span> <span class='ocrx_word' id='word_1_457' title='bbox 3694 1258 3864 1323; x_wconf 91' lang='lat' dir='ltr'><strong>quae</strong></span> <span class='ocrx_word' id='word_1_458' title='bbox 3920 1237 3992 1301; x_wconf 89' lang='lat' dir='ltr'><strong>in</strong></span> <span class='ocrx_word' id='word_1_459' title='bbox 4048 1235 4298 1301; x_wconf 84' lang='lat' dir='ltr'><strong>nullius</strong></span> 
     </span>
     <span class='ocr_line' id='line_1_73' title="bbox 2335 1321 4297 1413; baseline -0.005 -19"><span class='ocrx_word' id='word_1_460' title='bbox 2335 1328 2525 1394; x_wconf 89' lang='lat' dir='ltr'><strong>bonis</strong></span> <span class='ocrx_word' id='word_1_461' title='bbox 2584 1341 2653 1393; x_wconf 88' lang='lat' dir='ltr'><strong>et</strong></span> <span class='ocrx_word' id='word_1_462' title='bbox 2709 1330 3106 1413; x_wconf 87' lang='lat' dir='ltr'><strong>patrimonio</strong></span> <span class='ocrx_word' id='word_1_463' title='bbox 3164 1336 3403 1407; x_wconf 89' lang='lat' dir='ltr'><strong>essent,</strong></span> <span class='ocrx_word' id='word_1_464' title='bbox 3449 1327 3510 1392; x_wconf 92' lang='lat' dir='ltr'><strong>ei</strong></span> <span class='ocrx_word' id='word_1_465' title='bbox 3544 1327 3655 1410; x_wconf 92' lang='lat' dir='ltr'><strong>qui</strong></span> <span class='ocrx_word' id='word_1_466' title='bbox 3698 1325 3952 1408; x_wconf 90' lang='lat' dir='ltr'><strong>primus</strong></span> <span class='ocrx_word' id='word_1_467' title='bbox 3995 1321 4297 1406; x_wconf 90' lang='lat' dir='ltr'><strong>cepisset,</strong></span> 
     </span>
     <span class='ocr_line' id='line_1_74' title="bbox 2333 1406 4299 1496; baseline -0.004 -17"><span class='ocrx_word' id='word_1_468' title='bbox 2333 1413 2563 1480; x_wconf 89' lang='lat' dir='ltr'><strong>cedere</strong></span> <span class='ocrx_word' id='word_1_469' title='bbox 2620 1416 2994 1480; x_wconf 81' lang='lat' dir='ltr'><strong>voluerunt:</strong></span> <span class='ocrx_word' id='word_1_470' title='bbox 3053 1414 3318 1480; x_wconf 90' lang='lat' dir='ltr'><strong>domino</strong></span> <span class='ocrx_word' id='word_1_471' title='bbox 3368 1413 3809 1496; x_wconf 89' lang='lat' dir='ltr'><strong>possessiones</strong></span> <span class='ocrx_word' id='word_1_472' title='bbox 3861 1407 4057 1492; x_wconf 89' lang='lat' dir='ltr'><strong>eripi,</strong></span> <span class='ocrx_word' id='word_1_473' title='bbox 4115 1406 4299 1472; x_wconf 91' lang='lat' dir='ltr'><strong>nefa-</strong></span> 
     </span>
     <span class='ocr_line' id='line_1_75' title="bbox 2333 1492 4300 1585; baseline -0.005 -19"><span class='ocrx_word' id='word_1_474' title='bbox 2333 1502 2525 1578; x_wconf 86' lang='lat' dir='ltr'><strong>rium,</strong></span> <span class='ocrx_word' id='word_1_475' title='bbox 2570 1499 2939 1585; x_wconf 88' lang='lat' dir='ltr'><strong>indignum,</strong></span> <span class='ocrx_word' id='word_1_476' title='bbox 2980 1502 3288 1576; x_wconf 90' lang='lat' dir='ltr'><strong>immane,</strong></span> <span class='ocrx_word' id='word_1_477' title='bbox 3326 1498 3685 1564; x_wconf 90' lang='lat' dir='ltr'><strong>violentum</strong></span> <span class='ocrx_word' id='word_1_478' title='bbox 3710 1494 4102 1561; x_wconf 89' lang='lat' dir='ltr'><strong>iudicarunt.</strong></span> <span class='ocrx_word' id='word_1_479' title='bbox 4157 1492 4300 1557; x_wconf 83' lang='lat' dir='ltr'><strong>Vos</strong></span> 
     </span>
     <span class='ocr_line' id='line_1_76' title="bbox 2334 1578 4301 1671; baseline -0.004 -20"><span class='ocrx_word' id='word_1_480' title='bbox 2334 1586 2507 1669; x_wconf 91' lang='lat' dir='ltr'><strong>quod</strong></span> <span class='ocrx_word' id='word_1_481' title='bbox 2543 1586 2694 1651; x_wconf 90' lang='lat' dir='ltr'><strong>iura</strong></span> <span class='ocrx_word' id='word_1_482' title='bbox 2742 1588 3059 1671; x_wconf 90' lang='lat' dir='ltr'><strong>gentium,</strong></span> <span class='ocrx_word' id='word_1_483' title='bbox 3116 1585 3286 1669; x_wconf 89' lang='lat' dir='ltr'><strong>quod</strong></span> <span class='ocrx_word' id='word_1_484' title='bbox 3343 1586 3542 1669; x_wconf 87' lang='lat' dir='ltr'><strong>leges,</strong></span> <span class='ocrx_word' id='word_1_485' title='bbox 3585 1582 3755 1667; x_wconf 88' lang='lat' dir='ltr'><strong>quod</strong></span> <span class='ocrx_word' id='word_1_486' title='bbox 3811 1581 4022 1646; x_wconf 90' lang='lat' dir='ltr'><strong>omnis</strong></span> <span class='ocrx_word' id='word_1_487' title='bbox 4064 1578 4301 1644; x_wconf 90' lang='lat' dir='ltr'><strong>barba-</strong></span> 
     </span>
     <span class='ocr_line' id='line_1_77' title="bbox 2335 1668 4303 1748; baseline -0.005 -11"><span class='ocrx_word' id='word_1_488' title='bbox 2335 1693 2557 1737; x_wconf 92' lang='lat' dir='ltr'><strong>rorum</strong></span> <span class='ocrx_word' id='word_1_489' title='bbox 2619 1672 3026 1738; x_wconf 90' lang='lat' dir='ltr'><strong>consuetudo</strong></span> <span class='ocrx_word' id='word_1_490' title='bbox 3088 1680 3298 1748; x_wconf 87' lang='lat' dir='ltr'><strong>vetat,</strong></span> <span class='ocrx_word' id='word_1_491' title='bbox 3365 1672 3555 1736; x_wconf 90' lang='lat' dir='ltr'><strong>vobis</strong></span> <span class='ocrx_word' id='word_1_492' title='bbox 3619 1669 3834 1747; x_wconf 88' lang='lat' dir='ltr'><strong>licere,</strong></span> <span class='ocrx_word' id='word_1_493' title='bbox 3895 1668 4164 1741; x_wconf 89' lang='lat' dir='ltr'><strong>iustum,</strong></span> <span class='ocrx_word' id='word_1_494' title='bbox 4224 1683 4303 1729; x_wconf 85' lang='lat' dir='ltr'><strong>ac</strong></span> 
     </span>
     <span class='ocr_line' id='line_1_78' title="bbox 2335 1749 4301 1840; baseline -0.005 -18"><span class='ocrx_word' id='word_1_495' title='bbox 2335 1756 2751 1824; x_wconf 87' lang='lat' dir='ltr'><strong>Christianae</strong></span> <span class='ocrx_word' id='word_1_496' title='bbox 2796 1757 3188 1840; x_wconf 86' lang='lat' dir='ltr'><strong>professioni</strong></span> <span class='ocrx_word' id='word_1_497' title='bbox 3244 1768 3755 1823; x_wconf 89' lang='lat' dir='ltr'><strong>consentaneum</strong></span> <span class='ocrx_word' id='word_1_498' title='bbox 3806 1773 3949 1818; x_wconf 89' lang='lat' dir='ltr'><strong>esse</strong></span> <span class='ocrx_word' id='word_1_499' title='bbox 3992 1749 4301 1826; x_wconf 86' lang='lat' dir='ltr'><strong>defende-</strong></span> 
     </span>
     <span class='ocr_line' id='line_1_79' title="bbox 2335 1837 4305 1925; baseline -0.005 -17"><span class='ocrx_word' id='word_1_500' title='bbox 2335 1843 2466 1909; x_wconf 75' lang='lat' dir='ltr'><strong>tis?</strong></span> <span class='ocrx_word' id='word_1_501' title='bbox 2557 1844 2867 1910; x_wconf 89' lang='lat' dir='ltr'><strong>Christus</strong></span> <span class='ocrx_word' id='word_1_502' title='bbox 2920 1864 3072 1910; x_wconf 87' lang='lat' dir='ltr'><strong>cum</strong></span> <span class='ocrx_word' id='word_1_503' title='bbox 3126 1845 3199 1907; x_wconf 92' lang='lat' dir='ltr'><strong>in</strong></span> <span class='ocrx_word' id='word_1_504' title='bbox 3244 1844 3437 1909; x_wconf 89' lang='lat' dir='ltr'><strong>terris</strong></span> <span class='ocrx_word' id='word_1_505' title='bbox 3490 1843 3706 1925; x_wconf 87' lang='lat' dir='ltr'><strong>figura</strong></span> <span class='ocrx_word' id='word_1_506' title='bbox 3747 1837 4010 1904; x_wconf 90' lang='lat' dir='ltr'><strong>mortali</strong></span> <span class='ocrx_word' id='word_1_507' title='bbox 4054 1846 4305 1919; x_wconf 81' lang='lat' dir='ltr'><strong>ageret,</strong></span> 
     </span>
     <span class='ocr_line' id='line_1_80' title="bbox 2334 1924 4303 2012; baseline -0.005 -17"><span class='ocrx_word' id='word_1_508' title='bbox 2334 1929 2656 1995; x_wconf 89' lang='lat' dir='ltr'><strong>tributum</strong></span> <span class='ocrx_word' id='word_1_509' title='bbox 2724 1929 2992 1995; x_wconf 87' lang='lat' dir='ltr'><strong>Caesari</strong></span> <span class='ocrx_word' id='word_1_510' title='bbox 3064 1950 3145 2012; x_wconf 91' lang='lat' dir='ltr'><strong>pe</strong></span> <span class='ocrx_word' id='word_1_511' title='bbox 3193 1927 3401 1994; x_wconf 88' lang='lat' dir='ltr'><strong>endit:</strong></span> <span class='ocrx_word' id='word_1_512' title='bbox 3468 1929 3610 1993; x_wconf 86' lang='lat' dir='ltr'><strong>eius</strong></span> <span class='ocrx_word' id='word_1_513' title='bbox 3672 1924 3961 2008; x_wconf 90' lang='lat' dir='ltr'><strong>imagine</strong></span> <span class='ocrx_word' id='word_1_514' title='bbox 4023 1942 4303 1987; x_wconf 90' lang='lat' dir='ltr'><strong>numum</strong></span> 
     </span>
     <span class='ocr_line' id='line_1_81' title="bbox 2335 1951 4298 2100; baseline -0.005 -19"><span class='ocrx_word' id='word_1_515' title='bbox 2335 2017 2669 2100; x_wconf 86' lang='lat' dir='ltr'><strong>signatum</strong></span> <span class='ocrx_word' id='word_1_516' title='bbox 2724 2015 3027 2099; x_wconf 87' lang='lat' dir='ltr'><strong>agnovit:</strong></span> <span class='ocrx_word' id='word_1_517' title='bbox 3132 1951 3419 2091; x_wconf 61' lang='lat' dir='ltr'><strong>Caesari,</strong></span> <span class='ocrx_word' id='word_1_518' title='bbox 3473 2032 3641 2096; x_wconf 90' lang='lat' dir='ltr'><strong>quae</strong></span> <span class='ocrx_word' id='word_1_519' title='bbox 3697 2010 3999 2078; x_wconf 88' lang='lat' dir='ltr'><strong>Caesaris</strong></span> <span class='ocrx_word' id='word_1_520' title='bbox 4058 2014 4298 2082; x_wconf 86' lang='lat' dir='ltr'><strong>essent,</strong></span> 
     </span>
     <span class='ocr_line' id='line_1_82' title="bbox 2336 2093 4301 2184; baseline -0.006 -16"><span class='ocrx_word' id='word_1_521' title='bbox 2336 2100 2732 2184; x_wconf 88' lang='lat' dir='ltr'><strong>praestanda</strong></span> <span class='ocrx_word' id='word_1_522' title='bbox 2776 2122 2920 2166; x_wconf 90' lang='lat' dir='ltr'><strong>esse</strong></span> <span class='ocrx_word' id='word_1_523' title='bbox 2964 2099 3320 2167; x_wconf 86' lang='lat' dir='ltr'><strong>mandavit.</strong></span> <span class='ocrx_word' id='word_1_524' title='bbox 3409 2099 3551 2164; x_wconf 86' lang='lat' dir='ltr'><strong>Vos</strong></span> <span class='ocrx_word' id='word_1_525' title='bbox 3594 2096 3971 2165; x_wconf 88' lang='lat' dir='ltr'><strong>Genevensi</strong></span> <span class='ocrx_word' id='word_1_526' title='bbox 4016 2093 4301 2176; x_wconf 86' lang='lat' dir='ltr'><strong>principi</strong></span> 
     </span>
     <span class='ocr_line' id='line_1_83' title="bbox 2336 2178 4301 2271; baseline -0.005 -19"><span class='ocrx_word' id='word_1_527' title='bbox 2336 2188 2737 2271; x_wconf 90' lang='lat' dir='ltr'><strong>obsequium,</strong></span> <span class='ocrx_word' id='word_1_528' title='bbox 2784 2186 3128 2269; x_wconf 87' lang='lat' dir='ltr'><strong>stipendia,</strong></span> <span class='ocrx_word' id='word_1_529' title='bbox 3164 2185 3646 2251; x_wconf 86' lang='lat' dir='ltr'><strong>observantiam</strong></span> <span class='ocrx_word' id='word_1_530' title='bbox 3685 2204 3819 2248; x_wconf 92' lang='lat' dir='ltr'><strong>non</strong></span> <span class='ocrx_word' id='word_1_531' title='bbox 3864 2180 4057 2246; x_wconf 90' lang='lat' dir='ltr'><strong>modo</strong></span> <span class='ocrx_word' id='word_1_532' title='bbox 4102 2178 4301 2244; x_wconf 88' lang='lat' dir='ltr'><strong>dene-</strong></span> 
     </span>
     <span class='ocr_line' id='line_1_84' title="bbox 2335 2264 4302 2358; baseline -0.006 -19"><span class='ocrx_word' id='word_1_533' title='bbox 2335 2274 2523 2358; x_wconf 89' lang='lat' dir='ltr'><strong>getis.</strong></span> <span class='ocrx_word' id='word_1_534' title='bbox 2549 2272 2665 2338; x_wconf 86' lang='lat' dir='ltr'><strong>sed</strong></span> <span class='ocrx_word' id='word_1_535' title='bbox 2699 2272 2841 2338; x_wconf 89' lang='lat' dir='ltr'><strong>eius</strong></span> <span class='ocrx_word' id='word_1_536' title='bbox 2875 2292 3199 2338; x_wconf 89' lang='lat' dir='ltr'><strong>summam</strong></span> <span class='ocrx_word' id='word_1_537' title='bbox 3224 2270 3689 2337; x_wconf 88' lang='lat' dir='ltr'><strong>authoritatem</strong></span> <span class='ocrx_word' id='word_1_538' title='bbox 3725 2271 3796 2334; x_wconf 93' lang='lat' dir='ltr'><strong>in</strong></span> <span class='ocrx_word' id='word_1_539' title='bbox 3821 2264 4302 2353; x_wconf 87' lang='lat' dir='ltr'><strong>praecipiendo,</strong></span> 
     </span>
     <span class='ocr_line' id='line_1_85' title="bbox 2336 2355 4302 2441; baseline -0.003 -17"><span class='ocrx_word' id='word_1_540' title='bbox 2336 2358 2672 2437; x_wconf 89' lang='lat' dir='ltr'><strong>edicend0,</strong></span> <span class='ocrx_word' id='word_1_541' title='bbox 2750 2359 3029 2441; x_wconf 87' lang='lat' dir='ltr'><strong>pecunia</strong></span> <span class='ocrx_word' id='word_1_542' title='bbox 3098 2356 3412 2434; x_wconf 89' lang='lat' dir='ltr'><strong>cudenda,</strong></span> <span class='ocrx_word' id='word_1_543' title='bbox 3482 2356 3667 2422; x_wconf 88' lang='lat' dir='ltr'><strong>urbis</strong></span> <span class='ocrx_word' id='word_1_544' title='bbox 3732 2355 4302 2420; x_wconf 87' lang='lat' dir='ltr'><strong>administratione</strong></span> 
     </span>
     <span class='ocr_line' id='line_1_86' title="bbox 2339 2441 4303 2525; baseline -0.003 -16"><span class='ocrx_word' id='word_1_545' title='bbox 2339 2445 2627 2525; x_wconf 85' lang='lat' dir='ltr'><strong>gerenda</strong></span> <span class='ocrx_word' id='word_1_546' title='bbox 2682 2443 3027 2510; x_wconf 88' lang='lat' dir='ltr'><strong>vindicetis</strong></span> <span class='ocrx_word' id='word_1_547' title='bbox 3048 2442 3081 2507; x_wconf 81' lang='lat'><strong>⁴?</strong></span> <span class='ocrx_word' id='word_1_548' title='bbox 3185 2441 3368 2525; x_wconf 78' lang='lat' dir='ltr'><strong>Quid</strong></span> <span class='ocrx_word' id='word_1_549' title='bbox 3424 2442 3750 2525; x_wconf 89' lang='lat' dir='ltr'><strong>principes</strong></span> <span class='ocrx_word' id='word_1_550' title='bbox 3826 2443 4086 2514; x_wconf 89' lang='lat' dir='ltr'><strong>caeteri,</strong></span> <span class='ocrx_word' id='word_1_551' title='bbox 4142 2441 4303 2523; x_wconf 89' lang='lat' dir='ltr'><strong>quid</strong></span> 
     </span>
     <span class='ocr_line' id='line_1_87' title="bbox 2337 2526 4301 2613; baseline -0.003 -17"><span class='ocrx_word' id='word_1_552' title='bbox 2337 2531 2442 2596; x_wconf 89' lang='lat' dir='ltr'><strong>Re</strong></span> <span class='ocrx_word' id='word_1_553' title='bbox 2490 2551 2579 2606; x_wconf 90' lang='lat' dir='ltr'><strong>es,</strong></span> <span class='ocrx_word' id='word_1_554' title='bbox 2639 2526 2796 2613; x_wconf 91' lang='lat' dir='ltr'><strong>quid</strong></span> <span class='ocrx_word' id='word_1_555' title='bbox 2838 2530 3282 2613; x_wconf 88' lang='lat' dir='ltr'><strong>Imperatores</strong></span> <span class='ocrx_word' id='word_1_556' title='bbox 3342 2528 3424 2593; x_wconf 90' lang='lat' dir='ltr'><strong>de</strong></span> <span class='ocrx_word' id='word_1_557' title='bbox 3475 2529 3662 2593; x_wconf 89' lang='lat' dir='ltr'><strong>vobis</strong></span> <span class='ocrx_word' id='word_1_558' title='bbox 3704 2526 4106 2600; x_wconf 88' lang='lat' dir='ltr'><strong>iudicabunt,</strong></span> <span class='ocrx_word' id='word_1_559' title='bbox 4151 2547 4301 2592; x_wconf 91' lang='lat' dir='ltr'><strong>cum</strong></span> 
     </span>
     <span class='ocr_line' id='line_1_88' title="bbox 2337 2553 4304 2694; baseline -0.003 -13"><span class='ocrx_word' id='word_1_560' title='bbox 2337 2553 2609 2681; x_wconf 68' lang='lat' dir='ltr'><strong>audgient</strong></span> <span class='ocrx_word' id='word_1_561' title='bbox 2652 2636 2772 2681; x_wconf 89' lang='lat' dir='ltr'><strong>vos</strong></span> <span class='ocrx_word' id='word_1_562' title='bbox 2831 2616 3094 2680; x_wconf 87' lang='lat' dir='ltr'><strong>initium</strong></span> <span class='ocrx_word' id='word_1_563' title='bbox 3154 2625 3412 2680; x_wconf 89' lang='lat' dir='ltr'><strong>vestrae</strong></span> <span class='ocrx_word' id='word_1_564' title='bbox 3463 2613 3768 2680; x_wconf 87' lang='lat' dir='ltr'><strong>factionis</strong></span> <span class='ocrx_word' id='word_1_565' title='bbox 3812 2634 3853 2678; x_wconf 92' lang='lat' dir='ltr'><strong>a</strong></span> <span class='ocrx_word' id='word_1_566' title='bbox 3896 2624 4033 2678; x_wconf 88' lang='lat' dir='ltr'><strong>tam</strong></span> <span class='ocrx_word' id='word_1_567' title='bbox 4078 2613 4304 2694; x_wconf 90' lang='lat' dir='ltr'><strong>iniqua</strong></span> 
     </span>
     <span class='ocr_line' id='line_1_89' title="bbox 2336 2698 4303 2783; baseline -0.003 -16"><span class='ocrx_word' id='word_1_568' title='bbox 2336 2700 2520 2767; x_wconf 89' lang='lat' dir='ltr'><strong>urbis</strong></span> <span class='ocrx_word' id='word_1_569' title='bbox 2555 2700 2809 2767; x_wconf 92' lang='lat' dir='ltr'><strong>alienae</strong></span> <span class='ocrx_word' id='word_1_570' title='bbox 2845 2700 3272 2783; x_wconf 91' lang='lat' dir='ltr'><strong>occupatione</strong></span> <span class='ocrx_word' id='word_1_571' title='bbox 3312 2701 3513 2765; x_wconf 86' lang='lat' dir='ltr'><strong>fuisse</strong></span> <span class='ocrx_word' id='word_1_572' title='bbox 3548 2699 3917 2782; x_wconf 89' lang='lat' dir='ltr'><strong>auspicatos</strong></span> <span class='ocrx_word' id='word_1_573' title='bbox 3938 2698 3970 2761; x_wconf 69' lang='grc' dir='ltr'><strong>ἱ)</strong></span> <span class='ocrx_word' id='word_1_574' title='bbox 4017 2700 4128 2763; x_wconf 86' lang='lat' dir='ltr'><strong>An</strong></span> <span class='ocrx_word' id='word_1_575' title='bbox 4163 2717 4303 2762; x_wconf 91' lang='lat' dir='ltr'><strong>non</strong></span> 
     </span>
     <span class='ocr_line' id='line_1_90' title="bbox 2336 2782 4303 2868; baseline -0.003 -16"><span class='ocrx_word' id='word_1_576' title='bbox 2336 2810 2421 2853; x_wconf 85' lang='lat' dir='ltr'><strong>ex</strong></span> <span class='ocrx_word' id='word_1_577' title='bbox 2481 2787 2606 2852; x_wconf 92' lang='lat' dir='ltr'><strong>hoc</strong></span> <span class='ocrx_word' id='word_1_578' title='bbox 2658 2807 2790 2851; x_wconf 92' lang='lat' dir='ltr'><strong>uno</strong></span> <span class='ocrx_word' id='word_1_579' title='bbox 2844 2787 3220 2851; x_wconf 85' lang='lat' dir='ltr'><strong>rudimento</strong></span> <span class='ocrx_word' id='word_1_580' title='bbox 3273 2785 3354 2851; x_wconf 91' lang='lat' dir='ltr'><strong>de</strong></span> <span class='ocrx_word' id='word_1_581' title='bbox 3412 2785 3681 2868; x_wconf 89' lang='lat' dir='ltr'><strong>reliquis</strong></span> <span class='ocrx_word' id='word_1_582' title='bbox 3738 2785 3979 2850; x_wconf 89' lang='lat' dir='ltr'><strong>vestris</strong></span> <span class='ocrx_word' id='word_1_583' title='bbox 4046 2782 4303 2862; x_wconf 86' lang='lat' dir='ltr'><strong>studiis,</strong></span> 
     </span>
     <span class='ocr_line' id='line_1_91' title="bbox 2338 2870 4301 2954; baseline -0.003 -16"><span class='ocrx_word' id='word_1_584' title='bbox 2338 2873 2420 2938; x_wconf 90' lang='lat' dir='ltr'><strong>de</strong></span> <span class='ocrx_word' id='word_1_585' title='bbox 2480 2873 2840 2950; x_wconf 90' lang='lat' dir='ltr'><strong>voluntate,</strong></span> <span class='ocrx_word' id='word_1_586' title='bbox 2900 2870 2982 2936; x_wconf 90' lang='lat' dir='ltr'><strong>de</strong></span> <span class='ocrx_word' id='word_1_587' title='bbox 3040 2871 3311 2937; x_wconf 91' lang='lat' dir='ltr'><strong>consilio</strong></span> <span class='ocrx_word' id='word_1_588' title='bbox 3375 2872 3867 2948; x_wconf 87' lang='lat' dir='ltr'><strong>existimabunt,</strong></span> <span class='ocrx_word' id='word_1_589' title='bbox 3914 2871 4301 2954; x_wconf 89' lang='lat' dir='ltr'><strong>praesertim</strong></span> 
     </span>
     <span class='ocr_line' id='line_1_92' title="bbox 2337 2956 4307 3041; baseline -0.002 -18"><span class='ocrx_word' id='word_1_590' title='bbox 2337 2978 2489 3023; x_wconf 91' lang='lat' dir='ltr'><strong>cum</strong></span> <span class='ocrx_word' id='word_1_591' title='bbox 2533 2956 2617 3022; x_wconf 89' lang='lat' dir='ltr'><strong>ad</strong></span> <span class='ocrx_word' id='word_1_592' title='bbox 2659 2958 2860 3023; x_wconf 90' lang='lat' dir='ltr'><strong>unius</strong></span> <span class='ocrx_word' id='word_1_593' title='bbox 2882 2957 3202 3024; x_wconf 88' lang='lat' dir='ltr'><strong>Genevae</strong></span> <span class='ocrx_word' id='word_1_594' title='bbox 3234 2956 3614 3040; x_wconf 86' lang='lat' dir='ltr'><strong>exemplum</strong></span> <span class='ocrx_word' id='word_1_595' title='bbox 3648 2967 3717 3021; x_wconf 88' lang='lat' dir='ltr'><strong>et</strong></span> <span class='ocrx_word' id='word_1_596' title='bbox 3740 2957 4031 3041; x_wconf 89' lang='lat' dir='ltr'><strong>regulam</strong></span> <span class='ocrx_word' id='word_1_597' title='bbox 4069 2965 4307 3023; x_wconf 91' lang='lat' dir='ltr'><strong>cuncta</strong></span> 
     </span>
     <span class='ocr_line' id='line_1_93' title="bbox 2336 3042 4303 3129; baseline -0.001 -21"><span class='ocrx_word' id='word_1_598' title='bbox 2336 3046 2512 3111; x_wconf 90' lang='lat' dir='ltr'><strong>orbis</strong></span> <span class='ocrx_word' id='word_1_599' title='bbox 2575 3065 2783 3129; x_wconf 89' lang='lat' dir='ltr'><strong>regna</strong></span> <span class='ocrx_word' id='word_1_600' title='bbox 2846 3053 2915 3108; x_wconf 91' lang='lat' dir='ltr'><strong>et</strong></span> <span class='ocrx_word' id='word_1_601' title='bbox 2970 3043 3249 3126; x_wconf 89' lang='lat' dir='ltr'><strong>imperia</strong></span> <span class='ocrx_word' id='word_1_602' title='bbox 3301 3042 3590 3109; x_wconf 86' lang='lat' dir='ltr'><strong>formare</strong></span> <span class='ocrx_word' id='word_1_603' title='bbox 3647 3053 3847 3126; x_wconf 87' lang='lat' dir='ltr'><strong>atque</strong></span> <span class='ocrx_word' id='word_1_604' title='bbox 3913 3061 4303 3126; x_wconf 88' lang='lat' dir='ltr'><strong>componere</strong></span> 
     </span>
     <span class='ocr_line' id='line_1_94' title="bbox 2336 3127 4305 3213; baseline -0.002 -17"><span class='ocrx_word' id='word_1_605' title='bbox 2336 3131 2658 3196; x_wconf 89' lang='lat' dir='ltr'><strong>statuatis.</strong></span> <span class='ocrx_word' id='word_1_606' title='bbox 2749 3127 2947 3211; x_wconf 78' lang='lat' dir='ltr'><strong>Quod</strong></span> <span class='ocrx_word' id='word_1_607' title='bbox 2991 3129 3051 3196; x_wconf 91' lang='lat' dir='ltr'><strong>si</strong></span> <span class='ocrx_word' id='word_1_608' title='bbox 3093 3150 3215 3213; x_wconf 88' lang='lat' dir='ltr'><strong>ego</strong></span> <span class='ocrx_word' id='word_1_609' title='bbox 3256 3129 3430 3195; x_wconf 90' lang='lat' dir='ltr'><strong>idem</strong></span> <span class='ocrx_word' id='word_1_610' title='bbox 3475 3150 3592 3195; x_wconf 88' lang='lat' dir='ltr'><strong>vos</strong></span> <span class='ocrx_word' id='word_1_611' title='bbox 3627 3131 3699 3194; x_wconf 90' lang='lat' dir='ltr'><strong>in</strong></span> <span class='ocrx_word' id='word_1_612' title='bbox 3745 3128 3970 3195; x_wconf 90' lang='lat' dir='ltr'><strong>Gallia</strong></span> <span class='ocrx_word' id='word_1_613' title='bbox 4010 3136 4305 3194; x_wconf 89' lang='lat' dir='ltr'><strong>tentasse</strong></span> 
     </span>
     <span class='ocr_line' id='line_1_95' title="bbox 2340 3213 4303 3298; baseline -0.001 -19"><span class='ocrx_word' id='word_1_614' title='bbox 2340 3215 2641 3291; x_wconf 86' lang='lat' dir='ltr'><strong>docuero,</strong></span> <span class='ocrx_word' id='word_1_615' title='bbox 2688 3236 2773 3280; x_wconf 91' lang='lat' dir='ltr'><strong>an</strong></span> <span class='ocrx_word' id='word_1_616' title='bbox 2831 3236 2962 3281; x_wconf 91' lang='lat' dir='ltr'><strong>non</strong></span> <span class='ocrx_word' id='word_1_617' title='bbox 3008 3216 3303 3294; x_wconf 83' lang='lat' dir='ltr'><strong>effecero,</strong></span> <span class='ocrx_word' id='word_1_618' title='bbox 3340 3214 3541 3298; x_wconf 89' lang='lat' dir='ltr'><strong>(quod</strong></span> <span class='ocrx_word' id='word_1_619' title='bbox 3587 3236 3843 3280; x_wconf 87' lang='lat' dir='ltr'><strong>mecum</strong></span> <span class='ocrx_word' id='word_1_620' title='bbox 3883 3216 3953 3279; x_wconf 88' lang='lat' dir='ltr'><strong>in</strong></span> <span class='ocrx_word' id='word_1_621' title='bbox 3996 3213 4119 3279; x_wconf 90' lang='lat' dir='ltr'><strong>hac</strong></span> <span class='ocrx_word' id='word_1_622' title='bbox 4154 3233 4303 3278; x_wconf 90' lang='lat' dir='ltr'><strong>ora-</strong></span> 
     </span>
     <span class='ocr_line' id='line_1_96' title="bbox 2340 3300 4303 3383; baseline -0.001 -18"><span class='ocrx_word' id='word_1_623' title='bbox 2340 3302 2540 3380; x_wconf 89' lang='lat' dir='ltr'><strong>tione,</strong></span> <span class='ocrx_word' id='word_1_624' title='bbox 2606 3312 2753 3366; x_wconf 88' lang='lat' dir='ltr'><strong>tum</strong></span> <span class='ocrx_word' id='word_1_625' title='bbox 2811 3301 3067 3368; x_wconf 90' lang='lat' dir='ltr'><strong>duabus</strong></span> <span class='ocrx_word' id='word_1_626' title='bbox 3110 3300 3255 3367; x_wconf 91' lang='lat' dir='ltr'><strong>aliis</strong></span> <span class='ocrx_word' id='word_1_627' title='bbox 3300 3321 3463 3383; x_wconf 90' lang='lat' dir='ltr'><strong>quas</strong></span> <span class='ocrx_word' id='word_1_628' title='bbox 3508 3300 3590 3366; x_wconf 91' lang='lat' dir='ltr'><strong>de</strong></span> <span class='ocrx_word' id='word_1_629' title='bbox 3633 3301 4113 3382; x_wconf 89' lang='lat' dir='ltr'><strong>conspiratione</strong></span> <span class='ocrx_word' id='word_1_630' title='bbox 4153 3320 4303 3364; x_wconf 88' lang='lat' dir='ltr'><strong>ves-</strong></span> 
     </span>
     <span class='ocr_line' id='line_1_97' title="bbox 2338 3386 4307 3468; baseline -0.001 -17"><span class='ocrx_word' id='word_1_631' title='bbox 2338 3397 2443 3451; x_wconf 88' lang='lat' dir='ltr'><strong>tra</strong></span> <span class='ocrx_word' id='word_1_632' title='bbox 2484 3396 2780 3463; x_wconf 83' lang='lat' dir='ltr'><strong>contexe,</strong></span> <span class='ocrx_word' id='word_1_633' title='bbox 2823 3388 3153 3453; x_wconf 84' lang='lat' dir='ltr'><strong>facturum</strong></span> <span class='ocrx_word' id='word_1_634' title='bbox 3197 3386 3480 3458; x_wconf 86' lang='lat' dir='ltr'><strong>confido)</strong></span> <span class='ocrx_word' id='word_1_635' title='bbox 3525 3396 3599 3452; x_wconf 91' lang='lat' dir='ltr'><strong>ut</strong></span> <span class='ocrx_word' id='word_1_636' title='bbox 3639 3398 3866 3452; x_wconf 89' lang='lat' dir='ltr'><strong>vestra</strong></span> <span class='ocrx_word' id='word_1_637' title='bbox 3908 3387 3977 3451; x_wconf 93' lang='lat' dir='ltr'><strong>in</strong></span> <span class='ocrx_word' id='word_1_638' title='bbox 4023 3386 4307 3468; x_wconf 88' lang='lat' dir='ltr'><strong>patriam</strong></span> 
     </span>
     <span class='ocr_line' id='line_1_98' title="bbox 2336 3471 4303 3555; baseline -0.001 -18"><span class='ocrx_word' id='word_1_639' title='bbox 2336 3472 2504 3550; x_wconf 89' lang='lat' dir='ltr'><strong>odia,</strong></span> <span class='ocrx_word' id='word_1_640' title='bbox 2527 3473 2781 3537; x_wconf 88' lang='lat' dir='ltr'><strong>nefaria</strong></span> <span class='ocrx_word' id='word_1_641' title='bbox 2810 3474 2880 3537; x_wconf 90' lang='lat' dir='ltr'><strong>in</strong></span> <span class='ocrx_word' id='word_1_642' title='bbox 2905 3473 3107 3539; x_wconf 92' lang='lat' dir='ltr'><strong>bonos</strong></span> <span class='ocrx_word' id='word_1_643' title='bbox 3130 3472 3363 3550; x_wconf 90' lang='lat' dir='ltr'><strong>studia,</strong></span> <span class='ocrx_word' id='word_1_644' title='bbox 3386 3472 3720 3537; x_wconf 89' lang='lat' dir='ltr'><strong>illustrata</strong></span> <span class='ocrx_word' id='word_1_645' title='bbox 3737 3473 4064 3555; x_wconf 85' lang='lat' dir='ltr'><strong>patefacta</strong></span> <span class='ocrx_word' id='word_1_646' title='bbox 4084 3471 4303 3555; x_wconf 90' lang='lat' dir='ltr'><strong>palam</strong></span> 
     </span>
     <span class='ocr_line' id='line_1_99' title="bbox 2335 3556 4303 3642; baseline -0.002 -18"><span class='ocrx_word' id='word_1_647' title='bbox 2335 3559 2544 3624; x_wconf 89' lang='lat' dir='ltr'><strong>oculis</strong></span> <span class='ocrx_word' id='word_1_648' title='bbox 2598 3556 2992 3623; x_wconf 82' lang='lat' dir='ltr'><strong>videamus?</strong></span> <span class='ocrx_word' id='word_1_649' title='bbox 3081 3558 3307 3624; x_wconf 88' lang='lat' dir='ltr'><strong>Redeo</strong></span> <span class='ocrx_word' id='word_1_650' title='bbox 3363 3558 3568 3642; x_wconf 88' lang='lat' dir='ltr'><strong>igitur</strong></span> <span class='ocrx_word' id='word_1_651' title='bbox 3622 3556 3705 3622; x_wconf 92' lang='lat' dir='ltr'><strong>ad</strong></span> <span class='ocrx_word' id='word_1_652' title='bbox 3763 3566 3847 3636; x_wconf 93' lang='lat' dir='ltr'><strong>te,</strong></span> <span class='ocrx_word' id='word_1_653' title='bbox 3893 3558 4087 3631; x_wconf 83' lang='lat' dir='ltr'><strong>Beza,</strong></span> <span class='ocrx_word' id='word_1_654' title='bbox 4144 3576 4303 3641; x_wconf 92' lang='lat' dir='ltr'><strong>quo-</strong></span> 
     </span>
     <span class='ocr_line' id='line_1_100' title="bbox 2337 3642 4307 3726; baseline -0.001 -18"><span class='ocrx_word' id='word_1_655' title='bbox 2337 3645 2517 3708; x_wconf 91' lang='lat' dir='ltr'><strong>niam</strong></span> <span class='ocrx_word' id='word_1_656' title='bbox 2586 3653 2731 3726; x_wconf 89' lang='lat' dir='ltr'><strong>post</strong></span> <span class='ocrx_word' id='word_1_657' title='bbox 2785 3642 3145 3709; x_wconf 82' lang='lat' dir='ltr'><strong>Calvinum·</strong></span> <span class='ocrx_word' id='word_1_658' title='bbox 3205 3644 3675 3710; x_wconf 90' lang='lat' dir='ltr'><strong>coniurationis</strong></span> <span class='ocrx_word' id='word_1_659' title='bbox 3738 3642 4168 3709; x_wconf 88' lang='lat' dir='ltr'><strong>architectum</strong></span> <span class='ocrx_word' id='word_1_660' title='bbox 4239 3652 4307 3707; x_wconf 91' lang='lat' dir='ltr'><strong>te</strong></span> 
     </span>
     <span class='ocr_line' id='line_1_101' title="bbox 2339 3728 4306 3813; baseline -0.002 -18"><span class='ocrx_word' id='word_1_661' title='bbox 2339 3728 2660 3795; x_wconf 89' lang='lat' dir='ltr'><strong>secundas</strong></span> <span class='ocrx_word' id='word_1_662' title='bbox 2714 3740 2934 3811; x_wconf 89' lang='lat' dir='ltr'><strong>partes</strong></span> <span class='ocrx_word' id='word_1_663' title='bbox 2991 3743 3213 3794; x_wconf 90' lang='lat' dir='ltr'><strong>tenere</strong></span> <span class='ocrx_word' id='word_1_664' title='bbox 3271 3730 3537 3813; x_wconf 91' lang='lat' dir='ltr'><strong>accipio.</strong></span> <span class='ocrx_word' id='word_1_665' title='bbox 3626 3730 3994 3796; x_wconf 83' lang='lat' dir='ltr'><strong>Meministi</strong></span> <span class='ocrx_word' id='word_1_666' title='bbox 4038 3750 4188 3796; x_wconf 89' lang='lat' dir='ltr'><strong>cum</strong></span> <span class='ocrx_word' id='word_1_667' title='bbox 4231 3730 4306 3792; x_wconf 91' lang='lat' dir='ltr'><strong>in</strong></span> 
     </span>
     <span class='ocr_line' id='line_1_102' title="bbox 2341 3814 4310 3899; baseline -0.001 -21"><span class='ocrx_word' id='word_1_668' title='bbox 2341 3816 2484 3881; x_wconf 83' lang='lat' dir='ltr'><strong>vico</strong></span> <span class='ocrx_word' id='word_1_669' title='bbox 2536 3814 2853 3880; x_wconf 90' lang='lat' dir='ltr'><strong>Iacobaeo</strong></span> <span class='ocrx_word' id='word_1_670' title='bbox 2903 3816 3212 3880; x_wconf 87' lang='lat' dir='ltr'><strong>Lutetiae</strong></span> <span class='ocrx_word' id='word_1_671' title='bbox 3249 3818 3331 3897; x_wconf 80' lang='lat'><strong>¹⁴)</strong></span> <span class='ocrx_word' id='word_1_672' title='bbox 3405 3817 3816 3899; x_wconf 89' lang='lat' dir='ltr'><strong>promiscuus</strong></span> <span class='ocrx_word' id='word_1_673' title='bbox 3881 3816 4179 3880; x_wconf 88' lang='lat' dir='ltr'><strong>virorum</strong></span> <span class='ocrx_word' id='word_1_674' title='bbox 4241 3826 4310 3878; x_wconf 89' lang='lat' dir='ltr'><strong>et</strong></span> 
     </span>
     <span class='ocr_line' id='line_1_103' title="bbox 2339 3898 4305 3984; baseline 0 -21"><span class='ocrx_word' id='word_1_675' title='bbox 2339 3899 2775 3965; x_wconf 86' lang='lat' dir='ltr'><strong>foeminarum</strong></span> <span class='ocrx_word' id='word_1_676' title='bbox 2827 3921 3142 3967; x_wconf 91' lang='lat' dir='ltr'><strong>numerus</strong></span> <span class='ocrx_word' id='word_1_677' title='bbox 3200 3910 3416 3967; x_wconf 89' lang='lat' dir='ltr'><strong>certas</strong></span> <span class='ocrx_word' id='word_1_678' title='bbox 3463 3900 3545 3966; x_wconf 88' lang='lat' dir='ltr'><strong>ad</strong></span> <span class='ocrx_word' id='word_1_679' title='bbox 3598 3900 3810 3977; x_wconf 89' lang='lat' dir='ltr'><strong>aedes,</strong></span> <span class='ocrx_word' id='word_1_680' title='bbox 3857 3912 4174 3984; x_wconf 86' lang='lat' dir='ltr'><strong>tanquam</strong></span> <span class='ocrx_word' id='word_1_681' title='bbox 4218 3898 4305 3964; x_wconf 89' lang='lat' dir='ltr'><strong>ad</strong></span> 
     </span>
     <span class='ocr_line' id='line_1_104' title="bbox 2343 3985 4304 4070; baseline -0.001 -18"><span class='ocrx_word' id='word_1_682' title='bbox 2343 3985 2605 4052; x_wconf 89' lang='lat' dir='ltr'><strong>Cereris</strong></span> <span class='ocrx_word' id='word_1_683' title='bbox 2674 3990 2992 4070; x_wconf 81' lang='lat' dir='ltr'><strong>mysteria</strong></span> <span class='ocrx_word' id='word_1_684' title='bbox 3055 3988 3377 4065; x_wconf 88' lang='lat' dir='ltr'><strong>coivisset,</strong></span> <span class='ocrx_word' id='word_1_685' title='bbox 3438 3987 3734 4070; x_wconf 87' lang='lat' dir='ltr'><strong>Regique</strong></span> <span class='ocrx_word' id='word_1_686' title='bbox 3795 3987 4088 4051; x_wconf 89' lang='lat' dir='ltr'><strong>Henrico</strong></span> <span class='ocrx_word' id='word_1_687' title='bbox 4152 4005 4304 4051; x_wconf 91' lang='lat' dir='ltr'><strong>noc-</strong></span> 
     </span>
     <span class='ocr_line' id='line_1_105' title="bbox 2342 4071 4304 4155; baseline -0.001 -18"><span class='ocrx_word' id='word_1_688' title='bbox 2342 4082 2541 4137; x_wconf 88' lang='lat' dir='ltr'><strong>turna</strong></span> <span class='ocrx_word' id='word_1_689' title='bbox 2582 4071 2698 4135; x_wconf 85' lang='lat' dir='ltr'><strong>illa</strong></span> <span class='ocrx_word' id='word_1_690' title='bbox 2746 4091 2932 4138; x_wconf 90' lang='lat' dir='ltr'><strong>sacra</strong></span> <span class='ocrx_word' id='word_1_691' title='bbox 2990 4072 3181 4137; x_wconf 88' lang='lat' dir='ltr'><strong>valde</strong></span> <span class='ocrx_word' id='word_1_692' title='bbox 3226 4072 3729 4155; x_wconf 80' lang='lat' dir='ltr'><strong>displicuissent,</strong></span> <span class='ocrx_word' id='word_1_693' title='bbox 3777 4082 3842 4136; x_wconf 91' lang='lat' dir='ltr'><strong>te</strong></span> <span class='ocrx_word' id='word_1_694' title='bbox 3882 4073 4110 4137; x_wconf 87' lang='lat' dir='ltr'><strong>statim</strong></span> <span class='ocrx_word' id='word_1_695' title='bbox 4148 4091 4304 4136; x_wconf 88' lang='lat' dir='ltr'><strong>con-</strong></span> 
     </span>
     <span class='ocr_line' id='line_1_106' title="bbox 2341 4158 4303 4233; baseline -0.001 -10"><span class='ocrx_word' id='word_1_696' title='bbox 2341 4159 2543 4224; x_wconf 89' lang='lat' dir='ltr'><strong>citato</strong></span> <span class='ocrx_word' id='word_1_697' title='bbox 2599 4178 2801 4223; x_wconf 90' lang='lat' dir='ltr'><strong>cursu</strong></span> <span class='ocrx_word' id='word_1_698' title='bbox 2855 4159 2925 4222; x_wconf 92' lang='lat' dir='ltr'><strong>in</strong></span> <span class='ocrx_word' id='word_1_699' title='bbox 2972 4158 3405 4223; x_wconf 80' lang='lat' dir='ltr'><strong>Germaniam</strong></span> <span class='ocrx_word' id='word_1_700' title='bbox 3465 4159 3828 4233; x_wconf 89' lang='lat' dir='ltr'><strong>festinasse,</strong></span> <span class='ocrx_word' id='word_1_701' title='bbox 3873 4158 4060 4223; x_wconf 90' lang='lat' dir='ltr'><strong>cuius</strong></span> <span class='ocrx_word' id='word_1_702' title='bbox 4103 4158 4303 4223; x_wconf 90' lang='lat' dir='ltr'><strong>Prin-</strong></span> 
     </span>
     <span class='ocr_line' id='line_1_107' title="bbox 2341 4244 4307 4328; baseline 0.001 -22"><span class='ocrx_word' id='word_1_703' title='bbox 2341 4244 2520 4326; x_wconf 90' lang='lat' dir='ltr'><strong>cipes</strong></span> <span class='ocrx_word' id='word_1_704' title='bbox 2577 4252 2772 4325; x_wconf 89' lang='lat' dir='ltr'><strong>atque</strong></span> <span class='ocrx_word' id='word_1_705' title='bbox 2834 4245 3184 4328; x_wconf 89' lang='lat' dir='ltr'><strong>optimates</strong></span> <span class='ocrx_word' id='word_1_706' title='bbox 3237 4265 3278 4309; x_wconf 92' lang='lat' dir='ltr'><strong>a</strong></span> <span class='ocrx_word' id='word_1_707' title='bbox 3318 4244 3527 4328; x_wconf 89' lang='lat' dir='ltr'><strong>Regis</strong></span> <span class='ocrx_word' id='word_1_708' title='bbox 3570 4244 3859 4310; x_wconf 92' lang='lat' dir='ltr'><strong>amicitia</strong></span> <span class='ocrx_word' id='word_1_709' title='bbox 3901 4244 4307 4327; x_wconf 87' lang='lat' dir='ltr'><strong>temporibus</strong></span> 
     </span>
     <span class='ocr_line' id='line_1_108' title="bbox 2343 4328 4309 4407; baseline -0.001 -14"><span class='ocrx_word' id='word_1_710' title='bbox 2343 4330 2633 4394; x_wconf 81' lang='lat' dir='ltr'><strong>maxime</strong></span> <span class='ocrx_word' id='word_1_711' title='bbox 2688 4330 3076 4395; x_wconf 87' lang='lat' dir='ltr'><strong>necessariis</strong></span> <span class='ocrx_word' id='word_1_712' title='bbox 3134 4328 3508 4407; x_wconf 89' lang='lat' dir='ltr'><strong>abduceres,</strong></span> <span class='ocrx_word' id='word_1_713' title='bbox 3567 4341 3635 4394; x_wconf 87' lang='lat' dir='ltr'><strong>et</strong></span> <span class='ocrx_word' id='word_1_714' title='bbox 3677 4328 4032 4395; x_wconf 90' lang='lat' dir='ltr'><strong>eorundem</strong></span> <span class='ocrx_word' id='word_1_715' title='bbox 4080 4329 4309 4393; x_wconf 87' lang='lat' dir='ltr'><strong>literas</strong></span> 
     </span>
     <span class='ocr_line' id='line_1_109' title="bbox 2341 4412 4311 4500; baseline -0.001 -23"><span class='ocrx_word' id='word_1_716' title='bbox 2341 4416 2631 4481; x_wconf 86' lang='lat' dir='ltr'><strong>minaces</strong></span> <span class='ocrx_word' id='word_1_717' title='bbox 2656 4464 2671 4490; x_wconf 92' lang='lat'><strong>,</strong></span> <span class='ocrx_word' id='word_1_718' title='bbox 2753 4435 2919 4496; x_wconf 89' lang='lat' dir='ltr'><strong>quae</strong></span> <span class='ocrx_word' id='word_1_719' title='bbox 2986 4417 3241 4500; x_wconf 88' lang='lat' dir='ltr'><strong>Regem</strong></span> <span class='ocrx_word' id='word_1_720' title='bbox 3320 4425 3798 4498; x_wconf 81' lang='lat' dir='ltr'><strong>permoverent,</strong></span> <span class='ocrx_word' id='word_1_721' title='bbox 3857 4416 4244 4498; x_wconf 87' lang='lat' dir='ltr'><strong>impetrares</strong></span> <span class='ocrx_word' id='word_1_722' title='bbox 4268 4412 4311 4475; x_wconf 70' lang='grc'><strong>’2</strong></span> 
     </span>
    </p>
   </div>
   <div class='ocr_carea' id='block_1_11' title="bbox 2341 4607 2751 4615">
    <p class='ocr_par' dir='ltr' id='par_1_13' title="bbox 2341 4607 2751 4615">
     <span class='ocr_line' id='line_1_110' title="bbox 2341 4607 2751 4615; baseline 0 0"><span class='ocrx_word' id='word_1_723' title='bbox 2341 4607 2751 4615; x_wconf 95' lang='lat' dir='ltr'><strong> </strong></span> 
     </span>
    </p>
   </div>
   <div class='ocr_carea' id='block_1_12' title="bbox 2343 4740 4318 5360">
    <p class='ocr_par' dir='ltr' id='par_1_14' title="bbox 2343 4740 4318 5278">
     <span class='ocr_line' id='line_1_111' title="bbox 2517 4740 4307 4808; baseline 0.001 -14"><span class='ocrx_word' id='word_1_724' title='bbox 2517 4742 2611 4807; x_wconf 83' lang='grc'><strong>13)</strong></span> <span class='ocrx_word' id='word_1_725' title='bbox 2660 4741 2855 4795; x_wconf 75' lang='lat' dir='ltr'><strong>Verum</strong></span> <span class='ocrx_word' id='word_1_726' title='bbox 2896 4740 3115 4794; x_wconf 68' lang='lat' dir='ltr'><strong>Gentem</strong></span> <span class='ocrx_word' id='word_1_727' title='bbox 3159 4747 3279 4794; x_wconf 76' lang='lat' dir='ltr'><strong>erat</strong></span> <span class='ocrx_word' id='word_1_728' title='bbox 3313 4740 3447 4793; x_wconf 74' lang='lat' dir='ltr'><strong>urbs</strong></span> <span class='ocrx_word' id='word_1_729' title='bbox 3482 4740 3654 4794; x_wconf 77' lang='lat' dir='ltr'><strong>libera</strong></span> <span class='ocrx_word' id='word_1_730' title='bbox 3689 4754 3854 4808; x_wconf 69' lang='lat' dir='ltr'><strong>quam</strong></span> <span class='ocrx_word' id='word_1_731' title='bbox 3888 4740 4051 4794; x_wconf 68' lang='lat' dir='ltr'><strong>duces</strong></span> <span class='ocrx_word' id='word_1_732' title='bbox 4091 4740 4307 4795; x_wconf 75' lang='lat' dir='ltr'><strong>Sabou·</strong></span> 
     </span>
     <span class='ocr_line' id='line_1_112' title="bbox 2343 4807 4311 4879; baseline 0.001 -15"><span class='ocrx_word' id='word_1_733' title='bbox 2343 4812 2470 4864; x_wconf 73' lang='lat' dir='ltr'><strong>diae</strong></span> <span class='ocrx_word' id='word_1_734' title='bbox 2526 4816 2575 4862; x_wconf 73' lang='lat' dir='ltr'><strong>e!</strong></span> <span class='ocrx_word' id='word_1_735' title='bbox 2633 4810 2875 4879; x_wconf 70' lang='lat' dir='ltr'><strong>episcopo·</strong></span> <span class='ocrx_word' id='word_1_736' title='bbox 2924 4810 3034 4864; x_wconf 68' lang='lat' dir='ltr'><strong>sibi</strong></span> <span class='ocrx_word' id='word_1_737' title='bbox 3083 4811 3345 4863; x_wconf 75' lang='lat' dir='ltr'><strong>subiicere</strong></span> <span class='ocrx_word' id='word_1_738' title='bbox 3403 4809 3767 4862; x_wconf 70' lang='lat' dir='ltr'><strong>mabuntur.</strong></span> <span class='ocrx_word' id='word_1_739' title='bbox 3865 4807 4201 4863; x_wconf 69' lang='lat' dir='ltr'><strong>Genevenses</strong></span> <span class='ocrx_word' id='word_1_740' title='bbox 4252 4827 4311 4865; x_wconf 80' lang='grc' dir='ltr'><strong>α.</strong></span> 
     </span>
     <span class='ocr_line' id='line_1_113' title="bbox 2344 4876 4311 4948; baseline 0.001 -16"><span class='ocrx_word' id='word_1_741' title='bbox 2344 4879 2481 4933; x_wconf 75' lang='grc'><strong>1526</strong></span> <span class='ocrx_word' id='word_1_742' title='bbox 2526 4879 2663 4932; x_wconf 77' lang='lat' dir='ltr'><strong>duce</strong></span> <span class='ocrx_word' id='word_1_743' title='bbox 2696 4878 2990 4946; x_wconf 66' lang='lat' dir='ltr'><strong>Besanpon</strong></span> <span class='ocrx_word' id='word_1_744' title='bbox 3039 4878 3284 4945; x_wconf 75' lang='lat' dir='ltr'><strong>Huquee,</strong></span> <span class='ocrx_word' id='word_1_745' title='bbox 3330 4893 3367 4930; x_wconf 79' lang='lat' dir='ltr'><strong>a</strong></span> <span class='ocrx_word' id='word_1_746' title='bbox 3406 4876 3779 4931; x_wconf 67' lang='lat' dir='ltr'><strong>Bonnensibus</strong></span> <span class='ocrx_word' id='word_1_747' title='bbox 3820 4882 3874 4930; x_wconf 75' lang='lat' dir='ltr'><strong>et</strong></span> <span class='ocrx_word' id='word_1_748' title='bbox 3919 4877 4311 4948; x_wconf 69' lang='lat' dir='ltr'><strong>Friburqemi·</strong></span> 
     </span>
     <span class='ocr_line' id='line_1_114' title="bbox 2344 4944 4304 5004; baseline -0.001 0"><span class='ocrx_word' id='word_1_749' title='bbox 2344 4950 2446 5004; x_wconf 77' lang='lat' dir='ltr'><strong>bus</strong></span> <span class='ocrx_word' id='word_1_750' title='bbox 2488 4948 2675 5002; x_wconf 73' lang='lat' dir='ltr'><strong>adiuta·</strong></span> <span class='ocrx_word' id='word_1_751' title='bbox 2717 4947 3013 5003; x_wconf 72' lang='lat' dir='ltr'><strong>libertatem</strong></span> <span class='ocrx_word' id='word_1_752' title='bbox 3063 4962 3221 5001; x_wconf 77' lang='lat' dir='ltr'><strong>suam</strong></span> <span class='ocrx_word' id='word_1_753' title='bbox 3265 4945 3625 5001; x_wconf 56' lang='lat' dir='ltr'><strong>vindicarunt</strong></span> <span class='ocrx_word' id='word_1_754' title='bbox 3669 4961 3706 4998; x_wconf 78' lang='lat' dir='ltr'><strong>a</strong></span> <span class='ocrx_word' id='word_1_755' title='bbox 3752 4944 3891 4999; x_wconf 75' lang='lat' dir='ltr'><strong>duee</strong></span> <span class='ocrx_word' id='word_1_756' title='bbox 3941 4946 4139 5003; x_wconf 69' lang='lat' dir='ltr'><strong>Gar-olo</strong></span> <span class='ocrx_word' id='word_1_757' title='bbox 4178 4947 4304 5003; x_wconf 89' lang='lat'><strong>111.</strong></span> 
     </span>
     <span class='ocr_line' id='line_1_115' title="bbox 2347 5011 4309 5081; baseline 0 -10"><span class='ocrx_word' id='word_1_758' title='bbox 2347 5018 2547 5071; x_wconf 75' lang='lat' dir='ltr'><strong>Postea</strong></span> <span class='ocrx_word' id='word_1_759' title='bbox 2611 5032 2761 5080; x_wconf 73' lang='lat' dir='ltr'><strong>sane,</strong></span> <span class='ocrx_word' id='word_1_760' title='bbox 2821 5017 3212 5081; x_wconf 75' lang='lat' dir='ltr'><strong>reformatione</strong></span> <span class='ocrx_word' id='word_1_761' title='bbox 3267 5015 3423 5081; x_wconf 72' lang='lat' dir='ltr'><strong>facta</strong></span> <span class='ocrx_word' id='word_1_762' title='bbox 3480 5011 3808 5079; x_wconf 76' lang='lat'>(1528-34)</span> <span class='ocrx_word' id='word_1_763' title='bbox 3862 5016 4309 5074; x_wconf 67' lang='lat' dir='ltr'><strong>ministrantibus</strong></span> 
     </span>
     <span class='ocr_line' id='line_1_116' title="bbox 2349 5082 4308 5152; baseline 0.001 -11"><span class='ocrx_word' id='word_1_764' title='bbox 2349 5086 2659 5149; x_wconf 59' lang='lat' dir='ltr'><strong>momento,</strong></span> <span class='ocrx_word' id='word_1_765' title='bbox 2720 5084 2937 5140; x_wconf 74' lang='lat' dir='ltr'><strong>Far-ello</strong></span> <span class='ocrx_word' id='word_1_766' title='bbox 2982 5091 3035 5140; x_wconf 75' lang='lat' dir='ltr'><strong>et</strong></span> <span class='ocrx_word' id='word_1_767' title='bbox 3091 5085 3289 5152; x_wconf 78' lang='lat' dir='ltr'><strong>Vireto,</strong></span> <span class='ocrx_word' id='word_1_768' title='bbox 3341 5088 3429 5151; x_wconf 75' lang='lat' dir='ltr'><strong>epi</strong></span> <span class='ocrx_word' id='word_1_769' title='bbox 3680 5082 3822 5137; x_wconf 69' lang='lat' dir='ltr'><strong>Petr.</strong></span> <span class='ocrx_word' id='word_1_770' title='bbox 3870 5084 3937 5137; x_wconf 80' lang='lat' dir='ltr'><strong>de</strong></span> <span class='ocrx_word' id='word_1_771' title='bbox 3989 5086 4045 5138; x_wconf 80' lang='lat' dir='ltr'><strong>la</strong></span> <span class='ocrx_word' id='word_1_772' title='bbox 4091 5085 4308 5141; x_wconf 62' lang='lat' dir='ltr'><strong>Bau-te</strong></span> 
     </span>
     <span class='ocr_line' id='line_1_117' title="bbox 2346 5099 4318 5276; baseline 0.001 -67"><span class='ocrx_word' id='word_1_773' title='bbox 2346 5156 2463 5210; x_wconf 80' lang='lat' dir='ltr'><strong>loco</strong></span> <span class='ocrx_word' id='word_1_774' title='bbox 2506 5154 2690 5235; x_wconf 76' lang='lat' dir='ltr'><strong>cedere</strong></span> <span class='ocrx_word' id='word_1_775' title='bbox 2740 5159 2961 5208; x_wconf 67' lang='lat' dir='ltr'><strong>condus</strong></span> <span class='ocrx_word' id='word_1_776' title='bbox 3009 5160 3101 5208; x_wconf 72' lang='lat' dir='ltr'><strong>est.</strong></span> <span class='ocrx_word' id='word_1_777' title='bbox 3196 5152 3446 5276; x_wconf 51' lang='grc' dir='ltr'><strong>(Θιὲξὲο,</strong></span> <span class='ocrx_word' id='word_1_778' title='bbox 3497 5099 3554 5203; x_wconf 57' lang='grc' dir='ltr'><strong>ἒ.</strong></span> <span class='ocrx_word' id='word_1_779' title='bbox 3602 5152 3832 5220; x_wconf 73' lang='lat' dir='ltr'><strong>Huyues</strong></span> <span class='ocrx_word' id='word_1_780' title='bbox 3882 5150 4037 5207; x_wconf 77' lang='lat'><strong>1859.</strong></span> <span class='ocrx_word' id='word_1_781' title='bbox 4118 5154 4318 5228; x_wconf 62' lang='lat' dir='ltr'><strong>Roget,</strong></span> 
     </span>
     <span class='ocr_line' id='line_1_118' title="bbox 2348 5219 3751 5278; baseline -0.003 0"><span class='ocrx_word' id='word_1_782' title='bbox 2348 5224 2423 5278; x_wconf 72' lang='lat' dir='ltr'><strong>les</strong></span> <span class='ocrx_word' id='word_1_783' title='bbox 2462 5221 2680 5277; x_wconf 66' lang='lat' dir='ltr'><strong>Sumus</strong></span> <span class='ocrx_word' id='word_1_784' title='bbox 2715 5228 2764 5276; x_wconf 73' lang='lat' dir='ltr'><strong>et</strong></span> <span class='ocrx_word' id='word_1_785' title='bbox 2801 5222 3013 5277; x_wconf 68' lang='lat' dir='ltr'><strong>Genese</strong></span> <span class='ocrx_word' id='word_1_786' title='bbox 3045 5239 3121 5277; x_wconf 80' lang='lat' dir='ltr'><strong>au</strong></span> <span class='ocrx_word' id='word_1_787' title='bbox 3158 5221 3249 5275; x_wconf 82' lang='lat' dir='ltr'><strong>16e</strong></span> <span class='ocrx_word' id='word_1_788' title='bbox 3408 5262 3421 5273; x_wconf 94' lang='lat'><strong>.</strong></span> <span class='ocrx_word' id='word_1_789' title='bbox 3455 5219 3492 5274; x_wconf 77' lang='lat'><strong>2</strong></span> <span class='ocrx_word' id='word_1_790' title='bbox 3526 5226 3563 5276; x_wconf 79' lang='lat' dir='ltr'><strong>t.</strong></span> <span class='ocrx_word' id='word_1_791' title='bbox 3605 5219 3751 5274; x_wconf 85' lang='lat'><strong>1864.</strong></span> 
     </span>
    </p>

    <p class='ocr_par' dir='ltr' id='par_1_15' title="bbox 2524 5287 3718 5360">
     <span class='ocr_line' id='line_1_119' title="bbox 2524 5287 3718 5360; baseline 0.003 -17"><span class='ocrx_word' id='word_1_792' title='bbox 2524 5289 2616 5359; x_wconf 80' lang='lat'><strong>14)</strong></span> <span class='ocrx_word' id='word_1_793' title='bbox 2648 5291 2866 5359; x_wconf 79' lang='lat' dir='ltr'><strong>Affaire</strong></span> <span class='ocrx_word' id='word_1_794' title='bbox 2901 5291 2968 5346; x_wconf 82' lang='lat' dir='ltr'><strong>de</strong></span> <span class='ocrx_word' id='word_1_795' title='bbox 3000 5292 3056 5346; x_wconf 82' lang='lat' dir='ltr'><strong>la</strong></span> <span class='ocrx_word' id='word_1_796' title='bbox 3089 5307 3191 5345; x_wconf 77' lang='lat' dir='ltr'><strong>rue</strong></span> <span class='ocrx_word' id='word_1_797' title='bbox 3228 5288 3283 5346; x_wconf 76' lang='lat' dir='ltr'><strong>S.</strong></span> <span class='ocrx_word' id='word_1_798' title='bbox 3319 5289 3529 5360; x_wconf 69' lang='lat' dir='ltr'><strong>laques</strong></span> <span class='ocrx_word' id='word_1_799' title='bbox 3563 5287 3718 5346; x_wconf 76' lang='lat'><strong>155⁷.</strong></span> 
     </span>
    </p>
   </div>
  </div>
 </body>
</html>
