4900 6125
538 496 577 554 7
2041 492 2573 564 EPIS'L'OLAB
2615 491 3043 560 &Md—8546
4506 491 4544 551 8

712 677 818 745 Ibi
861 699 1023 767 ergo
1076 700 1449 748 sermonem
1505 680 1753 767 arripui
1809 691 1881 749 et
1919 682 2134 767 primo
2188 680 2333 749 loco
2374 682 2500 747 mi·

539 763 887 832 nisterium
962 764 1229 833 defendi
1304 775 1683 835 nostrarum
1760 767 2204 836 ecclesiarum.
2226 771 2282 847 ⁸)
2376 767 2502 833 Be-

542 849 779 935 spondi
834 852 1033 918 etiam
1099 853 1579 920 insimulationi
1639 875 1770 939 qua
1824 874 1950 921 nos
2011 863 2093 919 ut
2157 853 2505 921 seditiosos

540 935 946 1003 traduxerat.
1017 936 1251 1006 Obieci
1281 948 1624 1023 praeterea
1657 961 1810 1007 eum
1845 940 2267 1007 vehementer
2301 939 2505 1006 fuisse

542 1020 1019 1089 hallucinatum
1125 1025 1256 1090 nod
1317 1045 1521 1094 ausus
1584 1027 1786 1093 fuerit
1848 1026 2183 1093 affirmare
2246 1027 2317 1091 in
2371 1024 2504 1091 Dei

541 1109 926 1193 praeceptis,
969 1109 1045 1175 in
1139 1111 1154 1126 ‘
1192 1110 1401 1190 toriis,
1443 1112 1517 1179 in
1560 1112 1978 1180 testamentis
2021 1121 2090 1177 et
2130 1131 2503 1179 sacramen·

542 1192 631 1260 tis
671 1214 807 1260 non
849 1215 995 1262 esse
1036 1203 1259 1284 tropos
1299 1205 1417 1264 aut
1458 1199 1777 1284 figuratas
1818 1198 2254 1282 loquutiones,
2307 1205 2379 1263 et
2417 1217 2505 1262 ex

542 1280 889 1363 scripturis
953 1279 1404 1349 demonstravi
1469 1292 1696 1368 tropos
1755 1284 2064 1361 inveniri,
2132 1282 2304 1349 unde
2366 1302 2503 1349 non

541 1384 736 1450 posse
793 1364 877 1431 ab
933 1387 1011 1433 eo
1067 1368 1375 1434 concludi
1428 1370 1631 1436 verba
1686 1368 1981 1448 Domini,
2047 1390 2215 1453 quac
2272 1366 2506 1435 dicunt

542 1453 1074 1531 consecrationis,
1118 1454 1504 1539 simpliciter
1542 1456 1940 1541 accipienda.

716 1536 1063 1623 Hispanus
1116 1538 1209 1605 ibi
1262 1539 1664 1608 Iesuitarum
1725 1542 2057 1625 princeps,
2081 1544 2137 1622 ⁸)
2194 1541 2306 1624 qui
2352 1561 2502 1606 cum

543 1620 761 1707 legato
836 1625 1175 1707 pontificio
1251 1637 1555 1704 venerat,
1633 1647 2000 1694 sermonem
2079 1627 2380 1708 excepit,-
2435 1635 2506 1691 et

544 1707 781 1774 habuit
820 1712 1184 1777 orationem
1227 1714 1616 1780 acerrimam
1661 1734 1793 1797 qua
1842 1710 2268 1799 reprehendit
2310 1711 2503 1796 Royi-

541 1813 696 1860 nom
762 1795 936 1880 quod
1004 1797 1242 1863 harum
1320 1819 1543 1864 rerum
1621 1799 2060 1883 cognitionem
2141 1797 2507 1882 susceperit

543 1899 748 1964 quum
807 1881 892 1947 ad
945 1883 1157 1967 ipsam
1218 1903 1353 1950 non
1403 1885 1787 1968 pertineret,
1844 1884 1958 1951 sed
2012 1883 2098 1950 ad
2154 1904 2392 1969 papam
2436 1897 2504 1949 et

624 1966 898 2050 iscopos,
963 1989 1088 2037 nec
1144 1970 1245 2037 fas
1296 1991 1461 2050 esse,
1529 1970 1690 2037 dum
1752 1971 2108 2038 haberetur
2150 1968 2503 2038 concilium

640 2049 1032 2133 ‘dontinum,
1099 2054 1232 2122 tale
1296 2055 1696 2140 colloquium
1759 2056 2093 2140 privatum
2151 2055 2503 2123 celebrare.

543 2135 731 2204 Haeo
794 2141 1006 2205 oratio
1080 2140 1389 2224 Reyinam
1448 2141 1641 2207 valde
1703 2140 2009 2219 offendit,
2075 2149 2143 2208 et
2206 2142 2335 2207 nisi
2400 2163 2505 2207 re-

542 2225 868 2306 spexisset
900 2225 1300 2293 cardinalem
1326 2227 1807 2294 Ferrariensem
1827 2226 2150 2294 Iesuitam
2179 2225 2509 2293 docuisset

543 2307 951 2378 modestiam.
1041 2311 1417 2379 Oardinalis
1490 2314 1575 2380 ad
1632 2335 1738 2380 me
1803 2334 2172 2380 sermonem
2229 2332 2503 2379 conver-

544 2396 631 2460 tit
655 2398 715 2471 ⁷)
755 2404 825 2462 et
867 2397 1085 2483 coepit
1125 2399 1384 2465 causari
1427 2399 1599 2484 quod
1633 2420 1849 2465 meam
1894 2399 2186 2484 linguam
2225 2419 2355 2465 non
2401 2399 2505 2464 in-

544 2480 886 2566 telligeret,
947 2503 1152 2567 quum
1210 2494 1434 2551 tamen
1477 2484 1663 2552 illam
1705 2487 1950 2567 optime
1993 2485 2247 2551 calleat.
2336 2484 2506 2551 Pro·

543 2566 703 2632 inde
744 2569 961 2651 coepit
1001 2569 1165 2635 mihi
1209 2570 1446 2657 gallice
1488 2570 1901 2655 respondere,
1956 2569 2129 2654 quod
2174 2573 2233 2637 ei
2287 2570 2506 2637 facere

542 2671 678 2717 non
714 2651 1026 2734 licuisset,
1062 2655 1194 2722 nisi
1229 2677 1398 2741 quae
1433 2656 1728 2723 dixeram
1766 2657 2175 2742 percepisset.
2247 2654 2504 2738 Quum-

544 2758 675 2821 que
733 2739 1089 2806 solutiones
1145 2743 1288 2808 eius
1329 2764 1542 2809 essem
1585 2743 2057 2820 confutaturus,
2105 2741 2354 2827 Reyina
2398 2762 2504 2807 me

545 2825 804 2891 monuit
844 2836 923 2890 ut
965 2824 1182 2892 latina
1222 2827 1317 2893 lin
1413 2850 1454 2894 a
1496 2839 1718 2895 uterer
1745 2831 1799 2903 ⁸)
1842 2849 1972 2912 quo
2014 2848 2243 2894 omnes
2279 2825 2504 2894 docto-

544 2930 653 2976 res
718 2919 790 2977 et
848 2912 1128 2996 praelati
1189 2912 1290 2979 int
1403 2924 1654 3000 gerent.
1752 2914 1964 2981 Parui
2021 2923 2089 2979 et
2142 2912 2281 2979 dixi
2337 2933 2503 2998 quae

543 2997 1376 3169 fffflfflpssfflffi
1401 2998 1765 3172 ,ωροΒἭῗὲ
1821 2999 2502 3152 Ἐίἓὶῗιῗῗζῖω“οξὲ.’

543 3165 768 3234 dinale
811 3189 1010 3254 agere
1051 3174 1266 3256 coepit
1307 3171 1391 3237 de
1429 3193 1648 3240 coena.
1728 3172 1835 3238 Ibi
1876 3192 2001 3257 ego
2052 3173 2503 3238 narrationem

544 3254 997 3340 evangelistae
1063 3256 1298 3323 induxi
1316 3309 1334 3337 ,
1410 3259 1525 3360 qui
1589 3259 1684 3324 ait
1748 3257 2110 3358 Dominum
2174 3258 2504 3359 aoeepisse

542 3340 1205 3527 &ndssombam
1280 3343 1911 3497 hgglrssbaotngn
1990 3341 2502 3495 habai-’emglitliffi

541 3523 1473 3749 §wrm
1310 3515 2505 3686 mmmffitmmoemzzff

725 3703 931 3768 quum
996 3706 1038 3751 a
1100 3688 1378 3771 strepitu
1443 3696 1514 3752 et
1587 3687 1874 3753 clamore
1940 3684 2300 3753 Sorbonico
2365 3706 2506 3751 non

544 3767 923 3847 abstineret,
975 3791 1084 3837 res
1141 3771 1304 3838 abiit
1357 3772 1431 3837 in
1488 3772 1962 3838 tumultuosam
2017 3772 2366 3850 actionem,
2409 3772 2506 3837 ita

542 3863 622 3919 ut
661 3876 786 3921 nec
828 3856 969 3939 ipse
1000 3856 1370 3923 Gardinalis
1402 3858 1796 3925 abstinuerit
1828 3879 1868 3923 a
1902 3857 2267 3924 clamorosa
2300 3856 2505 3923 vehe-

544 3941 813 4007 mentia.
892 3942 1128 4026 Itaque
1174 3942 1425 4028 Rapina
1467 3943 1736 4010 iubente
1777 3944 2030 4010 solutus
2072 3955 2176 4009 est
2217 3962 2504 4009 conven-

546 4035 656 4092 tus
690 4047 893 4111 quum
934 4028 1069 4094 iam
1104 4049 1237 4094 nox
1272 4039 1464 4095 esset.
1537 4028 1707 4096 Visa
1740 4040 1842 4097 est
1875 4029 2046 4096 actio
2078 4028 2198 4094 illa
2231 4028 2507 4114 indigna

546 4112 732 4197 regia
793 4116 1180 4197 praesentia,
1204 4119 1263 4197 ⁰)
1327 4115 1423 4180 ita
1488 4124 1564 4180 ut
1628 4114 1879 4199 Reyim
1944 4115 2310 4181 decreverit
2371 4135 2504 4181 non

556 4288 958 4297 ——n-——q-

757 4386 820 4452 5)
857 4383 949 4440 Ia
996 4385 1163 4441 Ρῑοοο
1211 4385 1337 4441 197:
1412 4387 1495 4442 La
1539 4387 1731 4443 denna
1767 4387 1827 4443 P.
1863 4386 2077 4458 Han-tyr
2122 4389 2392 4445 excellent
2436 4406 2507 4445 en

545 4454 795 4511 doctrine
830 4463 889 4510 et
921 4464 1091 4526 ayant
1123 4456 1572 4526 singulierement
1606 4456 1804 4512 traicte
1836 4464 1987 4512 ceste
2020 4457 2253 4513 matiero
2286 4458 2511 4513 deduict

544 4541 613 4579 en
651 4523 880 4594 langage
907 4524 1116 4595 italien,
1151 4541 1222 4579 ne
1238 4526 1499 4607 acuebant
1530 4526 1717 4598 parler
1735 4526 2008 4596 tnncoys,
2025 4524 2297 4596 plusieurs
2313 4527 2508 4583 choses

545 4600 829 4649 ιοπιιιιοο
863 4591 899 4647 ὁ
932 4599 1055 4648 tout
1089 4609 1153 4648 ce
1236 4610 1291 4648 ui
1338 4595 1492 4651 avoit
1534 4594 1653 4649 esth
1685 4595 1898 4665 allegue‘
1932 4610 2035 4666 par
2068 4594 2122 4648 le
2158 4596 2416 4652 cardinal
2450 4602 2512 4652 et

546 4661 863 4743 d'nnpenne,
898 4666 1020 4745 tant
1052 4678 1193 4730 pour
1246 4679 1279 4717 ο
1313 4663 1513 4735 regu-d
1545 4663 1620 4718 du
1654 4672 1963 4719 sacrament
1996 4678 2103 4734 φο
2136 4681 2279 4735 pour
2311 4681 2375 4720 oe
2411 4665 2509 4788 qui

547 4731 697 4787 avoit
746 4737 863 4787 este
908 4731 1025 4785 dict
1067 4731 1139 4785 de
1172 4730 1485 4788 l’anthorite'
1529 4731 1629 4788 dea
1662 4732 1898 4789 concils·
1933 4736 1994 4786 et
2028 4733 2379 4789 emendation
2450 4733 2508 4788 'i-

753 4866 1521 5022 sshzsiicgerknomemsn
1567 4937 2510 5023 οῑὲαὲοάὲιαίιςναφιοὲηἰμίω

547 5080 679 5131 me
726 5006 1394 5132 woffo-¹3·
1438 5005 2063 5148 tw'waelzm·
2111 5006 2384 5133 οοὲυῦθθ
2417 5077 2506 5145 af·

546 5144 747 5213 fimat

756 5210 1328 5349 &fixam-eos.-
1396 5228 1573 5337 ἕπεο
1617 5280 2051 5365 inponi-8,-
2093 5282 2507 5355 tanguam

546 5351 760 5476 reum
792 5348 987 5472 magt
1002 5352 1156 5473 ¹‘letu-
1198 5359 1360 5434 conte
1395 5349 2029 5476 ξ’ὼῃὲνιοὲοιβῃμο
2060 5352 2183 5407 leur
2216 5368 2508 5477 cauzebisg

650 5428 839 5491 pomct
1102 5427 1370 5488 voc-tion,
1508 5437 1546 5490 q
1773 5430 2054 5476 minian-es
2096 5422 2313 5478 seroien

2607 5282 2729 5338 nior
2772 5283 2843 5336 de
2886 5282 3223 5353 Septembre.

2604 5350 2712 5407 262
2762 5351 3022 5423 Lau-qua
3051 5354 3088 5406 l.
3121 5366 3156 5407 e

2604 678 2890 765 mplius
2944 677 3191 757 adesse,
3255 696 3469 760 neque
3527 675 3738 742 voluit
3792 695 3931 742 rem
3990 675 4230 761 agitari
4287 673 4549 758 posthac

2600 766 2781 831 inter
2821 775 2959 830 tam
3003 763 3269 838 multos,
3313 760 3432 828 sed
3473 760 3764 846 quinque
3806 761 4183 845 designavit
4223 758 4550 844 colloquu-

2603 863 2782 918 tores
2841 871 2928 917 ex
2994 858 3183 934 parte
3246 847 3771 914 adversariorum
3791 896 3807 922 ,
3885 849 4173 932 quinque
4248 848 4405 911 item
4467 866 4551 911 ex

2603 948 2850 1003 nostra.
2915 935 3026 1001 Ex
3060 933 3457 1001 adversariis
3491 931 3783 1001 delectus
3814 941 3920 1000 est
3948 934 4294 1017 episcopm
4331 930 4553 998 Vola·-

2600 1024 2794 1099 u'nas,
2837 1022 3183 1107 episcopus
3230 1019 3551 1105 Scaea-sis,
3596 1020 3679 1084 D.
3716 1018 4089 1092 Bounomos,
4133 1019 4217 1084 D.
4258 1015 4554 1101 saliqua-

2603 1128 2733 1190 σιω,
2779 1109 2864 1174 D.
2899 1106 3282 1192 Depo-usius.
3363 1105 3757 1172 Nostrorum
3809 1126 3968 1172 vero
4023 1105 4187 1170 haec
4240 1109 4404 1170 sunt
4439 1123 4556 1169 no-

2603 1194 2817 1261 mina:
2885 1192 3084 1273 Besa,
3145 1192 3500 1272 Gallaeim,
3543 1190 3962 1270 Mat-loram,
4019 1190 4226 1290 Spina
4284 1204 4356 1256 et
4415 1209 4556 1274 ego.

2605 1278 2907 1346 Adhibiti
2960 1286 3119 1346 sunt
3159 1300 3245 1345 ex
3286 1287 3567 1428 utraque
3607 1286 3797 1362 parte
3839 1277 4103 1355 notarii,
4155 1273 4274 1341 sed
4315 1273 4560 1359 absque

2604 1365 2933 1432 iudicibus
2987 1372 3057 1431 et
3106 1363 3256 1431 aliis
3312 1364 3466 1431 testi
3509 1385 3590 1430 us
3641 1360 4089 1446 colloquimur,
4146 1361 4357 1428 amice
4399 1361 4562 1462 satis

2604 1462 2674 1518 et
2717 1449 2972 1536 placide
3005 1450 3317 1536 quoniam
3351 1449 3766 1516 adversarios
3801 1449 4120 1516 habemus
4161 1448 4324 1512 satis
4365 1454 4563 1513 mites

2604 1545 2673 1604 et
2725 1537 2838 1622 qui
2897 1556 3034 1602 non
3085 1536 3374 1602 multum
3417 1556 3458 1600 a
3512 1536 3707 1601 nobis
3760 1534 4179 1601 dissentiunt.
4255 1531 4405 1598 Iam
4459 1543 4564 1598 ter

2603 1643 2758 1691 cum
2796 1623 2934 1689 illis
2975 1623 3238 1700 fuimus,
3280 1631 3349 1687 et
3388 1622 3463 1687 in
3501 1641 3763 1687 summa
3794 1629 4056 1687 tantum
4088 1627 4310 1686 actum
4345 1627 4451 1684 est
4483 1617 4566 1683 de

2603 1708 2978 1794 praesentia
3017 1708 3309 1793 corporis
3349 1707 3421 1773 in
3464 1727 3683 1774 coena.

2776 1795 2837 1861 Ε
2957 1798 3043 1874 ¹⁰)
3108 1801 3332 1878 persto
3395 1794 3467 1859 in
3531 1792 3861 1860 sententia
3924 1801 4171 1857 nostra.
4251 1789 4568 1875 Collegae

2603 1881 2737 1947 mei
2773 1881 2841 1948 vi
2887 1888 3087 1947 entur
3129 1878 3378 1964 aliquid
3416 1880 3769 1945 remittere.
3841 1875 3979 1944 Sed
4012 1888 4238 1944 tamen
4272 1876 4572 1942 retinent

2605 1988 2848 2052 panem
2901 1977 2969 2033 et
3020 1967 3257 2034 vinum
3315 1985 3389 2031 re
3441 1966 3590 2050 ipsa
3641 1985 3780 2031 non
3821 1985 3965 2030 esse
4017 1982 4254 2046 corpus
4298 1972 4368 2029 et
4411 1982 4570 2028 san-

2604 2054 2872 2138 guinem
2917 2051 3173 2119 Christi
3225 2059 3293 2118 et
3349 2051 3835 2135 perceptionem
3887 2069 4113 2115 rerum
4162 2047 4570 2132 significata-

2605 2159 2756 2204 rum
2813 2138 3220 2223 spiritualem
3277 2158 3423 2205 esse
3476 2156 3553 2203 ac
3603 2158 3724 2220 per
3777 2135 3975 2202 fidem
4033 2133 4278 2201 haberi.
4353 2134 4575 2199 Voca-

2610 2224 2834 2292 bulum
2879 2235 3099 2290 autem
3141 2222 3550 2290 substantiae
3583 2232 3914 2308 coguntur
3946 2221 4344 2304 exprimere,
4394 2217 4578 2304 quod

2603 2309 2771 2376 illud
2814 2311 2886 2376 in
2929 2329 3051 2376 sno
3093 2309 3493 2376 catechismo
3536 2316 3606 2374 et
3646 2311 3716 2373 in
3759 2308 4164 2373 confessione
4206 2326 4410 2389 quam
4456 2305 4580 2371 ob-

2604 2396 2909 2463 tulerunt
2965 2395 3130 2482 Reqs·
3191 2406 3348 2463 ante
3419 2396 3781 2461 adventum
3858 2415 4085 2460 meum
4161 2393 4577 2475 usurparint.

2608 2481 2672 2548 N
2674 2503 2802 2549 nnc
2845 2503 3076 2549 snmus
3130 2481 3200 2547 in
3257 2482 3387 2547 ista
3429 2479 3900 2547 deliberatione
3943 2488 4013 2545 et
4052 2476 4223 2545 nihil
4265 2475 4584 2545 concludi

2608 2569 2841 2652 potuit.
2913 2566 3162 2634 Videor
3216 2588 3361 2634 esse
3414 2567 3625 2634 durus
3679 2567 3776 2632 ita
3825 2579 3900 2631 ut
3953 2565 4178 2633 dicant
4234 2564 4451 2647 aliqui
4494 2583 4583 2630 ex

2608 2653 2735 2720 coll
2818 2653 3178 2730 uutoribus,
3215 2675 3335 2738 per
3367 2673 3475 2719 me
3517 2660 3696 2718 stare
3728 2652 4080 2735 quominus
4112 2651 4580 2728 conveniatur,

2607 2761 2731 2807 nec
2814 2739 2995 2806 ubito
3038 2738 3212 2807 hanc
3252 2760 3520 2807 causam
3562 2758 3671 2804 me
3712 2735 3986 2804 reddere
4027 2737 4251 2802 minus
4299 2745 4585 2820 gratum

2609 2824 2891 2909 Reyinae
2953 2826 3152 2891 matri
3212 2835 3282 2891 et
3343 2825 3622 2893 caeteris
3679 2823 4078 2909 proceribus,
4144 2824 4259 2907 qui
4320 2820 4589 2887 vellent

2607 2911 2913 2977 omnibus
2966 2909 3181 2978 modis
3227 2930 3621 2978 consensum
3680 2911 3812 2976 cito
3868 2911 4044 2976 inter
4085 2929 4209 2976 nos
4249 2909 4586 2978 obtinere.

2606 2996 2780 3063 Nam
2841 3016 2970 3081 qno
3027 2996 3370 3082 religionis
3425 2997 3806 3081 compositio
3849 2998 4060 3082 magis
4102 2995 4440 3077 differtur,
4504 3018 4588 3065 eo

2605 3084 2820 3168 magis
2883 3084 3108 3168 populi
3177 3081 3533 3149 seditiones
3597 3093 3921 3149 metuunt.
4030 3083 4255 3164 Quum
4327 3084 4590 3169 aliquid

2605 3170 2769 3235 certi
2814 3179 2932 3235 ant
2985 3169 3324 3236 constituti
3383 3168 3788 3245 habebimus,
3833 3189 3966 3235 non
4009 3171 4226 3254 patiar
4269 3182 4343 3235 te
4389 3172 4590 3255 igno-

2605 3275 2776 3321 rare.
2849 3255 3037 3329 Vale,
3082 3254 3445 3321 clarissime
3487 3256 3597 3320 vir
3636 3264 3707 3321 et
3746 3255 3955 3320 frater
3995 3256 4066 3320 in
4104 3254 4385 3323 Christo
4431 3257 4592 3341 plu-

2603 3343 2848 3406 rimum
2891 3338 3319 3406 observande.
3391 3341 3554 3407 'Puis
3605 3339 3910 3424 precibus
3953 3362 4073 3407 nos
4113 3344 4379 3408 iuvato.
4456 3342 4593 3410 Sa-

2603 3426 2778 3493 lutes
2820 3426 3202 3492 nniversam
3243 3425 3563 3492 familiam
3605 3441 3786 3492 tuam
3825 3438 3896 3492 et
3929 3447 4158 3494 omnes
4192 3430 4596 3497 carissimos

2604 3515 2675 3577 in
2720 3512 2991 3579 Ohristo
3033 3521 3452 3598 symmystas.
3519 3513 3616 3579 '1⁸0
3658 3533 3886 3579 omnes
3928 3514 4059 3579 mei
4116 3514 4423 3600 collegae
4480 3537 4593 3582 sa·

2605 3597 2842 3675 lutant,
2886 3617 3099 3681 neque
3141 3616 3276 3663 non
3315 3598 3535 3665 Iulius
3570 3609 3638 3665 et
3676 3597 3989 3665 Stuckias.
4064 3599 4170 3665 Ad
4213 3603 4595 3686 magistra-

2605 3838 2749 3892 aiaes
2781 3838 2852 3892 de
2885 3836 3023 3895 faire
3054 3852 3118 3891 oe
3153 3854 3261 3907 que
3293 3836 3400 3893 l’on
3420 3837 3592 3892 diroit
3697 3855 3868 3892 urveu
3941 3839 4067 3894 u’on
4085 3848 4350 3895 tronvast
4387 3859 4602 3914 moyen

2605 3906 2678 3961 de
2711 3924 2780 3961 ne
2817 3907 2899 3960 les
2934 3905 3203 3976 degrader
3235 3906 3309 3960 dn
3345 3912 3484 3973 tout,
3519 3904 3563 3959 ι’
3635 3906 3879 3961 viserent
3950 3924 3980 3962 c
4015 3908 4189 3963 bastir
4231 3909 4293 3963 la
4331 3913 4604 3981 proposi·

2607 3976 2726 4029 tion
2760 3975 3011 4029 suivante
3054 3990 3196 4044 pour
3238 3974 3295 4028 la
3327 3976 3449 4029 leur
3482 3974 3616 4029 faire
3655 3975 3867 4047 signer:
3945 3975 4233 4031 avains·
4267 3984 4326 4034 et
4363 3980 4607 4045 ωηῆιο-

2607 4059 2734 4098 οων
2767 4046 2827 4096 in
2863 4043 3257 4109 munimine
3289 4043 3653 4099 “chame
3695 4051 4042 4100 mamm
4073 4060 4190 4100 usn
4222 4050 4284 4101 et
4317 4051 4609 4107 exemere

2607 4111 4610 4184 mmcomummullariaoirgineaedaemtbas

2606 4180 2968 4248 smerdem,
3014 4194 3200 4237 eorum
3245 4197 3342 4237 ore
3382 4188 3754 4238 comatum
3799 4184 4044 4239 ubba-⁸·
4085 4189 4139 4240 d
4172 4188 4334 4240 suni
4367 4204 4412 4242 ο
4448 4202 4607 4245 con·

2608 4248 3034 4307 manicantibus.
3103 4249 3186 4304 La
3217 4249 3394 4305 Boine
3427 4266 3577 4305 mere
3610 4251 3858 4307 advertis
3899 4253 3968 4307 ds
4014 4253 4127 4307 ceci
4161 4268 4271 4322 par
4309 4271 4462 4313 ceux
4500 4261 4607 4330 qui

2609 4319 2972 4391 prevoyoisnt
3007 4334 3114 4388 φο
3148 4334 3212 4372 ce
3245 4318 3463 4373 chemin
3496 4319 3707 4374 tendoit
3741 4318 3776 4373 ὁ
3808 4322 4049 4393 empirer
4081 4322 4162 4376 les
4183 4324 4492 4395 mutieres,
4528 4345 4606 4384 en

2609 4388 2763 4459 print
2808 4404 2882 4440 nn
2926 4392 3084 4441 autre
3127 4404 3234 4442 non
3271 4388 3558 4443 toutessoia
3603 4389 3679 4442 du
3712 4394 3840 4444 tout
3870 4390 4133 4460 eslongnd
4166 4390 4240 4446 de
4277 4395 4446 4450 eealn

2610 4456 2995 4538 commendant
3028 4460 3076 4537 a·
3095 4455 3385 4526 l'Bvesque
3417 4458 3489 4511 de
3518 4457 3757 4538 {donce
3791 4463 3852 4541 et
3875 4459 3918 4541 ,ὁ
3944 4460 4227 4553 Βοοροιιοο,
4267 4414 4610 4526 (done-030⁹

2608 4524 3408 4662 aggerzzttrgmdeglxmfg)
3421 4526 4610 4666 fflffldssmoessssessssnssgss

2611 4663 2754 4717 Bene
2789 4661 3413 4745 etdesGalu-dspour
3446 4680 3666 4736 esaye:-
3699 4664 3768 4719 de
3804 4665 3938 4720 faire
3972 4674 4270 4721 nnecotte
4309 4672 4437 4727 mal
4474 4674 4612 4730 tail-

2608 4732 2694 4786 lee
2729 4731 2799 4786 de
2833 4747 2925 4786 ces
2958 4731 3215 4786 differens
3250 4748 3298 4785 οι
3333 4733 3468 4788 taire
3511 4750 3571 4787 se
3604 4734 3837 4803 pouvoit
3874 4751 3946 4788 ou
3980 4750 4120 4804 pour
4153 4750 4227 4789 au
4265 4741 4469 4796 moins
4507 4759 4613 4799 en·

2607 4800 2843 4856 tretenir
2875 4801 3195 4856 lesaffaires
3227 4802 3451 4871 iusque·
3485 4802 3521 4857 ὁ
3551 4818 3615 4857 cs
3649 4802 3844 4872 qu’elle
3878 4820 3940 4857 se
3973 4806 4086 4858 {nst
4117 4808 4311 4862 servis
4348 4810 4462 4865 dea
4497 4829 4616 4869 una

2608 4875 2669 4925 et
2708 4871 2806 4924 des
2849 4878 3036 4925 autres
3080 4886 3222 4940 pour
3267 4871 3489 4925 obtenir
3529 4872 3582 4926 le
3615 4871 3839 4926 subside
3883 4889 3986 4945 par
4030 4873 4137 4928 elle
4171 4880 4497 4944 pretendn.
4537 4910 4614 4923 -

2607 4938 2702 4995 La
2739 4936 2907 4997 Hace
2939 4936 3070 4993 1992
3141 4940 3224 4994 Ias
3255 4940 3498 5032 maniere
3530 4939 3602 4994 de
3643 4940 3894 5023 conferer
3925 4941 4011 4996 fut
4042 4943 4153 4997 lor·

2607 5016 2928 5131 {gan-6330
2951 5006 3552 5145 (guallgnmffgn‘tlluc)
3598 5085 3657 5132 et
3741 5016 3937 5134 ουὲωοοο
3977 5080 4079 5149 (du
4092 5026 4272 5149 ⁰3⁸1),
4351 5053 4368 5079 ⁹
4406 5034 4618 5100 ι’·ωπ

2605 5146 3015 5269 ngnffimt
3029 5145 3932 5339 mffgpissdoenf'effmmg'n't
3960 5149 4033 5273 ξιξ
4068 5148 4338 5301 mue
4377 5224 4438 5277 le
4476 5225 4617 5283 der·

3341 5299 3485 5354 cup.
3534 5283 3736 5341 ΒΜ.
3788 5283 4360 5355 &dus-,Schmin
4413 5292 4612 5350 Vera.

2711 5390 3711 5491 'lemn-miamin&
