4900 6125
626 436 743 495 671
2094 427 2477 497 INDICES
2517 425 3211 498 EPISTOLARUM.
4549 434 4662 497 672

625 620 735 686 ΒΘ
778 618 989 684 literis
1027 639 1159 682 non
1205 616 1584 683 dubitabam
1636 621 1819 682 1790.

624 707 733 771 ΒΘ
775 703 1373 770 Matisconensibus
1416 725 1564 770 sum
1610 703 1922 787 loquutus
1965 707 2151 768 2469.

625 790 732 856 ΒΘ
773 813 882 857 me
926 789 1098 873 quod
1143 788 1423 855 scribam
1471 793 1655 852 3024.

624 878 729 943 ΒΘ
771 897 921 942 mea
963 876 1362 958 profectione
1409 878 1595 939 2453.

625 965 731 1029 ΒΘ
773 961 1145 1028 Morellano
1187 961 1433 1044 optimo
1476 962 1680 1026 fratre
1726 964 1915 1026 2427.

624 1050 730 1115 ΒΘ
774 1057 984 1113 morte
1028 1048 1254 1114 uxoris
1298 1066 1482 1112 meae
1534 1053 1715 1112 1171.

625 1136 732 1201 ΒΘ
776 1143 955 1199 motu
1002 1133 1117 1198 illo
1161 1133 1334 1198 idem
1383 1138 1527 1198 427.

624 1222 731 1286 ΒΘ
776 1220 1040 1303 negotio
1086 1218 1306 1285 Caroli
1351 1222 1496 1283 210.

623 1307 731 1372 ΒΘ
774 1306 1037 1390 negotio
1079 1305 1311 1371 Roseti
1359 1308 1500 1368 603.

624 1392 731 1457 ΒΘ
774 1391 1019 1457 nostris
1062 1391 1273 1456 turbis
1321 1392 1509 1454 2218.

624 1477 732 1543 ΒΘ
775 1485 971 1560 partu
1013 1478 1284 1560 reginae
1331 1478 1517 1541 2264.

620 1565 729 1630 ΒΘ
773 1564 1053 1646 pecunia
1094 1563 1213 1628 tibi
1257 1562 1652 1646 respondere
1682 1567 1860 1628 1069.

622 1651 729 1716 ΒΘ
773 1649 1090 1715 Piocheto
1136 1656 1361 1713 nostro
1409 1653 1551 1712 794.

623 1737 730 1802 ΒΘ
772 1736 989 1819 prima
1031 1735 1411 1816 quaestione
1455 1738 1639 1797 4255.

623 1822 732 1888 ΒΘ
775 1821 1196 1905 profectionis
1241 1841 1424 1885 meae
1469 1840 1773 1885 successu
1820 1821 2007 1887 2548.

625 1907 731 1972 ΒΘ
776 1905 994 1989 puella
1037 1907 1224 1972 cuius
1268 1906 1534 1989 nuptias
1581 1910 1724 1967 997.

625 1992 732 2057 ΒΘ
776 1991 1054 2074 quodam
1093 2001 1548 2057 sacrosanctae
1576 1994 1764 2060 2456.

624 2078 732 2144 ΒΘ
770 2079 965 2143 rebus
1011 2077 1288 2143 Gallicis
1331 2077 1413 2142 ad
1458 2086 1523 2142 te
1567 2076 1852 2143 scribere
1899 2079 2085 2142 3822.

623 2165 730 2230 ΒΘ
773 2164 968 2229 rebus
1014 2162 1436 2228 Genevatum
1485 2166 1630 2226 969.

621 2251 729 2316 ΒΘ
772 2248 966 2315 rebus
1010 2249 1254 2315 nostris
1297 2249 1526 2314 audies
1573 2250 1716 2312 412.

622 2337 730 2403 ΒΘ
774 2337 973 2401 rebus
1017 2336 1262 2400 nostris
1306 2344 1373 2400 et
1396 2334 1672 2399 Gallicis
1715 2335 1860 2396 640.

623 2423 730 2488 ΒΘ
772 2420 969 2487 rebus
1013 2423 1256 2487 nostris
1300 2430 1370 2485 et
1411 2419 1778 2486 Helveticis
1828 2422 2014 2482 3593.

622 2509 728 2574 ΒΘ
774 2505 971 2572 rebus
1013 2507 1257 2572 nostris
1303 2505 1702 2571 monendum
1750 2507 1937 2569 3062.

622 2593 731 2659 ΒΘ
776 2593 973 2657 rebus
1021 2593 1261 2658 nostris
1306 2593 1423 2656 vix
1469 2592 1679 2656 habeo
1734 2594 1916 2654 1107.

622 2680 728 2745 Dc
774 2676 967 2743 rebus
1013 2680 1255 2742 nostris
1302 2676 1603 2742 volebam
1660 2680 1842 2740 1787.

620 2764 729 2830 ΒΘ
774 2764 1050 2828 Roberti
1095 2761 1419 2846 Stephani
1466 2766 1653 2826 4259.

621 2852 728 2918 ΒΘ
772 2851 1017 2930 scripto
1063 2857 1287 2915 nostro
1332 2869 1487 2932 ages
1541 2853 1721 2910 1163.

620 2937 730 3003 ΒΘ
773 2935 989 3019 sigillo
1035 2936 1126 2998 ita
1170 2955 1274 3001 res
1322 2934 1519 2999 babet
1565 2938 1744 2998 1329.

621 3023 730 3090 ΒΘ
773 3041 991 3088 sorore
1034 3029 1150 3086 tua
1193 3022 1373 3105 prius
1421 3023 1606 3086 2429.

620 3110 729 3176 ΒΘ
773 3127 1075 3174 successu
1117 3128 1302 3172 meae
1347 3107 1697 3191 legationis
1749 3110 1908 3169 1307
1919 3157 1932 3170 .

623 3196 731 3261 ΒΘ
774 3204 839 3259 te
883 3202 1153 3277 questus
1195 3216 1341 3259 sum
1404 3197 1584 3257 1506.

623 3282 731 3347 ΒΘ
775 3280 911 3345 tuis
955 3278 1228 3362 dialogis
1268 3282 1448 3340 1294.

624 3367 731 3432 ΒΘ
775 3366 1097 3449 Vergerio
1144 3376 1368 3430 nostro
1415 3365 1603 3428 2374.

624 3453 731 3518 ΒΘ
774 3451 1016 3515 vestris
1060 3449 1343 3516 dissidiis
1383 3453 1568 3512 3941.

624 3538 731 3603 ΒΘ
780 3536 1005 3601 Vinali
1048 3557 1244 3618 quem
1288 3536 1407 3601 tibi
1454 3541 1640 3598 4151.

626 3623 1005 3689 Debueram
1050 3621 1134 3686 ad
1178 3631 1331 3687 tuas
1374 3623 1504 3686 iam
1558 3625 1741 3686 1178.

627 3708 1006 3774 Debueram
1052 3728 1174 3791 ego
1217 3709 1347 3772 iam
1394 3706 1648 3791 pridem
1679 3710 1864 3772 2449.

628 3793 941 3861 Debuisti
984 3793 1353 3878 Bullingeri
1395 3793 1606 3859 literis
1656 3796 1841 3859 1229.

629 3881 904 3946 Decimo
948 3880 1227 3962 septimo
1272 3881 1557 3964 Augusti
1607 3884 1794 3943 3121.

624 3966 1007 4033 Declaratio
1050 3967 1147 4030 tui
1192 3987 1349 4049 ergo
1394 3985 1502 4030 me
1548 3967 1734 4028 2276.

623 4053 1071 4119 Deci-everam
1116 4050 1313 4117 istinc
1359 4049 1699 4116 discedens
1746 4053 1934 4113 3265.

624 4136 925 4202 Dederat
966 4138 1033 4201 in
1080 4137 1408 4202 mandatis
1462 4139 1640 4197 1213.

624 4222 799 4289 Dedi
845 4223 999 4288 huic
1042 4222 1381 4288 tabellario
1438 4227 1613 4284 1051.

627 4308 831 4373 Dedit
872 4309 1039 4373 mihi
1086 4318 1232 4373 tuas
1277 4308 1359 4374 ad
1406 4307 1783 4373 Palatinum
1834 4313 2021 4375 3245.

626 4394 976 4460 Deferbuit
1012 4415 1240 4459 rumor
1262 4397 1448 4458 3262.

628 4480 756 4545 Dei
802 4481 1087 4565 benigno
1130 4480 1356 4546 favore
1403 4484 1588 4543 3602.

628 4565 761 4630 Dei
803 4568 871 4630 in
908 4587 1024 4631 nos
1070 4566 1383 4631 beneficia
1428 4568 1613 4630 2879.

627 4651 1039 4717 Deliberanti
1084 4651 1244 4717 mihi
1289 4653 1417 4716 iam
1466 4651 1579 4716 diu
1627 4654 1813 4716 3352.

626 4735 870 4803 Denuo
913 4735 1032 4802 tibi
1076 4737 1389 4803 molestus
1440 4740 1615 4799 1052.

627 4822 974 4888 Deotheus
1018 4823 1136 4888 tibi
1183 4824 1475 4888 narrabit
1521 4829 1659 4888 713.

628 4908 1240 4975 Desideratissimas
1284 4919 1434 4975 tuas
1481 4913 1665 4973 3808.

628 4994 951 5061 Desidero
996 4994 1352 5077 plurimum
1408 5000 1589 5061 1373.

628 5080 911 5146 Detinui
955 5081 1177 5146 literas
1224 5084 1412 5146 2179.

629 5164 853 5231 Deum
897 5178 1051 5231 ante
1094 5176 1385 5231 creatum
1431 5167 1712 5248 primum
1762 5169 1945 5230 1907.

630 5251 818 5317 Deus
861 5251 1025 5316 mihi
1070 5254 1256 5318 testis
1300 5261 1400 5317 est
1446 5257 1631 5316 4054.

630 5334 819 5402 Deus
862 5348 1085 5403 noster
1127 5340 1239 5421 qui
1285 5358 1564 5423 magnus
1613 5342 1799 5404 3589.

2699 617 2885 682 Deus
2928 618 3118 682 novit
3160 618 3274 701 qui
3309 618 3723 705 singularum
3755 624 3936 684 1341.

2697 701 2829 769 Dic
2874 703 3066 768 modo
3111 704 3390 770 verbum
3438 710 3580 769 811.

2699 789 2984 855 Dicebat
3025 789 3181 855 olim
3226 792 3557 875 satyricus
3606 796 3791 855 1381.

2699 872 2853 941 Dici
2897 896 3028 939 non
3074 883 3292 958 potest
3333 887 3616 959 quantas
3643 881 3829 941 3356.

2698 959 2848 1027 Dici
2895 980 3030 1025 non
3074 970 3291 1045 potest
3334 971 3741 1046 quantopere
3789 965 3977 1027 4251.

2698 1047 2850 1112 Dici
2893 1047 3157 1129 quidem
3198 1059 3376 1130 certe
3419 1070 3550 1114 non
3599 1057 3815 1134 potest
3860 1051 4048 1114 2732.

2698 1130 2970 1198 Dictare
3016 1133 3177 1199 haee
3220 1134 3520 1200 celeriter
3566 1139 3751 1198 3974.

2697 1219 2962 1284 Dictavi
3008 1219 3152 1284 heri
3196 1240 3389 1285 mane
3436 1223 3621 1283 2771.

2699 1304 2920 1370 Didici
2963 1325 3002 1368 a
3045 1306 3129 1370 N.
3179 1314 3403 1372 nostro
3457 1310 3638 1370 1402.

2699 1390 2828 1455 Die
2873 1389 3257 1457 duodecima
3298 1393 3529 1457 Martii
3581 1396 3761 1456 1721.

2698 1475 2827 1540 ΒίΘ
2873 1476 3189 1542 vicesima
3232 1477 3520 1543 secunda
3568 1483 3752 1543 3755.

2698 1561 2950 1627 Diebus
2994 1565 3369 1645 praeteritis
3413 1562 3687 1629 adobrui
3737 1566 3924 1628 2634.

2698 1646 2950 1713 Diebus
2994 1650 3294 1730 proxime
3338 1650 3539 1733 lapsis
3585 1653 3773 1713 3052.

2699 1731 2955 1798 Diebus
2996 1735 3312 1816 proximis
3348 1735 3646 1802 Bucerus
3692 1739 3836 1801 688.

2697 1819 2896 1884 Diem
2933 1820 3206 1884 Domini
3252 1820 3431 1885 haud
3475 1821 3700 1904 procul
3751 1823 3936 1886 3826.

2697 1905 2894 1968 Diem
2939 1926 3077 1969 non
3121 1906 3441 1990 adscripsi
3491 1911 3674 1969 1360.

2697 1988 2860 2054 Dies
2901 2012 3078 2057 nunc
3123 1992 3432 2057 abierunt
3478 1995 3664 2055 3231.

2696 2075 3099 2159 Diligentior
3141 2078 3407 2143 fuissem
3454 2083 3641 2142 3154.

2697 2162 2990 2228 Discessi
3034 2162 3309 2228 Lutetia
3354 2168 3543 2228 3625.

2698 2247 3095 2313 Distulimns
3139 2248 3459 2315 hactenus
3508 2254 3691 2313 1188.

2697 2332 2834 2397 Diu
2881 2355 3002 2417 ego
3047 2334 3215 2399 nihil
3256 2334 3339 2399 ad
3384 2345 3451 2400 te
3497 2341 3638 2400 943.

2698 2418 2837 2482 Diu
2884 2430 2986 2484 est
3030 2441 3234 2504 quum
3281 2420 3362 2486 ad
3410 2431 3475 2487 te
3522 2426 3710 2486 2614.

2698 2505 2834 2568 Diu
2878 2514 2948 2569 et
2990 2506 3316 2571 obstinate
3360 2508 3534 2572 tacui
3585 2511 3770 2573 3723.

2698 2591 2835 2654 Diu
2878 2592 3008 2655 iam
3054 2592 3429 2673 exspectavi
3483 2595 3662 2655 1320.

2698 2676 2834 2740 Diu
2880 2677 3008 2740 iam
3058 2677 3227 2742 nihil
3271 2687 3423 2743 tuae
3477 2683 3658 2743 1646.

2697 2760 2834 2826 Diu
2879 2783 3133 2828 mecum
3180 2763 3537 2829 deliberavi
3589 2769 3773 2828 3735.

2696 2845 2834 2912 Diu
2879 2849 3096 2914 nullas
3140 2869 3179 2912 a
3223 2859 3338 2915 tua
3388 2855 3573 2916 3865.

2697 2931 2834 2998 Diu
2879 2932 3098 3000 nullas
3144 2955 3185 2999 a
3227 2945 3292 3000 te
3336 2935 3559 3002 literas
3607 2941 3790 3001 2503.

2696 3017 2833 3084 Diu
2877 3019 3143 3103 quidem
3189 3022 3595 3088 excruciavit
3640 3027 3828 3087 3888.

2695 3105 2833 3170 Diu
2877 3126 3035 3171 sane
3079 3108 3406 3173 intermisi
3459 3115 3639 3173 1437.

2698 3192 3021 3257 Diuturni
3063 3193 3307 3259 silentii
3334 3198 3520 3259 4092.

2696 3275 3035 3344 Diuturno
3078 3300 3227 3345 meo
3271 3279 3531 3346 silentio
3579 3284 3765 3345 3196.

2698 3363 3042 3429 Divinitus
3085 3366 3330 3431 factum
3375 3366 3591 3432 filei-at
3635 3370 3822 3432 2720.

2697 3448 3036 3517 Divinitus
3079 3451 3296 3516 oblata
3337 3452 3466 3516 fuit
3511 3455 3696 3514 2740.

2697 3535 2914 3600 Divus
2947 3538 3191 3601 Petrus
3236 3557 3355 3603 nos
3395 3537 3706 3603 admonet
3751 3542 3936 3601 2925.

2698 3622 2949 3688 Doctor
2991 3622 3404 3688 ecclesiastes
3453 3626 3639 3684 2134.

2697 3705 3019 3773 Dolemue
3063 3730 3146 3773 ex
3191 3709 3410 3774 animo
3454 3710 3725 3775 scissam
3774 3715 3916 3773 375.

2697 3793 3015 3860 Dolemue
3057 3795 3295 3859 iterum
3341 3816 3424 3859 ex
3468 3796 3689 3859 animo
3742 3800 3922 3861 1877.

2697 3879 3021 3944 Dolenter
3064 3880 3200 3945 fero
3245 3879 3419 3963 quod
3466 3885 3653 3944 3939.

2697 3965 2906 4031 Doleo
2949 3966 3197 4030 factum
3244 3986 3387 4030 esse
3431 3968 3617 4029 2907.

2697 4050 2908 4115 Doleo
2953 4064 3211 4115 tantum
3257 4071 3399 4115 esse
3445 4051 3641 4117 huius
3688 4056 3830 4118 751.

2696 4134 2896 4203 Dolet
2939 4138 3101 4200 mihi
3148 4136 3502 4218 plurimum
3528 4136 3697 4219 quod
3719 4159 3852 4203 non
3875 4138 4070 4204 citius
4096 4144 4240 4201 474.

2697 4222 2899 4288 Dolet
2941 4221 3104 4287 mihi
3129 4223 3488 4304 plurimum
3510 4223 3682 4306 quod
3709 4245 3840 4288 non
3865 4225 4025 4290 satis
4050 4229 4236 4288 4173.

2695 4307 2896 4373 Dolet
2940 4308 3126 4373 nobis
3170 4307 3508 4374 ecclesiam
3556 4320 3840 4374 vestram
3893 4313 4074 4374 1729.

2695 4392 2894 4459 Dolet
2940 4415 3058 4459 nos
3101 4392 3297 4459 valde
3338 4394 3678 4460 ecclesiam
3730 4399 3911 4459 1554.

2697 4478 3046 4545 Doluimus
3090 4479 3517 4545 vehementer
3570 4485 3748 4543 1937.

2695 4564 3058 4630 Dominum
3105 4564 3591 4630 Bernardinum
3637 4570 3781 4630 689.

2695 4652 3026 4717 Dominus
3069 4650 3411 4717 benedicat
3453 4652 3763 4718 ecclesiae
3805 4660 4068 4719 nostrae
4118 4657 4292 4715 1944.

2701 4738 3022 4803 Dominus
3067 4736 3433 4802 Blaurerus
3479 4738 3642 4803 duos
3687 4737 3944 4804 libellos
3996 4742 4171 4804 1621.

2696 4824 3024 4888 Dominus
3069 4822 3255 4889 Deus
3297 4832 3517 4888 noster
3560 4837 3910 4908 componat
3955 4827 4138 4889 3247.

2697 4910 3022 4974 Dominus
3065 4910 3256 4975 Iesus
3301 4908 3641 4975 benedicat
3686 4913 3872 4977 4065.
3922 4914 4108 4975 4066.

2694 4993 3025 5060 Dominus
3067 4996 3257 5060 Iesus
3301 4995 3510 5061 bonus
3554 5008 3779 5078 pastor
3833 5001 4014 5061 1135.

2696 5079 3027 5146 Dominus
3069 5080 3258 5146 Iesus
3301 5080 3612 5148 Christus
3656 5102 3776 5147 rex
3826 5088 4011 5147 3539.

2695 5164 3028 5233 Dominus
3073 5167 3267 5232 Iesus
3308 5167 3414 5233 cui
3464 5166 3594 5232 Dei
3640 5168 3852 5251 patris
3904 5173 4088 5233 1191.

2695 5252 3027 5319 Dominus
3068 5252 3257 5318 Iesus
3301 5253 3541 5317 efficiat
3595 5258 3775 5317 1963.

2695 5339 3026 5405 Dominus
3068 5340 3259 5405 Iesus
3295 5338 3490 5423 plene
3534 5338 3706 5405 adsit
3760 5344 3936 5405 1945.

4153 5706 4839 6077 Α]
