4900 6125
642 414 764 478 391

973 601 1036 664 A
1074 598 1551 684 Monseigneur
1593 598 1845 664 Monsr.
1893 595 2288 681 d’espeville.

817 769 962 835 Iam
1009 769 1238 836 literas
1284 770 1366 835 ad
1402 779 1469 835 te
1504 770 1916 853 scripseram,
1960 769 2068 836 vir
2101 768 2366 852 optime,
2412 789 2615 852 quum

643 864 871 922 noster
914 856 1288 922 Britannus
1346 865 1498 922 tuas
1555 855 1724 921 mihi
1780 853 2097 935 reddidit,
2166 854 2402 938 quibus
2447 855 2617 919 nihil

638 941 932 1026 optatius
989 951 1106 1008 aut
1163 941 1516 1008 iucundius
1572 941 1817 1006 adferri
1873 941 2104 1025 potuit,
2185 941 2268 1006 ob
2326 962 2406 1006 ea
2449 961 2617 1024 quae

636 1049 758 1112 pro
803 1036 916 1093 tua
960 1028 1380 1093 humanitate
1422 1036 1493 1095 et
1537 1028 1858 1112 singulari
1893 1027 1967 1092 in
2008 1047 2116 1091 me
2149 1026 2616 1093 benevolentia

637 1114 888 1180 scribis.
977 1113 1205 1180 Unum
1264 1112 1430 1179 mihi
1489 1113 1842 1179 molestum
1894 1112 2019 1178 fuit
2079 1112 2252 1196 quod
2295 1112 2463 1177 mihi
2509 1132 2615 1177 ca·

629 1200 934 1266 tissimus
989 1200 1192 1264 frater
1249 1208 1386 1265 tam
1431 1201 1849 1282 importunus
1892 1199 2094 1264 fuerit
2135 1206 2212 1262 ιιι
2254 1218 2293 1262 a
2339 1206 2403 1263 te
2446 1219 2603 1264 cum

630 1284 859 1351 morbo
904 1286 1318 1351 conflictante
1363 1293 1430 1351 et
1474 1284 1795 1351 stomachi
1830 1282 2152 1350 cruditate
2188 1284 2422 1349 affecto
2459 1283 2606 1349 lite-

629 1392 743 1438 ras
788 1371 872 1437 ad
914 1392 1022 1437 me
1067 1393 1202 1436 non
1247 1372 1335 1437 sit
1380 1371 1629 1436 veritus
1664 1377 1994 1469 expetere.
2068 1370 2164 1434 'I'e
2200 1370 2298 1435 ais
2333 1389 2606 1453 exspec-

633 1464 778 1522 tare
824 1456 980 1522 dum
1027 1457 1146 1522 tibi
1191 1458 1556 1541 significem
1601 1478 1707 1522 me
1751 1457 1884 1521 iam
1930 1455 2167 1521 Italiae
2209 1454 2424 1521 taedio
2464 1476 2613 1538 cap·

640 1549 785 1608 tum
852 1541 1142 1626 quotidie
1207 1543 1638 1627 ingemiscere
1703 1541 1875 1626 quod
1943 1540 2054 1607 hic
2115 1561 2304 1606 mora
2355 1541 2617 1626 longior

635 1627 801 1694 mihi
846 1630 936 1694 sit
979 1628 1321 1694 trahenda.
1408 1627 1623 1710 Quam
1669 1626 2036 1711 prudenter
2077 1626 2242 1694 haec
2290 1627 2616 1727 cogitaris

635 1716 869 1780 testari
903 1733 1201 1799 possum:
1251 1724 1317 1780 et
1353 1736 1510 1780 vero
1545 1712 1926 1779 iamdudum
1960 1712 2043 1778 ad
2080 1721 2146 1779 te
2180 1713 2609 1796 scripsissem,

633 1800 763 1867 nisi
808 1821 916 1866 me
961 1801 1156 1866 sortis
1191 1820 1376 1865 meae
1410 1799 1774 1883 puduisset,
1823 1807 2022 1881 atque
2056 1807 2234 1865 certo
2273 1798 2613 1865 scivissem

627 1885 709 1952 de
753 1887 957 1951 fratre
1001 1907 1147 1951 meo
1191 1894 1258 1951 te
1305 1907 1445 1950 rem
1490 1895 1693 1950 totam
1737 1885 2253 1952 intellecturum.
2325 1884 2601 1966 Quoties

634 1980 704 2037 et
772 1972 1013 2055 quibus
1080 1972 1382 2055 suspiriis
1448 1972 1580 2035 iam
1650 1970 1730 2035 de
1795 1971 2016 2036 reditu
2080 1990 2226 2035 meo
2270 1971 2616 2054 cogitarim

633 2058 965 2123 Dominus
1019 2058 1222 2123 novit.
1310 2057 1443 2123 Hic
1487 2056 1662 2139 quod
1724 2079 1829 2123 res
1884 2067 1985 2122 est
2038 2057 2362 2139 copiosius
2405 2056 2617 2139 expli-

633 2164 788 2211 care
848 2143 1014 2208 mibi
1077 2165 1209 2208 non
1268 2142 1424 2209 licet
1485 2150 1749 2226 propter
1791 2141 1989 2208 huius
2032 2142 2436 2208 internuncii
2483 2142 2615 2208 dis-

636 2248 892 2296 cessum
958 2230 1379 2313 repentinum
1450 2238 1517 2293 et
1583 2235 1846 2311 praeter
1909 2249 2124 2293 meam
2183 2229 2617 2311 exspectatio·

639 2336 791 2380 nem
839 2325 1163 2398 paratum.
1255 2314 1382 2379 l‘lle
1421 2314 1501 2379 de
1545 2315 1735 2380 nobis
1778 2322 1847 2379 et
1889 2315 2084 2380 rebus
2128 2313 2380 2380 Italicis
2424 2313 2619 2398 plura

638 2401 937 2467 narrabit
980 2419 1177 2484 quam
1235 2401 1481 2484 possim
1537 2400 1634 2464 ita
1677 2401 1969 2466 breviter
2034 2400 2338 2466 scribere.
2428 2400 2613 2465 Alias

636 2487 833 2572 longe
877 2487 1100 2570 plura:
1149 2487 1414 2552 interim
1460 2507 1567 2551 me
1613 2506 1885 2551 excuses
1929 2487 2126 2551 etiam
2172 2494 2368 2569 atque
2413 2486 2613 2550 etiam

637 2594 818 2657 rogo.
908 2572 1288 2637 Ferrariam
1335 2572 1628 2637 nondum
1674 2571 1991 2650 vidimus,
2038 2592 2160 2637 nec
2203 2571 2470 2655 quando
2515 2572 2613 2636 vi·

638 2660 776 2724 suri
824 2659 1032 2724 simus
1078 2658 1294 2724 adhuc
1337 2659 1526 2724 nobis
1569 2667 1846 2724 constat.
1937 2658 2117 2722 Tuas
2161 2657 2387 2723 literas
2431 2677 2613 2722 acce-

636 2745 738 2828 pit
785 2744 1135 2824 Ramboul„
1183 2744 1439 2828 quibus,
1486 2751 1566 2809 ιιι
1606 2743 1773 2808 mihi
1832 2744 2022 2822 dixit,
2070 2742 2514 2827 respondisset
2558 2745 2613 2809 si

637 2851 756 2931 per
824 2831 1115 2896 dolorem
1182 2851 1421 2895 manus
1488 2829 1831 2908 dexterae,
1897 2850 2096 2912 quem
2138 2850 2434 2895 mensem
2480 2830 2613 2893 iam

636 2918 979 3000 integrum
1023 2917 1317 2999 pertulit,
1363 2916 1491 2999 ipsi
1536 2916 1848 2982 licuisset.
1921 2915 2155 2999 Itaque
2199 2936 2307 2980 me
2351 2916 2615 2999 rogavit

637 3012 715 3068 ut
761 3003 881 3069 tibi
927 3000 1240 3083 scribam,
1306 3022 1379 3070 se
1424 3009 1812 3068 excusatum
1854 3000 2100 3066 habeas
2159 3009 2227 3066 et
2280 3021 2611 3067 commen·

637 3087 886 3154 datum.
976 3089 1056 3153 Id
1103 3090 1279 3153 enim
1330 3088 1758 3153 vehementer
1801 3087 2145 3153 desiderat.
2237 3084 2376 3153 Sed
2420 3108 2616 3171 cogor

637 3176 842 3240 finem
887 3176 997 3241 hic
1037 3174 1283 3249 facere,
1343 3174 1532 3257 prius
1574 3183 1797 3239 tamen
1836 3194 1944 3239 me
1992 3173 2113 3238 tibi
2159 3174 2421 3256 tuisque
2466 3193 2614 3256 pre·

635 3261 823 3326 cibus
867 3260 1271 3336 commendo,
1320 3273 1384 3324 et
1442 3269 1521 3325 ut
1580 3281 1685 3325 me
1729 3280 1912 3325 ames
1955 3280 2076 3342 pro
2119 3266 2232 3324 tuo
2276 3280 2458 3323 more
2502 3280 2614 3324 ve-

631 3345 756 3411 lim
804 3348 1108 3412 maxime.
1199 3346 1530 3411 Dominus
1574 3354 1639 3410 te
1681 3352 2002 3430 perpetuo
2048 3352 2327 3411 tueatur.
2411 3344 2611 3410 Pata-

633 3434 735 3498 vii
779 3435 856 3496 3⁰
897 3432 1051 3498 Kal.
1100 3430 1334 3497 Octob.
1368 3438 1416 3509 ¹)

813 3518 1055 3583 Frater
1116 3539 1304 3584 meus
1364 3516 1753 3582 Ludovious
1813 3515 2030 3583 Verac.
2097 3516 2206 3581 hic
2274 3516 2614 3582 nobiscum

639 3612 796 3688 aget
838 3604 1050 3687 quoad
1094 3604 1310 3686 ipsum
1357 3624 1490 3668 non
1542 3602 1802 3668 taedeat
1845 3622 2069 3668 rerum
2113 3603 2613 3668 Patavinarum.

641 3689 921 3755 Interim
981 3689 1318 3755 Rabbinos
1387 3689 1663 3755 evolvet.
1767 3688 1913 3773 Ego
1983 3709 2141 3755 vero
2208 3686 2377 3753 nihil
2436 3687 2617 3754 solus

642 3797 858 3861 agam.

1358 3913 1544 3979 Tuus
1588 3912 1709 3977 tibi
1754 3932 1950 3994 quam
1996 3852 2532 3978 devinctissimus

1400 4008 1467 4063 ct
1509 4006 1826 4081 perpetuo
1871 3998 2503 4080 obsequentissimus

1646 4082 1797 4149 Car.
1842 4083 2262 4166 Bosquettus.

648 4290 833 4345 41³2.
861 4290 890 4344 1
954 4290 1106 4346 Lud
1146 4289 1416 4344 Butam
1450 4290 1587 4345 obiit
1621 4286 1873 4343 Genevae
1901 4287 2186 4411 professor
2221 4288 2259 4343 1.
2289 4288 2434 4343 hebr.
2473 4303 2526 4342 a.
2565 4288 2620 4343 d.

661 4359 837 4415 VIII.
937 4360 1009 4414 al.
1048 4359 1177 4413 Iun.
1215 4357 1372 4413 1551.
1446 4357 1602 4412 Male
1639 4356 1909 4417 Senebier,
1945 4356 1987 4410 1.

651 4429 848 4482 Haa
946 4430 1066 4483 eius
1099 4434 1325 4483 mortem
1358 4427 1437 4482 ad
1469 4443 1524 4482 a.
1551 4424 1690 4481 1552
1723 4426 1894 4491 refert
1928 4425 2035 4491 (N.
2021 4355 2210 4480 1493.
2235 4362 2624 4549 1596}
2474 4424 2626 4549 m

816 4496 1211 4567 Archmrdp
1215 4495 1321 4552 55
1355 4512 1477 4552 eum
1513 4496 1592 4550 ad
1625 4511 1678 4549 a.
1709 4493 1847 4549 1567
1881 4501 2223 4563 super-amem

647 4570 756 4621 iter
788 4564 1053 4622 Italicum
1087 4514 1211 4622 adp
1199 4582 1380 4621 annos
1415 4561 1761 4619 1546—1549
1794 4563 2043 4629 referunt
2082 4564 2157 4619 Ν.
2178 4561 2298 4618 793.
2257 4500 2436 4617 887.
2468 4562 2623 4618 1188.

651 4632 806 4687 1191
849 4634 977 4690 1201
1015 4641 1067 4691 et
1099 4650 1243 4705 seqq.
1316 4634 1626 4704 Epinoion
1663 4633 1808 4688 hanc
1839 4648 1967 4703 erqo
2002 4632 2082 4687 ad
2124 4647 2180 4690 a.
2215 4632 2334 4699 fen
2367 4631 2508 4686 1548
2540 4647 2625 4689 re·

640 4703 797 4769 sm
827 4703 1052 4773 poteris,
1087 4711 1232 4762 certe
1262 4711 1387 4774 post
1420 4702 1502 4759 Ν.
1537 4700 1678 4756 4147
1713 4701 2105 4758 collocandam.

2151 407 2684 477 EPISTOLAE
2729 411 2802 472 41
2819 411 3158 474 52—4154
4520 403 4605 465 m

3601 591 3800 662 4153.

2761 763 3238 834 CALVINUS
3283 762 3770 831 MINISTRIS
3823 760 4589 830 NEOOOMENSIBUS.

2892 937 3201 1004 Fratrum
3255 936 3502 1002 nomine
3555 936 3841 1019 queritur
3884 935 4275 1000 Ludwioum
4328 935 4621 1000 diam..

2717 1024 2830 1108 qui
2891 1029 3163 1106 tempore
3206 1024 3408 1109 pestis
3457 1024 3820 1106 yrassantis
3888 1041 4029 1087 cum
4097 1022 4265 1087 vitae
4318 1021 4623 1088 dim-inin

2722 1111 3244 1176 Neocomensibus
3274 1108 3516 1192 fidelem
3560 1128 3813 1192 operam
3836 1108 4257 1191 praestiterat,
4304 1128 4460 1173 nune
4488 1129 4523 1170 a
4554 1106 4625 1170 So·

2717 1202 2874 1262 natu
2915 1201 3158 1279 repente
3198 1196 3537 1263 dim-issum
3579 1214 3729 1259 esse.

2718 1385 2835 1450 (Ex
2889 1384 3204 1455 apographo
3257 1384 3391 1438 satis
3446 1383 3654 1436 recenti
3704 1382 3849 1436 Bibl.
3907 1383 4114 1437 nation.
4164 1380 4487 1435 Parisiorum
4530 1380 4625 1435 ω

3305 1453 3504 1522 Dupuy
3542 1451 3668 1505 Vol.
3705 1449 3824 1518 102,
3860 1451 3951 1506 fol.
3987 1449 4097 1517 18.)

2718 1641 3061 1708 Fidelibus
3102 1640 3375 1706 Domini
3420 1640 3632 1706 nostri
3674 1640 3830 1706 Iesu
3874 1639 4127 1707 Christi
4184 1640 4403 1706 servis
4443 1638 4629 1704 dec-m

2719 1736 2788 1794 et
2841 1726 3113 1813 collegio
3165 1728 3619 1793 ministrorum
3662 1726 4132 1792 Neocomensis
4190 1726 4499 1793 ecclesiae
4540 1727 4629 1790 in-

2890 1812 3104 1879 tribus
3148 1823 3217 1878 et
3261 1814 3650 1898 symmystis
3696 1813 4048 1878 carissimis
4093 1821 4161 1877 et
4203 1811 4509 1877 colendis.

2720 2002 2957 2068 Gratia
2986 2001 3188 2068 vobis
3232 2009 3300 2067 et
3340 2023 3473 2085 pax
3517 2022 3557 2066 a
3599 1999 3747 2065 Deo
3790 2009 3975 2084 patre
4018 2009 4249 2066 nostro
4296 2009 4369 2064 et
4408 2001 4633 2066 Domina

2717 2088 2873 2154 Iesu
2918 2088 3218 2168 Christe,
3281 2088 3520 2153 fratres
3566 2087 3903 2239 cozzitslgiimi
3959 2094 4028 2152 et
4082 2108 4167 2151 ex
4236 2087 4461 2151 animo
4496 2087 4635 2150 nobi

2895 2344 3105 2409 Inviti
3172 2344 3438 2426 quidem
3506 2344 3781 2409 facimus
3862 2351 3940 2409 ut
4013 2345 4365 2411 vobiscum
4428 2355 4636 2409 utamur

2721 2431 2856 2497 ullo
2923 2451 3165 2514 genere
3233 2430 3790 2512 expostulationis.
3881 2429 4016 2495 Sed
4082 2433 4239 2512 quia
4300 2430 4635 2495 alterutrim

2721 2517 2911 2582 nobis
2956 2525 3058 2581 est
3101 2536 3383 2594 necesse,
3428 2525 3545 2579 aut
3589 2516 3917 2581 sustinere
3960 2516 4119 2582 facti
4163 2519 4375 2581 vestri
4433 2515 4635 2597 culpan

2722 2611 2839 2668 aut
2882 2602 3091 2667 amice
3137 2600 3518 2684 placideque
3557 2602 3894 2667 vobiscum
3928 2603 4417 2685 expostulando
4438 2603 4635 2666 effioeoe

2719 2699 2797 2754 ut
2839 2687 3010 2772 quod
3055 2695 3395 2770 peccatum
3443 2695 3543 2751 est
3587 2689 3973 2771 corrigatur,
4019 2689 4285 2752 veniam
4347 2687 4525 2754 nobis
4556 2705 4635 2767 m

2720 2784 2942 2840 vestra
2986 2773 3329 2856 aequitate,
3376 2783 3448 2837 ut
3492 2794 3858 2856 speramus,
3904 2771 4175 2850 dabitis,
4246 2789 4327 2838 ut
4370 2796 4455 2838 ne
4494 2774 4635 2854 long·

2720 2859 2984 2944 quidem
3040 2868 3158 2925 aut
3215 2858 3496 2924 sollicita
3551 2860 3974 2924 excusatione
4033 2880 4198 2942 opus
4260 2862 4372 2924 sit„
4470 2857 4635 2939 Qum

2721 2947 2930 3011 frater
2996 2953 3218 3011 noster
3263 2944 3622 3011 Ludwicus
3644 2946 3696 3026 ¹)
3762 2944 4038 3011 feliciter
4097 2945 4374 3011 scholae
4440 2959 4635 3010 nostae

2721 3032 3008 3099 serviret
3050 3051 3202 3097 eum
3248 3030 3433 3096 vobis
3478 3031 3865 3115 rogantibus
3922 3032 4376 3098 concessimus
4432 3043 4501 3096 ut
4532 3049 4635 3113 pm»

2718 3120 3009 3184 vinciam
3062 3116 3238 3200 apud
3294 3138 3409 3182 vos
3452 3115 3694 3193 obiret,
3756 3118 4043 3200 primum
4086 3117 4286 3182 valde
4332 3120 4633 3183 molesta

2720 3203 2959 3269 deinde
3001 3224 3203 3286 supra
3241 3202 3507 3267 modum
3553 3202 4011 3302 periculosam.
4094 3204 4438 3286 Reputate
4478 3200 4635 3265 vohs·

2721 3310 2875 3357 cum
2919 3310 3118 3371 quam
3162 3289 3356 3370 pauci
3402 3290 3837 3371 reperiantur,
3900 3290 4015 3371 qui
4059 3311 4131 3354 se
4175 3300 4323 3354 tam
4370 3302 4635 3372 praesum

2721 3376 2954 3441 mortis
2999 3374 3290 3457 periculo
3333 3386 3685 3457 opponant.
3751 3374 3990 3475 Neque
4034 3396 4191 3439 vero
4234 3392 4363 3440 aut
4395 3397 4508 3440 nos
4534 3392 4633 3437 eu·

2719 3460 3165 3536 extraximus,
3230 3469 3347 3525 aut
3400 3460 3543 3544 ipse
3586 3460 3811 3543 inopia
3853 3470 4118 3527 coactus
4162 3482 4235 3525 se
4282 3460 4469 3527 vobis
4505 3456 4633 3524 addi·

2719 3547 2841 3613 xit.
2931 3547 3350 3627 Receptusa
3395 3545 3581 3610 vobis
3637 3546 3763 3610 fuit
3803 3555 3872 3611 et
3923 3567 3965 3609 a
4007 3560 4247 3611 senatu
4298 3560 4511 3612 vestro
4554 3546 4632 3607 ht

2717 3632 2868 3716 lege
2910 3642 2991 3696 ut
3031 3641 3351 3715 perpetuo
3407 3632 3775 3696 ministerio
3830 3634 4242 3715 fungeretur.
4338 3633 4633 3732 Postquam

2720 3720 2862 3784 eius
2905 3739 3105 3801 opera
3146 3728 3459 3816 tan-quam
3507 3717 3759 3783 venalis
3814 3718 4181 3800 cuiuspiam
4231 3719 4531 3801 mancipii
4564 3716 4635 3778 ab

2719 3804 2826 3869 usi
2868 3812 3026 3869 sunt
3072 3802 3276 3867 vestri
3317 3802 3638 3881 homines,
3681 3822 3860 3868 nunc
3901 3824 4053 3867 eum
4098 3803 4208 3868 abl
4392 3816 4437 3868 t.
4494 3802 4635 3868 Prin·

2719 3889 2909 3973 cipio,
2937 3889 3051 3954 ubi
3083 3887 3294 3953 fides?
3341 3887 3596 3968 deinde,
3635 3888 3751 3954 ubi
3786 3888 4127 3971 aequitas?
4174 3891 4297 3955 ubi
4318 3884 4631 3981 gntiwdo?

2723 3976 2837 4041 ubi
2894 3973 3176 4057 denique
3231 3973 3663 4040 humanitas?
3736 3975 3965 4057 Neque
4030 3974 4197 4041 haec
4258 3970 4633 4059 exprobrat

2722 4081 2921 4127 causa
2963 4058 3273 4135 dicimus,
3336 4059 3451 4125 sed
3496 4073 3573 4124 ut
3615 4072 3843 4125 nostra
3883 4059 4342 4127 admonitione
4382 4078 4633 4143 expap-

2721 4147 2883 4212 facti
2946 4146 3205 4211 senatui
3270 4153 3495 4211 vestro
3541 4144 4034 4226 demonstretis,
4100 4147 4369 4213 facinus
4432 4146 4631 4237 peuim

2721 4231 3013 4315 exempli
3076 4232 3215 4296 fore
3280 4241 3349 4295 et
3413 4230 3682 4310 plenum
3727 4234 3999 4296 maximi
4042 4230 4423 4309 dedecoris,
4482 4232 4529 4296 si
4562 4245 4631 4311 pfl

2727 4319 2901 4397 viro,
2968 4319 3157 4384 cuius
3222 4316 3487 4382 fidelem
3553 4337 3822 4399 operam
3886 4319 3954 4382 ιιι
4000 4338 4269 4383 summa
4312 4318 4631 4384 necem&

2722 4414 3035 4488 expertus
3079 4411 3197 4481 est,
3241 4403 3335 4466 ita
3377 4402 3677 4468 illuserit.
3760 4403 3896 4468 Nos
3934 4414 4114 4469 certe
4157 4406 4368 4470 unius
4411 4398 4631 4469 homini·

2721 4491 2979 4557 iactura
3022 4489 3261 4553 moniti
3301 4486 3577 4571 posthac
3635 4491 3961 4554 cautiores
4019 4490 4306 4569 erimus,
4368 4490 4485 4555 nisi
4522 4487 4629 4550 hnc

2723 4576 3041 4659 iniquitas
3096 4586 3386 4640 correcta
3442 4575 3662 4640 fuerit.
3751 4574 4018 4651 Valete,
4078 4574 4329 4641 stanes
4370 4574 4537 4640 nobi·
4566 4570 4631 4633 ὦ·

2723 4662 3091 4740 lectissimi,
3155 4681 3233 4726 ac
3289 4659 3563 4726 liberam
3624 4672 3922 4726 nostram
3963 4624 4487 4744 obiurgationm
4524 4660 4627 4721 bum

2723 4746 3063 4813 consulite.
3155 4747 3483 4812 Dominus
3537 4767 3658 4813 vos
3716 4746 3829 4811 diu
3882 4746 4010 4812 sibi
4070 4760 4141 4810 et
4182 4748 4486 4813 ecclesiae
4520 4758 4627 4808 m

2724 5038 2993 5165 we
3016 5037 3297 5163 ...m
3250 5036 4033 5162 mm‘ffar
4070 5037 4162 5162 ι,
4182 5036 4333 5163 ιι.
4362 5026 4623 5173 ξιτ,

2724 5179 3004 5312 ἔξω)
2908 5193 2977 5231 on
3018 5175 3150 5231 153⁷
3184 5176 3238 5230 ιο
3272 5122 3701 5246 eumd:
3724 5175 3910 5231 soche
3944 5125 4353 5247 afr-..2325
4388 5164 4621 5241 (ιιι-ει

4088 5732 4766 6125 Α
