4900 6125
645 416 766 481 591

641 603 1022 666 nostrorum
1079 615 1434 665 conversus
1498 597 1602 663 est
1663 601 1742 663 ut
1804 595 2193 664 excudatur.
2217 599 2274 674 ⁷)
2370 594 2607 664 Laudo

643 684 907 769 quidem
948 682 1289 749 Bra-stim
1344 682 1417 748 in
1474 681 1771 768 apologia
1809 703 1977 761 mea,
2030 688 2101 749 et
2139 682 2317 748 illius
2360 682 2609 765 scripta

643 791 752 837 me
772 768 1041 855 plurimi
1069 768 1282 835 facere
1298 768 1585 834 affirmo:
1608 776 1676 834 et
1695 788 1852 835 vere
1872 769 2147 850 affirmo,
2160 787 2313 834 nam
2338 767 2607 851 plurimi

644 856 764 922 illa
803 855 990 921 facio.
1036 853 1232 921 Nunc
1275 855 1474 919 timeo
1517 875 1603 920 ne
1644 873 1865 919 meum
1908 853 1991 920 de
2027 861 2162 920 toto
2206 853 2384 920 illius
2422 858 2605 920 cate-

644 941 899 1007 chismo
932 939 1251 1005 iudicium
1284 939 1676 1023 requiratur.
1742 937 1897 1006 Scio
1935 946 2155 1006 autem
2183 939 2375 1005 illum
2399 938 2481 1006 de
2503 957 2607 1004 as-

642 1047 847 1094 censu
861 1025 1114 1093 Ohristi
1133 1025 1204 1090 in
1224 1024 1479 1092 coelum
1501 1024 1841 1092 nobiscum
1863 1046 1996 1092 non
2020 1025 2283 1091 sentire.
2307 1024 2416 1090 Ita
2427 1024 2608 1090 enim

643 1113 717 1179 in
781 1133 903 1179 suo
970 1110 1085 1176 illo
1141 1109 1535 1178 catechismo
1599 1112 1730 1176 ait:
1808 1110 1957 1177 Non
2024 1119 2127 1177 est
2190 1109 2610 1177 sentiendum

644 1195 818 1282 quod
861 1195 1171 1264 Ohristus
1224 1197 1320 1263 sic
1374 1195 1744 1263 ascenderit
1784 1196 1857 1262 in
1899 1196 2154 1265 coelum
2203 1204 2281 1261 ut
2322 1215 2610 1262 commo-

644 1291 832 1350 retur
872 1283 943 1348 in
983 1283 1109 1348 hoc
1157 1290 1431 1348 externo
1474 1290 1544 1347 et
1600 1280 1841 1349 visibili
1886 1283 2064 1349 coelo
2109 1290 2177 1348 et
2219 1280 2475 1348 habitet
2516 1281 2612 1348 ibi

644 1368 955 1435 localiter.
1044 1367 1227 1434 Dicit
1265 1367 1446 1434 enim
1481 1366 1735 1435 Paulus
1766 1367 1948 1451 ‘Eph.
1994 1374 2069 1433 4:
2129 1367 2450 1434 Ascendit
2496 1387 2609 1434 su-

644 1475 766 1539 per
806 1473 1034 1520 omnes
1075 1451 1289 1520 coelos
1336 1460 1413 1517 ιιι
1464 1453 1770 1536 impleret
1824 1454 2063 1533 omnia,
2122 1452 2429 1521 videlicet
2469 1461 2610 1519 tam

646 1559 888 1624 supera
941 1558 1140 1622 quam
1195 1537 1425 1604 infera.
1523 1539 1711 1605 Haec
1763 1538 1895 1617 ille,
1954 1560 2122 1623 quae
2179 1539 2608 1623 ubiquitatem

646 1632 973 1693 statuunt.
1008 1625 1118 1689 Ex
1159 1629 1228 1689 te
1270 1643 1451 1689 nunc
1492 1625 1660 1691 scire
1701 1624 1901 1691 velim
1923 1626 2264 1705 rationem,
2309 1625 2369 1691 si
2410 1646 2610 1708 quam

647 1710 843 1790 nosti,
889 1729 1017 1794 qua
1069 1708 1227 1774 hinc
1280 1708 1464 1776 salva
1515 1730 1663 1775 mea
1702 1710 2101 1777 conscientia
2154 1731 2262 1775 me
2304 1711 2611 1777 evolvere

646 1796 927 1948 mimi,
971 1794 1249 1879 repulsis
1290 1802 1359 1860 et
1399 1795 1685 1863 confusis
1739 1796 1799 1862 si
1843 1817 1976 1881 qua
2016 1797 2158 1863 fieri
2200 1805 2417 1881 potest
2459 1817 2612 1881 cap-

648 1881 885 1948 tationi
929 1901 1026 1946 us.

820 1965 1025 2033 Multi
1082 1966 1192 2031 hic
1249 1972 1407 2032 sunt
1459 1975 1866 2052 symmystae
1923 1968 2055 2035 mei
2097 1968 2211 2052 qui
2253 1967 2429 2035 idem
2474 1988 2612 2033 me-

648 2073 966 2206 3313?
966 2051 1240 2222 “3⁰23‘'
1261 2052 1615 2204 ..2222sz
1629 2052 2615 2225 ᾶὲΐὲἷὲἒΐωὲᾞὲἓζὲἱέᾮῗ

650 2224 930 2323 concuti,
987 2224 1241 2308 agitari,
1322 2229 1391 2289 et
1454 2221 1722 2324 tandem
1792 2224 2111 2304 damnari,
2176 2246 2299 2293 nec
2318 2311 2333 2325 ⁸
2362 2225 2616 2290 interea

648 2308 1349 2478 iffiffmmssnssffit
1374 2308 1928 2481 {fffflffit’ggss
1956 2310 2252 2464 iffi.
2269 2319 2616 2462 'ffmffi‘s

648 2481 799 2547 illos
842 2479 927 2546 ad
970 2500 1156 2546 suam
1199 2481 1689 2562 conscientiam,
1731 2501 1854 2548 nec
1899 2481 1981 2548 de
2023 2503 2101 2548 eo
2142 2480 2318 2566 quod
2360 2503 2469 2548 me
2503 2480 2615 2548 de-

653 2566 984 2633 seruerint
1034 2586 1189 2633 cum
1256 2565 1392 2631 illis
1450 2567 1818 2651 expostulo.
1906 2567 2059 2634 Non
2104 2566 2345 2634 desunt
2388 2575 2617 2633 tamen

651 2653 767 2803 quui
814 2651 963 2718 illos
1012 2650 1327 2736 perfidiae
1384 2651 1791 2720 insimulent.
1878 2652 2075 2721 Unde
2117 2655 2195 2719 fit
2236 2661 2313 2719 ut
2354 2652 2618 2719 cosdem

655 2739 671 2753 ⁹
727 2758 800 2804 os
858 2756 1016 2804 suae
1072 2735 1635 2821 pusillanimitatis
1680 2737 1946 2804 tandem
1981 2738 2333 2822 aliquando
2373 2737 2617 2823 pudeat

651 2843 730 2890 ac
771 2823 1120 2906 poeniteat.
1208 2820 1286 2889 Si
1344 2823 1691 2889 consilium
1734 2823 1936 2891 habes
1978 2825 2164 2891 cuius
2200 2823 2403 2891 ductu
2443 2823 2617 2908 quod

648 2908 1097 2993 imprudentia
1167 2915 1235 2974 et
1312 2908 1855 2991 pusillanimitate
1940 2919 2295 2994 peccarunt
2365 2910 2612 2978 sarcire

651 2995 929 3080 possint,
973 3014 1130 3079 rogo
1164 3001 1233 3060 te
1272 3002 1351 3060 ut
1381 2993 1547 3061 illud
1589 2996 1778 3064 nobis
1820 2995 1953 3061 des.
2042 2995 2158 3064 Sic
2200 2996 2376 3063 enim
2419 2995 2614 3065 corde

651 3081 1011 3165 compungi
1088 3080 1257 3146 mibi
1319 3080 1634 3147 videntur
1650 3127 1669 3157 ,
1731 3090 1808 3148 ut
1871 3082 2139 3148 illorum
2201 3083 2414 3149 vicem
2478 3104 2615 3148 non

650 3170 901 3251 possim
962 3186 1097 3232 non
1160 3165 1398 3232 dolere.
1497 3167 1652 3233 Non
1716 3167 2018 3252 equidem
2082 3169 2391 3235 existimo
2464 3168 2613 3234 illos

652 3252 769 3319 diu
821 3251 1156 3332 tacituros,
1211 3250 1329 3318 sed
1390 3271 1699 3337 cuperem
1743 3254 1912 3319 nihil
1969 3252 2052 3320 ab
2106 3254 2240 3333 illis
2298 3254 2614 3320 attentari

650 3337 826 3421 quod
880 3337 1181 3488 provitsae
1245 3345 1315 3403 et
1377 3346 1753 3423 prospectae
1817 3336 2127 3411 ecclesiae
2180 3338 2613 3407 aedificationi

653 3444 789 3490 non
832 3443 1051 3490 servia

829 3507 1165 3592 Quotquot
1226 3507 1336 3575 hic
1391 3516 1551 3575 sunt
1607 3508 1789 3576 Galli
1852 3511 2166 3577 iniuriam
2229 3510 2616 3578 confessioni

794 3594 1132 3660 'canaram
1194 3593 1616 3663 ecclesiarum
1674 3604 1744 3662 et
1799 3616 1961 3663 suae
2012 3596 2309 3662 omnium
2362 3594 2615 3661 illatam

653 3680 1040 3766 gravissime
1084 3680 1322 3746 ferunt.
1411 3680 1719 3765 Plerique
1761 3679 1908 3747 ideo
1948 3681 2214 3748 illorum
2275 3702 2316 3748 a
2358 3681 2616 3748 concio·

653 3764 852 3832 nibus
908 3764 1261 3844 abstinent,
1320 3765 1578 3833 etiamsi
1636 3787 1715 3833 ea
1754 3766 1905 3853 lege
1944 3767 2017 3833 in
2060 3765 2290 3832 urbem
2335 3768 2471 3833 sint
2513 3787 2618 3832 re-

654 3851 832 3935 cepti
885 3859 964 3917 ιιι
1019 3852 1362 3918 conciones
1414 3852 1834 3936 frequentare
1891 3851 2192 3920 debeant.
2302 3853 2435 3918 Hic
2491 3872 2615 3937 ego

656 3935 872 4002 turbis
924 3948 992 4002 et
1044 3937 1373 4003 scandalis
1428 3958 1771 4005 occurrere
1825 3938 2101 4006 studens
2144 3938 2266 4006 hoc
2309 3938 2442 4004 illis
2485 3937 2617 4004 dis-

655 4021 932 4088 suadere
986 4021 1226 4106 quibus
1273 4024 1456 4108 potui
1511 4023 1723 4090 modis
1765 4044 1913 4091 snm
1955 4032 2246 4101 conatus,
2290 4043 2614 4107 saepeque

654 4106 857 4175 citavi
894 4107 1142 4174 locum:
1213 4106 1403 4190 Quae
1447 4107 1678 4176 dicunt
1715 4110 1932 4190 facite,
1976 4109 2350 4194 adduxique
2390 4130 2616 4175 exem-

653 4191 840 4276 plum
881 4193 998 4273 tui,
1041 4194 1154 4276 qui
1194 4193 1400 4260 semel
1433 4193 1713 4261 Geneva
1753 4195 2179 4262 iniustissime
2213 4195 2442 4280 pulsus
2479 4193 2615 4260 Ge-

653 4298 980 4345 nevenses
1052 4277 1264 4346 literis
1342 4298 1536 4363 saepe
1598 4279 1812 4347 literis
1887 4280 2256 4347 hortabaris
2317 4288 2397 4346 ιιι
2460 4299 2615 4346 suos

655 4365 1143 4430 concionatores
1204 4364 1511 4432 audirent
1530 4416 1548 4445 ,
1614 4387 1990 4450 quanquam
2067 4374 2337 4434 ventres
2392 4374 2618 4432 essent

657 4449 769 4532 qui
812 4449 1013 4515 messi
1056 4449 1309 4517 alienae
1360 4450 1595 4517 falcem
1637 4450 2096 4519 admovebant.
2184 4451 2322 4519 Sed
2363 4451 2616 4517 frustra

654 4532 967 4600 laboravi.
1036 4534 1280 4602 Fateor
1321 4535 1625 4621 equidem
1664 4558 1807 4604 rem
1850 4537 2124 4604 eandem
2168 4558 2439 4622 prorsus
2481 4558 2615 4603 non

863 4840 922 4908 7)
971 4841 1342 4898 catechismus
1433 4843 1489 4897 ia
1538 4847 1597 4898 et
1639 4844 1763 4898 utili
1796 4845 2158 4915 explicatione
2190 4844 2498 4901 illustratus
2534 4845 2610 4900 Io.

657 4910 885 4992 Brentio
927 4914 1133 4964 sutore.
1201 4911 1345 4966 Frcf.
1390 4860 1543 4967 {³552
1580 4911 1633 4966 4.
1703 4912 1793 4969 De
1825 4915 1929 4969 hac
1972 4916 2220 4969 versione
2253 4916 2474 4984 duaque
2506 4928 2614 4970 usn

656 4978 2351 5050 ὑιᾶιϋοκελίοηὸἀρωᾶευίηοὸίεαιὸακᾶοκοποοωωτ.

862 5046 2612 5120 8)Praetcrquatuorfllosqaiolindiniuiticoeastetde

656 5114 854 5197 gadque
896 5117 1053 5196 copies
1097 5115 1161 5171 in
1366 5117 1581 5174 Fau-elli
1629 5120 1998 5190 querimonias
2050 5119 2498 5175 mci-Tessenios
2539 5120 2610 5177 le-

655 5189 787 5251 mna
818 5190 1175 5240 sommum
1280 5227 1292 5240 .
1325 5185 1623 5244 Τήσῑιιεοοη
1656 5188 2053 5258 Luqdunessis
2084 5205 2135 5245 v.
2169 5187 2226 5243 d.
2262 5204 2331 5243 ιιι.
2366 5191 2430 5243 in
2473 5188 2615 5244 Bla-

653 5256 821 5387 ἔασκε,
857 5257 909 5308 et
942 5252 1200 5389 A'ggm
1234 5253 1426 5313 Flora
1456 5256 1555 5326 qm·
1582 5263 1775 5327 postea
1800 5257 2119 5315 Calvisium
2152 5256 2609 5315 mobonna-

2160 403 2692 476 EPISTOLAE
2735 408 3162 475 asel—3882

4521 417 4616 481 592

2707 615 2870 663 esse.
2929 594 3094 663 Istic
3126 595 3307 662 enim
3349 595 3432 663 de
3475 593 3838 680 disciplina,
3883 603 3961 663 ut
4001 597 4253 682 opinor,
4297 596 4405 665 hic
4441 603 4620 668 auten

2708 681 2790 747 de
2834 680 3132 749 doctrina
3172 682 3411 766 agitur.
3490 679 3631 748 Sed
3673 689 3898 748 tamen
3937 683 4033 749 ita
4065 682 4288 769 agitur
4327 690 4402 748 ut
4438 681 4627 752 adver·

2707 767 2864 833 sarii
2907 767 3163 851 publice
3203 767 3379 833 nihil
3420 764 3646 835 dicant
3685 766 3856 851 quod
3902 768 4106 835 verbo
4148 766 4278 835 Dei
4439 779 4623 855 agnat.

2708 851 2856 918 Nisi
2890 852 3066 937 quod
3106 852 3359 920 consilii
3399 853 3529 919 Dei
3562 860 3821 936 partem
3863 854 4193 921 subticent
4234 860 4305 919 et
4329 789 4626 922 ¹senpbtiesn-

2708 937 2864 1004 dam
2916 937 3214 1005 iudicant
3271 959 3477 1023 quum
3521 938 3604 1005 de
3644 938 4042 1023 reprobandi
4085 939 4355 1006 consilio
4395 961 4472 1005 ne
4505 962 4626 1006 ver-

2711 1023 2869 1090 bum
2912 1022 3177 1108 quidem
3220 1045 3261 1091 a
3294 1045 3622 1109 quoquam
3655 1026 3802 1092 fieri
3835 1026 3975 1109 pati
4008 1033 4304 1110 possunt.
4367 1024 4470 1091 Ad
4495 1025 4628 1094 hsce

2708 1108 2866 1177 licet
2919 1109 3356 1177 ministerium
3416 1130 3639 1176 meum
3697 1110 3997 1194 pendeat,
4057 1110 4214 1194 quia
4254 1130 4408 1177 cum
4456 1112 4626 1178 eccle-

2713 1195 2831 1261 siis
2864 1195 3207 1280 gallicanis
3262 1195 3344 1261 de
3397 1195 3997 1279 praedestinatione
4054 1197 4300 1263 sentire
4341 1216 4444 1261 me
4480 1195 4630 1263 dixe-

2710 1280 2858 1360 rim,
2903 1302 3037 1347 non
3091 1289 3314 1348 tamen
3362 1281 3520 1347 inde
3562 1281 4004 1367 colligendum
4038 1289 4158 1362 est,
4203 1280 4631 1367 gallicanarum

2711 1366 3134 1433 ecclesiarum
3213 1367 3686 1434 confessionem
3765 1368 3877 1433 hic
3939 1366 4441 1435 condemnatam
4499 1388 4630 1447 esse,

2711 1473 2914 1537 quum
2958 1453 3029 1518 in
3071 1452 3277 1533 illam,
3318 1454 3451 1519 imo
3495 1474 3706 1537 neque
3748 1454 3820 1518 in
3860 1474 3988 1535 me,
4023 1452 4165 1520 ulla
4205 1451 4421 1520 adhuc
4457 1453 4634 1520 finalis

2711 1538 3040 1604 sententia
3081 1539 3170 1605 sit
3210 1539 3360 1605 lata.
3446 1539 3702 1623 Itaque,
3747 1547 3822 1604 ιιι
3865 1538 3950 1605 ad
3993 1539 4226 1606 Gallos
4271 1548 4518 1604 nostrus
4551 1559 4632 1604 re-

2712 1631 2956 1702 vertar,
3001 1622 3247 1709 dispice
3290 1645 3531 1708 quaeso
3572 1646 3734 1691 num
3777 1625 3946 1692 bene
3987 1631 4189 1710 agant
4229 1645 4354 1691 nec
4395 1644 4476 1689 ne
4510 1645 4637 1690 con·

2711 1709 2934 1776 ciones
2973 1729 3110 1775 non
3154 1710 3471 1791 adeundo,
3517 1718 3591 1777 ut
3633 1711 3693 1778 si
3736 1717 4012 1796 peccant
4044 1719 4304 1776 mature
4345 1709 4416 1775 id
4447 1710 4636 1776 rescis-

2713 1803 2869 1861 cant
2911 1800 2980 1861 et
3022 1803 3360 1879 peccatum
3403 1809 3783 1882 agnoscant.
3871 1796 4046 1863 Nam
4082 1795 4492 1880 expellentur
4526 1815 4639 1860 om·

2715 1901 2832 1948 nes
2871 1880 3002 1946 nisi
3046 1882 3130 1948 ab
3171 1882 3433 1965 incepto
3478 1881 3870 1948 destiterint.

2885 1965 3070 2033 Haec
3114 1976 3272 2032 sunt
3327 1969 3400 2034 in
3440 1969 3680 2052 quibus
3720 1989 3921 2054 opera
3959 1974 4078 2034 tua
4119 1976 4188 2033 et
4229 1964 4494 2034 consilio
4581 1985 4640 2028 u·

2714 2051 2953 2117 rimum
3018 2073 3213 2137 egeo,
3297 2052 3378 2120 de
3454 2053 3694 2137 quibus
3770 2053 4013 2122 idcirco
4089 2051 4404 2120 audacius
4590 2061 4644 2114 te

2717 2137 2973 2221 scripsi,
3018 2139 3172 2222 quia
3229 2146 3408 2241 certo
3451 2141 3584 2240 scio
3627 2148 3695 2205 te
3735 2139 3902 2204 mihi
3945 2159 4078 2205 non
4124 2137 4512 2214 defuturum,
4551 2134 4644 2264 se'd

2715 2223 4650 2393 ffiffluffsstnasssffiffisszffissmmfi...mhi

2717 2394 2999 2460 salutem
3051 2394 3211 2462 dicit
3267 2418 3387 2481 per
3438 2396 3664 2463 Iesum
3721 2396 4066 2464 Christum
4110 2394 4478 2461 Dominum
4533 2413 4652 2458 nos-

2716 2486 2914 2545 trum.
2979 2478 3059 2547 Si
3094 2480 3250 2564 quid
3287 2483 3678 2548 nunciorum
3711 2482 4032 2548 bonorum
4070 2480 4152 2547 de
4184 2480 4388 2547 rebus
4423 2477 4650 2546 Galliae

2716 2564 3071 2649 audiveris,
3126 2567 3229 2635 fac
3286 2588 3405 2633 nos
3463 2568 3521 2635 si
3579 2567 3793 2652 placet
3859 2567 4093 2651 pattici
4272 2565 4348 2632 in
4393 2585 4474 2631 ue
4540 2563 4654 2629 tuis

2719 2648 2805 2716 ad
2847 2652 3066 2718 Deum
3121 2652 3422 2736 precibus
3473 2653 3963 2720 commendatos
4004 2652 4094 2718 ha
4533 2650 4547 2665 ⁶
4589 2669 4653 2714 us

2717 2733 2905 2803 Deus
2947 2738 3184 2821 spiritu
3227 2759 3347 2806 suo
3390 2747 3618 2806 sancto
3661 2746 3728 2805 te
3765 2744 4082 2824 perpetuo
4123 2744 4316 2823 regat
4361 2745 4430 2803 et
4468 2755 4652 2803 corro-

2718 2822 2924 2903 boret,
2968 2823 3408 2910 ecclesiaeque
3451 2831 3602 2891 tuae
3644 2825 4036 2892 incolumem
4079 2844 4277 2908 quam
4321 2822 4653 2888 diutissime

2718 2917 3068 2976 conservet
3135 2931 3255 2995 per
3311 2912 3727 2997 unigenitum
3781 2909 3998 2977 filium
4063 2930 4261 2976 suum
4317 2906 4652 2975 Dominum

2717 3002 3018 3060 nostrum
3059 2994 3283 3064 Iesum
3327 2995 3688 3077 Christum,
3746 2995 3852 3066 cui
3895 2994 4264 3063 benedictio
4297 2994 4513 3061 honor
4541 2991 4656 3078 glo·

2718 3080 2819 3145 ria
2859 3088 2929 3147 et
3071 3089 3277 3150 testas
3312 3083 3385 3149 in
3427 3093 3790 3150 aeternum.
3877 3084 4117 3163 Amen,
4159 3101 4378 3148 amen.
4465 3078 4654 3146 Dabat

2719 3165 2987 3234 Mombe
3013 3167 3198 3253 gardi
3244 3168 3556 3236 Oalendis
3598 3167 3988 3236 Decembris

3495 3305 3679 3372 Tuus
3720 3304 3989 3372 omnino
4023 3302 4337 3371 obediens
4371 3301 4544 3370 filius

3357 3390 3742 3459 Matthaeus
3785 3390 4090 3458 Vatellus
4133 3388 4394 3458 christi
4437 3405 4655 3455 servm-

3606 3901 3813 3973 3882.

3215 4070 3691 4150 GALvaS
3735 4070 4185 4140 SULZERO.

2891 4244 3216 4312 Excusato
3269 4244 3663 4312 ditetur-aiore
3702 4244 3948 4311 εἰῑεηίἰο
3994 4242 4252 4311 Galliae
4293 4247 4530 4312 εέαὲιοιι
4567 4260 4660 4306 ωι-

2714 4331 2965 4413 cipitem
3020 4329 3586 4414 {modeploramm
3640 4330 3814 4411 deflet
3869 4335 3926 4397 ct
3984 4329 4662 4397 aoerrimeinrom·

2714 4437 2871 4484 num
2909 4416 3240 4484 invehitur.

2767 4587 3023 4642 onvillsei
3068 4604 3234 4640 manu
3279 4586 3487 4657 scripta
3531 4590 3590 4641 et
3623 4603 3657 4640 a
3690 4585 3914 4641 Calvino
3961 4590 4208 4641 correcta
4236 4592 4430 4642 exstat
4463 4588 4520 4642 in
4549 4584 4661 4639 eod.

2764 4673 2917 4710 enev.
2955 4654 3100 4723 107⁸,
3144 4655 3236 4709 fol.
3271 4653 3400 4717 2593
3435 4655 3761 4709 Turretinus
3809 4655 3979 4709 babet
4012 4656 4070 4709 in
4104 4654 4242 4711 eod.
4275 4654 4401 4723 108,
4439 4656 4528 4711 fol.
4559 4650 4660 4715 144·

2716 4726 2926 4780 Bernae
2971 4724 3244 4793 reperitur
3285 4725 3342 4779 in
3377 4724 3532 4781 Tom.
3567 4724 3667 4778 VI.
3786 4741 3838 4793 p.
3881 4741 3939 4793 p.
3977 4722 4113 4777 1103
4157 4730 4217 4778 et
4263 4741 4356 4793 ap.
4393 4725 4660 4781 Simlm

2717 4794 2845 4851 vol.
2879 4792 2998 4847 106.
3055 4793 3345 4862 Inscriptio
3379 4793 3437 4847 in
3470 4792 3651 4847 ftonte
3757 4798 3844 4846 est
3877 4793 4043 4862 nulla,
4077 4791 4150 4846 ad
4182 4794 4396 4847 calcem
4429 4792 4659 4847 cuffi-

2852 4862 3078 4931 propria
3110 4879 3274 4916 manu
3309 4861 3533 4916 adiecit:
3580 4859 3821 4917 Sulmo,
3893 4861 4047 4916 Vere.
4080 4862 4225 4931 angl.
4261 4861 4358 4918 lv,
4395 4860 4548 4927 w.)

2885 5031 2963 5100 si
3014 5033 3230 5099 rarius
3279 5031 3364 5098 ad
3417 5040 3484 5098 te
3547 5030 3760 5099 scribo
3816 5050 4016 5115 quam
4072 5031 4278 5099 velles
4331 5028 4658 5100 cenationi

2713 5137 2899 5185 meae
2941 5118 3126 5186 dabis
3169 5118 3453 5198 veniam,
3497 5119 3739 5185 eximie
3783 5118 3888 5185 vir
3930 5126 4000 5184 et
4039 5119 4429 5186 venerande
4461 5120 4660 5185 stata.

2921 5323 2982 5391 9)
3018 5325 3085 5381 Ν.
3116 5322 3270 5379 2859.
3305 5322 3462 5381 3280.
