4900 6125
603 415 736 476 199

603 598 824 664 otium
866 603 1260 682 suppeteret.
1349 594 1483 661 Sed
1530 615 1612 661 ex
1671 615 1800 678 quo
1857 594 2013 662 hinc
2070 593 2311 676 abiisti,
2364 598 2575 663 conti-

609 704 824 750 nuum
865 683 1032 749 mihi
1075 681 1415 766 negotium
1462 682 1585 747 fuit
1626 701 1777 747 cum
1824 682 2022 748 variis
2053 682 2323 762 morbis,
2369 690 2444 748 ut
2488 704 2574 749 ne

613 768 945 835 ordinario
989 767 1252 852 quidem
1297 767 1559 833 muneri
1599 765 1896 833 obeundo
1951 768 2292 834 sufficiam.
2378 767 2575 850 Quod

613 857 670 922 si
712 855 923 920 maior
966 854 1234 920 daretur
1289 852 1645 931 relaxatio,
1714 861 1874 919 sunt
1931 859 2156 919 tamen
2210 854 2343 920 alia
2395 876 2575 921 nunc

609 941 686 1006 in
724 940 1030 1006 manibus
1074 961 1240 1025 quae
1283 939 1447 1004 mihi
1491 961 1623 1005 non
1662 939 2056 1023 permittunt
2098 940 2167 1004 in
2212 940 2576 1007 refutandis

614 1025 748 1093 illis
790 1025 1045 1092 duobus
1102 1046 1398 1092 errorum
1463 1025 1773 1091 monstris
1837 1046 2104 1110 operam
2168 1026 2572 1110 impendere.

615 1111 1137 1179 Commentarios
1180 1132 1359 1177 meos
1402 1111 1474 1176 in
1507 1112 1809 1197 Moysem
1855 1111 2118 1178 Gallica
2160 1111 2389 1197 lingua
2432 1132 2574 1177 ver-

612 1197 846 1264 tendos
890 1198 1244 1282 suscepi,⁸)
1300 1218 1433 1262 non
1490 1205 1752 1263 tantum
1804 1209 1880 1261 ut
1934 1197 2338 1264 nostratibus
2396 1218 2575 1264 com-

611 1284 834 1350 munis
875 1293 1049 1350 esset
1090 1283 1288 1349 huius
1331 1281 1484 1347 libri
1526 1283 1734 1362 lectio,
1778 1281 1893 1348 sed
1937 1282 2112 1366 quod
2134 1305 2298 1368 opus
2333 1283 2575 1366 alioqui

614 1391 745 1435 non
792 1369 1279 1454 poenitendum,
1340 1370 1703 1435 innumeris
1759 1369 1997 1453 quibus
2055 1370 2347 1436 scatebat
2389 1390 2574 1434 men-

616 1453 739 1534 dis,
813 1476 1170 1540 repurgare
1234 1474 1501 1522 necesse
1568 1453 1710 1520 fuit.
1815 1455 2092 1522 Fratres
2159 1476 2266 1521 me
2333 1454 2575 1520 hortati

612 1541 896 1620 fuerant,
961 1550 1039 1606 ut
1093 1541 1334 1607 librum
1387 1540 1624 1606 Iosuae
1681 1540 2076 1623 explicarem
2098 1543 2187 1624 2⁴)
2254 1540 2575 1607 hactenus

614 1624 730 1693 vix
773 1625 858 1693 ad
917 1627 1182 1692 tertium
1233 1648 1438 1709 usque
1481 1636 1683 1711 caput
1725 1628 2028 1711 progredi
2094 1626 2308 1706 licuit,
2373 1648 2574 1711 quum

611 1721 840 1777 tamen
904 1711 1211 1778 brevitati
1275 1711 1563 1778 maxime
1624 1711 1946 1778 studeam.
2048 1713 2308 1797 Urgeor
2373 1713 2577 1778 etiam

612 1796 896 1877 aliunde,
957 1809 1033 1862 ut
1076 1796 1196 1862 tibi
1240 1798 1408 1863 nihil
1450 1797 1744 1881 polliceri
1787 1797 2084 1864 audeam.
2177 1798 2254 1865 Si
2311 1798 2575 1882 quando

613 1891 840 1948 tamen
883 1883 1114 1949 melior
1158 1882 1417 1950 dabitur
1458 1885 1930 1966 opportunitas,
1981 1905 2126 1950 eam
2187 1906 2323 1950 non
2382 1885 2576 1950 omit-

613 1975 768 2034 tam.
847 1967 982 2034 Sed
1039 1979 1226 2035 tanta
1278 1969 1581 2053 congerie
1639 1990 1747 2034 me
1804 1971 2082 2036 obruere
2140 1971 2412 2036 minime
2457 1992 2574 2037 ex-

659 2053 811 2120 edit.
902 2054 1095 2135 Quod
1138 2055 1194 2120 si
1241 2057 1490 2138 patriae
1547 2065 1701 2120 tuae
1757 2054 1984 2121 sedulo
2040 2057 2373 2139 prospicis,
2433 2065 2573 2122 stu-

656 2141 792 2205 ium
837 2148 1027 2206 tuum
1071 2140 1284 2207 laudo.
1351 2139 1486 2207 Sed
1521 2140 1738 2225 cogita
1782 2150 2073 2207 nostram
2118 2163 2373 2226 quoque
2410 2141 2573 2208 Gal-

609 2224 766 2291 liam
811 2227 1038 2292 multis
1081 2226 1325 2293 morbis
1368 2226 1687 2306 laborare,
1732 2227 1969 2310 quibus
2007 2238 2268 2293 mature
2303 2248 2572 2294 succur-

608 2331 754 2377 rere
799 2323 1073 2395 oportet.
1165 2311 1559 2396 Quanquam
1604 2333 1723 2399 per
1767 2312 2159 2379 lonvilaeum
2203 2334 2337 2379 non
2373 2313 2574 2379 stabit

610 2398 961 2480 quominus
1005 2396 1121 2463 tibi
1267 2398 1493 2476 tificer,
1536 2399 1693 2481 quia
1715 2404 1782 2463 et
1803 2406 2114 2465 strenuus
2135 2406 2238 2464 est
2272 2408 2568 2466 exactor:

607 2503 731 2549 neo
777 2501 929 2548 vero
972 2503 1154 2549 cessa
1198 2484 1270 2562 it,
1330 2485 1387 2549 si
1434 2483 1782 2567 contigerit
1815 2483 2048 2549 melior
2082 2488 2568 2568 opportunitas:

653 2568 785 2634 uod
829 2567 1066 2652 siquid
1093 2569 1336 2653 vigoris
1378 2589 1776 2653 recuperem,
1821 2569 2103 2635 libenter
2136 2571 2276 2652 ipse
2311 2590 2572 2654 quoque

657 2654 933 2739 efungar
970 2675 1047 2720 eo
1090 2676 1380 2721 munere.
1458 2653 1593 2720 Sed
1639 2674 1816 2719 nuno
1860 2666 1995 2720 tam
2039 2656 2327 2740 corporis
2368 2677 2569 2739 quam

613 2741 819 2806 animi
864 2741 1041 2807 vires
1085 2741 1297 2825 magis
1331 2751 1490 2807 sunt
1530 2739 1878 2824 collapsae,
1918 2762 2117 2825 quam
2160 2752 2238 2807 ut
2279 2741 2569 2808 studium

612 2846 834 2891 meum
900 2825 1230 2909 applicare
1298 2827 1539 2911 possim
1599 2825 1682 2891 ad
1742 2846 1950 2892 novos
2006 2826 2282 2894 labores.
2372 2826 2570 2909 Quod

611 2911 784 2995 apud
830 2911 915 2977 D.
961 2911 1319 2995 Hypo-rium
1361 2912 1406 2977 h
1454 2933 1673 2978 emare
1717 2912 1786 2976 in
1832 2912 2054 2977 animo
2091 2914 2207 2979 tibi
2244 2920 2363 2990 est,
2409 2935 2571 2980 nus·

611 3017 825 3081 quam,
871 2995 1097 3075 fateor,
1140 3018 1393 3065 commo
1439 2998 1542 3064 ius
1587 2997 1944 3081 hospitium
1988 2998 2295 3082 reperies.
2395 2999 2570 3065 Nam

612 3092 873 3166 praeter
917 3104 1137 3148 raram
1180 3084 1488 3167 pietatem
1526 3092 1594 3150 et
1628 3083 2083 3163 eruditionem,
2127 3106 2291 3168 quae
2321 3085 2395 3149 in
2429 3085 2574 3150 eius

615 3168 875 3251 scriptis
920 3169 1183 3248 relucet,
1244 3170 1431 3234 aiunt
1486 3169 1820 3235 hominem
1876 3190 2018 3236 esse
2071 3177 2414 3235 mansueto
2471 3172 2572 3235 in-

616 3256 829 3339 genio,
872 3274 1114 3339 magna
1157 3255 1533 3321 sinceritate
1576 3254 1966 3338 praeditum.
2034 3253 2167 3322 Sed
2216 3255 2462 3321 tardior
2503 3257 2573 3320 in

615 3340 897 3422 patriam
944 3351 1096 3405 tuus
1135 3339 1387 3406 reditus
1432 3339 1594 3405 mihi
1638 3360 1774 3405 non
1816 3340 2047 3423 placet.
2136 3341 2309 3406 Nam
2366 3362 2573 3425 quum

617 3423 782 3490 alios
826 3434 1167 3509 tantopere
1209 3426 1439 3492 incites
1479 3425 1562 3491 ad
1607 3446 1881 3491 manum
1925 3426 2108 3511 genti
2154 3436 2305 3492 tuae
2362 3427 2575 3510 porri-

619 3509 923 3595 gendam,
989 3510 1147 3594 quid
1210 3511 1337 3577 sibi
1391 3511 1553 3577 velit
1610 3510 1736 3577 hoc
1790 3511 2142 3577 cunctandi
2200 3519 2268 3577 et
2323 3509 2575 3577 otiandi

617 3595 982 3673 consilium,
1040 3617 1172 3662 non
1232 3616 1560 3681 assequor.
1660 3596 2052 3679 Quanquam
2107 3596 2355 3663 frustra
2412 3597 2577 3663 haec

619 3679 902 3763 disput0,
938 3682 1093 3765 quia
1127 3690 1475 3765 antequam
1502 3681 1585 3747 ad
1610 3691 1675 3747 te
1697 3683 2096 3766 perveniant
2116 3703 2303 3747 meae
2327 3682 2578 3761 literae,

619 3767 858 3851 hyems
917 3768 1050 3832 fere
1103 3775 1434 3834 transacta
1490 3768 1635 3834 erit.
1720 3766 1922 3845 Vale,
1980 3768 2395 3834 ornatissime
2456 3769 2578 3847 vir,

617 3851 785 3917 mihi
829 3874 912 3918 ex
957 3853 1176 3918 animo
1219 3853 1487 3919 colende
1529 3854 1749 3920 frater.
1836 3853 2165 3919 Dominus
2223 3864 2288 3919 te
2341 3854 2576 3937 spiritu

618 3958 741 4005 suo
797 3958 1056 4021 semper
1109 3940 1458 4022 gubernet,
1518 3938 1770 4004 virtute
1823 3940 2163 4016 sustineat,
2221 3948 2289 4005 et
2342 3961 2579 4004 manus

615 4044 776 4088 suae
806 4023 1208 4107 protectione
1231 4024 1621 4091 incolumem
1649 4033 1929 4089 tueatur.
1991 4024 2325 4102 Genevae,
2366 4024 2578 4107 pridie

613 4107 888 4175 Oalend.
932 4109 1241 4175 Decemb.
1297 4112 1478 4174 1563.

1538 4244 1827 4312 Ioannes
1869 4244 2193 4313 Calvinus
2235 4253 2409 4314 tuus.

820 4467 885 4535 3)
919 4466 1063 4523 Inde
1100 4469 1345 4537 [masse
1390 4468 1667 4538 conaveris
1715 4466 2003 4522 Calvinum
2050 4471 2229 4538 ipsum
2274 4469 2416 4525 libro
2460 4484 2581 4524 ver·

615 4536 780 4592 mdo
813 4550 1037 4605 operam
1071 4552 1322 4603 meuse,
1561 4538 1709 4591 aliae
1748 4550 1861 4591 non
1901 4539 2050 4603 lecit.
2121 4538 2301 4594 Edita
2334 4545 2414 4594 est
2447 4539 2583 4594 haec

611 4607 795 4661 versio
828 4621 878 4659 a.
918 4604 1054 4659 1564
1089 4622 1125 4660 a
1167 4646 1180 4660 .
1222 4606 1263 4660 S
1427 4621 1574 4660 num.
1629 4603 1720 4659 De
1753 4606 1989 4661 editions
2023 4624 2075 4661 a.
2114 4605 2251 4662 1563
2285 4623 2450 4678 quam
2488 4623 2578 4662 ex·

603 4675 758 4731 Iubet
796 4672 1093 4743 Catalepta
1183 4674 1252 4730 bl.
1385 4674 1630 4729 cadensis
1663 4674 1990 4729 dubitamus.

820 4741 884 4809 4)
919 4758 1062 4813 quae
1093 4743 1288 4800 ultima
1320 4746 1441 4798 eius
1472 4744 1588 4809 fuit
1619 4744 1971 4799 elucubratio.

1385 5051 1798 5067 ψ

2125 405 2657 476 EPISTOLAE
2698 411 3127 475 4050-4052

3552 593 3742 667 4051.

3150 750 3623 819 OALVINUS
3668 749 4172 818 OLEVIANO.

2848 923 4585 1008 Anetqumnodocoenaaeqrotisadmmmpm

2678 1094 2963 1158 (Servavit
2984 1096 3128 1149 neza
3160 1096 3245 1149 ed.
3265 1094 3469 1150 Gener.
3486 1093 3683 1217 ΞΠΒὸΟ
3736 1095 3896 1148 Laus.
3932 1111 3986 1164 p.
4017 1092 4138 1162 62⁷,
4174 1094 4385 1147 nnnov.
4496 1090 4589 1172 ⁷⁰3·

2677 1163 2891 1219 Ohouet
2935 1181 2990 1234 p.
3028 1162 3149 1247 454,
3187 1165 3360 1218 Amst.
3395 1181 3463 1286 ξ.
3545 1233 3557 1245 ·
3593 1200 3606 1213 .
3678 1136 3792 1244 fios
3828 1164 4129 1233 reperimus
4164 1109 4520 1283 autogr-ph?
4544 1179 4595 1260 n.

2678 1232 2809 1288 Ood.
2832 1233 3235 1288 Tronchimano
3271 1233 3361 1289 sol.
3416 1234 3559 1356 0:311
3570 1232 3991 1369 ggelsseffim
4029 1232 4369 1301 adscriptum
4421 1237 4595 1300 egatus.

2852 1470 2924 1537 S.
2972 1471 3122 1537 Etsi
3143 1471 3399 1556 pridem
3435 1491 3649 1538 meam
3674 1471 3756 1538 de
3778 1490 3979 1538 coena
4012 1471 4301 1556 aegrotis
4322 1470 4597 1536 adminis-

2679 1556 2917 1623 tranda
2980 1558 3375 1625 sententiam
3442 1559 3706 1643 rogasti,
3733 1560 3782 1636 ¹)
3863 1556 4110 1640 optime
4190 1556 4415 1637 frater,
4484 1555 4602 1622 ideo

2678 1651 2902 1708 tamen
2945 1642 3202 1708 nullum
3246 1643 3455 1708 tulisti
3500 1664 3885 1728 responsum
3931 1640 4106 1726 quod
4149 1652 4214 1707 te
4250 1641 4475 1725 procul
4513 1640 4603 1706 ab·

2677 1749 2823 1795 esse
2865 1729 3198 1812 putabam.
3287 1729 3394 1794 Ita
3437 1730 3680 1794 factum
3739 1737 3858 1806 est,
3916 1739 3993 1793 ut
4039 1725 4341 1811 Crispino
4358 1730 4417 1810 ²)
4468 1726 4607 1793 nihil

2678 1814 3025 1880 literarum
3048 1813 3358 1881 dederim.
3403 1815 3496 1879 Et
3518 1836 3692 1881 nunc
3715 1834 3917 1898 quum
3941 1814 4315 1897 superiores
4337 1813 4605 1892 litera‘)

2677 1899 3075 1981 clausissem,
3135 1901 3318 1965 venit
3369 1899 3536 1964 mihi
3578 1901 3647 1965 in
3692 1908 3980 1965 mentem
4025 1907 4221 1982 caput
4266 1899 4397 1965 hoc
4440 1899 4607 1963 fuisse

2677 1986 3015 2051 omissum.
3116 1983 3270 2051 Scio
3313 2006 3456 2051 rem
3501 1987 3572 2050 in
3618 1985 4077 2069 disceptatione
4136 1985 4416 2062 versari,
4484 1984 4611 2067 quia

2676 2092 2809 2136 non
2855 2070 3095 2137 desunt
3138 2071 3446 2155 utrinque
3503 2072 3805 2137 rationes.
3896 2070 4069 2136 Mihi
4128 2091 4284 2136 vero
4346 2091 4480 2136 non
4530 2075 4611 2134 εκ

2674 2157 3098 2241 propositum,
3143 2178 3322 2223 nunc
3358 2178 3467 2223 eas
3489 2157 3822 2241 sigillatim
3859 2165 4181 2234 excutere,
4222 2177 4441 2239 neque
4474 2165 4613 2219 tem·

2673 2264 2798 2326 pus
2844 2243 3155 2326 suppetit.
3242 2243 3351 2307 Ex
3397 2253 3639 2308 natura
3682 2241 3963 2325 quidem,
4019 2244 4165 2320 fine,
4214 2251 4283 2307 et
4329 2262 4457 2306 usu
4498 2261 4613 2323 my·

2675 2329 2860 2394 sterii
2904 2327 3105 2412 probe
3170 2327 3341 2392 mihi
3391 2327 3698 2412 colligere
3749 2327 3995 2406 videor,
4061 2350 4190 2391 non
4249 2348 4400 2392 esse
4454 2335 4615 2391 tanto

2673 2414 2845 2479 bono
2908 2411 3269 2497 privandos
3334 2415 3447 2497 qui
3506 2414 3613 2479 vel
3673 2413 3982 2479 diuturno
4041 2412 4269 2478 morbo
4314 2412 4613 2486 laborant,

2676 2498 2786 2564 vel
2830 2497 2911 2565 de
2957 2498 3091 2563 vita
3133 2498 3603 2582 periclitantur.
3689 2497 3796 2564 Ad
3857 2498 4005 2564 fidei
4065 2498 4615 2563 confirmationem

2677 2585 2856 2652 valet
2897 2592 3214 2650 tesseram
3258 2585 3551 2668 accipere
3594 2586 3780 2667 quasi
3824 2606 3910 2651 ex
3944 2583 4195 2650 Ohristi
4239 2605 4470 2662 manu,
4510 2601 4618 2665 qm

2674 2671 2984 2737 certiores
3026 2672 3264 2736 fiamus
3308 2690 3430 2736 nos
3472 2670 3544 2735 in
3588 2671 3730 2736 eius
3778 2690 4048 2754 corpore
4104 2670 4388 2748 censeri,
4446 2687 4617 2736 earne

2674 2755 2817 2822 eius
2853 2764 2921 2821 et
2962 2756 3282 2840 sanguine
3319 2758 3500 2839 pasci
3535 2756 3604 2820 in
3628 2776 3813 2839 spem
3836 2765 4139 2822 aeternae
4160 2757 4360 2821 vitae.
4407 2755 4621 2836 Itaque

2674 2862 2915 2907 coenae
2957 2842 3285 2926 perceptio
3329 2863 3450 2907 nos
3483 2841 3565 2907 ad
3602 2840 3938 2908 obeundas
3971 2839 4351 2926 spirituales
4386 2864 4433 2926 p

2674 2926 2960 2993 instruit.
3026 2927 3169 2992 Iam
3214 2926 3271 2993 si
3315 2928 3464 3011 pius
3507 2928 3833 3011 quispiam
3874 2948 3911 2993 e
3932 2925 4179 2992 mundo
4217 2928 4485 3011 migran

2676 3012 2800 3078 sibi
2842 3012 3079 3093 videat,
3139 3013 3295 3097 quia
3334 3013 3483 3080 fieri
3527 3034 3657 3079 non
3714 3022 3946 3098 potest,
4004 3013 4162 3098 quin
4216 3021 4623 3098 oppugnetur

2676 3121 2754 3166 ac
2798 3108 3079 3165 vexetur
3142 3099 3369 3165 multis
3428 3101 3929 3178 tentationibus,
3994 3101 4227 3165 merito
4283 3120 4360 3164 se
4404 3098 4623 3165 armari

2676 3184 2896 3267 cupiet
2960 3184 3045 3248 ad
3101 3184 3520 3251 sustinendos
3587 3186 3945 3251 conflictus.
4047 3189 4157 3252 An
4222 3183 4623 3270 eripiendum

2680 3280 2784 3335 est
2804 3269 3143 3353 singulare
3185 3269 3658 3351 adiumentum,
3702 3291 3833 3353 quo
3862 3271 4067 3337 fretus
4102 3269 4185 3335 ad
4220 3272 4473 3337 luctam
4508 3269 4623 3335 ab·

2679 3355 2858 3421 orius
2881 3352 3235 3420 descendat
3270 3366 3335 3421 et
3358 3354 3704 3421 victoriam
3737 3355 4072 3422 obtineat?
4117 3356 4263 3421 Iam
4290 3356 4623 3441 prohiberi.

2676 3441 3027 3523 quominus
3072 3440 3265 3506 liceat
3306 3441 3605 3523 profiteri
3656 3452 3724 3507 et
3767 3450 4080 3508 testatum
4121 3443 4338 3509 facere
4387 3440 4627 3527 pietat‘n

2678 3545 3071 3591 consensum
3092 3547 3241 3592 cum
3267 3525 3560 3604 ecclesia,
3605 3525 3848 3593 durum
3885 3536 3987 3593 est
4029 3549 4105 3594 ac
4148 3527 4308 3594 mali
4330 3526 4625 3611 exempli.

2678 3611 2824 3677 sive
2866 3611 3012 3694 quis
3055 3609 3123 3676 in
3166 3610 3336 3678 lecto
3377 3608 3492 3677 diu
3536 3613 3765 3690 iaceat,
3808 3612 3951 3678 sive
3991 3615 4190 3679 morti
4232 3616 4329 3679 sit
4360 3616 4625 3681 vicinus.

2681 3695 2885 3779 Atqui
2947 3716 3151 3762 coena
3213 3704 3479 3763 sanctae
3543 3698 3720 3762 inter
3780 3698 3950 3765 filios
4005 3697 4133 3764 Dei
4199 3700 4485 3766 unitatis
4542 3708 4629 3765 oet

2678 3779 3069 3867 symbolum.
3145 3781 3470 3864 Quamvis
3503 3782 3794 3849 breviter
3828 3806 3966 3850 rem
4004 3786 4358 3868 attigerim,
4406 3806 4627 3871 agnos·

2679 3870 2774 3934 cis
2820 3876 3042 3932 tamen
3089 3867 3325 3951 quibus
3368 3867 3732 3935 rationibus
3776 3869 4099 3935 adductus
4154 3880 4465 3955 aegrotos
4506 3890 4629 3935 non

2680 3974 2824 4019 esse
2887 3953 3169 4018 arbitrer
3222 3973 3263 4018 a
3319 3955 3912 4021 communicatione
3976 3956 4308 4023 arcendos.
4414 3956 4629 4039 Neque

2682 4049 2904 4104 tamen
2969 4059 3046 4104 ea
3104 4038 3184 4104 de
3240 4059 3438 4106 causa
3492 4040 3692 4106 velim
3734 4040 3962 4108 turbas
4004 4063 4291 4109 movere.
4382 4042 4529 4109 Scis
4570 4042 4631 4105 ia

2680 4124 2806 4190 hac
2870 4123 3137 4190 ecclesia
3204 4125 3405 4189 alium
3462 4147 3604 4191 esse
3660 4148 3929 4193 morem.
4032 4127 4422 4211 Acquiesco‚
4489 4126 4633 4211 quin

2684 4209 2843 4276 utile
2886 4231 3017 4275 non
3061 4218 3238 4276 esset
3295 4211 3711 4277 contendere.
3799 4212 3935 4295 Qui
3992 4212 4163 4279 hanc
4216 4212 4629 4279 administra—

2681 4297 2931 4361 tionem
2999 4316 3132 4360 non
3198 4304 3438 4380 putant
3493 4296 3747 4364 Christi
3807 4298 4115 4365 mandato
4168 4320 4316 4364 esse
4370 4318 4631 4366 consen-

2682 4390 2968 4461 taneam,
3011 4381 3328 4448 obiiciunt
3368 4401 3627 4447 sacrum
3670 4383 3793 4450 hoc
3837 4385 4107 4468 epulum
4141 4385 4345 4451 fuisse
4378 4386 4633 4451 institu-

2682 4476 2844 4546 tum,
2911 4475 2989 4532 ut
3051 4469 3484 4533 communiter
3526 4469 3660 4534 illic
3705 4483 4128 4537 vescerentur
4169 4469 4417 4549 fideles,
4468 4466 4633 4555 quod

2681 4552 2817 4618 illis
2860 4573 3091 4620 verum
3151 4574 3296 4620 esse
3350 4553 3654 4620 concedo.
3746 4554 3883 4622 Sed
3948 4556 4251 4640 quamvis
4316 4557 4501 4622 nulla
4552 4555 4633 4619 sit

2682 4638 2978 4722 legitima
3020 4659 3238 4719 coena,
3286 4639 3414 4705 nisi
3458 4642 3857 4708 communis:
3901 4663 4070 4725 quae
4106 4654 4326 4708 tamen
4360 4641 4633 4728 aeg-rutis

2682 4722 2962 4803 dabitur,
3006 4725 3162 4807 quia
3202 4726 3466 4809 privata
3507 4747 3642 4792 non
3686 4728 3831 4804 erit,
3883 4727 4258 4794 adulterina
4303 4750 4433 4795 uon
4486 4748 4633 4793 een-

2680 4809 2947 4877 sebitur.
3013 4809 3187 4876 Nam
3227 4821 3402 4877 certe
3436 4822 3690 4894 partem
3713 4814 3818 4880 vel
3855 4814 4281 4899 appendicem
4314 4836 4453 4882 ense
4486 4834 4633 4881 onn-

2684 4903 2817 4961 stat
2881 4894 3177 4979 publicae
3241 4898 3529 4964 actionis.
3635 4898 3861 4983 Neque
3929 4922 4084 4967 vero
4149 4900 4417 4977 Paulus,
4479 4898 4633 4964 dun

2684 5188 2872 5244 4051.
2898 5188 2958 5323 13
2987 5186 3215 5244 Ditem
3246 5202 3359 5243 non
3393 5194 3627 5245 castam.
3934 5261 3944 5273 ⁶
4266 5261 4279 5273 ·
4432 5261 4439 5272 .

2893 5257 2957 5393 ξ)
2987 5255 3617 5396 &amcos-”mm
3651 5260 3729 5314 ad
3763 5258 4048 5315 nundum·
4078 5260 4450 5330 prolientur·-
