4900 6125
290 440 392 503 201

285 621 642 693 Corinthios
707 622 1033 704 admonet,
1102 622 1367 689 domum
1428 623 1661 707 cuique
1720 645 1908 689 suam
1965 643 2107 689 esse
2150 623 2221 687 in

282 708 2224 879 32:1¹1bamam3332‘’fi3.·53332²p5.{‘33¹35‘gmffivffiz

279 902 552 964 unquam
595 882 993 965 permissum
1037 891 1211 947 esset
1252 901 1430 950 nova
1464 891 1824 949 exstruere.
1891 879 2028 948 Sed
2071 888 2223 947 tan-

279 975 408 1033 tum
442 987 481 1031 a
511 965 965 1032 communibus
1001 967 1214 1050 epulis
1249 965 1565 1034 discernit
1599 967 1939 1053 spirituale
1972 975 2221 1052 myste-

277 1055 452 1130 rium,
498 1073 585 1118 ne
628 1073 778 1119 cum
822 1052 954 1118 illis
997 1054 1368 1119 misceatur.
1460 1053 1810 1121 Caeterum
1870 1052 2223 1138 diligenter

278 1136 618 1206 cavendum
685 1160 826 1205 esse
885 1138 1115 1217 fateor,
1175 1159 1260 1205 ne
1311 1160 1440 1223 qua
1494 1139 1766 1223 obrepat
1822 1140 2219 1223 superstitio,

274 1245 351 1290 ne
390 1245 534 1310 spes
577 1224 808 1291 salutis
841 1232 1120 1290 externo
1154 1225 1450 1311 symbolo
1485 1228 1822 1312 affigatur:
1867 1225 2102 1291 deinde
2135 1247 2222 1290 ne

273 1333 337 1377 se
368 1311 620 1394 ingerat
653 1310 945 1390 ambitio,
981 1331 1153 1377 neve
1188 1309 1463 1378 ebulliat
1497 1319 1916 1396 praepostera
1949 1311 2219 1377 curiosi-

272 1407 377 1462 tas
440 1396 650 1464 Parce
671 1396 879 1482 igitur
912 1403 981 1462 et
1001 1395 1296 1462 adhibito
1319 1395 1592 1478 delectu,
1635 1419 1761 1465 nec
1797 1395 1987 1464 aliter
2020 1418 2219 1481 quam

269 1502 450 1549 causa
495 1482 776 1566 cognita,
833 1483 1076 1548 vellem
1130 1502 1399 1548 coenam
1458 1483 1634 1567 apud
1694 1491 1999 1568 aegrotos
2050 1481 2220 1550 cele-

269 1568 448 1634 brari.
536 1567 795 1633 Deinde
838 1589 924 1633 ne
970 1590 1011 1634 a
1054 1566 1301 1633 Christi
1343 1570 1759 1635 institutione
1801 1570 2016 1635 aliena
2052 1568 2221 1634 foret

267 1653 368 1719 vel
405 1653 754 1719 minimum
800 1652 1180 1721 deflecteret
1223 1656 1409 1734 actio,
1455 1654 1697 1722 nollem
1741 1656 1873 1721 nisi
1917 1656 1988 1721 in
2031 1663 2220 1722 coetu

264 1739 509 1889 {imum
528 1789 544 1818 ,
621 1738 866 1804 nollem
932 1741 1176 1823 absque
1240 1739 1540 1807 doctrina
1605 1751 1672 1807 et
1735 1740 1995 1825 publico
2060 1740 2215 1806 ritu.

322 1825 444 1891 ecit
484 1824 892 1908 quorundam
952 1825 1254 1902 stultitia,
1311 1826 1426 1909 qui
1480 1847 1721 1910 panem
1775 1826 1859 1892 ad
1917 1837 2219 1912 aegrotos

267 1909 604 1976 deferendo
663 1920 979 1994 tanquam
1033 1911 1362 1977 ferculum
1406 1912 1479 1977 in
1531 1932 1775 1997 pompa
1817 1921 2098 1998 gestant,
2141 1919 2220 1977 ut

303 1997 346 2060 ii
387 1996 687 2062 homines
729 2004 1046 2081 tanquam
1093 2019 1134 2064 a
1176 1997 1550 2082 corruptela
1605 2020 1742 2065 non
1789 1998 2059 2065 ferenda
2103 1998 2217 2064 ab·

264 2017 587 2148 floneant.
696 2081 1184 2167 Corrigendum
1261 2105 1417 2169 ergo
1483 2092 1657 2150 esset
1729 2083 1894 2150 illud
1959 2103 2216 2168 quoque

267 2168 508 2234 vitium.
599 2169 749 2253 Ego
794 2190 951 2234 vero
995 2189 1223 2235 eorum
1268 2170 1488 2234 timori
1531 2169 1722 2237 facile
1765 2170 2054 2256 ignosce,
2103 2168 2218 2253 qui

265 2251 340 2317 ad
400 2253 854 2336 praecavenda
905 2254 1199 2338 pericula
1252 2255 1337 2320 ab
1393 2263 1545 2322 actu
1598 2277 1730 2321 non
1782 2258 1879 2322 ita
1924 2256 2216 2339 praecise

263 2341 621 2405 necessario
662 2339 1128 2407 abstinendum
1171 2349 1470 2407 censent:
1521 2341 1715 2407 modo
1758 2342 2045 2409 vicissim
2103 2361 2216 2426 ag-

261 2433 525 2491 noscant
568 2445 678 2490 me
721 2446 852 2491 non
895 2436 1143 2492 temere
1186 2425 1366 2492 aliud
1401 2427 1666 2494 sentire.
1731 2427 1921 2507 Vale,
1966 2429 2215 2514 optime

261 2517 322 2575 et
361 2511 790 2596 integerrime
834 2512 1052 2578 frater.
1128 2510 1365 2578 Saluta
1405 2513 1665 2580 amicos.
1732 2512 2061 2580 Dominus
2094 2534 2215 2581 vos

263 2615 478 2662 omnes
520 2607 885 2676 conservet,
924 2599 1170 2664 virtute
1214 2597 1465 2665 invicta
1505 2599 1753 2678 fulciat,
1813 2599 2048 2683 spiritu
2093 2619 2213 2667 suo

346 2683 578 2748 bel-net
619 2693 845 2750 vestra
878 2684 1156 2751 consilia
1189 2693 1260 2750 et
1293 2683 1526 2751 studia.
1591 2684 1929 2765 Genevae,
1973 2684 2214 2752 Calen-

305 2768 354 2833 's
395 2769 803 2836 Decembris.
856 2773 1039 2835 1563.

1129 2905 1460 2972 Iohannes
1502 2904 1823 2972 Calvinus
1865 2915 2040 2972 tuus.

1133 3448 1330 3519 4052.

664 3602 1139 3672 OALVINUS
1183 3601 1825 3671 BULLINGERO.

425 3775 580 3842 Post
637 3780 936 3842 marrata
988 3795 1151 3857 quae
1205 3794 1294 3838 mo
1456 3775 1567 3840 ’me
1618 3776 1688 3839 in
1736 3773 1957 3842 Gallia
2010 3796 2213 3843 evene-

253 3867 415 3941 nmt,
462 3862 1200 3944 instatutilIesataqat
1254 3860 1433 3942 apud
1485 3861 2214 3944 saesdetbedereeum

253 3966 388 4031 rege
429 3949 719 4025 ineundo,
756 3948 831 4014 de
864 3967 988 4030 quo
1023 3946 1255 4012 scilicet
1295 3945 1422 4013 sibi
1462 3948 1632 4013 mira
1661 3947 1991 4031 promittit.

254 4118 652 4244 (Apofflbon
688 4119 968 4189 sequimur
1002 4117 1217 4173 Codicis
1251 4118 1454 4173 Genev.
1491 4116 1635 4181 1072,
1671 4118 1762 4173 fol.
1797 4117 1920 4200 2835,
1955 4118 2213 4200 collatum

256 4201 373 4241 cum
587 4186 709 4254 108,
740 4188 831 4243 fol.
869 4187 990 4251 152,
1038 4186 1371 4322 ood‘lgffff'n‘
1410 4185 1502 4242 v1.
1541 4185 1678 4240 1146
1712 4194 1771 4242 et
1803 4188 2020 4243 Simleri
2055 4187 2213 4244 Tom.

256 4424 640 4495 Clarissimo
705 4429 849 4494 viro
901 4426 986 4493 D.
1046 4427 1391 4495 Henricho
1445 4426 1842 4511 Bullingero
1907 4428 2217 4495 ecclesiae

255 4512 618 4599 'rigui-inae
680 4514 814 4580 fido
878 4514 1126 4598 pastori
1190 4513 1380 4578 fratri
1445 4533 1522 4578 ac
1580 4523 1985 4599 symmystae
2051 4514 2215 4579 mihi

826 4599 1183 4683 plurimum
1225 4597 1653 4666 observando.

425 4769 496 4839 S.
565 4772 673 4838 Ex
718 4791 848 4856 quo
903 4771 986 4837 ad
1045 4783 1113 4837 te
1167 4772 1417 4855 scripsi,
1441 4770 1494 4856 ¹)
1559 4771 1937 4838 venerande
1992 4771 2215 4853 frater,

253 4876 429 4923 nova
470 4857 637 4924 haec
677 4858 1123 4942 contigerunt:
1182 4877 1385 4940 quum
1439 4856 1561 4922 soli
1613 4877 1814 4940 prope
1857 4856 2219 4925 adversarii

250 4943 322 5007 in
364 4944 646 5011 consilio
687 4945 865 5029 regis
919 4951 1159 5022 essent,
1214 4952 1484 5027 repente
1525 4943 1769 5009 furioso
1808 4944 2061 5027 impetu
2105 4943 2217 5012 de-

248 5036 506 5097 cretum
549 5038 653 5097 est
695 5041 774 5096 ut
814 5031 989 5095 muri
1024 5027 1336 5095 Aureliae
1378 5037 1850 5097 everterentur.
1867 5032 1928 5112 ²)
2011 5031 2217 5098 Prae-

251 5217 532 5350 mz'ss),
558 5219 643 5354 ἔκ.
674 5215 836 5342 443ῗέ
890 5285 1041 5341 mat.
1088 5285 1186 5341 aaa
1235 5285 1423 5340 οιιωω
1472 5286 1626 5343 ιιι-ι.
1714 5327 1727 5340 .
1774 5285 1909 5343 296.-
1963 5288 2216 5343 rona-nt

254 5356 416 5425 qu'on
451 5357 737 5413 bastissoit
772 5358 907 5423 (une
940 5354 1213 5425 academ)
1243 5354 1280 5411 a
1299 5353 1456 5425 Lyon
1484 5372 1627 5426 pour
1699 5357 1849 5413 rider
1882 5374 2020 5414 ceux
2054 5358 2124 5413 de
2159 5359 2215 5412 la

1973 437 2138 499 1563
2181 433 2591 501 DECEMB.

4156 440 4285 505 202

2322 622 2537 688 fectus
2578 621 2884 688 militaris
2925 630 3143 690 turres
3183 622 3499 708 quasdam
3545 623 3843 690 demoliri
3885 627 4099 709 coepit
4150 628 4289 693 fos-

2325 728 2563 791 sasque
2585 707 2931 774 ruderibus
2951 709 3245 794 implere.
3316 709 3395 776 Si
3428 718 3651 776 tamen
3675 730 3874 776 verus
3896 719 4001 776 est
4034 732 4281 793 rumor,

2324 803 2588 861 autores
2643 803 2781 860 tam
2838 795 3189 879 perniciosi
3245 794 3492 863 decreti
3550 798 3686 864 iam
3742 797 4069 863 amentiae
4123 818 4285 865 suae

2321 879 2526 963 pudet
2568 900 2643 945 ac
2685 881 2993 963 poenitet.
3057 881 3246 947 Idem
3280 891 3347 946 et
3383 882 3463 948 de
3496 881 3798 964 plurimis
3832 882 3979 948 aliis
4011 881 4286 951 urbibus

2322 975 2713 1046 statuerant,
2780 987 2910 1032 non
2975 966 3103 1032 alio
3165 974 3513 1052 praetextu
3580 968 3708 1033 nisi
3770 968 3942 1051 quod
4006 967 4285 1036 minime

2322 1051 2591 1136 expedit
2646 1051 2784 1117 ulla
2839 1072 2983 1119 esse
3038 1054 3293 1119 munita
3348 1053 3491 1121 loca
3544 1054 3674 1120 nisi
3731 1053 3804 1119 in
3871 1054 4132 1136 finibus,
4198 1054 4285 1122 ad

2321 1147 2675 1203 extraneos
2716 1136 2944 1204 hostes
2987 1139 3320 1206 arcendos.

2494 1223 2815 1307 Princeps
2883 1223 3298 1301 condamm
3373 1234 3528 1291 ante
3601 1245 3896 1291 mensem
3973 1224 4057 1290 ab
4131 1225 4285 1292 aula

2324 1306 2640 1388 discessit,
2685 1310 2897 1375 iratus
2918 1309 3091 1393 quod
3113 1318 3325 1376 mater
3356 1312 3532 1396 regis
3575 1309 3954 1395 coniugium
3988 1310 4108 1376 filii
4142 1312 4285 1379 eius

2322 1415 2475 1460 cum
2518 1395 2657 1460 filia
2702 1393 2923 1461 Sancti
2957 1397 3258 1463 Andreae
3301 1405 3515 1463 astute
3558 1417 3953 1479 suspensum
3998 1395 4284 1463 tenebat.

2320 1478 2428 1545 Ita
2486 1479 2737 1547 scilicet
2806 1481 3058 1548 abiecta
3110 1481 3360 1549 Ohristi
3426 1502 3622 1549 causa
3686 1483 3811 1549 sibi
3877 1495 3945 1547 et
4006 1482 4287 1567 privatis

2321 1565 2717 1633 utilitatibus
2758 1566 3060 1634 addictus
3102 1575 3221 1635 est.
3312 1567 3728 1651 Quanquam,
3775 1574 3853 1634 ut
3896 1566 3978 1632 de
4021 1588 4099 1634 eo
4140 1568 4286 1651 pla-

2321 1652 2533 1718 cando
2590 1672 2783 1718 nemo
2854 1652 3175 1721 sollicitus
3232 1655 3350 1733 sit,
3424 1655 3565 1720 eius
3624 1652 3994 1739 indignatio
4050 1661 4285 1738 sponte

2317 1758 2441 1821 pro
2483 1758 2670 1803 more
2713 1746 3077 1805 evanescet.

2492 1824 2557 1889 N
2559 1845 2688 1889 unc
2729 1845 2900 1908 quae
2942 1823 3185 1891 nudius
3240 1826 3475 1890 tertius
3528 1824 3730 1890 allata
3783 1833 3943 1891 sunt
3982 1824 4281 1892 narrabo.

2320 1909 2832 1990 dalmachius&
2877 1931 3077 1994 quum
3114 1910 3196 1976 ad
3220 1910 3477 1995 Regem
3510 1909 3936 1977 salutandum
3971 1910 4283 1991 venisset,

2318 1993 2515 2062 valde
2558 1994 2940 2061 humaniter
2982 2005 3299 2079 exceptus
3355 2007 3487 2064 est:
3546 1994 3701 2062 inde
3743 1996 4080 2063 Lutetiam
4132 2016 4283 2079 per-

2317 2081 2493 2146 rexit
2535 2101 2685 2147 cum
2728 2082 3018 2146 maximo
3063 2083 3396 2148 comitatu.
3489 2080 3959 2162 Gennestabilis,
4018 2089 4096 2148 ut
4148 2092 4282 2149 sto·

2316 2165 2625 2233 machum
2671 2166 2920 2232 invidis
2963 2169 3223 2249 faceret,
3275 2170 3457 2233 venit
3509 2168 3581 2233 in
3633 2168 3774 2233 eius
3816 2167 3936 2234 bos
3983 2167 4173 2232 itium
4214 2175 4283 2234 et

2317 2252 2677 2403 ἓηῗιὶἳῖὲῗῗ
2700 2253 3171 2405 &mi-iffa&
3173 2253 3348 2405 {125⁰
3359 2252 4281 2423 ἐξὲηὲἒέῗέἷῲιέἰᾍῗῖζὲ

2318 2429 2577 2506 putant.
2671 2422 2997 2507 Guysiani
3037 2424 3322 2491 collectis
3363 2425 3542 2491 vasis
3593 2424 3664 2489 in
3707 2423 4055 2492 adversam
4097 2424 4281 2490 urbis

2318 2518 2576 2592 partem
2622 2511 3044 2575 transierunt.
3133 2510 3268 2575 Per
3321 2509 3553 2576 ducem
3601 2509 3976 2576 Nemorsum
4029 2510 4283 2575 interea

2319 2596 2726 2661 nunciarunt
2765 2596 2963 2660 matri
2986 2594 3212 2680 Regis,
3256 2617 3328 2663 se
3348 2596 3581 2662 mirari
3602 2593 3926 2679 quomodo
3948 2594 4281 2663 Admiral-

2319 2883 2568 2953 religion,
2611 2885 2720 2938 afin
2765 2884 2833 2939 de
2877 2885 3084 2939 flestrir
3126 2886 3274 2939 leurs
3322 2901 3502 2939 armes
3543 2900 3778 2938 avouees
3823 2901 3924 2954 par
3969 2884 4151 2939 l’ediot
4185 2883 4281 2949 (de

2310 2951 2696 3020 pacificationi)
2736 2953 2842 3007 l'on
2883 2953 3223 3034 demolisaoit
3265 2957 3324 3007 et
3356 2953 3735 3035 demantelloit
3764 2953 4000 3036 prleans
4036 2957 4094 3006 et
4128 2953 4280 3007 Mon·

2316 3020 3684 3173 tssbsspzta‘z‘geffoh'fflz‘asszssffsszwstffae
3723 3022 4170 3173 fflffld‘hffioetquff
4170 3021 4278 3147 ..¹23

2316 3158 2468 3212 Oeux
2503 3159 2573 3212 de
2609 3160 2664 3212 la
2696 3161 2926 3229 religion
2961 3161 3303 3231 endnroyent
3335 3165 3474 3229 tout,
3510 3177 3570 3214 se
3604 3166 3927 3214 contentane
3951 3160 4021 3213 de
4055 3161 4280 3230 simples

2315 3234 2756 3349 remonstrtanoes
2809 3245 2878 3283 en
2930 3230 3151 3300 papier,
3216 3236 3274 3283 et
3324 3245 3584 3283 recevans
3635 3230 3781 3283 aussi
3833 3229 3908 3282 du
3960 3229 4154 3298 papier
4207 3245 4279 3282 en

2351 3313 2385 3349 a
2421 3313 2577 3350 emen

2312 3312 2349 3364 p
2385 3315 2420 3366 y
2523 3364 2584 3426 3)
2620 3364 2880 3433 Lama
2922 3365 2976 3418 d.
3012 3364 3069 3420 d.
3108 3363 3192 3418 16.
3226 3364 3360 3419 Noe.
3405 3364 3476 3419 11.
3511 3364 3648 3419 269:
3698 3363 3929 3434 Saepius
4062 3365 4076 3378 ‘
4146 3364 4167 3417 i
4208 3364 4279 3418 de

2312 3435 2428 3489 filia
2475 3433 2892 3487 Santandreani.
2960 3434 3215 3487 Abducta
3266 3442 3352 3488 est
3401 3433 3624 3487 tandem
3671 3434 3741 3488 ab
3785 3449 3959 3488 uxore
3994 3432 4170 3488 Gmsii
4220 3436 4278 3487 in

2313 3503 2558 3570 Reginae
2574 3517 2918 3571 gynaeceum.
2975 3501 3241 3556 Convenit
3257 3508 3440 3555 autem
3475 3502 3622 3555 inter
3639 3501 3951 3556 Condacum
3969 3508 4030 3556 et
4044 3506 4277 3555 matrem

2312 3572 2528 3641 puellae
2572 3578 2638 3623 ut
2682 3571 2805 3639 ipsa
2849 3570 3022 3623 nubat
3065 3571 3428 3641 primogenito
3464 3570 3718 3626 Condaei.
3816 3569 3968 3625 Erat
3998 3571 4052 3625 is
4087 3569 4278 3640 Marq.

2313 3640 2382 3695 de
2419 3640 2532 3694 Gon
2626 3645 2796 3693 natus
2828 3637 2911 3692 29.
2933 3638 3071 3694 Dee.
3107 3639 3291 3704 1552.)
3356 3637 3440 3693 Ob
3474 3655 3593 3692 eam
3629 3656 3747 3693 rem
3826 3639 4068 3694 ondaeus
4100 3655 4279 3708 nuper

2312 3709 2478 3778 petiit
2510 3723 2545 3760 a
2690 3708 2778 3759 'ua
2812 3715 2874 3761 ut
2907 3708 3090 3776 puella
3121 3709 3283 3762 matri
3317 3707 3666 3761 redderetur:
3703 3723 3843 3789 quae
3880 3707 4179 3777 respondit,
4214 3723 4278 3761 se

2313 3778 2456 3831 velle
2493 3792 2590 3829 exs
2630 3782 2813 3829 ectare
2847 3776 3142 3830 adventum
3176 3776 3467 3831 cardinalis
3503 3775 3875 3846 Lotharmgici
3910 3783 3969 3831 et
4001 3777 4119 3830 eius
4153 3792 4279 3830 sen·

2313 3846 2547 3899 tentiam
2620 3860 2651 3897 e
2688 3861 2753 3898 ea
2785 3860 2848 3898 re
2882 3844 3089 3900 audire.
3160 3845 3315 3911 Quod
3349 3844 3487 3898 adeo
3521 3861 3685 3914 aegre
3730 3845 3861 3898 tulit
3894 3843 4179 3901 Condaens
4210 3849 4277 3898 ut

2314 3915 2532 3967 nemine
2566 3912 2805 3967 salutato
2839 3929 2961 3966 cum
3006 3913 3191 3982 paucis
3226 3913 3516 3968 comitibus
3559 3928 3619 3966 se
3655 3929 3724 3967 ex
3758 3913 3884 3968 aula
3918 3914 4273 3984 proripuerit.

2314 3984 2398 4037 Ea
2430 3999 2522 4036 res
2557 3982 2758 4035 multos
2805 3982 3069 4037 sollicitos
3114 3982 3370 4045 reddidit,
3416 3982 3514 4035 sed
3560 3982 3723 4036 audio
3767 3984 3876 4036 iam
3919 3982 4273 4051 placatior-em

2313 4052 2517 4107 factum
2551 4050 2863 4104 Oondaeum
2899 4057 2958 4103 et
2992 4051 3149 4104 brevi
3193 4051 3253 4132 in
3297 4052 3476 4105 aulam
3510 4066 3872 4133 reversurum.
3943 4050 4273 4131 Delaboydp,

2318 4118 2887 4258 meditus
2904 4116 3375 4270 ἕιὲθριέῗςὲίῗῖὶ
3397 4119 3702 4269 ἳαὲἓῗὲι
3717 4119 4273 4269 ...35‘155533‘32

2317 4259 2423 4312 toit
2456 4257 2527 4310 de
2563 4256 2616 4308 la
2649 4255 2912 4309 duchesse
2988 4273 3043 4308 ui
3076 4256 3307 4312 desirait
3341 4257 3531 4310 veiller
3563 4274 3658 4310 sur
3692 4272 3793 4309 sou
3827 4256 4132 4310 education.

2521 4325 2558 4378 4
2616 4322 2696 4379 N.
2730 4323 2835 4377 404
2873 4362 2888 4377 .
3267 4324 3382 4380 aaz.
3420 4325 3553 4379 Dec.
3598 4341 3653 4394 p.
3698 4323 3833 4378 272.-
3888 4324 4043 4379 Uxor
4094 4322 4272 4378 Guisii

2318 4394 2522 4450 obtulit
2554 4394 2693 4462 Regi
2728 4392 3029 4462 supplicem
3064 4393 3309 4448 libellum
3342 4410 3453 4464 quo
3487 4394 3631 4463 petit
3663 4409 3723 4446 se
3757 4393 3975 4447 admitti
4008 4392 4079 4445 ad
4114 4407 4271 4473 aequ·

2317 4463 2545 4517 sendum
2564 4462 2904 4517 Amiralium.
2956 4463 3005 4515 A
3043 4461 3156 4515 itur
3188 4468 3373 4515 tamen
3396 4462 3464 4515 de
3487 4462 3861 4531 componenda
3882 4466 4271 4527 controversia,

2307 4539 2376 4586 ‘et
2408 4531 2573 4586 hodie
2617 4530 2801 4583 andivi
2844 4546 2965 4583 esse
3084 4548 3206 4583 nam
3252 4547 3405 4600 spem
3451 4530 3521 4583 de
3566 4547 3632 4584 ea
3676 4545 3755 4584 re.
3965 4545 4130 4597 quum
4166 4528 4272 4583 hoc

2315 4601 2424 4654 iam
2460 4599 2677 4669 saepius
2710 4599 2782 4653 sit
2814 4598 3018 4652 &nstra
3049 4604 3338 4668 tentatum,
3375 4615 3568 4652 vereor
3590 4614 3660 4651 ne
3693 4614 3836 4651 nunc
3869 4597 4011 4652 idem
4039 4598 4270 4652 accidat.

2316 4670 2482 4723 Esset
2533 4668 2755 4736 quidem
2806 4667 2941 4720 utile
2991 4666 3126 4736 ipsis
3177 4669 3341 4721 etiam
3394 4667 3597 4721 Guisiis
3650 4665 3790 4720 hanc
3839 4667 4269 4720 controversiam

2316 4740 2586 4807 componi,
2620 4743 2677 4791 et
2710 4735 2853 4789 sorte
2887 4751 2995 4789 non
3031 4733 3391 4790 abborrerent
3420 4738 3489 4790 ab
3523 4752 3589 4789 ea
3623 4750 3702 4798 re,
3748 4750 3915 4804 quum
3949 4734 4108 4789 buius
4154 4734 4268 4789 litis

2317 4822 2481 4861 causa
2522 4810 2786 4875 cogantur
2828 4819 3055 4873 magnos
3099 4810 3348 4873 sumptus
3392 4804 3571 4857 facere
3617 4810 3671 4856 et
3707 4804 3881 4857 mults
3923 4801 4270 4857 incommoda

2316 4875 2579 4944 perferre.
2634 4873 2743 4927 Sed
2777 4880 2901 4928 sunt
2926 4872 3095 4941 aliqui
3114 4873 3208 4953 qui
3224 4878 3419 4943 putant
3445 4888 3511 4926 ex
3535 4887 3595 4925 re
3628 4887 3728 4925 sua
3760 4887 3880 4925 esse
3896 4872 4125 4926 Galliam
4159 4870 4268 4923 ssc-

2314 4941 2555 5001 tionibus
2588 4942 2821 5009 concuti,
2853 4947 2911 4994 et
2945 4941 3099 4995 alunt
3131 4948 3239 4994 ista
3266 4941 3490 4994 dissidia
3550 4946 3774 4993 uantum
3808 4940 3867 4994 in
3902 4955 3961 4992 se
3995 4946 4095 4995 est.
4152 4938 4271 4993 Hoc

2316 5015 2424 5068 iam
2462 5011 2663 5067 Guisiis
2696 5009 3133 5080 perincommode
3169 5009 3368 5065 accidit
3401 5026 3475 5079 qu
3563 5008 3682 5064 Rex
3716 5009 3951 5062 mutavit
3984 5007 4269 5063 consilium

2317 5081 2577 5136 visendae
2621 5079 2826 5133 sororis
2866 5079 2924 5132 in
2960 5078 3222 5132 Letharin
3265 5080 3340 5131 'az
3388 5095 3514 5132 nam
3561 5094 3627 5131 ea
3660 5076 3930 5146 profectio
3961 5077 4270 5146 peperisset

2316 5151 2398 5204 eis
2443 5166 2552 5203 non
2596 5164 2790 5229 parum
2836 5148 3164 5202 autoritatis.
3315 5164 3406 5201 um
3441 5150 3731 5215 putaretur
3764 5144 3880 5198 Rex
3922 5145 4268 5214 ingressurus

2315 5220 2440 5286 iter,
2492 5217 2677 5272 subito
2731 5221 2816 5270 est
2867 5216 2971 5269 buc
3022 5232 3291 5270 reversus.
3358 5215 3532 5270 Aiunt
3562 5213 4001 5270 connestabilem
4046 5214 4266 5278 dixisse,

2317 5288 2421 5345 sibi
2469 5302 2578 5341 non
2624 5285 2797 5339 videri
2839 5284 3144 5339 consultum
3186 5288 3250 5337 ut
3282 5283 3403 5339 Rex
3448 5284 3556 5338 ists
3599 5286 3783 5337 aetate
3827 5280 3899 5334 ad
3943 5281 4079 5336 fines
4112 5281 4268 5352 regni

2316 5356 2620 5417 secederet,
2652 5353 2955 5422 multosque
2990 5354 3106 5407 eius
3139 5353 3444 5408 sententiae
3478 5350 3841 5422 adstipulato-
3874 5364 4012 5405 esse.
