4900 6125
618 408 745 473 151

622 599 761 672 tur,
806 591 880 657 in
923 599 1228 677 apertum
1268 591 1490 677 ignem
1535 590 1732 676 paulo
1773 598 1928 678 post
1966 597 2288 676 erumpet.
2349 589 2592 657 Vobis-

624 698 780 745 cum
824 677 1069 760 optime
1112 678 1538 746 consentiunt
1575 678 1920 757 Bernates,
1958 676 2376 756 Scaffusiani,
2416 674 2593 744 San-

622 762 949 916 galenses,
984 771 1063 830 ut
1096 762 1266 830 nihil
1300 764 1392 830 sit
1423 763 1699 849 periculi
1735 785 1776 830 a
1808 764 2087 830 minima
2121 761 2590 831 controversia.

682 849 705 914 i
762 869 920 934 ergo
975 858 1272 934 pastores
1328 871 1558 917 earum
1600 849 1864 917 urbium
1906 847 2321 935 postularent
2361 870 2403 915 a
2448 847 2597 915 Sul-

622 954 761 1002 cero
813 934 970 1018 quid
1014 934 1140 1002 sibi
1195 935 1378 1015 velit,
1437 936 1723 1019 turpiter
1765 944 2113 1022 cogeretur
2155 955 2197 1000 a
2239 934 2594 1000 temeraria

624 1020 1110 1105 subscriptione
1153 1019 1506 1101 discedere,
1550 1019 1635 1087 ad
1654 1042 1856 1104 qnam
1895 1042 2051 1088 eum
2092 1040 2277 1087 mera
2319 1017 2591 1085 ambitio

622 1105 911 1190 impulit,
971 1107 1076 1173 vel
1134 1108 1368 1174 saltem
1414 1107 1751 1193 detegeret
1792 1106 1966 1190 quod
2008 1107 2329 1173 hactenus
2372 1103 2590 1172 occul-

623 1191 814 1258 tavit.
902 1192 1052 1259 Nisi
1110 1194 1288 1259 enim
1353 1192 1549 1260 valde
1590 1192 1783 1260 fallor
1826 1193 1954 1260 alio
2001 1190 2313 1276 adspirat.
2388 1190 2591 1258 Oerte

623 1277 755 1344 nisi
797 1278 1141 1344 occurritis
1198 1299 1334 1345 non
1374 1280 1518 1346 sine
1576 1288 1797 1346 vestra
1838 1279 1861 1345 i
1956 1278 2206 1345 ominia
2246 1277 2593 1344 iaotabunt

623 1361 986 1429 adversarii
1042 1363 1386 1431 Helvetios
1452 1365 1584 1431 iam
1651 1385 1795 1431 esse
1908 1364 2126 1432 ‘visos.
2214 1362 2363 1430 Iam
2428 1361 2591 1430 vicit

622 1447 1001 1531 Mamochii
1062 1450 1536 1535 importunitas
1605 1460 1681 1516 ut
1732 1449 1950 1518 Gallis
2019 1449 2270 1516 fuerint
2326 1448 2591 1515 clausae

620 1534 854 1619 templi
897 1535 1090 1603 fores.
1109 1538 1163 1615 ⁸)
1243 1535 1353 1602 Ita
1395 1535 1733 1603 ecclesiola
1775 1556 1943 1620 quae
1986 1538 2068 1601 25
2115 1534 2311 1601 annis
2347 1535 2589 1599 florue-

618 1629 745 1700 rat,
789 1620 1034 1688 fnrioso
1076 1620 1273 1689 huius
1317 1621 1562 1689 bestiae
1604 1621 1857 1706 impetu
1914 1642 2147 1688 eversa
2188 1629 2309 1686 est.
2399 1618 2589 1686 Stur-

620 1705 794 1772 nn‘us
835 1718 903 1773 et
953 1706 1363 1774 ottomanus
1405 1715 1736 1791 pastorem
1779 1705 2170 1782 demulcent,
2215 1726 2345 1789 quo
2388 1727 2461 1772 se
2505 1702 2590 1770 ad

624 1790 914 1857 mediam
974 1792 1260 1876 aliquam
1316 1792 1640 1860 rationem
1698 1792 2008 1860 inflectat.
2096 1791 2429 1859 Volebant
2479 1811 2590 1856 me

621 1874 868 1944 habere
942 1897 1019 1944 su
1235 1888 1444 1945 torem
1468 1930 1485 1959 ,
1551 1878 1668 1945 sed
1740 1878 2087 1947 consilium
2168 1876 2319 1944 dedi
2396 1875 2590 1961 quale

620 1962 792 2029 mihi
837 1964 1082 2031 veritas
1176 1965 1435 2032 ‘etabat.

795 2048 1187 2133 Respondeo
1244 2050 1455 2117 literis
1498 2051 1584 2117 D.
1634 2048 1950 2117 Stanislai
1993 2049 2179 2116 cuius
2222 2067 2590 2133 cognomen

620 2154 836 2285 32¹3
872 2136 1555 2289 ‘'iizffiffss‘tffissse‘in
1581 2135 1857 2292 31⁰3&ss
1857 2139 2175 2288 θςῖὶῒθῖο
2228 2133 2594 2287 ἒῗᾝῗὲῗ

620 2304 967 2387 habebam,
1034 2307 1187 2390 quia
1249 2308 1418 2373 mibi
1483 2318 1789 2392 suspecta
1853 2271 2030 2374 nunc
2094 2314 2198 2373 est
2258 2327 2340 2373 ea
2410 2304 2593 2370 natio

619 2389 796 2474 quod
839 2392 1032 2475 pauci
1076 2393 1331 2459 sincere
1375 2401 1600 2478 agunt.
1673 2392 1902 2475 Quum
1944 2401 2169 2459 tamen
2211 2389 2591 2476 intelligam

616 2475 862 2542 liberos
905 2480 1048 2543 eius
1090 2479 1292 2545 fuisse
1338 2487 1487 2546 tuos
1530 2478 2049 2559 contubernales,
2104 2478 2319 2545 officio
2353 2476 2591 2543 deesse

617 2562 827 2630 nolui.
907 2562 1433 2648 Responsionem
1490 2585 1706 2631 meam
1762 2585 1922 2649 rogo
1981 2572 2060 2630 ut
2127 2561 2590 2648 perferendam

617 2666 827 2715 eures.
915 2648 1105 2728 Vale,
1160 2650 1522 2717 clarissime
1580 2652 1684 2717 vir
1747 2659 1817 2716 et
1855 2649 2027 2715 mihi
2067 2648 2431 2733 plurimum
2474 2648 2589 2714 ob-

617 2733 946 2801 servande
998 2734 1221 2803 frater.
1310 2735 1602 2821 Gollegis
1660 2734 1967 2803 omnibus
2035 2734 2322 2803 salutem
2376 2733 2589 2817 pluri·

616 2840 817 2888 mam.
909 2820 1224 2888 Genevae
1274 2826 1372 2888 12.
1419 2820 1604 2906 Sept.
1656 2825 1840 2888 1563.

1545 2941 1831 3010 Ioannes
1872 2941 2199 3009 Oalvinus
2241 2949 2411 3008 tuus.
2436 2966 2441 2972 ·

792 3112 1192 3180 Ionvillaeus
1246 3120 1403 3181 tuus
1456 3121 1841 3182 reverenter
1896 3119 1968 3182 et

620 3216 708 3263 ex
749 3198 974 3265 animo
1016 3198 1281 3267 salutat.

1506 3710 1701 3782 4⁰21.

931 3845 1584 3917 IONVILLAEUS
1630 3845 2275 3916 BULLINGERO.

798 4016 1022 4086 Pauca
1085 4017 1263 4087 haba
1326 4021 1404 4087 de
1464 4019 2016 4088 robusPozonicis
2078 4020 2271 4102 doque
2336 4015 2594 4086 Caluini

618 4102 1163 4173 lucubrationibus
1204 4106 1291 4173 ad
1331 4106 1582 4174 eaedem
1621 4107 2061 4189 spadonibus.

620 4274 733 4343 (lh
767 4276 1108 4399 autographo
1151 4276 1321 4330 Areb-
1366 4277 1546 4332 Turio.
1593 4277 1741 4332 Plut.
1778 4276 1877 4331 VL
1924 4276 2056 4331 Vol.
2102 4273 2205 4329 166

1027 4362 1133 4401 om.
1167 4343 1255 4411 24,
1288 4345 1384 4403 τοι.
1415 4345 1538 4401 285.
1572 4375 1639 4386 -
1677 4345 1891 4402 simler.
1931 4345 2051 4400 vol.
2088 4315 2237 4411 1085

2266 4274 2398 4331 olim
2443 4274 2588 4345 Epp-

796 4515 1183 4583 Olarissimo
1216 4517 1365 4583 viro
1398 4518 1485 4584 D.
1523 4516 1818 4585 Henrico
1852 4515 2082 4583 Bullin
2280 4514 2594 4582 ecclesiae

624 4600 988 4687 'l'igurinae
1044 4601 1178 4669 fido
1234 4604 1481 4688 pastori
1540 4603 1899 4687 plurimum
1944 4602 2113 4668 milu
2156 4599 2591 4773 mando.

2148 401 2682 474 EPIS'POLAE
2725 406 3154 472 4020-4023

4495 406 4584 472 1⁶2

2871 590 2944 659 S.
3004 592 3269 659 Nudius
3322 593 3582 674 tertius,
3636 592 4001 660 clarissime
4055 592 4185 673 vir,
4238 591 4448 659 litem
4480 603 4592 660 tun

2693 679 2933 762 accepi,
2991 679 3063 744 in
3116 679 3356 762 quibus
3413 686 3610 745 erant
3637 678 3974 759 inclusae,
4085 699 4205 744 nas
4247 699 4332 744 ex
4369 677 4598 745 Polonis

2695 775 2997 847 acceptas
3038 764 3297 831 misisti.
3384 764 3555 830 Heri
3596 763 3985 833 fasciculum
4045 764 4060 778 '
4116 784 4234 830 nm
4275 763 4392 829 tuli
4428 763 4500 829 ad
4531 763 4596 830 D.

2697 848 3073 917 Calvinum:
3135 850 3419 936 perlegit
3462 851 3632 935 ipse,
3696 871 3863 933 quas
3904 851 3992 917 D.
4041 848 4404 916 &asiduus
4437 849 4602 933 mip-

2692 937 2797 1016 sit,
2856 957 2898 1002 a
2951 955 3079 1020 quo
3135 937 3340 1003 etiam
3396 958 3610 1021 nuper
3655 933 3933 1023 [literae]
3979 943 4339 1020 acceperat.
4363 940 4410 1013 ¹)
4483 934 4602 1000 Alis

2693 1021 2824 1088 duo
2867 1022 3116 1105 scripta
3156 1022 3406 1088 cursim
3449 1022 3634 1101 vidit,
3701 1042 3825 1087 nec
3865 1020 4163 1107 perlegit.
4267 1018 4406 1087 Sub
4441 1021 4604 1086 finus

2692 1107 2966 1174 alterius
3020 1108 3147 1175 scri
3196 1108 3247 1173 ti
3292 1107 3602 1193 Gregorii
3650 1106 3852 1174 Pauli
3893 1108 4108 1173 minas
4147 1107 4315 1172 risit.
4399 1105 4606 1172 Aderat

2692 1193 2777 1259 D.
2825 1192 3024 1259 Beza.
3196 1195 3435 1277 eniqne
3492 1194 3688 1263 vanis
3741 1194 4019 1259 istorum
4080 1194 4095 1207 ⁰
4259 1194 4272 1206 '
4366 1189 4606 1258 tionibus

2693 1286 2763 1344 et
2803 1278 3074 1363 ineptiis
3117 1300 3189 1345 se
3233 1279 3524 1346 breviter
3565 1278 3700 1344 iam
3742 1277 4162 1364 respondisse
4255 1279 4269 1293 ‘
4327 1278 4393 1342 't
4456 1277 4608 1343 'Dum

2693 1364 2872 1430 aliud
2930 1387 3063 1431 non
3129 1363 3400 1431 addidit.
3487 1364 3704 1431 Hodie
3763 1385 3970 1448 quum
4015 1363 4377 1438 Lindia-3²)
4427 1371 4609 1428 noster

2691 1449 3031 1535 Lugdnno
3071 1471 3383 1518 reversus
3427 1460 3620 1532 esset,
3673 1449 3774 1516 illi
3817 1449 3904 1515 D.
3954 1447 4278 1516 &ansteo
4499 1445 4612 1512 ndit

2691 1537 2918 1618 paucis
2962 1535 3047 1603 ad
3093 1558 3172 1601 ea
3213 1556 3380 1620 quae
3418 1536 3604 1621 petit,
3649 1556 3930 1619 eumque
3973 1535 4057 1602 ad
4100 1556 4294 1601 suam
4339 1536 4398 1600 A
4573 1533 4586 1546 ’

2693 1621 2946 1688 tionem
2987 1630 3058 1687 et
3098 1621 3472 1705 Epistolam
3506 1623 3804 1700 remittit,
3840 1621 3973 1687 nisi
4005 1620 4433 1705 copiosiorem
4452 1619 4614 1685 buin

2692 1707 2793 1773 rei
2856 1709 3320 1774 tractationem
3382 1719 3607 1791 petere
3666 1707 3859 1773 malit
3921 1727 4005 1773 ex
4060 1706 4213 1771 aliis
4267 1706 4414 1772 eins
4451 1703 4614 1770 libn‘s

2692 1792 2993 1859 Tandem
3047 1792 3295 1873 scribit,
3353 1793 3496 1859 fore
3546 1803 3622 1860 ut
3688 1789 3938 1877 aliquid
3985 1791 4336 1876 Greyon'us
4375 1792 4490 1857 iste
4523 1810 4618 1855 ex·

2692 1887 3010 1963 torqueat.
3115 1879 3303 1946 Haec
3367 1900 3632 1945 summa
3694 1887 3796 1945 est
3858 1878 4224 1956 literarum,
4289 1897 4370 1942 ac
4429 1876 4618 1960 paucis

2690 1965 3145 2048 quaestionem
3230 1963 3313 2030 de
3398 1964 3831 2032 Invocatione
3925 1964 4142 2030 solvit.
4273 1961 4618 2046 Emnpln,

2692 2050 2865 2134 quod
2926 2050 3250 2134 perbreve
3314 2059 3442 2130 est,
3456 2126 3471 2137 ⁹
3503 2052 3807 2118 mittetur
3865 2048 4004 2129 tibi,
4070 2048 4130 2114 si
4184 2050 4281 2116 ita
4337 2046 4618 2114 videatur.

2693 2137 3049 2236 Caeterum
3092 2157 3284 2219 spero
3328 2135 3579 2237 aliquid
3619 2147 3854 2236 contra
3888 2135 4270 2236 Stancarqm·
4305 2131 4621 2232 aliqnando

2692 2222 3376 2408 ffl'effltniissffl,
3427 2222 3707 2407 25⁰3.
3739 2221 4364 2407 fflpnss‘mfflffl
4374 2227 4623 2370 ‘3¹33

2691 2413 2843 2460 cere
2908 2392 3210 2460 libuisset
3273 2393 3355 2460 de
3411 2394 3544 2459 aha
3607 2401 4075 2473 controversia,
4130 2411 4535 2476 excepmem
4567 2410 4628 2455 ω

2693 2478 2816 2545 tibi
2875 2479 3235 2546 misissem:
3305 2479 3423 2546 sed
3492 2480 3782 2546 hominis
3840 2478 4234 2545 brevitatem
4301 2478 4495 2543 nosti.
4565 2473 4626 2540 Si

2693 2586 2829 2716 32²³
2835 2568 3103 2717 ..w
3110 2565 3724 2734 ...ffflsszufffflmssff
3724 2564 4008 2717 m?
4011 2563 4628 2726 1301&me

2692 2735 2958 2816 Bezam,
3003 2735 3346 2803 Budaeum
3408 2745 3477 2803 et
3538 2737 3703 2804 alios
3767 2735 4075 2814 salutavi,
4142 2735 4260 2818 qui
4329 2743 4399 2800 te
4437 2751 4630 2799 omno

2694 2831 3078 2888 reverenter
3119 2822 3432 2889 salutant.
3503 2824 3683 2889 'l'uos
3726 2842 3957 2888 omnes
4001 2820 4220 2887 salvos
4259 2841 4414 2887 esse
4453 2817 4628 2901 cupio.

2695 2906 3025 2974 Dominus
3069 2917 3137 2974 te
3173 2907 3286 2975 diu
3320 2921 3544 2975 servet
3575 2908 3995 2986 incolumem,
4040 2907 4284 2990 spiritu
4323 2926 4446 2972 suo
4477 2909 4630 2988 regni

2693 2992 3159 3147 {aboribusque
3225 2994 3361 3060 tuis
3425 2993 3787 3063 benedicat.
3860 2992 4178 3059 Genevae
4229 2995 4333 3056 12.
4371 2990 4632 3076 sepum

2738 3080 2831 3148 ris
2882 3084 3065 3147 1563.

3101 3215 3385 3282 Carolus
3426 3213 3830 3282 Ionvillaeus
3874 3217 3974 3281 tui
4015 3214 4630 3283 observantissimus

3564 3740 3767 3813 4022.

3083 3894 3782 3964 FORWERGKIUS
3830 3896 4275 3964 OALVINO.

2873 4066 4074 4155 Quidproprieeibiveutwvideas.
4151 4067 4634 4136 Conlatum·

2693 4174 2817 4220 non
2874 4152 4197 4240 myiooioeronemwumsapitquam
4265 4150 4636 4240 spem-ud

3043 4411 3155 4478 (Ex
3191 4410 3534 4481 autographo
3569 4410 3704 4465 ood.
3736 4410 3901 4466 Goth.
3937 4410 4063 4473 405.
4092 4409 4188 4466 tol.
4222 4411 4338 4478 49.)

4300 4579 4638 4735 ,m

3367 4925 3876 5012 religiosissime,
3933 4946 4072 4992 non
4113 4926 4411 4993 nesciam
4455 4926 4527 4991 Τ.
4565 4922 4633 4987 Β.

2692 4583 3192 4650 Illustrissimae
3248 4582 3511 4667 pietatis
3569 4583 3884 4666 primario
3942 4582 4229 4648 antistiti

2693 4690 2902 4737 nevos
2961 4667 3457 4754 religiosissimo
3518 4668 3605 4734 D.
3650 4668 3890 4735 Ioanni
3947 4667 4248 4736 Oalvino.

3081 4754 3208 4820 tori
3252 4774 3374 4821 suo
3417 4762 3802 4823 reverenter
3841 4752 4274 4821 observando.

2864 4925 2936 4994 S.
3001 4926 3171 5005 Etsi,
3216 4926 3325 4991 vir

2571 5073 2596 5088 ,
2691 5012 2888 5098 longe
2942 5012 3387 5096 praestantius
3442 5010 3688 5079 donum
3731 5011 3984 5095 decere,
4039 5019 4284 5092 tamen,
4327 5012 4482 5097 qnia
4519 5006 4632 5075 Ab·

2544 5117 2598 5171 et

2577 5223 2596 5251 ’
2695 5249 3271 5318 mannasse

2900 5318 3282 5389 Dla'nenu?
