4900 6125
636 396 726 461 99

813 580 883 648 S.
922 583 1425 665 Exspectamus,
1462 580 1580 646 sed
1616 602 1747 648 non
1784 580 2136 648 admodum
2172 587 2366 666 grata
2395 599 2603 660 mora,

683 667 798 734 nid
834 687 952 735 vos
985 666 1298 734 sentiatis.
1359 666 1453 732 Et
1488 668 1739 733 utinam
1775 667 2195 753 congregatio
2240 665 2606 734 accelerata

718 754 891 832 'sset,
936 774 1011 819 ac
1069 773 1426 820 consensus
1477 763 1695 818 vester
1735 753 1968 820 fuisset
2010 763 2085 819 ut
2127 763 2388 818 nostros
2430 751 2602 818 vise-

639 860 801 908 rem.
890 838 1063 905 Nam
1121 859 1271 906 cum
1330 837 1595 906 Nicolao
1648 849 1890 920 nostro,
1955 840 2070 923 qui
2133 859 2315 905 nunc
2378 837 2603 916 solvit,

638 926 906 993 ivissem
946 944 1023 992 ac
1066 925 1421 1009 potuissem
1462 925 1783 992 interesse
1828 922 2080 1011 synodo
2125 923 2383 991 vicinae
2433 942 2604 1007 quae

639 1011 714 1077 in
748 1010 1105 1078 Provincia
1137 1009 1506 1077 habebitur.
1566 1008 1703 1077 Sed
1739 1009 1911 1095 quod
1937 1011 2157 1078 visum
2181 1019 2285 1076 est
2309 1007 2604 1075 Domino

640 1097 775 1163 fiat.
885 1095 1098 1180 Oupio
1163 1094 1465 1162 adiutum
1527 1097 2106 1174 Matisconcnsem,
2186 1105 2263 1161 ut
2334 1094 2393 1162 si
2457 1093 2604 1160 fieri

797 1182 851 1248 't
914 1181 1023 1250 hic
1086 1183 1175 1248 sit
1228 1180 1528 1261 Veneris,
1608 1197 1727 1248 aut
1785 1181 1868 1248 ad
1925 1202 2259 1249 summum
2305 1178 2600 1248 Sabbati.

708 1288 828 1334 ora
868 1265 1185 1334 fratribus
1230 1267 1339 1334 hic
1380 1278 1483 1333 est
1525 1267 1717 1334 valde
1760 1269 1985 1354 gravis
2027 1267 2143 1335 sed
2187 1267 2353 1332 mihi
2402 1287 2604 1350 quam

642 1354 1053 1440 gravissima.
1132 1354 1294 1420 Ideo
1336 1364 1627 1420 maturet
1669 1374 1803 1420 oro.
1893 1352 2108 1420 Valde
2151 1352 2319 1419 mihi
2372 1351 2603 1438 displi-

640 1449 747 1507 cet
780 1438 958 1523 quod
1002 1440 1269 1506 tandem
1328 1439 1461 1506 huc
1518 1439 1837 1506 inclinare
1891 1460 2121 1506 omnes
2176 1438 2458 1516 videam,
2525 1445 2604 1503 ut

642 1546 790 1592 meo
835 1525 1106 1591 consilio
1152 1526 1539 1608 pemittant
1578 1524 1736 1609 quid
1780 1523 2108 1611 agendum
2154 1525 2258 1591 sit.
2339 1522 2602 1590 Vellem

640 1611 819 1678 enim
874 1610 1235 1695 simplicius
1294 1609 1453 1678 dici:
1535 1611 1682 1678 Hoc
1739 1612 1895 1697 agel
1985 1610 2173 1677 Deus
2218 1608 2392 1695 quod
2436 1609 2605 1693 opti·

640 1718 823 1762 mum
868 1707 969 1763 est
1028 1697 1284 1763 officiat.
1388 1697 1521 1763 Via
1574 1697 1745 1762 nihil
1798 1697 2055 1764 viribus
2111 1695 2418 1775 detraxit,
2488 1693 2604 1762 sed

640 1793 836 1850 aucta
879 1783 1093 1849 sentio
1135 1783 1384 1848 omnia:
1438 1782 1616 1849 unde
1659 1803 1854 1868 spero
1899 1782 2121 1850 Deum
2156 1803 2278 1848 sua
2315 1781 2604 1849 clemen-

638 1871 734 1934 tia
775 1870 1166 1935 effecturum
1211 1881 1285 1934 ut
1329 1870 1398 1934 in
1442 1869 1723 1954 gloriam
1770 1869 1871 1936 sui
1916 1869 2206 1935 nominis
2264 1887 2605 1934 successus

637 1964 970 2039 sequatur.
1059 1955 1225 2022 Iube
1284 1963 1543 2022 nostros
1601 1956 1771 2021 bono
1815 1976 1961 2021 esse
2005 1955 2227 2020 animo
2272 1961 2340 2019 et
2384 1951 2606 2018 Deum

639 2041 914 2125 precari.
995 2039 1209 2125 Spero
1253 2041 1477 2107 omnia
1517 2062 1686 2124 quae
1740 2049 2001 2125 oportet
2054 2061 2161 2106 me
2198 2039 2440 2106 rescire
2489 2059 2607 2122 per

642 2126 1196 2194 Matisconensem
1262 2126 1773 2193 intellecturum.
1858 2126 2025 2192 Iube
2090 2147 2318 2193 omnes
2390 2123 2609 2190 salvos

640 2233 802 2279 esse.
850 2248 1451 2263 —————
1489 2212 1675 2278 Vale.
1753 2211 2064 2279 Genevae
2110 2219 2170 2277 4.
2213 2208 2608 2276 Novembris

1880 2436 2062 2501 Tuus
2110 2434 2430 2500 Far-ellus.

1480 2761 1881 2772 ———

1524 3083 1720 3154 86⁰1.

1035 3255 1511 3324 CALVINUS
1565 3254 2207 3323 BULLINGERO.

814 3426 1096 3493 Satanas
1144 3428 1494 3495 Germanos·
1535 3428 1833 3512 theozoyos
1877 3427 2198 3494 Lutetiam
2242 3430 2501 3495 accersit
2551 3435 2607 3495 et

640 3513 784 3580 Ra
823 3514 1163 3581 Navem-ae
1204 3534 1271 3581 se
1302 3535 1515 3597 papae
1556 3515 1769 3581 vendit
1803 3536 1846 3579 a
1879 3533 2001 3596 quo
2035 3515 2297 3580 luditur.

633 3687 828 3755 (Manu
873 3687 1079 3756 scripta
1126 3703 1235 3740 non
1272 3690 1469 3740 exstat.
1550 3686 1735 3738 Habet
1771 3686 1919 3738 Beza
1956 3684 2161 3739 Genev.
2197 3703 2251 3755 p.
2287 3685 2407 3749 260,
2446 3687 2606 3740 Laus.

776 3773 830 3825 p.
866 3754 989 3817 538,
1024 3756 1235 3810 Hanov.
1276 3773 1328 3824 p.
1368 3753 1487 3818 605,
1526 3755 1734 3809 Chonet
1768 3771 1821 3823 p.
1855 3752 1976 3819 356,
2013 3754 2194 3808 Amet.
2230 3772 2285 3824 p.
2324 3754 2470 3823 162.)

808 3942 974 4011 Sero
1019 3943 1395 4009 admonitus
1441 3942 1535 4007 fui
1591 3941 1673 4007 de
1726 3943 1955 4007 nuncii
2014 3942 2328 4021 discessu,
2395 3964 2598 4025 quum

638 4050 746 4096 me
786 4029 869 4096 ad
915 4029 1266 4114 legendum
1312 4028 1664 4093 traherem.
1693 4033 1745 4107 ¹)
1824 4026 1938 4094 Sic
1981 4029 2159 4093 enim
2204 4027 2606 4112 loquendum

639 4126 770 4182 est:
839 4116 992 4198 quis
1040 4136 1217 4180 nunc
1261 4114 1463 4197 pedis,
1520 4135 1697 4179 nunc
1742 4114 1946 4179 totins
2000 4115 2217 4179 cruris
2262 4113 2444 4179 dolor
2489 4115 2605 4178 vix

638 4224 746 4268 me
802 4202 980 4267 lente
1036 4212 1301 4286 reptare
1356 4199 1627 4283 patitur.
1728 4199 1873 4265 Imo
1917 4219 2116 4283 aegre
2160 4220 2265 4265 me
2310 4199 2605 4264 sustineo

638 4288 767 4355 nisi
811 4287 1084 4353 alterius
1130 4285 1397 4353 brachio
1432 4287 1721 4351 innixus.
1769 4285 1964 4350 Nunc
2008 4286 2145 4349 fere
2170 4284 2333 4350 hora
2368 4292 2605 4367 quarta

636 4383 743 4442 est
780 4385 930 4457 post
972 4372 1333 4449 meridiem,
1380 4380 1447 4436 et
1508 4393 1657 4438 cras
1701 4371 1903 4437 etiam
1949 4371 2385 4453 proficiscitur
2428 4391 2601 4435 nun-

637 4462 797 4537 cius,
857 4460 971 4544 qui
1014 4478 1195 4524 meas
1238 4455 1325 4522 ad
1365 4456 1609 4522 Beuum
1652 4471 1719 4523 et
1761 4456 2079 4540 quosdam
2120 4455 2286 4522 alios
2332 4477 2600 4539 exspec-

636 4556 753 4613 tat.
776 4548 836 4623 ²)
909 4545 1074 4610 Peto
1108 4545 1331 4629 igitur,
1370 4542 1751 4608 venerande
1786 4544 2013 4620 frater,
2048 4552 2125 4607 ut
2158 4562 2343 4607 meae
2389 4540 2605 4607 brevi-

634 4634 757 4699 tati
810 4629 925 4698 des
980 4633 1259 4696 veniam.
1340 4626 1734 4711 Quanquam
1791 4629 1847 4693 si
1901 4627 2052 4711 plus
2108 4636 2285 4693 esset
2340 4628 2478 4706 otii,
2524 4637 2592 4693 et

640 4718 723 4783 ad
788 4716 1207 4785 scribendum
1274 4734 1487 4780 essem
1554 4713 1848 4791 alacrior,
1927 4714 2145 4780 nescio
2212 4734 2298 4778 an
2364 4732 2405 4777 o
2489 4734 2604 4779 rae

640 4805 929 4887 pretium
963 4803 1259 4868 facturus
1292 4820 1507 4867 essem
1542 4821 1648 4866 ms
1684 4798 1945 4866 Galliae
1980 4796 2331 4866 narrando.
2483 4799 2603 4865 ‘tto

641 4889 817 4954 enim
860 4911 901 4954 a
960 4888 1253 4973 Manyre
1310 4896 1534 4952 nostro
1594 4886 1838 4966 literas,
1853 4888 1913 4961 ⁸)
1978 4905 2145 4968 quae
2189 4893 2274 4961 te,
2348 4886 2599 4969 opinor,

640 5176 827 5233 ⁸⁰⁰1-
844 5178 908 5311 y)
938 5178 1376 5304 §wigman-neno
1409 5246 1510 5302 Ῑιοσ
1542 5250 1780 5315 tenpore
1812 5244 2023 5313 scripta
2056 5250 2251 5299 auat.

848 5314 912 5384 8)
944 5320 1067 5371 aaa
1099 5317 1423 5387 dmm-datas.

2158 390 2690 461 EPISOEOLAE
2734 395 3160 460 3600-3603

4529 397 4638 461 100

2707 583 2910 650 totius
2974 604 3272 650 summae
3335 583 3683 651 certiorem
3743 582 4049 650 reddent:
4128 604 4206 650 ac
4268 583 4409 667 ipse
4469 583 4640 652 brevi

2704 688 2927 737 coram
2972 669 3158 736 vobis
3201 678 3485 754 exponet
3522 669 3838 754 quidquid
3898 675 4117 735 actum
4158 669 4302 736 fuit.
4389 668 4642 738 Pridem

2704 754 3018 822 subolfeci
3061 754 3394 822 diabolum
3437 756 3508 820 in
3554 755 3919 822 Germania
3958 753 4378 821 clandestinis
4411 755 4646 822 artibus

2705 841 2921 907 moliri
2975 842 3146 925 quod
3191 862 3370 907 nunc
3413 840 3682 908 tandem
3727 840 4060 925 apparuit:
4085 844 4143 918 ⁴)
4222 851 4292 906 et
4333 849 4482 906 ante
4519 851 4646 909 tres

2705 947 2965 993 menses
3000 925 3357 1012 diligenter
3391 927 3694 993 hortatus
3728 927 3982 994 fueram
4017 926 4274 1011 Regem
4307 925 4646 1004 Navarra,

2706 1022 2782 1078 ut
2857 1012 2985 1079 sibi
3049 1013 3130 1079 sb
3197 1012 3452 1079 insidiis
3520 1022 3801 1079 caveret.
3914 1011 4133 1094 Quam
4199 1032 4438 1095 parum
4498 1033 4644 1080 vero

2749 1098 3110 1176 refecerim,
3156 1099 3310 1183 quia
3342 1097 3611 1166 chartae
3645 1097 3961 1166 mandare
4003 1098 4203 1183 piget,
4249 1096 4424 1163 malo
4455 1118 4536 1164 ex
4567 1095 4646 1164 D.

2784 1189 2996 1268 artyre
3029 1206 3382 1271 cognoscas
3416 1185 3529 1251 ubi
3562 1186 3736 1252 istuc
3770 1203 4080 1251 reversus
4113 1184 4329 1250 fuerit.
4407 1184 4650 1250 Promi-

2706 1279 2886 1336 serat
2925 1270 3127 1336 mira:
3175 1280 3245 1336 et
3285 1292 3412 1354 quo
3455 1271 3605 1354 plus
3648 1268 3802 1337 fidei
3846 1270 4230 1354 acquireret,
4295 1290 4431 1336 non
4473 1269 4650 1336 dissi·

2705 1354 3003 1422 mulabat
3041 1377 3110 1423 se
3153 1356 3358 1424 fuisse
3399 1363 3755 1422 tentatum:
3821 1355 3937 1423 sed
3980 1354 4241 1422 silentio
4284 1354 4652 1441 repudiasse

2705 1442 2850 1509 eius
2902 1442 3250 1525 postulata.
3338 1443 3544 1526 Atqui
3599 1463 3682 1508 ex
3727 1441 4091 1509 Germania
4133 1441 4302 1506 mihi
4345 1442 4654 1524 scriptum

2707 1536 2812 1594 est
2853 1529 2998 1593 eius
3055 1535 3287 1613 rogatu
3308 1529 3368 1604 ⁵)
3412 1528 3651 1594 mimos
3704 1528 3907 1594 fiiisse
3961 1527 4253 1628 quinque
4307 1525 4654 1612 theologos,

2707 1614 2820 1697 qui
2874 1635 3051 1680 nunc
3109 1622 3266 1680 sunt
3318 1614 3389 1679 in
3450 1613 3626 1680 aula:
3687 1614 3820 1679 nisi
3886 1614 4056 1679 forte
4100 1611 4352 1680 dimissi
4403 1614 4656 1690 fuerint,

2709 1700 2865 1783 quia
2922 1720 3067 1765 sero
3125 1700 3535 1766 advenerant
3588 1708 3730 1765 tota
3781 1701 4041 1766 actione
4097 1697 4398 1784 abrupta.
4488 1693 4658 1779 Quid

2708 1787 2764 1851 si
2809 1785 2993 1851 Deus
3035 1785 3382 1869 perfidiam
3426 1785 3649 1852 miseri
3693 1784 3872 1851 illius
3907 1783 4286 1864 frustretur,
4331 1785 4449 1868 qui
4483 1781 4656 1850 nefa-

2709 1871 2828 1936 riis
2871 1871 3201 1955 obsequiis
3305 1893 3346 1936 a
3393 1893 3469 1937 ae
3535 1892 3607 1936 se
3673 1870 3986 1949 venditat,
4052 1871 4169 1954 qui
4235 1881 4460 1936 tamen
4516 1890 4658 1935 eum

2708 1955 2994 2022 ludibrio
3038 1958 3237 2023 habet
3256 1894 3389 2043 {³⁶3
3459 1955 3596 2023 Sed
3650 1956 4027 2041 propediem
4071 1955 4320 2040 aliquid
4364 1956 4656 2023 sciemus.

2710 2042 2901 2121 Vale,
2951 2045 3366 2110 ornatissime
3421 2044 3529 2108 vir
3581 2051 3648 2108 et
3703 2043 3908 2108 frater
3964 2063 4047 2107 ex
4103 2043 4324 2107 animo
4380 2039 4660 2108 colende.

2710 2130 3041 2195 Dominus
3075 2129 3196 2195 tibi
3228 2149 3490 2212 semper
3524 2127 3713 2208 adsit,
3759 2139 3824 2194 te
3859 2127 4184 2212 gubernet
4217 2148 4294 2194 ac
4330 2125 4666 2194 benedicat

2711 2225 2863 2280 tuos
2931 2213 3206 2281 labores.
3286 2214 3696 2299 Symmystis
3761 2211 4084 2290 omnibus,
4158 2214 4353 2279 uxori
4424 2213 4666 2297 totique

2711 2301 2999 2366 familiae
3034 2301 3315 2366 multam
3350 2301 3629 2366 salutem
3653 2321 3899 2384 precor.
3927 2299 4242 2366 Genevse
4268 2305 4325 2365 5.
4351 2299 4418 2365 N
4421 2299 4664 2366 ovemb.

3617 2929 3818 3001 3⁶⁰2.

3246 3084 3778 3153 VERMILIUS
3823 3086 4149 3153 BEZAE.

2882 3251 2994 3317 Ex
3037 3255 3274 3323 itinere.
3353 3257 3570 3323 Trecis
3610 3278 3753 3323 eum
3795 3258 4079 3339 episeopo
4119 3264 4536 3325 conversatur
4566 3259 4672 3341 qni

2707 3339 2912 3404 saeris
2942 3340 3292 3422 pontificiis
3323 3344 3646 3410 valedixit.
3715 3342 3988 3409 Divione
4030 3345 4342 3411 tumultus
4385 3348 4578 3411 ortus.

2708 3510 2874 3580 (Epp.
2902 3510 3056 3564 Petri
3079 3511 3138 3565 Η
3300 3514 3313 3526 ’
3380 3513 3624 3568 eiusdem
3650 3513 3809 3568 Locis
3845 3514 4010 3568 theol.
4047 3516 4372 3570 subiunctas
4409 3517 4497 3570 ed.
4527 3514 4669 3581 1580,

2707 3580 2798 3633 fol.
2834 3578 2940 3632 582
2976 3597 3026 3632 v.
3064 3580 3147 3634 ed.
3188 3582 3216 3635 1
3291 3581 3323 3635 7
3427 3620 3442 3636 .
3479 3581 3630 3635 1143.
3703 3584 3902 3635 Exstat
3945 3583 4001 3636 in
4039 3583 4169 3639 Cod.
4207 3584 4373 3639 Goth.
4413 3585 4536 3652 405,
4585 3584 4672 3638 fol.

3426 3691 3438 3703 .
3510 3650 3724 3704 Simler.
3761 3651 3878 3705 Vol.
3917 3651 4063 3721 102.)

2882 3819 3011 3886 Dei
3083 3819 3371 3904 benigno
3451 3821 3676 3887 favore
3758 3821 3964 3889 adiuti
4034 3829 4092 3889 5.
4160 3823 4359 3890 huius
4429 3823 4671 3889 mensis

2710 3904 2973 3971 Troiam
3005 3912 3054 3985 ¹)
3101 3906 3262 3971 salvi
3302 3918 3367 3972 et
3403 3908 3759 3974 incolumes
3795 3911 4238 3991 pervenimus,
4277 3910 4394 3976 ubi
4439 3911 4670 3975 fratres

2709 4012 2844 4055 una
2908 3991 3315 4057 conveniunt
3379 3993 3459 4058 ad
3529 3992 3747 4059 Deum
3811 4015 3976 4078 pure
4041 3994 4412 4073 colendum,
4483 3995 4670 4078 idque

2707 4077 4095 4231 ffissssfflqufflfflwffmfflffi
4139 4081 4670 4233 Zssffiffl‘ffl

2709 4246 2848 4346 dies
2913 4256 3210 4333 augetur.
3303 4250 3670 4333 Episcopus
3700 4250 3755 4335 ²)
3817 4272 3935 4316 nos
3993 4252 4502 4335 perhumaniter
4559 4272 4670 4316 ex·

2707 4340 2911 4415 cepit:
2960 4334 3074 4416 qui
3117 4333 3250 4399 iam
3289 4333 3544 4401 Christi
3591 4358 3870 4421 regnum
3915 4339 4085 4402 serio
4129 4348 4506 4421 promovet,
4555 4356 4670 4403 nec

2708 4428 2970 4484 tantum
3015 4439 3168 4485 suas
3213 4441 3372 4487 oves
3411 4422 3554 4505 ipse
3597 4442 3761 4505 pure
3808 4423 4011 4501 docet,
4055 4422 4170 4489 sed
4215 4422 4370 4505 quia
4415 4425 4480 4490 ei
4527 4442 4668 4506 gra·

2708 4505 2807 4569 vis
2868 4505 3218 4588 scrupulus
3283 4507 3565 4572 iniectus
3623 4518 3726 4574 est
3777 4507 3858 4574 de
3913 4527 4035 4573 sua
4079 4510 4425 4575 vocatione
4469 4505 4668 4593 (qnod

2909 4830 2970 4899 5)
3002 4833 3073 4899 cf.
3109 4831 3514 4901 praecedentem
3532 4762 3807 4887 mu

2908 4899 2965 4964 6)
2999 4900 3198 4956 alludit
3250 4901 3330 4956 ad
3370 4902 3521 4971 regis
3571 4918 3720 4971 spem
3773 4900 4184 4970 reaper-undae
4237 4900 4548 4957 Novar-rae
4587 4901 4668 4957 b·-

2700 4984 4668 5163 ᾒᾝὰῧέὃθῖὴωωορρᾱᾶκηήοόῶῦοῃε.ὒεωοωία

2704 5321 3122 5370 amat.
3194 5311 4134 5370 Demaflm.eoa1.88.86.
