4900 6125
637 442 766 506 589

635 628 844 694 vitun
908 623 1179 708 probam
1243 631 1312 689 et
1372 622 1819 691 christianam.
1907 619 2094 686 Idem
2159 620 2299 700 ille,
2378 642 2588 706 quum

636 709 921 797 querelis
963 718 1330 776 nostrorum
1376 708 1763 792 plerumque
1806 707 2196 784 interfuerit,
2257 706 2367 774 ubi
2412 708 2592 775 vitae

639 807 901 864 nostrae
935 803 1073 862 tam
1108 796 1414 861 miseram
1448 792 1904 872 conditionem,
1941 800 2197 859 nostras
2219 813 2590 872 aerumnas,

636 890 986 967 perpetuas
1026 881 1545 960 obturbationes,
1613 879 1901 963 undique
1958 878 2372 945 imminentia
2414 879 2591 964 peri-

634 968 814 1048 cula,
871 966 1100 1051 capitis
1144 976 1213 1034 et
1251 967 1568 1033 bonorum
1611 966 2030 1031 imminentes
2070 965 2327 1041 ruinas,
2395 985 2592 1048 saepe

635 1054 880 1140 opponi
943 1065 1139 1136 atque
1201 1052 1552 1117 lamentari
1616 1054 1811 1128 vidit,
1879 1061 2207 1133 postremo
2265 1050 2426 1116 adeo
2489 1073 2592 1117 res

636 1139 867 1219 rediit,
934 1138 1128 1205 homo
1187 1138 1633 1222 pientissimus
1675 1158 1866 1220 saepe
1910 1136 2140 1201 eadem
2184 1147 2250 1202 et
2293 1137 2591 1221 graviter

637 1223 959 1292 audiendo
1005 1223 1219 1291 victus
1263 1232 1397 1300 est,
1459 1224 1847 1307 putavitque
1890 1222 2012 1290 sibi
2058 1223 2183 1287 hac
2225 1223 2591 1289 secessione

638 1311 873 1378 melius
937 1310 1310 1377 consultum
1373 1310 1473 1374 iri.
1584 1308 1729 1374 Nisi
1799 1330 1912 1374 vos
1975 1318 2327 1392 vestraque
2391 1329 2593 1391 opera

638 1397 825 1465 nobis
882 1405 1221 1480 perspecta
1277 1395 1585 1473 fuissent,
1668 1415 2007 1478 nunquam
2066 1395 2190 1460 hoc
2254 1415 2366 1460 coe
2412 1395 2590 1472 isset,

637 1504 850 1568 neque
892 1502 1013 1548 nos
1054 1481 1524 1566 probassemus.
1597 1479 1819 1562 Quum
1863 1481 2081 1563 itaque
2126 1501 2264 1560 vos,
2310 1501 2349 1545 a
2430 1499 2592 1562 quos

637 1565 1144 1652 confugiendum
1189 1568 1310 1645 sit,
1366 1566 1599 1650 dignos
1644 1576 1983 1650 putamus,
2039 1585 2162 1632 vos
2204 1586 2463 1648 quoque
2507 1586 2592 1630 ne

637 1653 942 1739 indignos
1019 1654 1262 1737 putetis
1325 1672 1472 1718 esse
1539 1663 1796 1718 nostros
1859 1660 2081 1718 vestro
2146 1649 2589 1718 contubernio.

635 1741 731 1806 Et
774 1740 952 1807 hunc
996 1759 1152 1824 rogo
1195 1740 1266 1804 in
1300 1759 1566 1823 gregem
1603 1751 1915 1814 vestrum,
1962 1759 2092 1821 qua
2125 1736 2329 1804 bonos
2363 1757 2591 1802 omncs

639 1826 1048 1892 humanitate
1113 1823 1336 1891 soletis
1353 1875 1370 1903 ‚
1434 1824 1722 1908 recipite.
1825 1824 1974 1889 Non
2040 1825 2169 1888 erit
2233 1823 2340 1889 hic
2406 1821 2593 1888 vobis

638 1911 823 1978 oneri
841 1963 857 1992 ‚
922 1911 1038 1977 sed
1104 1916 1180 1976 ut
1241 1930 1581 1994 speramus
1639 1910 1876 1993 poterit
1920 1930 2063 1975 esse
2107 1910 2274 1974 usui.
2362 1907 2593 1973 Pridie

640 2018 835 2081 quam
889 1994 1098 2063 abiret
1151 1995 1507 2081 amplexati
1551 2004 1711 2061 sunt
1763 1995 1953 2060 illum
2008 1994 2199 2060 multi
2242 1994 2372 2060 viri
2418 1994 2593 2071 boni,

639 2084 755 2167 qui
797 2081 879 2148 de
921 2082 1149 2148 eadem
1193 2103 1265 2149 re
1308 2083 1441 2148 iam
1485 2081 1736 2165 pridem
1782 2080 2166 2147 deliberant.
2253 2080 2394 2145 Nos
2429 2099 2595 2163 quo-

640 2191 766 2253 quc
804 2167 1020 2234 adhuc
1061 2168 1236 2234 idem
1277 2188 1513 2233 saxum
1556 2168 1900 2234 volvimus.
1969 2167 2176 2233 Plura
2214 2166 2298 2232 ad
2342 2174 2409 2230 te
2445 2186 2595 2249 pro-

639 2254 897 2338 pediem
958 2255 1323 2338 scripturus
1387 2275 1567 2331 sum,
1634 2274 1799 2337 quae
1867 2252 2163 2319 nondum
2226 2252 2411 2318 licuit
2479 2271 2599 2334 per

639 2342 866 2407 otium.
955 2340 1196 2408 Adhuc
1262 2340 1440 2405 enim
1499 2339 1806 2423 quintum
1864 2338 2174 2405 reducem
2233 2338 2407 2404 diem
2452 2358 2595 2421 ago.

641 2427 741 2493 Ι1ἰι
799 2429 1052 2492 interea
1109 2426 1165 2491 si
1229 2423 1386 2509 quid
1428 2424 1632 2491 habes
1675 2425 1833 2491 novi
1876 2425 2181 2491 rescribe.
2273 2423 2441 2488 Vale
2458 2473 2473 2501 ‚
2531 2431 2600 2487 et

639 2533 747 2579 me
789 2523 865 2579 ιιι
905 2511 1070 2579 facis
1114 2532 1278 2577 ama.
1348 2511 1678 2579 Dominus
1719 2510 1907 2577 Iesus
1950 2519 2018 2576 te
2061 2521 2371 2593 tuamque
2403 2508 2598 2574 fami·

641 2597 799 2665 liam
844 2606 1050 2664 totam
1097 2605 1352 2684 augeat.

1402 2732 1684 2818 Scripsit
1725 2733 1795 2798 ii.
1840 2731 1982 2799 Oal.
2027 2732 2344 2798 Novemb.
2374 2731 2424 2814 ¹)

1646 2819 1834 2885 'funs
1875 2818 2185 2901 Oapnius.

1544 3365 1744 3437 424⁰.

1185 3519 1589 3589 OAPNIUS
1635 3519 2073 3589 OALVINO.

824 3695 1078 3761 Liberae
1119 3692 1670 3762 commendatitiae.

650 3868 762 3935 (Ex
797 3866 1128 3934 authentico,
1161 3864 1259 3920 sed
1293 3881 1404 3919 non
1439 3863 1792 3934 autographo,
1831 3862 1959 3918 eod.
1985 3862 2191 3917 Genev.
2211 3860 2329 3929 110,
2367 3861 2458 3917 fol.
2494 3859 2606 3927 ⁷5.)

1047 4036 1404 4104 Carissimo
1448 4036 1591 4100 viro
1635 4032 1872 4100 Oarolo
1915 4032 2213 4117 passelio.

823 4212 1037 4277 'Panto
1100 4218 1393 4291 tempore
1447 4204 1656 4271 literis
1710 4205 1840 4270 tuis
1910 4207 2198 4272 caruisse
2253 4204 2605 4271 molestum

653 4298 805 4377 fuit,
867 4304 1012 4362 tum
1076 4293 1249 4379 qu‘od
1311 4291 1468 4358 illae
1530 4290 1696 4356 mihi
1758 4290 2084 4357 iucundae
2150 4300 2347 4375 atque
2410 4291 2607 4357 utiles

653 4391 844 4449 erant
859 4434 876 4461 ,
954 4390 1100 4447 tum
1157 4378 1332 4463 quod
1384 4385 1731 4461 propterea
1785 4377 2092 4442 nonnihil
2149 4378 2401 4443 veritus
2458 4398 2607 4443 sum

657 4490 741 4534 ne
804 4465 960 4551 quid
1021 4485 1129 4531 me
1190 4466 1616 4530 immutatum
1672 4461 2116 4545 suspicareris.
2209 4464 2427 4547 Atque
2486 4462 2609 4528 hoc

655 4554 960 4620 ultimum
1003 4551 1290 4617 maxime
1331 4570 1416 4615 ex
1458 4554 1526 4613 te
1568 4548 1736 4614 scire
1779 4547 1995 4614 velim.
2084 4547 2229 4613 Tibi
2274 4549 2451 4615 enim
2493 4570 2608 4632 po·

656 4640 792 4705 tius
832 4657 1028 4722 quam
1072 4634 1238 4702 mihi
1277 4635 1404 4719 ipsi
1445 4634 1511 4700 in
1557 4653 1635 4699 ea
1667 4654 1742 4699 re
1783 4633 2065 4714 credam,
2108 4633 2281 4718 quod
2324 4644 2390 4699 te
2423 4654 2610 4700 meae

657 4723 861 4791 saluti
913 4742 1171 4807 semper
1212 4721 1451 4788 melius
1495 4718 1664 4787 velle
1707 4728 1774 4785 et
1815 4741 2003 4803 posse
2044 4720 2387 4787 consulere
2430 4721 2607 4798 novi,

657 4810 741 4878 ob
793 4807 990 4893 idque
1041 4829 1165 4894 ego
1227 4808 1332 4893 (ιιι
1373 4813 1570 4872 antea
1608 4826 1867 4889 semper
1904 4805 2031 4871 feci
2071 4806 2154 4872 ab
2197 4826 2275 4871 co
2318 4810 2610 4872 maxime

658 4904 955 4979 tempore
1009 4914 1135 4977 quo
1189 4901 1254 4959 te
1311 4892 1496 4977 novi)
1553 4913 1659 4958 me
1700 4899 1855 4956 tuae
1896 4892 2278 4957 commendo
2321 4902 2391 4959 et
2430 4912 2612 4958 com·

659 4983 851 5047 mitto
891 4979 1069 5060 fidei,
1110 4988 1188 5045 nt
1228 5000 1313 5044 ne
1355 4998 1462 5043 me
1503 4977 1725 5043 valere
1766 4976 2029 5057 iubeas,
2088 4988 2204 5042 aut
2246 4977 2424 5045 sinas
2466 4977 2610 5042 diu-

661 5067 796 5132 tius
851 5074 1127 5148 torpere.
1215 5064 1462 5132 Litoris
1516 5064 1649 5129 tuis
1705 5062 2080 5129 admonitus
2122 5061 2334 5130 indies
2376 5064 2612 5130 melior

662 5285 920 5341 4280st
986 5284 2110 5367 mmmream'flcnricill.
2172 5282 2614 5367 gumOaIvu‘m'

662 5370 809 5411 uuor
1053 5355 1270 5411 vimd-
1353 5354 2402 5422 Vmcemnihilconsttmpdm.

2149 430 2678 500 EPISTOLAE
2720 437 3153 506 4239-4242

4507 443 4607 508 uo

2694 623 3531 778 gsssi‘ffidffizffiffi
3567 624 4317 796 mssssfiteffiffffi‘ssffi
4356 632 4608 794 ms...

2693 804 3007 880 tanquam
3032 796 3232 862 huius
3268 798 3581 880 temporis
3616 818 3876 864 summo
3905 798 4278 883 prophetae,
4317 799 4611 880 infudisse,

2693 902 2821 963 quo
2866 903 2984 947 nos
3026 902 3257 950 omnes
3301 881 3499 967 longe
3543 883 3886 950 inferiores
3930 906 3970 950 a
4012 906 4242 951 somno
4275 885 4524 962 excites,
4557 899 4613 952 et

2694 967 2933 1033 altiora
2987 967 3413 1051 contemplari
3469 969 3686 1034 faciae.
3776 969 3926 1037 Hoc
3983 970 4205 1053 itaque
4260 972 4507 1054 saepius
4552 983 4613 1036 ιιι

2693 1053 2897 1119 facias
2941 1074 3059 1137 per
3102 1052 3441 1120 Christum
3486 1074 3664 1138 rogo,
3711 1055 3908 1121 modo
3951 1076 4038 1120 ne
4080 1054 4239 1140 quid
4281 1056 4403 1121 hoc
4434 1057 4615 1139 publi-

2694 1160 2846 1205 cum
2890 1140 3097 1205 otium
3140 1140 3557 1205 interturbet.

2866 1223 3003 1292 Sed
3071 1224 3331 1308 quando
3397 1226 3495 1290 ita
3538 1223 3868 1291 Dominus
3933 1226 4143 1292 voluit
4205 1235 4283 1291 ut
4346 1248 4463 1311 ego
4518 1227 4618 1292 tibi

2694 1322 3009 1395 perpetuo
3075 1311 3261 1376 oneri
3280 1361 3296 1388 ‚
3363 1318 3436 1376 tu
3492 1332 3651 1376 vero
3708 1311 3875 1375 mihi
3932 1312 4078 1378 usui
4132 1331 4392 1395 semper
4450 1332 4617 1390 essm,

2693 1417 2828 1461 non
2893 1396 3189 1463 desinam
3255 1417 3373 1479 pro
3438 1397 3665 1462 amicis
3727 1403 3795 1462 te
3859 1416 4081 1474 orare,
4147 1405 4225 1462 ut
4279 1397 4410 1462 illis
4449 1417 4619 1481 quan

2694 1482 2874 1549 voles
2919 1483 3395 1566 benignitatem
3431 1482 3645 1547 adhuc
3680 1483 3952 1565 aperias.
4026 1481 4219 1564 Quod
4256 1483 4313 1548 si
4348 1484 4620 1566 cuiquam

2693 1588 2989 1651 unquam
3043 1588 3193 1633 mea
3244 1587 3440 1634 causa
3506 1567 3709 1650 (quod
3752 1588 3949 1651 saepe
3991 1568 4201 1643 sensi)
4242 1567 4623 1634 benefactum

2694 1654 2933 1737 cupisti
2968 1662 3037 1719 et
3069 1654 3335 1731 curasti,
3369 1653 3569 1718 huius
3592 1673 3711 1735 pro
3734 1673 3864 1736 quo
3888 1654 4051 1719 haec
4085 1652 4296 1719 scribo
4330 1673 4625 1737 resquam

2696 1741 2983 1805 maxime
3074 1736 3564 1804 commendatas
3655 1738 3897 1804 habere
3963 1738 4179 1805 velim.
4289 1739 4361 1805 Is
4434 1753 4625 1804 autem

2695 1825 2862 1890 mihi
2919 1825 3081 1890 adeo
3139 1826 3413 1890 intimus
3470 1835 3539 1889 et
3603 1824 4014 1908 propinquus
4056 1835 4158 1889 est
4200 1837 4274 1889 ιιι
4316 1825 4435 1890 vix
4475 1826 4626 1908 qnis-

2695 1932 2895 1994 quam
2936 1911 3118 1994 prior
3161 1930 3304 1978 esse
3346 1910 3570 1993 possit.
3651 1908 3721 1976 Is
3765 1930 3805 1973 a
3849 1920 3915 1975 te
3961 1911 4081 1977 boc
4123 1931 4241 1993 per
4282 1931 4391 1976 me
4432 1919 4627 1994 postu-

2696 1997 2824 2075 lat,
2889 2008 2968 2062 ιιι
3024 1995 3218 2062 liceat
3269 1995 3363 2060 illi
3428 1996 3499 2060 in
3543 1995 3707 2060 urbe
3753 2004 3975 2061 vestra
4033 1996 4251 2080 ampla
4307 1994 4496 2062 domo
4548 1994 4629 2060 nti

2698 2090 2766 2148 et
2819 2103 2898 2148 ea
2952 2102 3209 2165 quoque
3267 2101 3434 2165 quae
3487 2081 3712 2164 largae
3767 2102 3980 2165 penus
4036 2082 4126 2147 sit
4178 2101 4408 2164 capax.
4491 2082 4629 2145 Am·

2698 2167 2872 2252 plam
2941 2168 3120 2234 enim
3176 2166 3493 2232 familiam
3551 2187 3775 2233 secum
3833 2165 4017 2234 ducit
4069 2174 4137 2232 et
4193 2168 4357 2233 satis
4400 2163 4631 2232 abunde

2700 2254 3002 2319 victitare
3078 2252 3264 2319 solet.
3354 2251 3613 2317 Verum
3691 2251 3886 2318 modo
3965 2251 4066 2317 illi
4129 2251 4415 2318 salubris
4476 2251 4633 2317 locu

2699 2340 3076 2424 contingat,
3141 2346 3402 2404 caetera
3462 2336 3658 2403 facilc
3713 2337 4163 2423 expedientur.
4255 2336 4503 2404 Statim
4537 2335 4633 2402 ubi

2701 2424 2783 2490 de
2827 2433 2894 2489 te
2936 2424 3182 2508 aliquid
3225 2444 3425 2507 super
3454 2423 3581 2489 bac
3622 2443 3696 2490 re
3740 2424 4086 2503 resciver0,
4126 2424 4507 2507 praemittet
4540 2421 4634 2486 illc

2700 2520 2955 2578 certum
2997 2510 3315 2576 nuncium
3359 2508 3471 2592 qui
3515 2529 3684 2592 quac
3726 2530 3895 2593 opus
3938 2518 4135 2575 erunt
4177 2508 4453 2575 curabit.
4511 2506 4635 2572 noe

2702 2595 2917 2662 solum
2961 2595 3076 2662 ille
3118 2594 3408 2679 postulat
3448 2602 3525 2659 ut
3566 2593 3663 2660 illi
3707 2616 3943 2662 caveas
3983 2593 4191 2661 domo.
4270 2593 4419 2661 Sub
4463 2595 4635 2660 finan

2703 2680 3116 2766 Septembris
3173 2691 3289 2746 aut
3338 2679 3424 2745 ad
3481 2701 3814 2746 summum
3865 2681 3938 2745 in
3993 2680 4313 2765 principio
4358 2678 4635 2747 Octobris

2702 2777 2927 2834 vester
2981 2768 3122 2834 erit.
3212 2765 3541 2849 Ouperem
3589 2766 3843 2833 interea
3882 2765 4130 2850 aliquid
4172 2787 4256 2831 ex
4299 2775 4371 2832 te
4414 2763 4637 2842 audire,

2703 2852 2763 2919 si
2803 2853 2960 2920 licet
3011 2874 3131 2937 per
3185 2852 3411 2918 otium.
3500 2849 3699 2930 Vale,
3766 2861 3835 2919 et
3887 2853 4023 2917 mei
4075 2872 4339 2936 semper
4394 2852 4467 2917 in
4515 2868 4638 2916 ors·

2703 2937 2996 3005 tionibus
3039 2938 3174 3004 tuis
3215 2937 3610 3005 memineris.
3699 2936 4030 3004 Dominus
4094 2938 4426 3022 provehat
4466 2955 4641 3003 cvan-

2705 3024 2953 3111 gelium
2993 3045 3192 3092 suum
3234 3044 3354 3108 per
3396 3032 3480 3090 te.

3697 3161 3985 3245 Scripsit
4025 3166 4084 3231 6.
4125 3160 4267 3229 Oal.
4311 3163 4493 3246 Aug.

3829 3248 4016 3314 'l'uns
4056 3247 4374 3331 Oapnius.

3588 3790 3779 3863 4241.

3239 3963 3642 4032 OAPNIUS
3688 3962 4127 4032 GALVINO.

2880 4133 4641 4218 Miuitpoeuniaesummameauooeidanabipn

2696 4222 3405 4305 pridcmcommendato
3443 4223 3840 4289 reddendam.

2874 4392 2982 4456 (Ex
3019 4392 3329 4446 authentico
3364 4393 3665 4462 exemplari
3700 4392 3831 4449 Cod.
3867 4392 4074 4447 Gencv.
4114 4390 4230 4459 110,
4263 4390 4365 4447 iol.
4399 4389 4508 4455 78.)

3118 4563 3280 4629 Mon
3325 4563 3526 4631 Sieur
3567 4563 3818 4629 Monsr.
3856 4562 4255 4647 Despcville.

2882 4735 3122 4818 Accepi
3183 4733 3409 4799 literas
3462 4743 3636 4812 tuas,
3705 4735 3810 4800 vir
3852 4734 4021 4800 mihi
4061 4734 4139 4799 in
4177 4733 4411 4817 primis
4450 4732 4635 4799 coln·

2709 4820 3008 4897 dissime,
3076 4831 3144 4886 et
3196 4841 3273 4884 eo
3316 4820 3583 4885 nomine
3626 4818 3797 4903 quod
3854 4821 3985 4886 mei
4041 4817 4263 4886 adhuc
4302 4816 4633 4886 meministi

2708 4906 2957 4992 gratias
3000 4926 3123 4991 ago
3167 4925 3327 4988 quas
3371 4925 3654 4989 possum.
3736 4904 4037 4971 Verebar
4075 4905 4257 4971 enim
4299 4905 4631 4990 plurimu

2710 5012 2794 5057 Μ
2825 5012 3008 5141 5³⁰²
3020 4990 4633 5145 ..ffssgflffififflmfflffiw

2709 5088 3227 5228 1ῗιᾚιὶιίθΠιζιιιιιίιιιιι
3282 5161 3700 5228 molestissim'
3609 5163 3624 5178 ⁹
3700 5183 3814 5228 nm
3875 5161 4057 5229 foret.
4146 5096 4318 5229 Sedq
4340 5180 4505 5247 qino
4536 5168 4629 5223 t-

2710 5259 2811 5315 est
2851 5247 3228 5313 humanitas
3272 5262 3340 5313 et
3381 5248 3775 5333 benignitas,
3819 5268 3949 5314 non
3995 5258 4131 5313 tam
4173 5268 4399 5315 meum
4432 5262 4627 5333 peu»-

2712 5345 2875 5407 tnm,
2918 5354 3117 5418 quam
3182 5335 3500 5401 virtutem
3578 5345 3763 5400 tuam
3827 5334 4195 5419 respexisti.
4306 5330 4519 5417 Qn-
4566 5334 4627 5395 d

4148 5866 4802 6102 ju
