<?xml version="1.0" encoding="UTF-8"?>
<!DOCTYPE html PUBLIC "-//W3C//DTD XHTML 1.0 Transitional//EN"
    "http://www.w3.org/TR/xhtml1/DTD/xhtml1-transitional.dtd">
<html xmlns="http://www.w3.org/1999/xhtml" xml:lang="en" lang="en">
 <head>
  <title>
</title>
<meta http-equiv="Content-Type" content="text/html;charset=utf-8" />
  <meta name='ocr-system' content='tesseract 3.04.00' />
  <meta name='ocr-capabilities' content='ocr_page ocr_carea ocr_par ocr_line ocrx_word'/>
</head>
<body>
  <div class='ocr_page' id='page_1' title='image "./ioanniscalvinio12unkngoog/ioanniscalvinio12unkngoog_0085.png"; bbox 0 0 4900 6125; ppageno 0'>
   <div class='ocr_carea' id='block_1_1' title="bbox 61 4286 79 4900">
    <p class='ocr_par' dir='ltr' id='par_1_1' title="bbox 61 4286 79 4900">
     <span class='ocr_line' id='line_1_1' title="bbox 61 4286 79 4900; baseline 0 0"><span class='ocrx_word' id='word_1_1' title='bbox 61 4286 79 4900; x_wconf 95' lang='lat' dir='ltr'><strong> </strong></span> 
     </span>
    </p>
   </div>
   <div class='ocr_carea' id='block_1_2' title="bbox 61 4286 79 4900">
    <p class='ocr_par' dir='ltr' id='par_1_2' title="bbox 61 4286 79 4900">
     <span class='ocr_line' id='line_1_2' title="bbox 61 4286 79 4900; baseline 0 0"><span class='ocrx_word' id='word_1_2' title='bbox 61 4286 79 4900; x_wconf 95' lang='lat' dir='ltr'><strong> </strong></span> 
     </span>
    </p>
   </div>
   <div class='ocr_carea' id='block_1_3' title="bbox 61 4286 79 4900">
    <p class='ocr_par' dir='ltr' id='par_1_3' title="bbox 61 4286 79 4900">
     <span class='ocr_line' id='line_1_3' title="bbox 61 4286 79 4900; baseline 0 0"><span class='ocrx_word' id='word_1_3' title='bbox 61 4286 79 4900; x_wconf 95' lang='lat' dir='ltr'><strong> </strong></span> 
     </span>
    </p>
   </div>
   <div class='ocr_carea' id='block_1_4' title="bbox 61 4286 79 4900">
    <p class='ocr_par' dir='ltr' id='par_1_4' title="bbox 61 4286 79 4900">
     <span class='ocr_line' id='line_1_4' title="bbox 61 4286 79 4900; baseline 0 0"><span class='ocrx_word' id='word_1_4' title='bbox 61 4286 79 4900; x_wconf 95' lang='lat' dir='ltr'><strong> </strong></span> 
     </span>
    </p>
   </div>
   <div class='ocr_carea' id='block_1_5' title="bbox 61 4286 79 4900">
    <p class='ocr_par' dir='ltr' id='par_1_5' title="bbox 61 4286 79 4900">
     <span class='ocr_line' id='line_1_5' title="bbox 61 4286 79 4900; baseline 0 0"><span class='ocrx_word' id='word_1_5' title='bbox 61 4286 79 4900; x_wconf 95' lang='lat' dir='ltr'><strong> </strong></span> 
     </span>
    </p>
   </div>
   <div class='ocr_carea' id='block_1_6' title="bbox 57 4286 119 6034">
    <p class='ocr_par' dir='ltr' id='par_1_6' title="bbox 57 4286 119 6034">
     <span class='ocr_line' id='line_1_6' title="bbox 57 4286 119 6034; baseline 0 0"><span class='ocrx_word' id='word_1_6' title='bbox 57 4286 119 6034; x_wconf 95' lang='lat' dir='ltr'><strong> </strong></span> 
     </span>
    </p>
   </div>
   <div class='ocr_carea' id='block_1_7' title="bbox 57 4286 120 6034">
    <p class='ocr_par' dir='ltr' id='par_1_7' title="bbox 57 4286 120 6034">
     <span class='ocr_line' id='line_1_7' title="bbox 57 4286 120 6034; baseline 0 0"><span class='ocrx_word' id='word_1_7' title='bbox 57 4286 120 6034; x_wconf 95' lang='lat' dir='ltr'><strong> </strong></span> 
     </span>
    </p>
   </div>
   <div class='ocr_carea' id='block_1_8' title="bbox 328 368 4357 439">
    <p class='ocr_par' dir='ltr' id='par_1_8' title="bbox 328 368 4357 439">
     <span class='ocr_line' id='line_1_8' title="bbox 328 368 4357 439; baseline 0 -2"><span class='ocrx_word' id='word_1_8' title='bbox 328 377 440 437; x_wconf 79' lang='lat'><strong>141</strong></span> <span class='ocrx_word' id='word_1_9' title='bbox 2022 373 2181 434; x_wconf 85' lang='lat'>1561</span> <span class='ocrx_word' id='word_1_10' title='bbox 2231 368 2642 436; x_wconf 79' lang='lat' dir='ltr'><strong>NOVEMB.</strong></span> <span class='ocrx_word' id='word_1_11' title='bbox 4227 379 4357 439; x_wconf 70' lang='lat'><strong>142</strong></span> 
     </span>
    </p>
   </div>
   <div class='ocr_carea' id='block_1_9' title="bbox 942 556 1661 782">
    <p class='ocr_par' dir='ltr' id='par_1_9' title="bbox 942 556 1661 782">
     <span class='ocr_line' id='line_1_9' title="bbox 1208 556 1407 628; baseline 0 0"><span class='ocrx_word' id='word_1_12' title='bbox 1208 556 1407 628; x_wconf 72' lang='lat'><strong>8⁶8⁰.</strong></span> 
     </span>
     <span class='ocr_line' id='line_1_10' title="bbox 942 713 1661 782; baseline 0 -1"><span class='ocrx_word' id='word_1_13' title='bbox 942 714 1185 781; x_wconf 83' lang='lat' dir='ltr'>BEZA</span> <span class='ocrx_word' id='word_1_14' title='bbox 1228 713 1661 782; x_wconf 73' lang='lat' dir='ltr'><strong>CALVINO.</strong></span> 
     </span>
    </p>
   </div>
   <div class='ocr_carea' id='block_1_10' title="bbox 308 883 2285 1043">
    <p class='ocr_par' dir='ltr' id='par_1_10' title="bbox 308 883 2285 1043">
     <span class='ocr_line' id='line_1_11' title="bbox 496 883 2285 971; baseline -0.002 -15"><span class='ocrx_word' id='word_1_15' title='bbox 496 890 869 956; x_wconf 69' lang='lat' dir='ltr'><strong>Novissima</strong></span> <span class='ocrx_word' id='word_1_16' title='bbox 911 907 990 952; x_wconf 77' lang='lat' dir='ltr'><strong>ex</strong></span> <span class='ocrx_word' id='word_1_17' title='bbox 1037 885 1488 971; x_wconf 66' lang='lat' dir='ltr'><strong>Sanqemtano.</strong></span> <span class='ocrx_word' id='word_1_18' title='bbox 1569 883 1703 951; x_wconf 72' lang='lat' dir='ltr'><strong>Res</strong></span> <span class='ocrx_word' id='word_1_19' title='bbox 1737 886 1998 952; x_wconf 69' lang='lat' dir='ltr'><strong>minione</strong></span> <span class='ocrx_word' id='word_1_20' title='bbox 2031 906 2111 951; x_wconf 74' lang='lat' dir='ltr'><strong>ex</strong></span> <span class='ocrx_word' id='word_1_21' title='bbox 2152 890 2285 952; x_wconf 80' lang='lat' dir='ltr'><strong>voto</strong></span> 
     </span>
     <span class='ocr_line' id='line_1_12' title="bbox 308 975 953 1043; baseline -0.008 0"><span class='ocrx_word' id='word_1_22' title='bbox 308 994 610 1043; x_wconf 66' lang='lat' dir='ltr'><strong>cessurae</strong></span> <span class='ocrx_word' id='word_1_23' title='bbox 645 975 953 1041; x_wconf 65' lang='lat' dir='ltr'><strong>videntem</strong></span> 
     </span>
    </p>
   </div>
   <div class='ocr_carea' id='block_1_11' title="bbox 308 1141 2285 1351">
    <p class='ocr_par' dir='ltr' id='par_1_11' title="bbox 308 1141 2285 1351">
     <span class='ocr_line' id='line_1_13' title="bbox 311 1141 2285 1216; baseline -0.003 -15"><span class='ocrx_word' id='word_1_24' title='bbox 311 1147 433 1208; x_wconf 74' lang='lat' dir='ltr'><strong>(Ex</strong></span> <span class='ocrx_word' id='word_1_25' title='bbox 480 1144 821 1216; x_wconf 82' lang='lat' dir='ltr'><strong>autographo</strong></span> <span class='ocrx_word' id='word_1_26' title='bbox 867 1143 999 1198; x_wconf 88' lang='lat' dir='ltr'><strong>Ood.</strong></span> <span class='ocrx_word' id='word_1_27' title='bbox 1044 1142 1245 1198; x_wconf 82' lang='lat' dir='ltr'><strong>Genev.</strong></span> <span class='ocrx_word' id='word_1_28' title='bbox 1295 1141 1412 1207; x_wconf 81' lang='grc'><strong>117,</strong></span> <span class='ocrx_word' id='word_1_29' title='bbox 1463 1142 1551 1197; x_wconf 75' lang='lat' dir='ltr'><strong>fol.</strong></span> <span class='ocrx_word' id='word_1_30' title='bbox 1599 1142 1700 1205; x_wconf 75' lang='lat'><strong>503</strong></span> <span class='ocrx_word' id='word_1_31' title='bbox 1756 1143 1961 1198; x_wconf 80' lang='lat' dir='ltr'><strong>habent</strong></span> <span class='ocrx_word' id='word_1_32' title='bbox 1995 1147 2285 1214; x_wconf 74' lang='lat' dir='ltr'><strong>praeterea</strong></span> 
     </span>
     <span class='ocr_line' id='line_1_14' title="bbox 308 1210 2281 1282; baseline -0.004 -10"><span class='ocrx_word' id='word_1_33' title='bbox 308 1215 450 1272; x_wconf 78' lang='lat' dir='ltr'><strong>eod.</strong></span> <span class='ocrx_word' id='word_1_34' title='bbox 488 1214 609 1282; x_wconf 89' lang='grc'><strong>119,</strong></span> <span class='ocrx_word' id='word_1_35' title='bbox 645 1216 737 1270; x_wconf 76' lang='lat' dir='ltr'><strong>fol.</strong></span> <span class='ocrx_word' id='word_1_36' title='bbox 770 1211 866 1279; x_wconf 75' lang='lat'><strong>973</strong></span> <span class='ocrx_word' id='word_1_37' title='bbox 903 1213 1035 1268; x_wconf 92' lang='lat' dir='ltr'><strong>Ood.</strong></span> <span class='ocrx_word' id='word_1_38' title='bbox 1072 1213 1238 1267; x_wconf 88' lang='lat' dir='ltr'><strong>Bern.</strong></span> <span class='ocrx_word' id='word_1_39' title='bbox 1275 1212 1415 1282; x_wconf 77' lang='lat' dir='ltr'><strong>Epp.</strong></span> <span class='ocrx_word' id='word_1_40' title='bbox 1455 1211 1557 1266; x_wconf 83' lang='lat' dir='ltr'><strong>VI.</strong></span> <span class='ocrx_word' id='word_1_41' title='bbox 1594 1229 1649 1281; x_wconf 91' lang='lat' dir='ltr'><strong>p.</strong></span> <span class='ocrx_word' id='word_1_42' title='bbox 1685 1210 1816 1273; x_wconf 72' lang='lat'><strong>9493</strong></span> <span class='ocrx_word' id='word_1_43' title='bbox 1855 1219 1914 1266; x_wconf 89' lang='lat' dir='ltr'><strong>et</strong></span> <span class='ocrx_word' id='word_1_44' title='bbox 1930 1211 2142 1268; x_wconf 76' lang='lat' dir='ltr'><strong>simler.</strong></span> <span class='ocrx_word' id='word_1_45' title='bbox 2160 1211 2281 1267; x_wconf 83' lang='lat' dir='ltr'><strong>Vol.</strong></span> 
     </span>
     <span class='ocr_line' id='line_1_15' title="bbox 734 1279 1871 1351; baseline -0.003 -15"><span class='ocrx_word' id='word_1_46' title='bbox 734 1281 853 1338; x_wconf 78' lang='lat'><strong>102.</strong></span> <span class='ocrx_word' id='word_1_47' title='bbox 891 1312 954 1321; x_wconf 93' lang='lat'>—</span> <span class='ocrx_word' id='word_1_48' title='bbox 989 1280 1184 1335; x_wconf 80' lang='lat' dir='ltr'><strong>Edidit</strong></span> <span class='ocrx_word' id='word_1_49' title='bbox 1217 1282 1405 1335; x_wconf 90' lang='lat' dir='ltr'><strong>Baum.</strong></span> <span class='ocrx_word' id='word_1_50' title='bbox 1441 1280 1512 1336; x_wconf 87' lang='lat'><strong>11.</strong></span> <span class='ocrx_word' id='word_1_51' title='bbox 1549 1283 1692 1351; x_wconf 88' lang='lat' dir='ltr'><strong>App.</strong></span> <span class='ocrx_word' id='word_1_52' title='bbox 1725 1279 1871 1348; x_wconf 83' lang='grc'><strong>139.)</strong></span> 
     </span>
    </p>
   </div>
   <div class='ocr_carea' id='block_1_12' title="bbox 489 1451 2105 1606">
    <p class='ocr_par' dir='ltr' id='par_1_12' title="bbox 489 1451 2105 1606">
     <span class='ocr_line' id='line_1_16' title="bbox 489 1451 1558 1536; baseline -0.004 -14"><span class='ocrx_word' id='word_1_53' title='bbox 489 1458 554 1521; x_wconf 96' lang='lat' dir='ltr'>A</span> <span class='ocrx_word' id='word_1_54' title='bbox 592 1455 842 1521; x_wconf 80' lang='lat' dir='ltr'><strong>Monsr.</strong></span> <span class='ocrx_word' id='word_1_55' title='bbox 881 1452 1123 1519; x_wconf 87' lang='lat' dir='ltr'><strong>Monsr.</strong></span> <span class='ocrx_word' id='word_1_56' title='bbox 1163 1451 1558 1536; x_wconf 86' lang='lat' dir='ltr'><strong>D&#39;espeville</strong></span> 
     </span>
     <span class='ocr_line' id='line_1_17' title="bbox 1556 1536 2105 1606; baseline 0 -3"><span class='ocrx_word' id='word_1_57' title='bbox 1556 1558 1596 1603; x_wconf 91' lang='lat' dir='ltr'><strong>a</strong></span> <span class='ocrx_word' id='word_1_58' title='bbox 1642 1536 2105 1606; x_wconf 73' lang='lat' dir='ltr'><strong>villefranche.</strong></span> 
     </span>
    </p>
   </div>
   <div class='ocr_carea' id='block_1_13' title="bbox 292 1707 2279 4801">
    <p class='ocr_par' dir='ltr' id='par_1_13' title="bbox 296 1707 2279 2911">
     <span class='ocr_line' id='line_1_18' title="bbox 487 1707 2279 1793; baseline -0.003 -15"><span class='ocrx_word' id='word_1_59' title='bbox 487 1709 562 1778; x_wconf 79' lang='lat' dir='ltr'><strong>S.</strong></span> <span class='ocrx_word' id='word_1_60' title='bbox 646 1710 838 1776; x_wconf 85' lang='lat' dir='ltr'><strong>Nunc</strong></span> <span class='ocrx_word' id='word_1_61' title='bbox 900 1708 1103 1793; x_wconf 89' lang='lat' dir='ltr'><strong>igitur</strong></span> <span class='ocrx_word' id='word_1_62' title='bbox 1157 1709 1569 1775; x_wconf 88' lang='lat' dir='ltr'><strong>constituetis</strong></span> <span class='ocrx_word' id='word_1_63' title='bbox 1621 1707 1781 1792; x_wconf 86' lang='lat' dir='ltr'><strong>quid</strong></span> <span class='ocrx_word' id='word_1_64' title='bbox 1836 1707 2003 1774; x_wconf 85' lang='lat' dir='ltr'><strong>mihi</strong></span> <span class='ocrx_word' id='word_1_65' title='bbox 2046 1711 2135 1775; x_wconf 90' lang='lat' dir='ltr'><strong>sit</strong></span> <span class='ocrx_word' id='word_1_66' title='bbox 2177 1728 2279 1775; x_wconf 87' lang='lat' dir='ltr'><strong>se-</strong></span> 
     </span>
     <span class='ocr_line' id='line_1_19' title="bbox 303 1793 2277 1882; baseline -0.003 -18"><span class='ocrx_word' id='word_1_67' title='bbox 303 1797 648 1882; x_wconf 89' lang='lat' dir='ltr'><strong>quendum</strong></span> <span class='ocrx_word' id='word_1_68' title='bbox 689 1816 899 1879; x_wconf 90' lang='lat' dir='ltr'><strong>usque</strong></span> <span class='ocrx_word' id='word_1_69' title='bbox 942 1793 1024 1859; x_wconf 89' lang='lat' dir='ltr'><strong>ad</strong></span> <span class='ocrx_word' id='word_1_70' title='bbox 1068 1795 1442 1879; x_wconf 88' lang='lat' dir='ltr'><strong>proximum</strong></span> <span class='ocrx_word' id='word_1_71' title='bbox 1490 1794 1825 1860; x_wconf 79' lang='lat' dir='ltr'><strong>Martium.</strong></span> <span class='ocrx_word' id='word_1_72' title='bbox 1859 1795 1909 1879; x_wconf 87' lang='lat'><strong>¹)</strong></span> <span class='ocrx_word' id='word_1_73' title='bbox 1985 1795 2277 1862; x_wconf 80' lang='lat' dir='ltr'><strong>Uxorem</strong></span> 
     </span>
     <span class='ocr_line' id='line_1_20' title="bbox 303 1880 2276 1965; baseline -0.002 -14"><span class='ocrx_word' id='word_1_74' title='bbox 303 1904 574 1951; x_wconf 87' lang='lat' dir='ltr'><strong>accerso</strong></span> <span class='ocrx_word' id='word_1_75' title='bbox 614 1903 746 1948; x_wconf 92' lang='lat' dir='ltr'><strong>non</strong></span> <span class='ocrx_word' id='word_1_76' title='bbox 791 1889 928 1946; x_wconf 89' lang='lat' dir='ltr'><strong>tam</strong></span> <span class='ocrx_word' id='word_1_77' title='bbox 973 1903 1057 1946; x_wconf 88' lang='lat' dir='ltr'><strong>ex</strong></span> <span class='ocrx_word' id='word_1_78' title='bbox 1102 1901 1250 1946; x_wconf 89' lang='lat' dir='ltr'><strong>mea</strong></span> <span class='ocrx_word' id='word_1_79' title='bbox 1296 1901 1493 1965; x_wconf 88' lang='lat' dir='ltr'><strong>quam</strong></span> <span class='ocrx_word' id='word_1_80' title='bbox 1537 1902 1623 1948; x_wconf 89' lang='lat' dir='ltr'><strong>ex</strong></span> <span class='ocrx_word' id='word_1_81' title='bbox 1667 1881 1877 1964; x_wconf 86' lang='lat' dir='ltr'><strong>patris</strong></span> <span class='ocrx_word' id='word_1_82' title='bbox 1912 1880 2276 1959; x_wconf 83' lang='lat' dir='ltr'><strong>voluntate,</strong></span> 
     </span>
     <span class='ocr_line' id='line_1_21' title="bbox 302 1965 2275 2055; baseline -0.002 -20"><span class='ocrx_word' id='word_1_83' title='bbox 302 1969 486 2055; x_wconf 89' lang='lat' dir='ltr'><strong>apud</strong></span> <span class='ocrx_word' id='word_1_84' title='bbox 568 1988 764 2051; x_wconf 90' lang='lat' dir='ltr'><strong>quem</strong></span> <span class='ocrx_word' id='word_1_85' title='bbox 843 1974 996 2051; x_wconf 88' lang='lat' dir='ltr'><strong>opto</strong></span> <span class='ocrx_word' id='word_1_86' title='bbox 1074 1974 1150 2032; x_wconf 91' lang='lat' dir='ltr'><strong>ut</strong></span> <span class='ocrx_word' id='word_1_87' title='bbox 1209 1974 1475 2033; x_wconf 86' lang='lat' dir='ltr'><strong>maneat</strong></span> <span class='ocrx_word' id='word_1_88' title='bbox 1539 1966 1774 2033; x_wconf 87' lang='lat' dir='ltr'><strong>saltem</strong></span> <span class='ocrx_word' id='word_1_89' title='bbox 1839 1965 2275 2050; x_wconf 76' lang='lat' dir='ltr'><strong>aliquamdiu,</strong></span> 
     </span>
     <span class='ocr_line' id='line_1_22' title="bbox 299 2051 2277 2140; baseline -0.002 -19"><span class='ocrx_word' id='word_1_90' title='bbox 299 2052 840 2140; x_wconf 86' lang='lat' dir='ltr'><strong>quandoquidem</strong></span> <span class='ocrx_word' id='word_1_91' title='bbox 886 2052 1114 2119; x_wconf 89' lang='lat' dir='ltr'><strong>abesse</strong></span> <span class='ocrx_word' id='word_1_92' title='bbox 1157 2074 1232 2118; x_wconf 93' lang='lat' dir='ltr'><strong>co</strong></span> <span class='ocrx_word' id='word_1_93' title='bbox 1280 2074 1374 2118; x_wconf 92' lang='lat' dir='ltr'><strong>or.</strong></span> <span class='ocrx_word' id='word_1_94' title='bbox 1448 2051 1676 2135; x_wconf 81' lang='lat' dir='ltr'><strong>Quum</strong></span> <span class='ocrx_word' id='word_1_95' title='bbox 1721 2059 1874 2118; x_wconf 92' lang='lat' dir='ltr'><strong>tuae</strong></span> <span class='ocrx_word' id='word_1_96' title='bbox 1908 2059 2277 2136; x_wconf 76' lang='lat' dir='ltr'><strong>postremae</strong></span> 
     </span>
     <span class='ocr_line' id='line_1_23' title="bbox 298 2138 2277 2221; baseline -0.002 -15"><span class='ocrx_word' id='word_1_97' title='bbox 298 2140 476 2206; x_wconf 87' lang='lat' dir='ltr'><strong>mihi</strong></span> <span class='ocrx_word' id='word_1_98' title='bbox 518 2138 973 2217; x_wconf 79' lang='lat' dir='ltr'><strong>redderentur,</strong></span> <span class='ocrx_word' id='word_1_99' title='bbox 1018 2159 1181 2221; x_wconf 91' lang='lat' dir='ltr'><strong>quas</strong></span> <span class='ocrx_word' id='word_1_100' title='bbox 1270 2138 1463 2204; x_wconf 89' lang='lat' dir='ltr'><strong>edisti</strong></span> <span class='ocrx_word' id='word_1_101' title='bbox 1511 2143 1606 2203; x_wconf 87' lang='grc'><strong>19.</strong></span> <span class='ocrx_word' id='word_1_102' title='bbox 1632 2138 2047 2218; x_wconf 83' lang='lat' dir='ltr'><strong>Novembris,</strong></span> <span class='ocrx_word' id='word_1_103' title='bbox 2094 2159 2277 2204; x_wconf 90' lang='lat' dir='ltr'><strong>eram</strong></span> 
     </span>
     <span class='ocr_line' id='line_1_24' title="bbox 297 2223 2277 2308; baseline -0.002 -16"><span class='ocrx_word' id='word_1_104' title='bbox 297 2228 529 2292; x_wconf 83' lang='lat' dir='ltr'><strong>animo</strong></span> <span class='ocrx_word' id='word_1_105' title='bbox 575 2223 768 2290; x_wconf 85' lang='lat' dir='ltr'><strong>valde</strong></span> <span class='ocrx_word' id='word_1_106' title='bbox 811 2224 1212 2308; x_wconf 86' lang='lat' dir='ltr'><strong>perturbato,</strong></span> <span class='ocrx_word' id='word_1_107' title='bbox 1257 2225 1570 2307; x_wconf 89' lang='lat' dir='ltr'><strong>quoniam</strong></span> <span class='ocrx_word' id='word_1_108' title='bbox 1616 2223 1924 2291; x_wconf 86' lang='lat' dir='ltr'><strong>videbam</strong></span> <span class='ocrx_word' id='word_1_109' title='bbox 1959 2223 2277 2308; x_wconf 88' lang='lat' dir='ltr'><strong>quosdam</strong></span> 
     </span>
     <span class='ocr_line' id='line_1_25' title="bbox 296 2310 2276 2394; baseline -0.001 -16"><span class='ocrx_word' id='word_1_110' title='bbox 296 2311 527 2378; x_wconf 88' lang='lat' dir='ltr'><strong>moliri</strong></span> <span class='ocrx_word' id='word_1_111' title='bbox 603 2319 683 2377; x_wconf 91' lang='lat' dir='ltr'><strong>ut</strong></span> <span class='ocrx_word' id='word_1_112' title='bbox 736 2330 982 2387; x_wconf 87' lang='lat' dir='ltr'><strong>omnes,</strong></span> <span class='ocrx_word' id='word_1_113' title='bbox 1063 2310 1205 2375; x_wconf 92' lang='lat' dir='ltr'><strong>sine</strong></span> <span class='ocrx_word' id='word_1_114' title='bbox 1272 2311 1675 2394; x_wconf 78' lang='lat' dir='ltr'><strong>exceptione,</strong></span> <span class='ocrx_word' id='word_1_115' title='bbox 1755 2310 2197 2387; x_wconf 78' lang='lat' dir='ltr'><strong>reficeremur,</strong></span> <span class='ocrx_word' id='word_1_116' title='bbox 2218 2312 2276 2390; x_wconf 77' lang='lat'><strong>²)</strong></span> 
     </span>
     <span class='ocr_line' id='line_1_26' title="bbox 298 2393 2275 2488; baseline -0.002 -25"><span class='ocrx_word' id='word_1_117' title='bbox 298 2419 442 2463; x_wconf 88' lang='lat' dir='ltr'><strong>non</strong></span> <span class='ocrx_word' id='word_1_118' title='bbox 478 2397 626 2463; x_wconf 91' lang='lat' dir='ltr'><strong>dico</strong></span> <span class='ocrx_word' id='word_1_119' title='bbox 660 2395 732 2461; x_wconf 90' lang='lat' dir='ltr'><strong>in</strong></span> <span class='ocrx_word' id='word_1_120' title='bbox 768 2393 1102 2473; x_wconf 89' lang='lat' dir='ltr'><strong>suburbia,</strong></span> <span class='ocrx_word' id='word_1_121' title='bbox 1148 2394 1264 2462; x_wconf 88' lang='lat' dir='ltr'><strong>sed</strong></span> <span class='ocrx_word' id='word_1_122' title='bbox 1300 2397 1368 2460; x_wconf 92' lang='lat' dir='ltr'><strong>in</strong></span> <span class='ocrx_word' id='word_1_123' title='bbox 1405 2415 1592 2488; x_wconf 68' lang='lat' dir='ltr'><strong>areas</strong></span> <span class='ocrx_word' id='word_1_124' title='bbox 1630 2395 1929 2462; x_wconf 87' lang='lat' dir='ltr'><strong>ducentis</strong></span> <span class='ocrx_word' id='word_1_125' title='bbox 1973 2395 2275 2480; x_wconf 87' lang='lat' dir='ltr'><strong>passibus</strong></span> 
     </span>
     <span class='ocr_line' id='line_1_27' title="bbox 299 2480 2274 2566; baseline -0.002 -17"><span class='ocrx_word' id='word_1_126' title='bbox 299 2484 385 2550; x_wconf 90' lang='lat' dir='ltr'><strong>ab</strong></span> <span class='ocrx_word' id='word_1_127' title='bbox 434 2481 701 2549; x_wconf 88' lang='lat' dir='ltr'><strong>urbium</strong></span> <span class='ocrx_word' id='word_1_128' title='bbox 745 2480 1108 2560; x_wconf 88' lang='lat' dir='ltr'><strong>moenibus,</strong></span> <span class='ocrx_word' id='word_1_129' title='bbox 1164 2481 1336 2565; x_wconf 91' lang='lat' dir='ltr'><strong>quod</strong></span> <span class='ocrx_word' id='word_1_130' title='bbox 1380 2502 1504 2566; x_wconf 91' lang='lat' dir='ltr'><strong>ego</strong></span> <span class='ocrx_word' id='word_1_131' title='bbox 1545 2480 1758 2546; x_wconf 89' lang='lat' dir='ltr'><strong>modis</strong></span> <span class='ocrx_word' id='word_1_132' title='bbox 1802 2482 2107 2547; x_wconf 89' lang='lat' dir='ltr'><strong>omnibus</strong></span> <span class='ocrx_word' id='word_1_133' title='bbox 2148 2482 2274 2546; x_wconf 89' lang='lat' dir='ltr'><strong>im-</strong></span> 
     </span>
     <span class='ocr_line' id='line_1_28' title="bbox 297 2566 2271 2654; baseline 0 -21"><span class='ocrx_word' id='word_1_134' title='bbox 297 2567 588 2654; x_wconf 84' lang='lat' dir='ltr'><strong>pediam,</strong></span> <span class='ocrx_word' id='word_1_135' title='bbox 634 2568 940 2651; x_wconf 89' lang='lat' dir='ltr'><strong>quoniam</strong></span> <span class='ocrx_word' id='word_1_136' title='bbox 987 2577 1056 2633; x_wconf 91' lang='lat' dir='ltr'><strong>et</strong></span> <span class='ocrx_word' id='word_1_137' title='bbox 1097 2567 1325 2650; x_wconf 91' lang='lat' dir='ltr'><strong>iniqua</strong></span> <span class='ocrx_word' id='word_1_138' title='bbox 1361 2577 1424 2631; x_wconf 83' lang='lat' dir='ltr'><strong>et</strong></span> <span class='ocrx_word' id='word_1_139' title='bbox 1470 2566 1832 2650; x_wconf 89' lang='lat' dir='ltr'><strong>periculosa</strong></span> <span class='ocrx_word' id='word_1_140' title='bbox 1872 2588 1980 2634; x_wconf 89' lang='lat' dir='ltr'><strong>res</strong></span> <span class='ocrx_word' id='word_1_141' title='bbox 2025 2577 2143 2648; x_wconf 89' lang='lat' dir='ltr'><strong>est,</strong></span> <span class='ocrx_word' id='word_1_142' title='bbox 2200 2567 2271 2633; x_wconf 91' lang='lat' dir='ltr'><strong>in</strong></span> 
     </span>
     <span class='ocr_line' id='line_1_29' title="bbox 296 2652 2273 2739; baseline 0 -20"><span class='ocrx_word' id='word_1_143' title='bbox 296 2665 533 2739; x_wconf 86' lang='lat' dir='ltr'><strong>aperta</strong></span> <span class='ocrx_word' id='word_1_144' title='bbox 576 2661 672 2719; x_wconf 87' lang='lat' dir='ltr'><strong>tot</strong></span> <span class='ocrx_word' id='word_1_145' title='bbox 718 2652 1007 2719; x_wconf 89' lang='lat' dir='ltr'><strong>hostium</strong></span> <span class='ocrx_word' id='word_1_146' title='bbox 1051 2653 1522 2732; x_wconf 87' lang='lat' dir='ltr'><strong>coniuratione,</strong></span> <span class='ocrx_word' id='word_1_147' title='bbox 1583 2661 1796 2736; x_wconf 90' lang='lat' dir='ltr'><strong>atque,</strong></span> <span class='ocrx_word' id='word_1_148' title='bbox 1861 2661 1937 2718; x_wconf 93' lang='lat' dir='ltr'><strong>ut</strong></span> <span class='ocrx_word' id='word_1_149' title='bbox 1978 2653 2273 2737; x_wconf 88' lang='lat' dir='ltr'><strong>reliquae</strong></span> 
     </span>
     <span class='ocr_line' id='line_1_30' title="bbox 296 2737 2272 2823; baseline -0.001 -17"><span class='ocrx_word' id='word_1_150' title='bbox 296 2740 598 2807; x_wconf 88' lang='lat' dir='ltr'><strong>rationes</strong></span> <span class='ocrx_word' id='word_1_151' title='bbox 639 2745 917 2816; x_wconf 87' lang='lat' dir='ltr'><strong>cessent,</strong></span> <span class='ocrx_word' id='word_1_152' title='bbox 962 2759 1099 2803; x_wconf 86' lang='lat' dir='ltr'><strong>non</strong></span> <span class='ocrx_word' id='word_1_153' title='bbox 1144 2737 1337 2806; x_wconf 80' lang='lat' dir='ltr'><strong>video</strong></span> <span class='ocrx_word' id='word_1_154' title='bbox 1427 2740 1494 2803; x_wconf 91' lang='lat' dir='ltr'><strong>ui</strong></span> <span class='ocrx_word' id='word_1_155' title='bbox 1536 2739 1745 2823; x_wconf 87' lang='lat' dir='ltr'><strong>possit</strong></span> <span class='ocrx_word' id='word_1_156' title='bbox 1786 2739 1982 2805; x_wconf 85' lang='lat' dir='ltr'><strong>civile</strong></span> <span class='ocrx_word' id='word_1_157' title='bbox 2026 2739 2272 2805; x_wconf 87' lang='lat' dir='ltr'><strong>bellum</strong></span> 
     </span>
     <span class='ocr_line' id='line_1_31' title="bbox 296 2759 2271 2911; baseline -0.002 -19"><span class='ocrx_word' id='word_1_158' title='bbox 296 2824 629 2911; x_wconf 85' lang='lat' dir='ltr'><strong>impediri,</strong></span> <span class='ocrx_word' id='word_1_159' title='bbox 675 2828 732 2890; x_wconf 87' lang='lat' dir='ltr'><strong>si</strong></span> <span class='ocrx_word' id='word_1_160' title='bbox 774 2833 1037 2891; x_wconf 89' lang='lat' dir='ltr'><strong>nostros</strong></span> <span class='ocrx_word' id='word_1_161' title='bbox 1080 2824 1293 2891; x_wconf 81' lang='lat' dir='ltr'><strong>velint</strong></span> <span class='ocrx_word' id='word_1_162' title='bbox 1338 2759 1425 2890; x_wconf 59' lang='lat' dir='ltr'><strong>ad</strong></span> <span class='ocrx_word' id='word_1_163' title='bbox 1459 2824 1631 2892; x_wconf 91' lang='lat' dir='ltr'><strong>hanc</strong></span> <span class='ocrx_word' id='word_1_164' title='bbox 1666 2823 2106 2892; x_wconf 87' lang='lat' dir='ltr'><strong>conditionem</strong></span> <span class='ocrx_word' id='word_1_165' title='bbox 2137 2824 2271 2890; x_wconf 88' lang='lat' dir='ltr'><strong>adi-</strong></span> 
     </span>
    </p>

    <p class='ocr_par' dir='ltr' id='par_1_14' title="bbox 292 2909 2265 3253">
     <span class='ocr_line' id='line_1_32' title="bbox 380 2909 2263 2996; baseline -0.001 -18"><span class='ocrx_word' id='word_1_166' title='bbox 380 2934 473 2979; x_wconf 88' lang='lat' dir='ltr'><strong>re.</strong></span> <span class='ocrx_word' id='word_1_167' title='bbox 564 2909 885 2978; x_wconf 76' lang='lat' dir='ltr'><strong>Precibus</strong></span> <span class='ocrx_word' id='word_1_168' title='bbox 929 2931 1087 2996; x_wconf 89' lang='lat' dir='ltr'><strong>ergo</strong></span> <span class='ocrx_word' id='word_1_169' title='bbox 1133 2919 1199 2976; x_wconf 91' lang='lat' dir='ltr'><strong>et</strong></span> <span class='ocrx_word' id='word_1_170' title='bbox 1242 2931 1505 2977; x_wconf 88' lang='lat' dir='ltr'><strong>summa</strong></span> <span class='ocrx_word' id='word_1_171' title='bbox 1544 2909 1888 2996; x_wconf 81' lang='lat' dir='ltr'><strong>diligentia</strong></span> <span class='ocrx_word' id='word_1_172' title='bbox 1933 2933 2098 2995; x_wconf 90' lang='lat' dir='ltr'><strong>opus</strong></span> <span class='ocrx_word' id='word_1_173' title='bbox 2132 2918 2263 2977; x_wconf 91' lang='lat' dir='ltr'><strong>·est.</strong></span> 
     </span>
     <span class='ocr_line' id='line_1_33' title="bbox 293 2934 2265 3081; baseline -0.002 -14"><span class='ocrx_word' id='word_1_174' title='bbox 293 2934 489 3078; x_wconf 54' lang='lat' dir='ltr'><strong>gae,</strong></span> <span class='ocrx_word' id='word_1_175' title='bbox 572 3005 649 3064; x_wconf 91' lang='lat' dir='ltr'><strong>ut</strong></span> <span class='ocrx_word' id='word_1_176' title='bbox 712 3017 925 3081; x_wconf 91' lang='lat' dir='ltr'><strong>spero,</strong></span> <span class='ocrx_word' id='word_1_177' title='bbox 1004 3015 1272 3065; x_wconf 84' lang='lat' dir='ltr'><strong>coenam</strong></span> <span class='ocrx_word' id='word_1_178' title='bbox 1340 2995 1835 3067; x_wconf 81' lang='lat' dir='ltr'><strong>celebrabimus.</strong></span> <span class='ocrx_word' id='word_1_179' title='bbox 1933 2997 2265 3065; x_wconf 73' lang='lat' dir='ltr'><strong>Postridie</strong></span> 
     </span>
     <span class='ocr_line' id='line_1_34' title="bbox 293 3082 2263 3169; baseline -0.002 -17"><span class='ocrx_word' id='word_1_180' title='bbox 293 3084 381 3152; x_wconf 82' lang='lat' dir='ltr'><strong>ad</strong></span> <span class='ocrx_word' id='word_1_181' title='bbox 426 3094 689 3169; x_wconf 88' lang='lat' dir='ltr'><strong>patrem</strong></span> <span class='ocrx_word' id='word_1_182' title='bbox 750 3083 1149 3167; x_wconf 87' lang='lat' dir='ltr'><strong>proficiscar,</strong></span> <span class='ocrx_word' id='word_1_183' title='bbox 1212 3082 1296 3149; x_wconf 92' lang='lat' dir='ltr'><strong>ad</strong></span> <span class='ocrx_word' id='word_1_184' title='bbox 1345 3088 1428 3149; x_wconf 83' lang='lat'><strong>20</strong></span> <span class='ocrx_word' id='word_1_185' title='bbox 1472 3083 1648 3151; x_wconf 92' lang='lat' dir='ltr'><strong>diem</strong></span> <span class='ocrx_word' id='word_1_186' title='bbox 1691 3084 2081 3151; x_wconf 88' lang='lat' dir='ltr'><strong>Decembris</strong></span> <span class='ocrx_word' id='word_1_187' title='bbox 2124 3106 2263 3151; x_wconf 92' lang='lat' dir='ltr'><strong>om-</strong></span> 
     </span>
     <span class='ocr_line' id='line_1_35' title="bbox 292 3167 1482 3253; baseline -0.003 -16"><span class='ocrx_word' id='word_1_188' title='bbox 292 3172 477 3253; x_wconf 88' lang='lat' dir='ltr'><strong>nino,</strong></span> <span class='ocrx_word' id='word_1_189' title='bbox 524 3171 786 3236; x_wconf 81' lang='lat' dir='ltr'><strong>favente</strong></span> <span class='ocrx_word' id='word_1_190' title='bbox 831 3167 996 3247; x_wconf 89' lang='lat' dir='ltr'><strong>Dee,</strong></span> <span class='ocrx_word' id='word_1_191' title='bbox 1041 3168 1392 3235; x_wconf 87' lang='lat' dir='ltr'><strong>rediturus.</strong></span> <span class='ocrx_word' id='word_1_192' title='bbox 1422 3172 1482 3253; x_wconf 83' lang='lat'><strong>⁸)</strong></span> 
     </span>
    </p>

    <p class='ocr_par' dir='ltr' id='par_1_15' title="bbox 292 3254 2265 3771">
     <span class='ocr_line' id='line_1_36' title="bbox 468 3254 2262 3340; baseline 0.001 -19"><span class='ocrx_word' id='word_1_193' title='bbox 468 3255 676 3322; x_wconf 89' lang='lat' dir='ltr'><strong>Dolet</strong></span> <span class='ocrx_word' id='word_1_194' title='bbox 727 3254 895 3320; x_wconf 87' lang='lat' dir='ltr'><strong>mihi</strong></span> <span class='ocrx_word' id='word_1_195' title='bbox 954 3255 1033 3321; x_wconf 89' lang='lat' dir='ltr'><strong>de</strong></span> <span class='ocrx_word' id='word_1_196' title='bbox 1088 3254 1392 3322; x_wconf 87' lang='lat' dir='ltr'><strong>catarrho</strong></span> <span class='ocrx_word' id='word_1_197' title='bbox 1437 3277 1566 3340; x_wconf 87' lang='lat' dir='ltr'><strong>quo</strong></span> <span class='ocrx_word' id='word_1_198' title='bbox 1613 3266 1680 3322; x_wconf 91' lang='lat' dir='ltr'><strong>te</strong></span> <span class='ocrx_word' id='word_1_199' title='bbox 1725 3256 1956 3323; x_wconf 90' lang='lat' dir='ltr'><strong>scribis</strong></span> <span class='ocrx_word' id='word_1_200' title='bbox 1999 3275 2262 3340; x_wconf 89' lang='lat' dir='ltr'><strong>correp-</strong></span> 
     </span>
     <span class='ocr_line' id='line_1_37' title="bbox 293 3339 2265 3426; baseline -0.001 -18"><span class='ocrx_word' id='word_1_201' title='bbox 293 3354 460 3408; x_wconf 87' lang='lat' dir='ltr'><strong>tum.</strong></span> <span class='ocrx_word' id='word_1_202' title='bbox 541 3341 692 3426; x_wconf 80' lang='lat' dir='ltr'><strong>Ego</strong></span> <span class='ocrx_word' id='word_1_203' title='bbox 731 3339 1074 3407; x_wconf 84' lang='lat' dir='ltr'><strong>rheumate</strong></span> <span class='ocrx_word' id='word_1_204' title='bbox 1116 3340 1284 3406; x_wconf 86' lang='lat' dir='ltr'><strong>mihi</strong></span> <span class='ocrx_word' id='word_1_205' title='bbox 1316 3340 1630 3408; x_wconf 82' lang='lat' dir='ltr'><strong>familiari</strong></span> <span class='ocrx_word' id='word_1_206' title='bbox 1672 3341 1913 3409; x_wconf 85' lang='lat' dir='ltr'><strong>laboro.</strong></span> <span class='ocrx_word' id='word_1_207' title='bbox 1988 3341 2143 3421; x_wconf 88' lang='lat' dir='ltr'><strong>Sed,</strong></span> <span class='ocrx_word' id='word_1_208' title='bbox 2189 3350 2265 3407; x_wconf 92' lang='lat' dir='ltr'><strong>ut</strong></span> 
     </span>
     <span class='ocr_line' id='line_1_38' title="bbox 293 3427 2264 3511; baseline -0.001 -16"><span class='ocrx_word' id='word_1_209' title='bbox 293 3429 512 3509; x_wconf 83' lang='lat' dir='ltr'><strong>video,</strong></span> <span class='ocrx_word' id='word_1_210' title='bbox 585 3448 721 3493; x_wconf 89' lang='lat' dir='ltr'><strong>non</strong></span> <span class='ocrx_word' id='word_1_211' title='bbox 775 3435 967 3493; x_wconf 84' lang='lat' dir='ltr'><strong>vacat</strong></span> <span class='ocrx_word' id='word_1_212' title='bbox 1024 3427 1212 3493; x_wconf 89' lang='lat' dir='ltr'><strong>nobis</strong></span> <span class='ocrx_word' id='word_1_213' title='bbox 1267 3440 1628 3511; x_wconf 80' lang='lat' dir='ltr'><strong>aegrotare,</strong></span> <span class='ocrx_word' id='word_1_214' title='bbox 1706 3438 1776 3494; x_wconf 91' lang='lat' dir='ltr'><strong>et</strong></span> <span class='ocrx_word' id='word_1_215' title='bbox 1837 3447 1996 3493; x_wconf 92' lang='lat' dir='ltr'><strong>sane</strong></span> <span class='ocrx_word' id='word_1_216' title='bbox 2053 3429 2264 3493; x_wconf 89' lang='lat' dir='ltr'><strong>sentio</strong></span> 
     </span>
     <span class='ocr_line' id='line_1_39' title="bbox 292 3510 2262 3597; baseline -0.001 -17"><span class='ocrx_word' id='word_1_217' title='bbox 292 3514 521 3580; x_wconf 90' lang='lat' dir='ltr'><strong>Deum</strong></span> <span class='ocrx_word' id='word_1_218' title='bbox 565 3512 732 3578; x_wconf 85' lang='lat' dir='ltr'><strong>mihi</strong></span> <span class='ocrx_word' id='word_1_219' title='bbox 775 3522 965 3579; x_wconf 85' lang='lat' dir='ltr'><strong>extra</strong></span> <span class='ocrx_word' id='word_1_220' title='bbox 1006 3510 1304 3580; x_wconf 89' lang='lat' dir='ltr'><strong>ordinem</strong></span> <span class='ocrx_word' id='word_1_221' title='bbox 1349 3535 1492 3579; x_wconf 88' lang='lat' dir='ltr'><strong>esse</strong></span> <span class='ocrx_word' id='word_1_222' title='bbox 1532 3514 1914 3597; x_wconf 89' lang='lat' dir='ltr'><strong>propitium,</strong></span> <span class='ocrx_word' id='word_1_223' title='bbox 1952 3513 2262 3597; x_wconf 90' lang='lat' dir='ltr'><strong>quoniam</strong></span> 
     </span>
     <span class='ocr_line' id='line_1_40' title="bbox 294 3598 2260 3683; baseline -0.003 -16"><span class='ocrx_word' id='word_1_224' title='bbox 294 3601 381 3667; x_wconf 81' lang='lat' dir='ltr'><strong>ali</strong></span> <span class='ocrx_word' id='word_1_225' title='bbox 468 3601 539 3666; x_wconf 91' lang='lat' dir='ltr'><strong>ui</strong></span> <span class='ocrx_word' id='word_1_226' title='bbox 584 3619 705 3666; x_wconf 89' lang='lat' dir='ltr'><strong>nec</strong></span> <span class='ocrx_word' id='word_1_227' title='bbox 737 3598 1067 3683; x_wconf 85' lang='lat' dir='ltr'><strong>loquendo</strong></span> <span class='ocrx_word' id='word_1_228' title='bbox 1102 3619 1225 3664; x_wconf 90' lang='lat' dir='ltr'><strong>nec</strong></span> <span class='ocrx_word' id='word_1_229' title='bbox 1266 3598 1612 3664; x_wconf 90' lang='lat' dir='ltr'><strong>scribendo</strong></span> <span class='ocrx_word' id='word_1_230' title='bbox 1647 3620 1768 3682; x_wconf 91' lang='lat' dir='ltr'><strong>par</strong></span> <span class='ocrx_word' id='word_1_231' title='bbox 1803 3620 1946 3664; x_wconf 91' lang='lat' dir='ltr'><strong>esse</strong></span> <span class='ocrx_word' id='word_1_232' title='bbox 1981 3619 2260 3682; x_wconf 89' lang='lat' dir='ltr'><strong>possem,</strong></span> 
     </span>
     <span class='ocr_line' id='line_1_41' title="bbox 293 3683 2262 3771; baseline -0.003 -18"><span class='ocrx_word' id='word_1_233' title='bbox 293 3708 383 3771; x_wconf 87' lang='lat' dir='ltr'><strong>qu</strong></span> <span class='ocrx_word' id='word_1_234' title='bbox 520 3694 746 3752; x_wconf 86' lang='lat' dir='ltr'><strong>tamen</strong></span> <span class='ocrx_word' id='word_1_235' title='bbox 790 3685 1029 3751; x_wconf 79' lang='lat' dir='ltr'><strong>faciam</strong></span> <span class='ocrx_word' id='word_1_236' title='bbox 1067 3691 1342 3768; x_wconf 87' lang='lat' dir='ltr'><strong>oportet,</strong></span> <span class='ocrx_word' id='word_1_237' title='bbox 1384 3686 1514 3750; x_wconf 91' lang='lat' dir='ltr'><strong>nisi</strong></span> <span class='ocrx_word' id='word_1_238' title='bbox 1558 3683 1763 3750; x_wconf 82' lang='lat' dir='ltr'><strong>velim</strong></span> <span class='ocrx_word' id='word_1_239' title='bbox 1809 3685 1953 3750; x_wconf 87' lang='lat' dir='ltr'><strong>eius</strong></span> <span class='ocrx_word' id='word_1_240' title='bbox 1996 3704 2262 3750; x_wconf 91' lang='lat' dir='ltr'><strong>causam</strong></span> 
     </span>
    </p>

    <p class='ocr_par' dir='ltr' id='par_1_16' title="bbox 296 3768 2264 4697">
     <span class='ocr_line' id='line_1_42' title="bbox 340 3768 2264 3854; baseline -0.003 -15"><span class='ocrx_word' id='word_1_241' title='bbox 340 3772 575 3839; x_wconf 88' lang='lat' dir='ltr'><strong>rodere</strong></span> <span class='ocrx_word' id='word_1_242' title='bbox 653 3772 756 3837; x_wconf 90' lang='lat' dir='ltr'><strong>cui</strong></span> <span class='ocrx_word' id='word_1_243' title='bbox 835 3792 956 3836; x_wconf 89' lang='lat' dir='ltr'><strong>nos</strong></span> <span class='ocrx_word' id='word_1_244' title='bbox 1019 3770 1198 3854; x_wconf 87' lang='lat' dir='ltr'><strong>ipsos</strong></span> <span class='ocrx_word' id='word_1_245' title='bbox 1266 3769 1595 3836; x_wconf 92' lang='lat' dir='ltr'><strong>debemus.</strong></span> <span class='ocrx_word' id='word_1_246' title='bbox 1707 3768 1843 3836; x_wconf 89' lang='lat' dir='ltr'><strong>Sed</strong></span> <span class='ocrx_word' id='word_1_247' title='bbox 1911 3779 2131 3837; x_wconf 88' lang='lat' dir='ltr'><strong>tamen</strong></span> <span class='ocrx_word' id='word_1_248' title='bbox 2198 3780 2264 3834; x_wconf 87' lang='lat' dir='ltr'><strong>te</strong></span> 
     </span>
     <span class='ocr_line' id='line_1_43' title="bbox 342 3855 2262 3941; baseline -0.002 -16"><span class='ocrx_word' id='word_1_249' title='bbox 342 3868 636 3926; x_wconf 86' lang='lat' dir='ltr'><strong>ortatore</strong></span> <span class='ocrx_word' id='word_1_250' title='bbox 678 3857 1007 3941; x_wconf 88' lang='lat' dir='ltr'><strong>promitto,</strong></span> <span class='ocrx_word' id='word_1_251' title='bbox 1080 3877 1187 3921; x_wconf 89' lang='lat' dir='ltr'><strong>me</strong></span> <span class='ocrx_word' id='word_1_252' title='bbox 1232 3855 1614 3941; x_wconf 90' lang='lat' dir='ltr'><strong>diligentius</strong></span> <span class='ocrx_word' id='word_1_253' title='bbox 1659 3855 2108 3935; x_wconf 80' lang='lat' dir='ltr'><strong>valetudinem</strong></span> <span class='ocrx_word' id='word_1_254' title='bbox 2148 3876 2262 3923; x_wconf 91' lang='lat' dir='ltr'><strong>cu-</strong></span> 
     </span>
     <span class='ocr_line' id='line_1_44' title="bbox 296 3940 2260 4026; baseline -0.003 -15"><span class='ocrx_word' id='word_1_255' title='bbox 296 3958 618 4011; x_wconf 83' lang='lat' dir='ltr'><strong>raturum.</strong></span> <span class='ocrx_word' id='word_1_256' title='bbox 734 3940 1068 4026; x_wconf 70' lang='lat' dir='ltr'><strong>Saliqnaco</strong></span> <span class='ocrx_word' id='word_1_257' title='bbox 1145 3941 1369 4008; x_wconf 86' lang='lat' dir='ltr'><strong>literas</strong></span> <span class='ocrx_word' id='word_1_258' title='bbox 1448 3949 1598 4007; x_wconf 89' lang='lat' dir='ltr'><strong>tuas</strong></span> <span class='ocrx_word' id='word_1_259' title='bbox 1676 3942 1818 4026; x_wconf 90' lang='lat' dir='ltr'><strong>ipse</strong></span> <span class='ocrx_word' id='word_1_260' title='bbox 1895 3941 2183 4007; x_wconf 85' lang='lat' dir='ltr'><strong>reddam.</strong></span> <span class='ocrx_word' id='word_1_261' title='bbox 2207 3946 2260 4019; x_wconf 84' lang='lat'><strong>⁴)</strong></span> 
     </span>
     <span class='ocr_line' id='line_1_45' title="bbox 297 4026 2262 4111; baseline -0.002 -16"><span class='ocrx_word' id='word_1_262' title='bbox 297 4030 505 4098; x_wconf 85' lang='lat' dir='ltr'><strong>Recte</strong></span> <span class='ocrx_word' id='word_1_263' title='bbox 550 4028 765 4094; x_wconf 79' lang='lat' dir='ltr'><strong>fecisti</strong></span> <span class='ocrx_word' id='word_1_264' title='bbox 820 4029 1088 4094; x_wconf 91' lang='lat' dir='ltr'><strong>omnino</strong></span> <span class='ocrx_word' id='word_1_265' title='bbox 1147 4026 1319 4110; x_wconf 87' lang='lat' dir='ltr'><strong>quod</strong></span> <span class='ocrx_word' id='word_1_266' title='bbox 1355 4026 1690 4092; x_wconf 90' lang='lat' dir='ltr'><strong>hominem</strong></span> <span class='ocrx_word' id='word_1_267' title='bbox 1735 4029 1976 4094; x_wconf 87' lang='lat' dir='ltr'><strong>acriter</strong></span> <span class='ocrx_word' id='word_1_268' title='bbox 2018 4047 2262 4111; x_wconf 89' lang='lat' dir='ltr'><strong>urgen-</strong></span> 
     </span>
     <span class='ocr_line' id='line_1_46' title="bbox 297 4113 2261 4182; baseline -0.001 -1"><span class='ocrx_word' id='word_1_269' title='bbox 297 4114 453 4182; x_wconf 90' lang='lat' dir='ltr'><strong>dum</strong></span> <span class='ocrx_word' id='word_1_270' title='bbox 543 4114 770 4180; x_wconf 85' lang='lat' dir='ltr'><strong>utaris.</strong></span> <span class='ocrx_word' id='word_1_271' title='bbox 859 4113 1136 4180; x_wconf 87' lang='lat' dir='ltr'><strong>Utinam</strong></span> <span class='ocrx_word' id='word_1_272' title='bbox 1176 4114 1246 4177; x_wconf 90' lang='lat' dir='ltr'><strong>in</strong></span> <span class='ocrx_word' id='word_1_273' title='bbox 1292 4114 1588 4178; x_wconf 89' lang='lat' dir='ltr'><strong>animum</strong></span> <span class='ocrx_word' id='word_1_274' title='bbox 1632 4113 1906 4180; x_wconf 88' lang='lat' dir='ltr'><strong>inducat</strong></span> <span class='ocrx_word' id='word_1_275' title='bbox 1967 4113 2261 4179; x_wconf 87' lang='lat' dir='ltr'><strong>consiliis</strong></span> 
     </span>
     <span class='ocr_line' id='line_1_47' title="bbox 298 4198 2260 4267; baseline -0.002 0"><span class='ocrx_word' id='word_1_276' title='bbox 298 4204 427 4267; x_wconf 88' lang='lat' dir='ltr'><strong>tuis</strong></span> <span class='ocrx_word' id='word_1_277' title='bbox 470 4222 511 4267; x_wconf 93' lang='lat' dir='ltr'><strong>o</strong></span> <span class='ocrx_word' id='word_1_278' title='bbox 672 4201 759 4265; x_wconf 89' lang='lat' dir='ltr'><strong>ui.</strong></span> <span class='ocrx_word' id='word_1_279' title='bbox 848 4198 956 4264; x_wconf 92' lang='lat' dir='ltr'><strong>De</strong></span> <span class='ocrx_word' id='word_1_280' title='bbox 1000 4206 1379 4264; x_wconf 87' lang='lat' dir='ltr'><strong>nostrorum</strong></span> <span class='ocrx_word' id='word_1_281' title='bbox 1423 4200 1681 4265; x_wconf 79' lang='lat' dir='ltr'><strong>fervore</strong></span> <span class='ocrx_word' id='word_1_282' title='bbox 1721 4200 1818 4264; x_wconf 91' lang='lat' dir='ltr'><strong>ita</strong></span> <span class='ocrx_word' id='word_1_283' title='bbox 1851 4207 1953 4264; x_wconf 86' lang='lat' dir='ltr'><strong>est</strong></span> <span class='ocrx_word' id='word_1_284' title='bbox 1986 4206 2064 4265; x_wconf 89' lang='lat' dir='ltr'><strong>ut</strong></span> <span class='ocrx_word' id='word_1_285' title='bbox 2097 4199 2260 4266; x_wconf 89' lang='lat' dir='ltr'><strong>scri-</strong></span> 
     </span>
     <span class='ocr_line' id='line_1_48' title="bbox 297 4282 2256 4369; baseline -0.002 -16"><span class='ocrx_word' id='word_1_286' title='bbox 297 4287 414 4367; x_wconf 87' lang='lat' dir='ltr'><strong>bis,</strong></span> <span class='ocrx_word' id='word_1_287' title='bbox 475 4297 547 4353; x_wconf 88' lang='lat' dir='ltr'><strong>et</strong></span> <span class='ocrx_word' id='word_1_288' title='bbox 780 4285 912 4351; x_wconf 90' lang='lat' dir='ltr'><strong>iam</strong></span> <span class='ocrx_word' id='word_1_289' title='bbox 956 4283 1251 4350; x_wconf 88' lang='lat' dir='ltr'><strong>occallui.</strong></span> <span class='ocrx_word' id='word_1_290' title='bbox 1340 4282 1477 4351; x_wconf 83' lang='lat' dir='ltr'><strong>Sed</strong></span> <span class='ocrx_word' id='word_1_291' title='bbox 1522 4294 1745 4350; x_wconf 86' lang='lat' dir='ltr'><strong>tamen</strong></span> <span class='ocrx_word' id='word_1_292' title='bbox 1791 4285 2256 4369; x_wconf 82' lang='lat' dir='ltr'><strong>gravissimum</strong></span> 
     </span>
     <span class='ocr_line' id='line_1_49' title="bbox 299 4304 2258 4455; baseline -0.001 -17"><span class='ocrx_word' id='word_1_293' title='bbox 299 4383 398 4439; x_wconf 86' lang='lat' dir='ltr'><strong>est</strong></span> <span class='ocrx_word' id='word_1_294' title='bbox 452 4371 578 4438; x_wconf 87' lang='lat' dir='ltr'><strong>hoc</strong></span> <span class='ocrx_word' id='word_1_295' title='bbox 602 4304 983 4436; x_wconf 58' lang='lat' dir='ltr'><strong>efigminum</strong></span> <span class='ocrx_word' id='word_1_296' title='bbox 1025 4390 1254 4455; x_wconf 89' lang='lat' dir='ltr'><strong>genus.</strong></span> <span class='ocrx_word' id='word_1_297' title='bbox 1336 4369 1763 4454; x_wconf 86' lang='lat' dir='ltr'><strong>Amplissimo</strong></span> <span class='ocrx_word' id='word_1_298' title='bbox 1808 4372 2070 4436; x_wconf 87' lang='lat' dir='ltr'><strong>senatui</strong></span> <span class='ocrx_word' id='word_1_299' title='bbox 2107 4392 2258 4455; x_wconf 88' lang='lat' dir='ltr'><strong>gra-</strong></span> 
     </span>
     <span class='ocr_line' id='line_1_50' title="bbox 298 4454 2259 4543; baseline 0 -21"><span class='ocrx_word' id='word_1_300' title='bbox 298 4459 423 4537; x_wconf 76' lang='lat' dir='ltr'><strong>tias</strong></span> <span class='ocrx_word' id='word_1_301' title='bbox 460 4478 588 4543; x_wconf 89' lang='lat' dir='ltr'><strong>ago</strong></span> <span class='ocrx_word' id='word_1_302' title='bbox 632 4478 749 4541; x_wconf 89' lang='lat' dir='ltr'><strong>per</strong></span> <span class='ocrx_word' id='word_1_303' title='bbox 801 4455 1029 4522; x_wconf 86' lang='lat' dir='ltr'><strong>literas</strong></span> <span class='ocrx_word' id='word_1_304' title='bbox 1075 4454 1313 4539; x_wconf 85' lang='lat' dir='ltr'><strong>quibus</strong></span> <span class='ocrx_word' id='word_1_305' title='bbox 1356 4476 1516 4540; x_wconf 91' lang='lat' dir='ltr'><strong>rogo</strong></span> <span class='ocrx_word' id='word_1_306' title='bbox 1561 4469 1636 4521; x_wconf 88' lang='lat' dir='ltr'><strong>ut</strong></span> <span class='ocrx_word' id='word_1_307' title='bbox 1678 4455 1802 4521; x_wconf 87' lang='lat' dir='ltr'><strong>hoc</strong></span> <span class='ocrx_word' id='word_1_308' title='bbox 1844 4476 2099 4540; x_wconf 88' lang='lat' dir='ltr'><strong>quoque</strong></span> <span class='ocrx_word' id='word_1_309' title='bbox 2142 4455 2259 4522; x_wconf 90' lang='lat' dir='ltr'><strong>ad-</strong></span> 
     </span>
     <span class='ocr_line' id='line_1_51' title="bbox 297 4540 2257 4629; baseline 0 -22"><span class='ocrx_word' id='word_1_310' title='bbox 297 4545 552 4629; x_wconf 87' lang='lat' dir='ltr'><strong>iungas,</strong></span> <span class='ocrx_word' id='word_1_311' title='bbox 614 4562 877 4609; x_wconf 89' lang='lat' dir='ltr'><strong>causam</strong></span> <span class='ocrx_word' id='word_1_312' title='bbox 938 4540 1193 4607; x_wconf 90' lang='lat' dir='ltr'><strong>nullam</strong></span> <span class='ocrx_word' id='word_1_313' title='bbox 1253 4562 1399 4608; x_wconf 90' lang='lat' dir='ltr'><strong>esse</strong></span> <span class='ocrx_word' id='word_1_314' title='bbox 1454 4541 1559 4609; x_wconf 82' lang='lat' dir='ltr'><strong>vel</strong></span> <span class='ocrx_word' id='word_1_315' title='bbox 1604 4562 1898 4626; x_wconf 90' lang='lat' dir='ltr'><strong>unquam</strong></span> <span class='ocrx_word' id='word_1_316' title='bbox 1943 4544 2257 4621; x_wconf 85' lang='lat' dir='ltr'><strong>futuram,</strong></span> 
     </span>
     <span class='ocr_line' id='line_1_52' title="bbox 300 4626 1476 4697; baseline -0.003 -2"><span class='ocrx_word' id='word_1_317' title='bbox 300 4652 412 4695; x_wconf 88' lang='lat' dir='ltr'><strong>cur</strong></span> <span class='ocrx_word' id='word_1_318' title='bbox 451 4630 534 4696; x_wconf 89' lang='lat' dir='ltr'><strong>de</strong></span> <span class='ocrx_word' id='word_1_319' title='bbox 579 4649 728 4694; x_wconf 89' lang='lat' dir='ltr'><strong>mea</strong></span> <span class='ocrx_word' id='word_1_320' title='bbox 770 4628 1112 4697; x_wconf 83' lang='lat' dir='ltr'><strong>voluntate</strong></span> <span class='ocrx_word' id='word_1_321' title='bbox 1155 4626 1476 4693; x_wconf 87' lang='lat' dir='ltr'><strong>dubitent.</strong></span> 
     </span>
    </p>

    <p class='ocr_par' dir='ltr' id='par_1_17' title="bbox 467 4710 2261 4801">
     <span class='ocr_line' id='line_1_53' title="bbox 467 4710 2261 4801; baseline -0.002 -20"><span class='ocrx_word' id='word_1_322' title='bbox 467 4714 787 4801; x_wconf 69' lang='lat' dir='ltr'><strong>&#39;theologi</strong></span> <span class='ocrx_word' id='word_1_323' title='bbox 834 4710 1155 4782; x_wconf 80' lang='lat' dir='ltr'><strong>Germ&#39;ani</strong></span> <span class='ocrx_word' id='word_1_324' title='bbox 1210 4711 1655 4780; x_wconf 86' lang='lat' dir='ltr'><strong>discesserunt</strong></span> <span class='ocrx_word' id='word_1_325' title='bbox 1711 4712 1882 4781; x_wconf 89' lang='lat' dir='ltr'><strong>sicut</strong></span> <span class='ocrx_word' id='word_1_326' title='bbox 1924 4734 2136 4798; x_wconf 89' lang='lat' dir='ltr'><strong>nuper</strong></span> <span class='ocrx_word' id='word_1_327' title='bbox 2178 4711 2261 4778; x_wconf 92' lang='lat' dir='ltr'><strong>ad</strong></span> 
     </span>
    </p>
   </div>
   <div class='ocr_carea' id='block_1_14' title="bbox 302 4888 709 4900">
    <p class='ocr_par' dir='ltr' id='par_1_18' title="bbox 302 4888 709 4900">
     <span class='ocr_line' id='line_1_54' title="bbox 302 4888 709 4900; baseline 0 1225"><span class='ocrx_word' id='word_1_328' title='bbox 302 4888 709 4900; x_wconf 95' lang='lat' dir='ltr'><strong> </strong></span> 
     </span>
    </p>
   </div>
   <div class='ocr_carea' id='block_1_15' title="bbox 302 5025 468 5080">
    <p class='ocr_par' dir='ltr' id='par_1_19' title="bbox 302 5025 468 5080">
     <span class='ocr_line' id='line_1_55' title="bbox 302 5025 468 5080; textangle 90"><span class='ocrx_word' id='word_1_329' title='bbox 302 5025 468 5080; x_wconf 73' lang='grc' dir='ltr'>Ξ</span> 
     </span>
    </p>
   </div>
   <div class='ocr_carea' id='block_1_16' title="bbox 412 5021 2264 5353">
    <p class='ocr_par' dir='ltr' id='par_1_20' title="bbox 412 5021 2264 5353">
     <span class='ocr_line' id='line_1_56' title="bbox 471 5021 2264 5093; baseline 0.002 -18"><span class='ocrx_word' id='word_1_330' title='bbox 471 5023 568 5091; x_wconf 81' lang='grc'><strong>,1)</strong></span> <span class='ocrx_word' id='word_1_331' title='bbox 606 5021 1397 5078; x_wconf 63' lang='grc' dir='ltr'>Βαιαικιοὲᾱεκυουεηΰωη</span> <span class='ocrx_word' id='word_1_332' title='bbox 1430 5021 1787 5077; x_wconf 68' lang='lat' dir='ltr'><strong>adtresmae</strong></span> <span class='ocrx_word' id='word_1_333' title='bbox 1831 5029 2071 5093; x_wconf 72' lang='lat' dir='ltr'><strong>quatuor</strong></span> <span class='ocrx_word' id='word_1_334' title='bbox 2119 5040 2264 5078; x_wconf 74' lang='lat' dir='ltr'><strong>men·</strong></span> 
     </span>
     <span class='ocr_line' id='line_1_57' title="bbox 412 5088 1611 5227; baseline -0.006 -77"><span class='ocrx_word' id='word_1_335' title='bbox 412 5094 773 5227; x_wconf 43' lang='lat' dir='ltr'><strong>moeff’Nf</strong></span> <span class='ocrx_word' id='word_1_336' title='bbox 784 5091 1033 5215; x_wconf 45' lang='lat' dir='ltr'><strong>{gerla</strong></span> <span class='ocrx_word' id='word_1_337' title='bbox 1072 5091 1292 5147; x_wconf 64' lang='lat' dir='ltr'><strong>Comei!</strong></span> <span class='ocrx_word' id='word_1_338' title='bbox 1323 5088 1409 5143; x_wconf 80' lang='lat'><strong>22.</strong></span> <span class='ocrx_word' id='word_1_339' title='bbox 1447 5089 1611 5158; x_wconf 78' lang='lat' dir='ltr'><strong>Dee.)</strong></span> 
     </span>
     <span class='ocr_line' id='line_1_58' title="bbox 535 5162 1425 5353; baseline -0.003 -69"><span class='ocrx_word' id='word_1_340' title='bbox 535 5162 562 5229; x_wconf 73' lang='grc'>)</span> <span class='ocrx_word' id='word_1_341' title='bbox 597 5231 671 5353; x_wconf 51' lang='lat' dir='ltr'><strong>qv</strong></span> <span class='ocrx_word' id='word_1_342' title='bbox 703 5234 1117 5353; x_wconf 46' lang='lat' dir='ltr'><strong>maog-te&#39;quum</strong></span> <span class='ocrx_word' id='word_1_343' title='bbox 1160 5229 1234 5282; x_wconf 86' lang='lat' dir='ltr'><strong>N.</strong></span> <span class='ocrx_word' id='word_1_344' title='bbox 1271 5227 1425 5282; x_wconf 73' lang='lat'><strong>3624.</strong></span> 
     </span>
    </p>
   </div>
   <div class='ocr_carea' id='block_1_17' title="bbox 496 5162 534 5352">
    <p class='ocr_par' dir='ltr' id='par_1_21' title="bbox 496 5162 534 5352">
     <span class='ocr_line' id='line_1_59' title="bbox 496 5162 534 5352; textangle 90"><span class='ocrx_word' id='word_1_345' title='bbox 496 5162 534 5352; x_wconf 49' lang='lat' dir='ltr'><strong>⁸*me</strong></span> 
     </span>
    </p>
   </div>
   <div class='ocr_carea' id='block_1_18' title="bbox 2311 577 2343 5353">
    <p class='ocr_par' dir='ltr' id='par_1_22' title="bbox 2311 577 2343 5353">
     <span class='ocr_line' id='line_1_60' title="bbox 2311 577 2343 5353; baseline 0 0"><span class='ocrx_word' id='word_1_346' title='bbox 2311 577 2343 5353; x_wconf 95' lang='lat' dir='ltr'><strong> </strong></span> 
     </span>
    </p>
   </div>
   <div class='ocr_carea' id='block_1_19' title="bbox 2378 555 4858 2276">
    <p class='ocr_par' dir='ltr' id='par_1_23' title="bbox 2379 555 4854 2000">
     <span class='ocr_line' id='line_1_61' title="bbox 2388 555 4350 642; baseline 0.003 -20"><span class='ocrx_word' id='word_1_347' title='bbox 2388 566 2457 622; x_wconf 89' lang='lat' dir='ltr'><strong>te</strong></span> <span class='ocrx_word' id='word_1_348' title='bbox 2498 558 2762 642; x_wconf 87' lang='lat' dir='ltr'><strong>scripsi:</strong></span> <span class='ocrx_word' id='word_1_349' title='bbox 2821 555 3196 641; x_wconf 73' lang='lat' dir='ltr'><strong>Bocquinus</strong></span> <span class='ocrx_word' id='word_1_350' title='bbox 3238 564 3308 623; x_wconf 91' lang='lat' dir='ltr'><strong>et</strong></span> <span class='ocrx_word' id='word_1_351' title='bbox 3348 556 3638 625; x_wconf 61' lang='lat' dir='ltr'><strong>Datum</strong></span> <span class='ocrx_word' id='word_1_352' title='bbox 3679 557 3890 627; x_wconf 75' lang='lat' dir='ltr'><strong>functi</strong></span> <span class='ocrx_word' id='word_1_353' title='bbox 3952 569 4109 626; x_wconf 88' lang='lat' dir='ltr'><strong>sunt</strong></span> <span class='ocrx_word' id='word_1_354' title='bbox 4146 562 4350 628; x_wconf 93' lang='lat' dir='ltr'><strong>bono-</strong></span> 
     </span>
     <span class='ocr_line' id='line_1_62' title="bbox 2384 643 4349 730; baseline 0.003 -21"><span class='ocrx_word' id='word_1_355' title='bbox 2384 664 2536 709; x_wconf 90' lang='lat' dir='ltr'><strong>rum</strong></span> <span class='ocrx_word' id='word_1_356' title='bbox 2595 644 2889 709; x_wconf 82' lang='lat' dir='ltr'><strong>virorum</strong></span> <span class='ocrx_word' id='word_1_357' title='bbox 2934 645 3161 710; x_wconf 86' lang='lat' dir='ltr'><strong>officio.</strong></span> <span class='ocrx_word' id='word_1_358' title='bbox 3253 643 3439 709; x_wconf 90' lang='lat' dir='ltr'><strong>Alios</strong></span> <span class='ocrx_word' id='word_1_359' title='bbox 3483 644 3748 729; x_wconf 78' lang='lat' dir='ltr'><strong>egregie</strong></span> <span class='ocrx_word' id='word_1_360' title='bbox 3799 648 4069 730; x_wconf 87' lang='lat' dir='ltr'><strong>excepit</strong></span> <span class='ocrx_word' id='word_1_361' title='bbox 4128 647 4349 714; x_wconf 79' lang='lat' dir='ltr'><strong>Valen-</strong></span> 
     </span>
     <span class='ocr_line' id='line_1_63' title="bbox 2387 729 4350 816; baseline 0.002 -21"><span class='ocrx_word' id='word_1_362' title='bbox 2387 730 2563 796; x_wconf 73' lang='lat' dir='ltr'><strong>tinus</strong></span> <span class='ocrx_word' id='word_1_363' title='bbox 2598 730 2957 813; x_wconf 89' lang='lat' dir='ltr'><strong>episcopus,</strong></span> <span class='ocrx_word' id='word_1_364' title='bbox 2993 729 3065 795; x_wconf 90' lang='lat' dir='ltr'><strong>id</strong></span> <span class='ocrx_word' id='word_1_365' title='bbox 3097 737 3217 810; x_wconf 88' lang='lat' dir='ltr'><strong>est,</strong></span> <span class='ocrx_word' id='word_1_366' title='bbox 3252 731 3348 796; x_wconf 90' lang='lat' dir='ltr'><strong>ita</strong></span> <span class='ocrx_word' id='word_1_367' title='bbox 3389 738 3465 795; x_wconf 92' lang='lat' dir='ltr'><strong>ut</strong></span> <span class='ocrx_word' id='word_1_368' title='bbox 3497 730 3685 815; x_wconf 88' lang='lat' dir='ltr'><strong>digni</strong></span> <span class='ocrx_word' id='word_1_369' title='bbox 3720 740 3934 810; x_wconf 86' lang='lat' dir='ltr'><strong>erant,</strong></span> <span class='ocrx_word' id='word_1_370' title='bbox 3969 730 4142 816; x_wconf 89' lang='lat' dir='ltr'><strong>quod</strong></span> <span class='ocrx_word' id='word_1_371' title='bbox 4183 734 4350 799; x_wconf 86' lang='lat' dir='ltr'><strong>mihi</strong></span> 
     </span>
     <span class='ocr_line' id='line_1_64' title="bbox 2384 813 4350 916; baseline 0.004 -37"><span class='ocrx_word' id='word_1_372' title='bbox 2384 813 2518 879; x_wconf 78' lang='lat' dir='ltr'><strong>fuit</strong></span> <span class='ocrx_word' id='word_1_373' title='bbox 2573 814 3140 916; x_wconf 68' lang='lat' dir='ltr'><strong>ipcundissimum.</strong></span> <span class='ocrx_word' id='word_1_374' title='bbox 3232 817 3381 900; x_wconf 86' lang='lat' dir='ltr'><strong>Ego</strong></span> <span class='ocrx_word' id='word_1_375' title='bbox 3434 815 3752 900; x_wconf 90' lang='lat' dir='ltr'><strong>placidior</strong></span> <span class='ocrx_word' id='word_1_376' title='bbox 3793 816 3913 896; x_wconf 91' lang='lat' dir='ltr'><strong>fui,</strong></span> <span class='ocrx_word' id='word_1_377' title='bbox 3980 817 4097 883; x_wconf 88' lang='lat' dir='ltr'><strong>sed</strong></span> <span class='ocrx_word' id='word_1_378' title='bbox 4140 821 4233 885; x_wconf 90' lang='lat' dir='ltr'><strong>ita</strong></span> <span class='ocrx_word' id='word_1_379' title='bbox 4272 829 4350 886; x_wconf 84' lang='lat' dir='ltr'><strong>ut</strong></span> 
     </span>
     <span class='ocr_line' id='line_1_65' title="bbox 2387 914 4350 1086; baseline 0.002 -34"><span class='ocrx_word' id='word_1_380' title='bbox 2387 921 2541 1086; x_wconf 42' lang='lat' dir='ltr'><strong>non·</strong></span> <span class='ocrx_word' id='word_1_381' title='bbox 2564 914 3304 1066; x_wconf 44' lang='grc' dir='ltr'>ἳᾚαῗὲἷίεξοῗίἓὲιε</span> <span class='ocrx_word' id='word_1_382' title='bbox 3362 990 3606 1054; x_wconf 87' lang='lat' dir='ltr'><strong>curabo</strong></span> <span class='ocrx_word' id='word_1_383' title='bbox 3660 988 3745 1054; x_wconf 89' lang='lat' dir='ltr'><strong>ad</strong></span> <span class='ocrx_word' id='word_1_384' title='bbox 3797 1010 3948 1056; x_wconf 90' lang='lat' dir='ltr'><strong>eum</strong></span> <span class='ocrx_word' id='word_1_385' title='bbox 4009 997 4155 1055; x_wconf 82' lang='lat' dir='ltr'><strong>tuto</strong></span> <span class='ocrx_word' id='word_1_386' title='bbox 4199 1011 4350 1075; x_wconf 88' lang='lat' dir='ltr'><strong>per-</strong></span> 
     </span>
     <span class='ocr_line' id='line_1_66' title="bbox 2385 1072 4348 1159; baseline 0.004 -23"><span class='ocrx_word' id='word_1_387' title='bbox 2385 1073 2564 1138; x_wconf 79' lang='lat' dir='ltr'><strong>ferri.</strong></span> <span class='ocrx_word' id='word_1_388' title='bbox 2671 1074 2968 1140; x_wconf 74' lang='lat' dir='ltr'><strong>Nemorsi</strong></span> <span class='ocrx_word' id='word_1_389' title='bbox 3026 1072 3227 1140; x_wconf 89' lang='lat' dir='ltr'><strong>Ducis</strong></span> <span class='ocrx_word' id='word_1_390' title='bbox 3285 1075 3623 1159; x_wconf 80' lang='lat' dir='ltr'><strong>negotium</strong></span> <span class='ocrx_word' id='word_1_391' title='bbox 3677 1076 3839 1143; x_wconf 88' lang='lat' dir='ltr'><strong>satis</strong></span> <span class='ocrx_word' id='word_1_392' title='bbox 3892 1076 4067 1141; x_wconf 88' lang='lat' dir='ltr'><strong>lente</strong></span> <span class='ocrx_word' id='word_1_393' title='bbox 4121 1095 4348 1158; x_wconf 89' lang='lat' dir='ltr'><strong>proce-</strong></span> 
     </span>
     <span class='ocr_line' id='line_1_67' title="bbox 2389 1157 4348 1244; baseline 0.003 -22"><span class='ocrx_word' id='word_1_394' title='bbox 2389 1157 2503 1223; x_wconf 89' lang='lat' dir='ltr'><strong>dit.</strong></span> <span class='ocrx_word' id='word_1_395' title='bbox 2526 1161 2580 1238; x_wconf 82' lang='lat'><strong>⁸)</strong></span> <span class='ocrx_word' id='word_1_396' title='bbox 2688 1159 2996 1225; x_wconf 79' lang='lat' dir='ltr'><strong>Fratrem</strong></span> <span class='ocrx_word' id='word_1_397' title='bbox 3077 1167 3376 1225; x_wconf 86' lang='lat' dir='ltr'><strong>nostrum</strong></span> <span class='ocrx_word' id='word_1_398' title='bbox 3446 1160 3836 1227; x_wconf 75' lang='lat' dir='ltr'><strong>Remondum</strong></span> <span class='ocrx_word' id='word_1_399' title='bbox 3855 1163 3912 1238; x_wconf 81' lang='lat'><strong>⁷)</strong></span> <span class='ocrx_word' id='word_1_400' title='bbox 3978 1181 4208 1244; x_wconf 90' lang='lat' dir='ltr'><strong>precor</strong></span> <span class='ocrx_word' id='word_1_401' title='bbox 4269 1169 4348 1228; x_wconf 89' lang='lat' dir='ltr'><strong>ut</strong></span> 
     </span>
     <span class='ocr_line' id='line_1_68' title="bbox 2384 1241 4350 1332; baseline 0.002 -24"><span class='ocrx_word' id='word_1_402' title='bbox 2384 1241 2707 1311; x_wconf 73' lang='lat' dir='ltr'><strong>Davidem</strong></span> <span class='ocrx_word' id='word_1_403' title='bbox 2727 1265 2950 1310; x_wconf 89' lang='lat' dir='ltr'><strong>meum</strong></span> <span class='ocrx_word' id='word_1_404' title='bbox 2973 1249 3025 1322; x_wconf 62' lang='grc' dir='ltr'><strong>Β)</strong></span> <span class='ocrx_word' id='word_1_405' title='bbox 3050 1265 3180 1310; x_wconf 90' lang='lat' dir='ltr'><strong>non</strong></span> <span class='ocrx_word' id='word_1_406' title='bbox 3205 1254 3463 1312; x_wconf 89' lang='lat' dir='ltr'><strong>recuset</strong></span> <span class='ocrx_word' id='word_1_407' title='bbox 3483 1244 3748 1311; x_wconf 90' lang='lat' dir='ltr'><strong>domum</strong></span> <span class='ocrx_word' id='word_1_408' title='bbox 3786 1248 4089 1332; x_wconf 91' lang='lat' dir='ltr'><strong>recipere,</strong></span> <span class='ocrx_word' id='word_1_409' title='bbox 4127 1256 4197 1313; x_wconf 86' lang='lat' dir='ltr'><strong>et</strong></span> <span class='ocrx_word' id='word_1_410' title='bbox 4216 1267 4350 1313; x_wconf 89' lang='lat' dir='ltr'><strong>una</strong></span> 
     </span>
     <span class='ocr_line' id='line_1_69' title="bbox 2385 1331 4345 1414; baseline 0.003 -20"><span class='ocrx_word' id='word_1_411' title='bbox 2385 1348 2539 1395; x_wconf 89' lang='lat' dir='ltr'><strong>cum</strong></span> <span class='ocrx_word' id='word_1_412' title='bbox 2602 1331 2686 1397; x_wconf 90' lang='lat' dir='ltr'><strong>iis</strong></span> <span class='ocrx_word' id='word_1_413' title='bbox 2750 1352 2913 1414; x_wconf 88' lang='lat' dir='ltr'><strong>quos</strong></span> <span class='ocrx_word' id='word_1_414' title='bbox 2968 1351 3194 1398; x_wconf 90' lang='lat' dir='ltr'><strong>secum</strong></span> <span class='ocrx_word' id='word_1_415' title='bbox 3248 1331 3446 1397; x_wconf 89' lang='lat' dir='ltr'><strong>habet</strong></span> <span class='ocrx_word' id='word_1_416' title='bbox 3502 1331 4030 1399; x_wconf 85' lang='lat' dir='ltr'><strong>commendatum</strong></span> <span class='ocrx_word' id='word_1_417' title='bbox 4085 1332 4345 1414; x_wconf 88' lang='lat' dir='ltr'><strong>habere,</strong></span> 
     </span>
     <span class='ocr_line' id='line_1_70' title="bbox 2384 1415 4349 1500; baseline 0.002 -19"><span class='ocrx_word' id='word_1_418' title='bbox 2384 1415 2714 1500; x_wconf 87' lang='lat' dir='ltr'><strong>tantisper</strong></span> <span class='ocrx_word' id='word_1_419' title='bbox 2770 1417 2926 1483; x_wconf 90' lang='lat' dir='ltr'><strong>dum</strong></span> <span class='ocrx_word' id='word_1_420' title='bbox 2987 1424 3234 1483; x_wconf 89' lang='lat' dir='ltr'><strong>memet</strong></span> <span class='ocrx_word' id='word_1_421' title='bbox 3284 1418 3469 1496; x_wconf 82' lang='lat' dir='ltr'><strong>mihi,</strong></span> <span class='ocrx_word' id='word_1_422' title='bbox 3534 1417 3602 1483; x_wconf 93' lang='lat' dir='ltr'><strong>id</strong></span> <span class='ocrx_word' id='word_1_423' title='bbox 3646 1426 3766 1499; x_wconf 90' lang='lat' dir='ltr'><strong>est,</strong></span> <span class='ocrx_word' id='word_1_424' title='bbox 3812 1418 3997 1485; x_wconf 81' lang='lat' dir='ltr'><strong>vobis</strong></span> <span class='ocrx_word' id='word_1_425' title='bbox 4039 1420 4349 1485; x_wconf 81' lang='lat' dir='ltr'><strong>restituat</strong></span> 
     </span>
     <span class='ocr_line' id='line_1_71' title="bbox 2385 1501 4345 1589; baseline 0.003 -23"><span class='ocrx_word' id='word_1_426' title='bbox 2385 1501 2733 1569; x_wconf 91' lang='lat' dir='ltr'><strong>Dominus.</strong></span> <span class='ocrx_word' id='word_1_427' title='bbox 2808 1501 2884 1569; x_wconf 78' lang='lat' dir='ltr'><strong>Si</strong></span> <span class='ocrx_word' id='word_1_428' title='bbox 2921 1501 3299 1588; x_wconf 89' lang='lat' dir='ltr'><strong>paedagogo</strong></span> <span class='ocrx_word' id='word_1_429' title='bbox 3335 1523 3500 1587; x_wconf 88' lang='lat' dir='ltr'><strong>opus</strong></span> <span class='ocrx_word' id='word_1_430' title='bbox 3534 1505 3678 1583; x_wconf 88' lang='lat' dir='ltr'><strong>erit,</strong></span> <span class='ocrx_word' id='word_1_431' title='bbox 3722 1506 4097 1589; x_wconf 81' lang='lat' dir='ltr'><strong>persolvam</strong></span> <span class='ocrx_word' id='word_1_432' title='bbox 4132 1503 4345 1571; x_wconf 90' lang='lat' dir='ltr'><strong>liben-</strong></span> 
     </span>
     <span class='ocr_line' id='line_1_72' title="bbox 2384 1588 4346 1673; baseline 0.003 -22"><span class='ocrx_word' id='word_1_433' title='bbox 2384 1593 2490 1652; x_wconf 89' lang='lat' dir='ltr'><strong>ter</strong></span> <span class='ocrx_word' id='word_1_434' title='bbox 2530 1589 2727 1670; x_wconf 89' lang='lat' dir='ltr'><strong>pretii</strong></span> <span class='ocrx_word' id='word_1_435' title='bbox 2771 1599 3048 1672; x_wconf 89' lang='lat' dir='ltr'><strong>partem.</strong></span> <span class='ocrx_word' id='word_1_436' title='bbox 3139 1588 3567 1673; x_wconf 67' lang='lat' dir='ltr'><strong>scripsissem</strong></span> <span class='ocrx_word' id='word_1_437' title='bbox 3614 1590 3698 1657; x_wconf 92' lang='lat' dir='ltr'><strong>ad</strong></span> <span class='ocrx_word' id='word_1_438' title='bbox 3733 1612 3886 1658; x_wconf 91' lang='lat' dir='ltr'><strong>eum</strong></span> <span class='ocrx_word' id='word_1_439' title='bbox 3921 1591 4047 1658; x_wconf 87' lang='lat' dir='ltr'><strong>hac</strong></span> <span class='ocrx_word' id='word_1_440' title='bbox 4080 1591 4229 1673; x_wconf 88' lang='lat' dir='ltr'><strong>ipsa</strong></span> <span class='ocrx_word' id='word_1_441' title='bbox 4262 1590 4346 1657; x_wconf 92' lang='lat' dir='ltr'><strong>de</strong></span> 
     </span>
     <span class='ocr_line' id='line_1_73' title="bbox 2382 1673 4848 1766; baseline 0.003 -29"><span class='ocrx_word' id='word_1_442' title='bbox 2382 1692 2459 1737; x_wconf 91' lang='lat' dir='ltr'><strong>re</strong></span> <span class='ocrx_word' id='word_1_443' title='bbox 2491 1673 2622 1739; x_wconf 89' lang='lat' dir='ltr'><strong>nisi</strong></span> <span class='ocrx_word' id='word_1_444' title='bbox 2656 1675 2910 1756; x_wconf 85' lang='lat' dir='ltr'><strong>scirem,</strong></span> <span class='ocrx_word' id='word_1_445' title='bbox 2955 1696 3120 1760; x_wconf 86' lang='lat' dir='ltr'><strong>quae</strong></span> <span class='ocrx_word' id='word_1_446' title='bbox 3164 1674 3247 1742; x_wconf 89' lang='lat' dir='ltr'><strong>ad</strong></span> <span class='ocrx_word' id='word_1_447' title='bbox 3291 1686 3357 1742; x_wconf 89' lang='lat' dir='ltr'><strong>te</strong></span> <span class='ocrx_word' id='word_1_448' title='bbox 3399 1678 3632 1754; x_wconf 86' lang='lat' dir='ltr'><strong>scribo,</strong></span> <span class='ocrx_word' id='word_1_449' title='bbox 3679 1678 3800 1743; x_wconf 91' lang='lat' dir='ltr'><strong>tibi</strong></span> <span class='ocrx_word' id='word_1_450' title='bbox 3842 1696 3997 1744; x_wconf 88' lang='lat' dir='ltr'><strong>cum</strong></span> <span class='ocrx_word' id='word_1_451' title='bbox 4031 1676 4347 1743; x_wconf 82' lang='lat' dir='ltr'><strong>fratribus</strong></span> <span class='ocrx_word' id='word_1_452' title='bbox 4843 1695 4848 1766; x_wconf 40' lang='grc' dir='ltr'>ι</span> 
     </span>
     <span class='ocr_line' id='line_1_74' title="bbox 2381 1760 4850 1844; baseline 0 -20"><span class='ocrx_word' id='word_1_453' title='bbox 2381 1779 2526 1825; x_wconf 85' lang='lat' dir='ltr'><strong>esse</strong></span> <span class='ocrx_word' id='word_1_454' title='bbox 2586 1762 2975 1828; x_wconf 87' lang='lat' dir='ltr'><strong>communia.</strong></span> <span class='ocrx_word' id='word_1_455' title='bbox 3066 1761 3395 1844; x_wconf 78' lang='lat' dir='ltr'><strong>Quoniam</strong></span> <span class='ocrx_word' id='word_1_456' title='bbox 3454 1762 3535 1828; x_wconf 93' lang='lat' dir='ltr'><strong>de</strong></span> <span class='ocrx_word' id='word_1_457' title='bbox 3579 1761 3884 1829; x_wconf 67' lang='lat' dir='ltr'><strong>Budaeus·</strong></span> <span class='ocrx_word' id='word_1_458' title='bbox 3925 1761 4033 1830; x_wconf 83' lang='lat' dir='ltr'><strong>vel</strong></span> <span class='ocrx_word' id='word_1_459' title='bbox 4071 1760 4348 1828; x_wconf 72' lang='lat' dir='ltr'><strong>Beraldi</strong></span> <span class='ocrx_word' id='word_1_460' title='bbox 4849 1783 4850 1824; x_wconf 59' lang='grc' dir='ltr'>ι</span> 
     </span>
     <span class='ocr_line' id='line_1_75' title="bbox 2380 1847 4852 2000; baseline 0.002 -90"><span class='ocrx_word' id='word_1_461' title='bbox 2380 1865 2751 1997; x_wconf 61' lang='lat' dir='ltr'><strong>successorg</strong></span> <span class='ocrx_word' id='word_1_462' title='bbox 2790 1847 3169 2000; x_wconf 51' lang='grc' dir='ltr'>ᾳιιέἓοιθέἀιι</span> <span class='ocrx_word' id='word_1_463' title='bbox 3176 1849 3336 2000; x_wconf 82' lang='lat' dir='ltr'><strong>biam</strong></span> <span class='ocrx_word' id='word_1_464' title='bbox 3373 1848 3631 1999; x_wconf 47' lang='lat' dir='ltr'><strong>paidom</strong></span> <span class='ocrx_word' id='word_1_465' title='bbox 3665 1849 3838 1999; x_wconf 48' lang='lat' dir='ltr'><strong>{nhil</strong></span> <span class='ocrx_word' id='word_1_466' title='bbox 3872 1849 4214 2000; x_wconf 62' lang='lat' dir='ltr'><strong>solii-i‘spsisti,</strong></span> <span class='ocrx_word' id='word_1_467' title='bbox 4258 1848 4342 1914; x_wconf 93' lang='lat' dir='ltr'><strong>ab</strong></span> <span class='ocrx_word' id='word_1_468' title='bbox 4851 1869 4852 1946; x_wconf 41' lang='grc' dir='ltr'><strong>χ</strong></span> 
     </span>
     <span class='ocr_line' id='line_1_76' title="bbox 2379 1951 4854 2000; baseline 0.001 -4"><span class='ocrx_word' id='word_1_469' title='bbox 2379 1951 2461 1996; x_wconf 91' lang='lat' dir='ltr'><strong>ea</strong></span> <span class='ocrx_word' id='word_1_470' title='bbox 2502 1952 2665 1997; x_wconf 88' lang='lat' dir='ltr'><strong>cura</strong></span> <span class='ocrx_word' id='word_1_471' title='bbox 2753 1954 2789 1998; x_wconf 91' lang='lat' dir='ltr'><strong>e</strong></span> <span class='ocrx_word' id='word_1_472' title='bbox 2934 1985 2948 1998; x_wconf 90' lang='lat'><strong>.</strong></span> <span class='ocrx_word' id='word_1_473' title='bbox 4015 1986 4028 2000; x_wconf 92' lang='lat'><strong>.</strong></span> <span class='ocrx_word' id='word_1_474' title='bbox 4853 1957 4854 1998; x_wconf 59' lang='grc' dir='ltr'>ι</span> 
     </span>
    </p>

    <p class='ocr_par' dir='ltr' id='par_1_24' title="bbox 2378 1954 4858 2276">
     <span class='ocr_line' id='line_1_77' title="bbox 2554 1954 4856 2101; baseline 0 -19"><span class='ocrx_word' id='word_1_475' title='bbox 2554 2018 2742 2083; x_wconf 90' lang='lat' dir='ltr'><strong>Bene</strong></span> <span class='ocrx_word' id='word_1_476' title='bbox 2768 1954 2936 2099; x_wconf 48' lang='lat' dir='ltr'><strong>sale,</strong></span> <span class='ocrx_word' id='word_1_477' title='bbox 2972 1955 4131 2101; x_wconf 43' lang='lat' dir='ltr'><strong>mioglisgrgauxlideoglazessanffininus</strong></span> <span class='ocrx_word' id='word_1_478' title='bbox 4153 2020 4342 2087; x_wconf 89' lang='lat' dir='ltr'><strong>Iesus</strong></span> <span class='ocrx_word' id='word_1_479' title='bbox 4855 2045 4856 2082; x_wconf 59' lang='grc' dir='ltr'>ι</span> 
     </span>
     <span class='ocr_line' id='line_1_78' title="bbox 2378 2102 4858 2174; baseline 0.003 -8"><span class='ocrx_word' id='word_1_480' title='bbox 2378 2108 2446 2166; x_wconf 87' lang='lat' dir='ltr'><strong>te</strong></span> <span class='ocrx_word' id='word_1_481' title='bbox 2489 2102 2747 2170; x_wconf 81' lang='lat' dir='ltr'><strong>salvum</strong></span> <span class='ocrx_word' id='word_1_482' title='bbox 2793 2116 2861 2171; x_wconf 92' lang='lat' dir='ltr'><strong>et</strong></span> <span class='ocrx_word' id='word_1_483' title='bbox 2892 2105 3290 2172; x_wconf 88' lang='lat' dir='ltr'><strong>incolumem</strong></span> <span class='ocrx_word' id='word_1_484' title='bbox 3327 2127 3479 2172; x_wconf 91' lang='lat' dir='ltr'><strong>cum</strong></span> <span class='ocrx_word' id='word_1_485' title='bbox 3515 2114 3656 2172; x_wconf 87' lang='lat' dir='ltr'><strong>tota</strong></span> <span class='ocrx_word' id='word_1_486' title='bbox 3685 2106 3958 2174; x_wconf 87' lang='lat' dir='ltr'><strong>ecclesia</strong></span> <span class='ocrx_word' id='word_1_487' title='bbox 3979 2116 4340 2173; x_wconf 83' lang='lat' dir='ltr'><strong>conservet.</strong></span> <span class='ocrx_word' id='word_1_488' title='bbox 4857 2141 4858 2146; x_wconf 41' lang='lat'>1</span> 
     </span>
     <span class='ocr_line' id='line_1_79' title="bbox 2378 2188 3585 2276; baseline 0.003 -24"><span class='ocrx_word' id='word_1_489' title='bbox 2378 2188 2487 2253; x_wconf 86' lang='lat' dir='ltr'><strong>Ex</strong></span> <span class='ocrx_word' id='word_1_490' title='bbox 2533 2188 2990 2276; x_wconf 84' lang='lat' dir='ltr'><strong>Sangermano</strong></span> <span class='ocrx_word' id='word_1_491' title='bbox 3036 2197 3135 2258; x_wconf 84' lang='lat'><strong>29.</strong></span> <span class='ocrx_word' id='word_1_492' title='bbox 3174 2192 3585 2258; x_wconf 81' lang='lat' dir='ltr'><strong>Novembris.</strong></span> 
     </span>
    </p>
   </div>
   <div class='ocr_carea' id='block_1_20' title="bbox 4807 5 4829 834">
    <p class='ocr_par' dir='ltr' id='par_1_25' title="bbox 4807 5 4829 834">
     <span class='ocr_line' id='line_1_80' title="bbox 4807 5 4829 834; baseline 0 0"><span class='ocrx_word' id='word_1_493' title='bbox 4807 5 4829 834; x_wconf 95' lang='lat' dir='ltr'><strong> </strong></span> 
     </span>
    </p>
   </div>
   <div class='ocr_carea' id='block_1_21' title="bbox 4809 125 4828 834">
    <p class='ocr_par' dir='ltr' id='par_1_26' title="bbox 4809 125 4828 834">
     <span class='ocr_line' id='line_1_81' title="bbox 4809 125 4828 834; baseline 0 0"><span class='ocrx_word' id='word_1_494' title='bbox 4809 125 4828 834; x_wconf 95' lang='lat' dir='ltr'><strong> </strong></span> 
     </span>
    </p>
   </div>
   <div class='ocr_carea' id='block_1_22' title="bbox 4814 299 4826 834">
    <p class='ocr_par' dir='ltr' id='par_1_27' title="bbox 4814 299 4826 834">
     <span class='ocr_line' id='line_1_82' title="bbox 4814 299 4826 834; baseline 0 0"><span class='ocrx_word' id='word_1_495' title='bbox 4814 299 4826 834; x_wconf 95' lang='lat' dir='ltr'><strong> </strong></span> 
     </span>
    </p>
   </div>
   <div class='ocr_carea' id='block_1_23' title="bbox 4814 299 4826 834">
    <p class='ocr_par' dir='ltr' id='par_1_28' title="bbox 4814 299 4826 834">
     <span class='ocr_line' id='line_1_83' title="bbox 4814 299 4826 834; baseline 0 0"><span class='ocrx_word' id='word_1_496' title='bbox 4814 299 4826 834; x_wconf 95' lang='lat' dir='ltr'><strong> </strong></span> 
     </span>
    </p>
   </div>
   <div class='ocr_carea' id='block_1_24' title="bbox 4815 299 4827 834">
    <p class='ocr_par' dir='ltr' id='par_1_29' title="bbox 4815 299 4827 834">
     <span class='ocr_line' id='line_1_84' title="bbox 4815 299 4827 834; baseline 0 0"><span class='ocrx_word' id='word_1_497' title='bbox 4815 299 4827 834; x_wconf 95' lang='lat' dir='ltr'><strong> </strong></span> 
     </span>
    </p>
   </div>
   <div class='ocr_carea' id='block_1_25' title="bbox 4815 299 4827 834">
    <p class='ocr_par' dir='ltr' id='par_1_30' title="bbox 4815 299 4827 834">
     <span class='ocr_line' id='line_1_85' title="bbox 4815 299 4827 834; baseline 0 0"><span class='ocrx_word' id='word_1_498' title='bbox 4815 299 4827 834; x_wconf 95' lang='lat' dir='ltr'><strong> </strong></span> 
     </span>
    </p>
   </div>
   <div class='ocr_carea' id='block_1_26' title="bbox 4815 299 4828 834">
    <p class='ocr_par' dir='ltr' id='par_1_31' title="bbox 4815 299 4828 834">
     <span class='ocr_line' id='line_1_86' title="bbox 4815 299 4828 834; baseline 0 0"><span class='ocrx_word' id='word_1_499' title='bbox 4815 299 4828 834; x_wconf 95' lang='lat' dir='ltr'><strong> </strong></span> 
     </span>
    </p>
   </div>
   <div class='ocr_carea' id='block_1_27' title="bbox 4816 299 4828 834">
    <p class='ocr_par' dir='ltr' id='par_1_32' title="bbox 4816 299 4828 834">
     <span class='ocr_line' id='line_1_87' title="bbox 4816 299 4828 834; baseline 0 0"><span class='ocrx_word' id='word_1_500' title='bbox 4816 299 4828 834; x_wconf 95' lang='lat' dir='ltr'><strong> </strong></span> 
     </span>
    </p>
   </div>
   <div class='ocr_carea' id='block_1_28' title="bbox 4829 997 4844 1612">
    <p class='ocr_par' dir='ltr' id='par_1_33' title="bbox 4829 997 4844 1612">
     <span class='ocr_line' id='line_1_88' title="bbox 4829 997 4844 1612; baseline 0 0"><span class='ocrx_word' id='word_1_501' title='bbox 4829 997 4844 1612; x_wconf 95' lang='lat' dir='ltr'><strong> </strong></span> 
     </span>
    </p>
   </div>
   <div class='ocr_carea' id='block_1_29' title="bbox 4829 997 4844 1612">
    <p class='ocr_par' dir='ltr' id='par_1_34' title="bbox 4829 997 4844 1612">
     <span class='ocr_line' id='line_1_89' title="bbox 4829 997 4844 1612; baseline 0 0"><span class='ocrx_word' id='word_1_502' title='bbox 4829 997 4844 1612; x_wconf 95' lang='lat' dir='ltr'><strong> </strong></span> 
     </span>
    </p>
   </div>
   <div class='ocr_carea' id='block_1_30' title="bbox 4830 997 4844 1612">
    <p class='ocr_par' dir='ltr' id='par_1_35' title="bbox 4830 997 4844 1612">
     <span class='ocr_line' id='line_1_90' title="bbox 4830 997 4844 1612; baseline 0 0"><span class='ocrx_word' id='word_1_503' title='bbox 4830 997 4844 1612; x_wconf 95' lang='lat' dir='ltr'><strong> </strong></span> 
     </span>
    </p>
   </div>
   <div class='ocr_carea' id='block_1_31' title="bbox 4830 997 4844 1612">
    <p class='ocr_par' dir='ltr' id='par_1_36' title="bbox 4830 997 4844 1612">
     <span class='ocr_line' id='line_1_91' title="bbox 4830 997 4844 1612; baseline 0 0"><span class='ocrx_word' id='word_1_504' title='bbox 4830 997 4844 1612; x_wconf 95' lang='lat' dir='ltr'><strong> </strong></span> 
     </span>
    </p>
   </div>
   <div class='ocr_carea' id='block_1_32' title="bbox 4830 997 4844 1612">
    <p class='ocr_par' dir='ltr' id='par_1_37' title="bbox 4830 997 4844 1612">
     <span class='ocr_line' id='line_1_92' title="bbox 4830 997 4844 1612; baseline 0 0"><span class='ocrx_word' id='word_1_505' title='bbox 4830 997 4844 1612; x_wconf 95' lang='lat' dir='ltr'><strong> </strong></span> 
     </span>
    </p>
   </div>
   <div class='ocr_carea' id='block_1_33' title="bbox 4830 997 4847 1612">
    <p class='ocr_par' dir='ltr' id='par_1_38' title="bbox 4830 997 4847 1612">
     <span class='ocr_line' id='line_1_93' title="bbox 4830 997 4847 1612; baseline 0 0"><span class='ocrx_word' id='word_1_506' title='bbox 4830 997 4847 1612; x_wconf 95' lang='lat' dir='ltr'><strong> </strong></span> 
     </span>
    </p>
   </div>
   <div class='ocr_carea' id='block_1_34' title="bbox 4830 997 4847 1612">
    <p class='ocr_par' dir='ltr' id='par_1_39' title="bbox 4830 997 4847 1612">
     <span class='ocr_line' id='line_1_94' title="bbox 4830 997 4847 1612; baseline 0 0"><span class='ocrx_word' id='word_1_507' title='bbox 4830 997 4847 1612; x_wconf 95' lang='lat' dir='ltr'><strong> </strong></span> 
     </span>
    </p>
   </div>
   <div class='ocr_carea' id='block_1_35' title="bbox 4831 997 4844 1612">
    <p class='ocr_par' dir='ltr' id='par_1_40' title="bbox 4831 997 4844 1612">
     <span class='ocr_line' id='line_1_95' title="bbox 4831 997 4844 1612; baseline 0 0"><span class='ocrx_word' id='word_1_508' title='bbox 4831 997 4844 1612; x_wconf 95' lang='lat' dir='ltr'><strong> </strong></span> 
     </span>
    </p>
   </div>
   <div class='ocr_carea' id='block_1_36' title="bbox 4831 997 4845 1612">
    <p class='ocr_par' dir='ltr' id='par_1_41' title="bbox 4831 997 4845 1612">
     <span class='ocr_line' id='line_1_96' title="bbox 4831 997 4845 1612; baseline 0 0"><span class='ocrx_word' id='word_1_509' title='bbox 4831 997 4845 1612; x_wconf 95' lang='lat' dir='ltr'><strong> </strong></span> 
     </span>
    </p>
   </div>
   <div class='ocr_carea' id='block_1_37' title="bbox 4831 997 4845 1612">
    <p class='ocr_par' dir='ltr' id='par_1_42' title="bbox 4831 997 4845 1612">
     <span class='ocr_line' id='line_1_97' title="bbox 4831 997 4845 1612; baseline 0 0"><span class='ocrx_word' id='word_1_510' title='bbox 4831 997 4845 1612; x_wconf 95' lang='lat' dir='ltr'><strong> </strong></span> 
     </span>
    </p>
   </div>
   <div class='ocr_carea' id='block_1_38' title="bbox 4832 997 4845 1612">
    <p class='ocr_par' dir='ltr' id='par_1_43' title="bbox 4832 997 4845 1612">
     <span class='ocr_line' id='line_1_98' title="bbox 4832 997 4845 1612; baseline 0 0"><span class='ocrx_word' id='word_1_511' title='bbox 4832 997 4845 1612; x_wconf 95' lang='lat' dir='ltr'><strong> </strong></span> 
     </span>
    </p>
   </div>
   <div class='ocr_carea' id='block_1_39' title="bbox 3742 2328 4165 2394">
    <p class='ocr_par' dir='ltr' id='par_1_44' title="bbox 3742 2328 4165 2394">
     <span class='ocr_line' id='line_1_99' title="bbox 3742 2328 4165 2394; baseline 0 0"><span class='ocrx_word' id='word_1_512' title='bbox 3742 2330 3926 2394; x_wconf 81' lang='lat' dir='ltr'><strong>&#39;Puus</strong></span> <span class='ocrx_word' id='word_1_513' title='bbox 3971 2328 4165 2394; x_wconf 82' lang='lat' dir='ltr'><strong>Beza.</strong></span> 
     </span>
    </p>
   </div>
   <div class='ocr_carea' id='block_1_40' title="bbox 2363 2549 4341 2979">
    <p class='ocr_par' dir='ltr' id='par_1_45' title="bbox 2363 2549 4341 2979">
     <span class='ocr_line' id='line_1_100' title="bbox 2549 2549 4340 2636; baseline 0.002 -21"><span class='ocrx_word' id='word_1_514' title='bbox 2549 2549 2632 2616; x_wconf 82' lang='lat' dir='ltr'><strong>Je</strong></span> <span class='ocrx_word' id='word_1_515' title='bbox 2693 2570 2846 2616; x_wconf 81' lang='lat' dir='ltr'><strong>vous</strong></span> <span class='ocrx_word' id='word_1_516' title='bbox 2906 2573 2991 2636; x_wconf 82' lang='lat' dir='ltr'><strong>ay</strong></span> <span class='ocrx_word' id='word_1_517' title='bbox 3053 2553 3278 2636; x_wconf 56' lang='lat' dir='ltr'><strong>envoy&amp;</strong></span> <span class='ocrx_word' id='word_1_518' title='bbox 3322 2553 3432 2618; x_wconf 81' lang='lat' dir='ltr'><strong>des</strong></span> <span class='ocrx_word' id='word_1_519' title='bbox 3490 2553 3694 2619; x_wconf 62' lang='lat' dir='ltr'><strong>lettres</strong></span> <span class='ocrx_word' id='word_1_520' title='bbox 3740 2552 3886 2618; x_wconf 79' lang='lat' dir='ltr'><strong>dont</strong></span> <span class='ocrx_word' id='word_1_521' title='bbox 3928 2551 4340 2634; x_wconf 74' lang='lat' dir='ltr'><strong>l&#39;inscription</strong></span> 
     </span>
     <span class='ocr_line' id='line_1_101' title="bbox 2375 2635 4341 2721; baseline 0.002 -21"><span class='ocrx_word' id='word_1_522' title='bbox 2375 2635 2550 2700; x_wconf 63' lang='lat' dir='ltr'><strong>estoit</strong></span> <span class='ocrx_word' id='word_1_523' title='bbox 2606 2658 2649 2702; x_wconf 84' lang='lat' dir='ltr'><strong>a</strong></span> <span class='ocrx_word' id='word_1_524' title='bbox 2703 2636 3060 2704; x_wconf 74' lang='lat' dir='ltr'><strong>Messieurs</strong></span> <span class='ocrx_word' id='word_1_525' title='bbox 3115 2638 3190 2703; x_wconf 82' lang='lat' dir='ltr'><strong>de</strong></span> <span class='ocrx_word' id='word_1_526' title='bbox 3238 2638 3494 2717; x_wconf 70' lang='lat' dir='ltr'><strong>NeverS,</strong></span> <span class='ocrx_word' id='word_1_527' title='bbox 3539 2638 3607 2703; x_wconf 81' lang='lat' dir='ltr'><strong>la</strong></span> <span class='ocrx_word' id='word_1_528' title='bbox 3645 2636 3845 2721; x_wconf 64' lang='lat' dir='ltr'><strong>saulce</strong></span> <span class='ocrx_word' id='word_1_529' title='bbox 3886 2643 3977 2704; x_wconf 71' lang='lat' dir='ltr'><strong>est</strong></span> <span class='ocrx_word' id='word_1_530' title='bbox 4015 2658 4207 2703; x_wconf 81' lang='lat' dir='ltr'><strong>venue</strong></span> <span class='ocrx_word' id='word_1_531' title='bbox 4249 2639 4341 2703; x_wconf 76' lang='lat' dir='ltr'><strong>du</strong></span> 
     </span>
     <span class='ocr_line' id='line_1_102' title="bbox 2372 2723 4338 2807; baseline 0.002 -22"><span class='ocrx_word' id='word_1_532' title='bbox 2372 2723 2706 2789; x_wconf 67' lang='lat' dir='ltr'><strong>secretam</strong></span> <span class='ocrx_word' id='word_1_533' title='bbox 2749 2724 2862 2805; x_wconf 71' lang='lat' dir='ltr'><strong>qui</strong></span> <span class='ocrx_word' id='word_1_534' title='bbox 2893 2724 3142 2806; x_wconf 69' lang='lat' dir='ltr'><strong>pmoit</strong></span> <span class='ocrx_word' id='word_1_535' title='bbox 3180 2744 3298 2806; x_wconf 71' lang='lat' dir='ltr'><strong>que</strong></span> <span class='ocrx_word' id='word_1_536' title='bbox 3342 2745 3408 2790; x_wconf 83' lang='lat' dir='ltr'><strong>ce</strong></span> <span class='ocrx_word' id='word_1_537' title='bbox 3443 2724 3580 2806; x_wconf 78' lang='lat' dir='ltr'><strong>fust</strong></span> <span class='ocrx_word' id='word_1_538' title='bbox 3610 2745 3780 2807; x_wconf 77' lang='lat' dir='ltr'><strong>pour</strong></span> <span class='ocrx_word' id='word_1_539' title='bbox 3822 2724 3913 2790; x_wconf 76' lang='lat' dir='ltr'><strong>les</strong></span> <span class='ocrx_word' id='word_1_540' title='bbox 3957 2724 4220 2806; x_wconf 75' lang='lat' dir='ltr'><strong>affaires</strong></span> <span class='ocrx_word' id='word_1_541' title='bbox 4259 2723 4338 2789; x_wconf 75' lang='lat' dir='ltr'><strong>de</strong></span> 
     </span>
     <span class='ocr_line' id='line_1_103' title="bbox 2374 2805 4336 2893; baseline 0.002 -22"><span class='ocrx_word' id='word_1_542' title='bbox 2374 2805 2496 2872; x_wconf 59' lang='grc' dir='ltr'><strong>Μ’.</strong></span> <span class='ocrx_word' id='word_1_543' title='bbox 2541 2807 2617 2873; x_wconf 77' lang='lat' dir='ltr'><strong>de</strong></span> <span class='ocrx_word' id='word_1_544' title='bbox 2654 2806 2880 2893; x_wconf 73' lang='lat' dir='ltr'><strong>Passy.</strong></span> <span class='ocrx_word' id='word_1_545' title='bbox 2902 2812 2958 2886; x_wconf 80' lang='lat'><strong>⁹)</strong></span> <span class='ocrx_word' id='word_1_546' title='bbox 3045 2809 3127 2875; x_wconf 83' lang='lat' dir='ltr'><strong>Je</strong></span> <span class='ocrx_word' id='word_1_547' title='bbox 3168 2830 3322 2876; x_wconf 79' lang='lat' dir='ltr'><strong>vous</strong></span> <span class='ocrx_word' id='word_1_548' title='bbox 3365 2812 3515 2892; x_wconf 74' lang='lat' dir='ltr'><strong>prie</strong></span> <span class='ocrx_word' id='word_1_549' title='bbox 3567 2810 3659 2876; x_wconf 80' lang='lat' dir='ltr'><strong>les</strong></span> <span class='ocrx_word' id='word_1_550' title='bbox 3698 2817 3956 2893; x_wconf 62' lang='grc' dir='ltr'><strong>θύωμεν</strong></span> <span class='ocrx_word' id='word_1_551' title='bbox 4005 2832 4048 2876; x_wconf 84' lang='lat' dir='ltr'><strong>a</strong></span> <span class='ocrx_word' id='word_1_552' title='bbox 4096 2809 4336 2876; x_wconf 80' lang='lat' dir='ltr'><strong>Nevers</strong></span> 
     </span>
     <span class='ocr_line' id='line_1_104' title="bbox 2363 2893 3922 2979; baseline 0.002 -20"><span class='ocrx_word' id='word_1_553' title='bbox 2363 2913 2499 2975; x_wconf 78' lang='lat' dir='ltr'><strong>par</strong></span> <span class='ocrx_word' id='word_1_554' title='bbox 2542 2893 2598 2960; x_wconf 87' lang='lat' dir='ltr'><strong>le</strong></span> <span class='ocrx_word' id='word_1_555' title='bbox 2621 2895 2903 2976; x_wconf 76' lang='lat' dir='ltr'><strong>premier</strong></span> <span class='ocrx_word' id='word_1_556' title='bbox 2936 2915 3048 2962; x_wconf 82' lang='lat' dir='ltr'><strong>car</strong></span> <span class='ocrx_word' id='word_1_557' title='bbox 3080 2899 3221 2961; x_wconf 81' lang='lat' dir='ltr'><strong>c’est</strong></span> <span class='ocrx_word' id='word_1_558' title='bbox 3241 2916 3415 2978; x_wconf 75' lang='lat' dir='ltr'><strong>pour</strong></span> <span class='ocrx_word' id='word_1_559' title='bbox 3447 2895 3585 2962; x_wconf 78' lang='lat' dir='ltr'><strong>leur</strong></span> <span class='ocrx_word' id='word_1_560' title='bbox 3618 2895 3823 2979; x_wconf 63' lang='lat' dir='ltr'><strong>eglise.</strong></span> <span class='ocrx_word' id='word_1_561' title='bbox 3840 2898 3922 2974; x_wconf 87' lang='lat'><strong>¹⁰)</strong></span> 
     </span>
    </p>
   </div>
   <div class='ocr_carea' id='block_1_41' title="bbox 2849 3409 3834 3634">
    <p class='ocr_par' dir='ltr' id='par_1_46' title="bbox 2849 3409 3834 3634">
     <span class='ocr_line' id='line_1_105' title="bbox 3254 3409 3452 3481; baseline 0.005 -1"><span class='ocrx_word' id='word_1_562' title='bbox 3254 3409 3452 3481; x_wconf 75' lang='lat'><strong>8681.</strong></span> 
     </span>
     <span class='ocr_line' id='line_1_106' title="bbox 2849 3562 3834 3634; baseline 0.002 -5"><span class='ocrx_word' id='word_1_563' title='bbox 2849 3563 3168 3631; x_wconf 80' lang='lat' dir='ltr'>FAGE&#39;P</span> <span class='ocrx_word' id='word_1_564' title='bbox 3202 3566 3268 3631; x_wconf 87' lang='lat' dir='ltr'>A</span> <span class='ocrx_word' id='word_1_565' title='bbox 3300 3562 3834 3634; x_wconf 84' lang='lat' dir='ltr'><strong>COLLADON.</strong></span> 
     </span>
    </p>
   </div>
   <div class='ocr_carea' id='block_1_42' title="bbox 2369 3734 4334 3902">
    <p class='ocr_par' dir='ltr' id='par_1_47' title="bbox 2369 3734 4334 3902">
     <span class='ocr_line' id='line_1_107' title="bbox 2541 3734 4334 3822; baseline -0.001 -20"><span class='ocrx_word' id='word_1_566' title='bbox 2541 3735 2615 3802; x_wconf 82' lang='lat'><strong>11</strong></span> <span class='ocrx_word' id='word_1_567' title='bbox 2657 3737 2913 3804; x_wconf 72' lang='lat' dir='ltr'><strong>sollicite</strong></span> <span class='ocrx_word' id='word_1_568' title='bbox 2957 3736 3180 3803; x_wconf 75' lang='lat' dir='ltr'><strong>Penvoi</strong></span> <span class='ocrx_word' id='word_1_569' title='bbox 3221 3739 3297 3804; x_wconf 79' lang='lat' dir='ltr'><strong>de</strong></span> <span class='ocrx_word' id='word_1_570' title='bbox 3335 3738 3629 3822; x_wconf 74' lang='lat' dir='ltr'><strong>quelques</strong></span> <span class='ocrx_word' id='word_1_571' title='bbox 3670 3738 3990 3804; x_wconf 66' lang='lat' dir='ltr'><strong>ministres</strong></span> <span class='ocrx_word' id='word_1_572' title='bbox 4022 3756 4196 3821; x_wconf 78' lang='lat' dir='ltr'><strong>pom·</strong></span> <span class='ocrx_word' id='word_1_573' title='bbox 4230 3734 4334 3801; x_wconf 83' lang='lat' dir='ltr'><strong>La</strong></span> 
     </span>
     <span class='ocr_line' id='line_1_108' title="bbox 2369 3818 4329 3902; baseline -0.002 -13"><span class='ocrx_word' id='word_1_574' title='bbox 2369 3818 2671 3902; x_wconf 72' lang='lat' dir='ltr'><strong>Rocheue,</strong></span> <span class='ocrx_word' id='word_1_575' title='bbox 2720 3829 2774 3889; x_wconf 80' lang='lat' dir='ltr'><strong>et</strong></span> <span class='ocrx_word' id='word_1_576' title='bbox 2823 3824 3127 3890; x_wconf 67' lang='lat' dir='ltr'><strong>demands</strong></span> <span class='ocrx_word' id='word_1_577' title='bbox 3170 3823 3474 3892; x_wconf 66' lang='lat' dir='ltr'><strong>&amp;acheter</strong></span> <span class='ocrx_word' id='word_1_578' title='bbox 3516 3825 3941 3892; x_wconf 74' lang='lat' dir='ltr'><strong>dessermons</strong></span> <span class='ocrx_word' id='word_1_579' title='bbox 3985 3821 4329 3888; x_wconf 77' lang='lat' dir='ltr'><strong>deGalvin.</strong></span> 
     </span>
    </p>
   </div>
   <div class='ocr_carea' id='block_1_43' title="bbox 2365 3990 4338 4067">
    <p class='ocr_par' dir='ltr' id='par_1_48' title="bbox 2365 3990 4338 4067">
     <span class='ocr_line' id='line_1_109' title="bbox 2365 3990 4338 4067; baseline -0.001 -20"><span class='ocrx_word' id='word_1_580' title='bbox 2365 3994 2750 4065; x_wconf 78' lang='lat' dir='ltr'><strong>(Autograpbe</strong></span> <span class='ocrx_word' id='word_1_581' title='bbox 2784 3994 2852 4049; x_wconf 88' lang='lat' dir='ltr'><strong>de</strong></span> <span class='ocrx_word' id='word_1_582' title='bbox 2887 3997 2942 4048; x_wconf 92' lang='lat' dir='ltr'><strong>la</strong></span> <span class='ocrx_word' id='word_1_583' title='bbox 2971 3995 3357 4067; x_wconf 75' lang='lat' dir='ltr'><strong>Bibliotheqne</strong></span> <span class='ocrx_word' id='word_1_584' title='bbox 3392 3997 3460 4051; x_wconf 90' lang='lat' dir='ltr'><strong>de</strong></span> <span class='ocrx_word' id='word_1_585' title='bbox 3507 3994 3744 4050; x_wconf 77' lang='lat' dir='ltr'><strong>Geneve.</strong></span> <span class='ocrx_word' id='word_1_586' title='bbox 3781 3993 3907 4047; x_wconf 84' lang='lat' dir='ltr'><strong>Vol.</strong></span> <span class='ocrx_word' id='word_1_587' title='bbox 3946 3990 4064 4061; x_wconf 81' lang='grc'><strong>197,</strong></span> <span class='ocrx_word' id='word_1_588' title='bbox 4099 3992 4198 4046; x_wconf 80' lang='lat' dir='ltr'><strong>fol.</strong></span> <span class='ocrx_word' id='word_1_589' title='bbox 4227 3991 4338 4059; x_wconf 87' lang='lat'><strong>15.)</strong></span> 
     </span>
    </p>
   </div>
   <div class='ocr_carea' id='block_1_44' title="bbox 2537 4164 4157 4339">
    <p class='ocr_par' dir='ltr' id='par_1_49' title="bbox 2537 4164 4157 4339">
     <span class='ocr_line' id='line_1_110' title="bbox 2537 4164 3709 4236; baseline 0.002 -5"><span class='ocrx_word' id='word_1_590' title='bbox 2537 4168 2599 4231; x_wconf 88' lang='lat' dir='ltr'>A</span> <span class='ocrx_word' id='word_1_591' title='bbox 2646 4164 2989 4234; x_wconf 83' lang='lat' dir='ltr'><strong>Monsieur</strong></span> <span class='ocrx_word' id='word_1_592' title='bbox 3031 4168 3379 4235; x_wconf 80' lang='lat' dir='ltr'><strong>Monsieur</strong></span> <span class='ocrx_word' id='word_1_593' title='bbox 3412 4167 3709 4236; x_wconf 81' lang='lat' dir='ltr'><strong>Celadon</strong></span> 
     </span>
     <span class='ocr_line' id='line_1_111' title="bbox 3453 4248 4157 4339; baseline -0.013 -18"><span class='ocrx_word' id='word_1_594' title='bbox 3453 4255 3521 4320; x_wconf 90' lang='lat' dir='ltr'><strong>la</strong></span> <span class='ocrx_word' id='word_1_595' title='bbox 3565 4261 3718 4339; x_wconf 91' lang='lat' dir='ltr'><strong>part</strong></span> <span class='ocrx_word' id='word_1_596' title='bbox 3762 4273 3849 4317; x_wconf 92' lang='lat' dir='ltr'><strong>ou</strong></span> <span class='ocrx_word' id='word_1_597' title='bbox 3896 4248 3945 4313; x_wconf 90' lang='lat' dir='ltr'><strong>il</strong></span> <span class='ocrx_word' id='word_1_598' title='bbox 3990 4268 4157 4314; x_wconf 87' lang='lat' dir='ltr'><strong>sera.</strong></span> 
     </span>
    </p>
   </div>
   <div class='ocr_carea' id='block_1_45' title="bbox 2361 4415 4349 4598">
    <p class='ocr_par' dir='ltr' id='par_1_50' title="bbox 2361 4415 4349 4598">
     <span class='ocr_line' id='line_1_112' title="bbox 2534 4415 4345 4509; baseline -0.005 -20"><span class='ocrx_word' id='word_1_599' title='bbox 2534 4422 2880 4490; x_wconf 82' lang='lat' dir='ltr'><strong>Monsieur</strong></span> <span class='ocrx_word' id='word_1_600' title='bbox 2895 4475 2911 4502; x_wconf 91' lang='lat'>‚</span> <span class='ocrx_word' id='word_1_601' title='bbox 2972 4445 3214 4509; x_wconf 87' lang='lat' dir='ltr'><strong>pource</strong></span> <span class='ocrx_word' id='word_1_602' title='bbox 3272 4446 3401 4509; x_wconf 88' lang='lat' dir='ltr'><strong>que</strong></span> <span class='ocrx_word' id='word_1_603' title='bbox 3447 4427 3511 4492; x_wconf 90' lang='lat' dir='ltr'><strong>le</strong></span> <span class='ocrx_word' id='word_1_604' title='bbox 3565 4428 3837 4508; x_wconf 85' lang='lat' dir='ltr'><strong>present</strong></span> <span class='ocrx_word' id='word_1_605' title='bbox 3891 4425 4168 4501; x_wconf 88' lang='lat' dir='ltr'><strong>porteur</strong></span> <span class='ocrx_word' id='word_1_606' title='bbox 4229 4415 4345 4497; x_wconf 91' lang='lat' dir='ltr'><strong>qui</strong></span> 
     </span>
     <span class='ocr_line' id='line_1_113' title="bbox 2361 4498 4349 4598; baseline 0 -22"><span class='ocrx_word' id='word_1_607' title='bbox 2361 4516 2461 4576; x_wconf 89' lang='lat' dir='ltr'><strong>est</strong></span> <span class='ocrx_word' id='word_1_608' title='bbox 2508 4530 2599 4576; x_wconf 89' lang='lat' dir='ltr'><strong>un</strong></span> <span class='ocrx_word' id='word_1_609' title='bbox 2660 4509 2776 4577; x_wconf 89' lang='lat' dir='ltr'><strong>des</strong></span> <span class='ocrx_word' id='word_1_610' title='bbox 2832 4509 3228 4577; x_wconf 87' lang='lat' dir='ltr'><strong>honorables</strong></span> <span class='ocrx_word' id='word_1_611' title='bbox 3283 4513 3626 4598; x_wconf 88' lang='lat' dir='ltr'><strong>seigneurs</strong></span> <span class='ocrx_word' id='word_1_612' title='bbox 3675 4507 3757 4573; x_wconf 92' lang='lat' dir='ltr'><strong>de</strong></span> <span class='ocrx_word' id='word_1_613' title='bbox 3818 4511 4047 4568; x_wconf 85' lang='lat' dir='ltr'><strong>nostre</strong></span> <span class='ocrx_word' id='word_1_614' title='bbox 4091 4498 4264 4564; x_wconf 78' lang='lat' dir='ltr'><strong>ville</strong></span> <span class='ocrx_word' id='word_1_615' title='bbox 4297 4502 4349 4576; x_wconf 88' lang='lat'><strong>¹)</strong></span> 
     </span>
    </p>
   </div>
   <div class='ocr_carea' id='block_1_46' title="bbox 2363 4630 2770 4642">
    <p class='ocr_par' dir='ltr' id='par_1_51' title="bbox 2363 4630 2770 4642">
     <span class='ocr_line' id='line_1_114' title="bbox 2363 4630 2770 4642; baseline -0.002 0"><span class='ocrx_word' id='word_1_616' title='bbox 2363 4630 2512 4642; x_wconf 61' lang='grc' dir='ltr'><strong><em>-Δο-</em></strong></span> <span class='ocrx_word' id='word_1_617' title='bbox 2549 4636 2684 4641; x_wconf 73' lang='lat'><strong>---</strong></span> <span class='ocrx_word' id='word_1_618' title='bbox 2709 4636 2770 4641; x_wconf 75' lang='lat'><strong>—</strong></span> 
     </span>
    </p>
   </div>
   <div class='ocr_carea' id='block_1_47' title="bbox 2356 4668 4414 5369">
    <p class='ocr_par' dir='ltr' id='par_1_52' title="bbox 2362 4668 4363 4901">
     <span class='ocr_line' id='line_1_115' title="bbox 2573 4668 4363 4763; baseline -0.011 -22"><span class='ocrx_word' id='word_1_619' title='bbox 2573 4680 2609 4735; x_wconf 80' lang='grc'>6</span> <span class='ocrx_word' id='word_1_620' title='bbox 2679 4680 2872 4763; x_wconf 61' lang='lat' dir='ltr'><strong>Tomy»</strong></span> <span class='ocrx_word' id='word_1_621' title='bbox 2917 4681 3017 4738; x_wconf 72' lang='lat' dir='ltr'><strong>hoc</strong></span> <span class='ocrx_word' id='word_1_622' title='bbox 3060 4697 3270 4738; x_wconf 67' lang='lat' dir='ltr'><strong>comma</strong></span> <span class='ocrx_word' id='word_1_623' title='bbox 3313 4699 3350 4738; x_wconf 80' lang='lat' dir='ltr'><strong>a</strong></span> <span class='ocrx_word' id='word_1_624' title='bbox 3387 4682 3540 4737; x_wconf 67' lang='lat' dir='ltr'><strong>Bata</strong></span> <span class='ocrx_word' id='word_1_625' title='bbox 3586 4675 3964 4736; x_wconf 59' lang='lat' dir='ltr'><strong>amantum,</strong></span> <span class='ocrx_word' id='word_1_626' title='bbox 4005 4684 4187 4737; x_wconf 74' lang='lat' dir='ltr'><strong>quum</strong></span> <span class='ocrx_word' id='word_1_627' title='bbox 4233 4668 4363 4723; x_wconf 75' lang='lat' dir='ltr'><strong>reli·</strong></span> 
     </span>
     <span class='ocr_line' id='line_1_116' title="bbox 2362 4750 3317 4901; baseline 0 -26"><span class='ocrx_word' id='word_1_628' title='bbox 2362 4766 2475 4820; x_wconf 71' lang='lat'><strong>⁹¹⁴⁶</strong></span> <span class='ocrx_word' id='word_1_629' title='bbox 2505 4766 2605 4872; x_wconf 59' lang='lat' dir='ltr'><strong>“a</strong></span> <span class='ocrx_word' id='word_1_630' title='bbox 2668 4750 3122 4901; x_wconf 45' lang='lat' dir='ltr'><strong>ssfssg&#39;eif‘ibae.</strong></span> <span class='ocrx_word' id='word_1_631' title='bbox 3159 4819 3317 4875; x_wconf 60' lang='lat' dir='ltr'><strong>am</strong></span> 
     </span>
    </p>

    <p class='ocr_par' dir='ltr' id='par_1_53' title="bbox 2572 4820 4198 5023">
     <span class='ocr_line' id='line_1_117' title="bbox 2572 4820 4198 5023; baseline -0.013 -80"><span class='ocrx_word' id='word_1_632' title='bbox 2572 4820 2633 5023; x_wconf 72' lang='lat'><strong>⁷}</strong></span> <span class='ocrx_word' id='word_1_633' title='bbox 2667 4887 2947 4969; x_wconf 57' lang='lat' dir='ltr'><strong>Meo-lmus</strong></span> <span class='ocrx_word' id='word_1_634' title='bbox 2980 4889 3159 4971; x_wconf 61' lang='lat' dir='ltr'><strong>redux</strong></span> <span class='ocrx_word' id='word_1_635' title='bbox 3191 4893 3305 4956; x_wconf 73' lang='lat' dir='ltr'><strong>luit</strong></span> <span class='ocrx_word' id='word_1_636' title='bbox 3344 4888 3600 4943; x_wconf 64' lang='lat' dir='ltr'><strong>Genava</strong></span> <span class='ocrx_word' id='word_1_637' title='bbox 3635 4881 3690 4934; x_wconf 79' lang='lat' dir='ltr'><strong>d.</strong></span> <span class='ocrx_word' id='word_1_638' title='bbox 3728 4876 3817 4930; x_wconf 80' lang='lat'><strong>23.</strong></span> <span class='ocrx_word' id='word_1_639' title='bbox 3861 4874 3978 4951; x_wconf 61' lang='lat'><strong>⁰⁶⁶.-</strong></span> <span class='ocrx_word' id='word_1_640' title='bbox 3996 4939 4009 4952; x_wconf 47' lang='lat'><strong>.</strong></span> <span class='ocrx_word' id='word_1_641' title='bbox 4151 4938 4198 4950; x_wconf 66' lang='lat'><strong>.„</strong></span> 
     </span>
    </p>

    <p class='ocr_par' dir='ltr' id='par_1_54' title="bbox 2361 4944 4382 5108">
     <span class='ocr_line' id='line_1_118' title="bbox 2567 4944 4382 5027; baseline -0.012 -15"><span class='ocrx_word' id='word_1_642' title='bbox 2567 4956 2605 5011; x_wconf 90' lang='grc'><strong>8</strong></span> <span class='ocrx_word' id='word_1_643' title='bbox 2690 4958 2918 5012; x_wconf 69' lang='lat' dir='ltr'><strong>Vndetur</strong></span> <span class='ocrx_word' id='word_1_644' title='bbox 2958 4958 3137 5024; x_wconf 69' lang='lat' dir='ltr'><strong>futare</strong></span> <span class='ocrx_word' id='word_1_645' title='bbox 3179 4956 3489 5027; x_wconf 70' lang='lat' dir='ltr'><strong>discipulas</strong></span> <span class='ocrx_word' id='word_1_646' title='bbox 3539 4952 3745 5012; x_wconf 69' lang='lat' dir='ltr'><strong>Besae,</strong></span> <span class='ocrx_word' id='word_1_647' title='bbox 3799 4944 4049 5018; x_wconf 41' lang='lat' dir='ltr'><strong>hospdw·</strong></span> <span class='ocrx_word' id='word_1_648' title='bbox 4105 4953 4247 4993; x_wconf 69' lang='lat' dir='ltr'><strong>ms</strong></span> <span class='ocrx_word' id='word_1_649' title='bbox 4297 4956 4382 4994; x_wconf 73' lang='lat' dir='ltr'><strong>re-</strong></span> 
     </span>
     <span class='ocr_line' id='line_1_119' title="bbox 2361 5006 4168 5108; baseline -0.013 -26"><span class='ocrx_word' id='word_1_650' title='bbox 2361 5031 2567 5094; x_wconf 71' lang='lat' dir='ltr'><strong>ceptus,</strong></span> <span class='ocrx_word' id='word_1_651' title='bbox 2602 5028 2696 5080; x_wconf 76' lang='lat' dir='ltr'><strong>cui</strong></span> <span class='ocrx_word' id='word_1_652' title='bbox 2723 5027 3168 5108; x_wconf 57' lang='lat' dir='ltr'><strong>prospiciendum</strong></span> <span class='ocrx_word' id='word_1_653' title='bbox 3203 5034 3326 5082; x_wconf 77' lang='lat' dir='ltr'><strong>erat</strong></span> <span class='ocrx_word' id='word_1_654' title='bbox 3357 5037 3534 5093; x_wconf 69' lang='lat' dir='ltr'><strong>usque</strong></span> <span class='ocrx_word' id='word_1_655' title='bbox 3569 5018 3703 5073; x_wconf 67' lang='lat' dir='ltr'><strong>dun</strong></span> <span class='ocrx_word' id='word_1_656' title='bbox 3740 5025 3888 5065; x_wconf 66' lang='lat' dir='ltr'><strong>uxor</strong></span> <span class='ocrx_word' id='word_1_657' title='bbox 3919 5006 4168 5061; x_wconf 66' lang='lat' dir='ltr'><strong>redu-et.</strong></span> 
     </span>
    </p>

    <p class='ocr_par' dir='ltr' id='par_1_55' title="bbox 2356 5094 4414 5369">
     <span class='ocr_line' id='line_1_120' title="bbox 2538 5094 3998 5274; baseline 0.003 -58"><span class='ocrx_word' id='word_1_658' title='bbox 2538 5094 2633 5232; x_wconf 60' lang='lat'><strong>133</strong></span> <span class='ocrx_word' id='word_1_659' title='bbox 2667 5094 2964 5247; x_wconf 34' lang='lat' dir='ltr'><strong>1⁵53:ngst</strong></span> <span class='ocrx_word' id='word_1_660' title='bbox 2988 5236 2997 5245; x_wconf 84' lang='lat'><strong>.</strong></span> <span class='ocrx_word' id='word_1_661' title='bbox 3022 5164 3234 5233; x_wconf 71' lang='lat' dir='ltr'><strong>(comp.</strong></span> <span class='ocrx_word' id='word_1_662' title='bbox 3274 5164 3349 5218; x_wconf 85' lang='lat' dir='ltr'><strong>N.</strong></span> <span class='ocrx_word' id='word_1_663' title='bbox 3386 5155 3576 5274; x_wconf 57' lang='lat'>3629·{</span> <span class='ocrx_word' id='word_1_664' title='bbox 3985 5207 3998 5221; x_wconf 91' lang='lat'><strong>.</strong></span> 
     </span>
     <span class='ocr_line' id='line_1_121' title="bbox 2363 5204 4414 5303; baseline -0.005 -19"><span class='ocrx_word' id='word_1_665' title='bbox 2363 5231 2543 5286; x_wconf 73' lang='lat'><strong>8081.</strong></span> <span class='ocrx_word' id='word_1_666' title='bbox 2579 5234 2634 5297; x_wconf 88' lang='lat'><strong>1)</strong></span> <span class='ocrx_word' id='word_1_667' title='bbox 2673 5232 2855 5303; x_wconf 58' lang='grc' dir='ltr'><strong><em>Γαμεῖ</em></strong></span> <span class='ocrx_word' id='word_1_668' title='bbox 2883 5239 3020 5289; x_wconf 70' lang='lat' dir='ltr'><strong>etant</strong></span> <span class='ocrx_word' id='word_1_669' title='bbox 3048 5241 3278 5303; x_wconf 71' lang='lat' dir='ltr'><strong>postem·</strong></span> <span class='ocrx_word' id='word_1_670' title='bbox 3310 5250 3347 5286; x_wconf 82' lang='grc' dir='ltr'><strong><em>α</em></strong></span> <span class='ocrx_word' id='word_1_671' title='bbox 3383 5228 3478 5283; x_wconf 80' lang='lat' dir='ltr'><strong>La</strong></span> <span class='ocrx_word' id='word_1_672' title='bbox 3683 5286 3695 5297; x_wconf 53' lang='grc'><strong>,</strong></span> <span class='ocrx_word' id='word_1_673' title='bbox 3719 5214 3787 5269; x_wconf 66' lang='lat'><strong>11⁸</strong></span> <span class='ocrx_word' id='word_1_674' title='bbox 4069 5204 4274 5275; x_wconf 70' lang='lat'>1559,</span> <span class='ocrx_word' id='word_1_675' title='bbox 4311 5224 4414 5263; x_wconf 60' lang='grc' dir='ltr'><strong>Μ·</strong></span> 
     </span>
     <span class='ocr_line' id='line_1_122' title="bbox 2356 5273 4088 5369; baseline -0.01 -13"><span class='ocrx_word' id='word_1_676' title='bbox 2356 5307 2646 5369; x_wconf 70' lang='lat' dir='ltr'><strong>pau-avant</strong></span> <span class='ocrx_word' id='word_1_677' title='bbox 2679 5301 2724 5355; x_wconf 71' lang='lat' dir='ltr'><strong>a</strong></span> <span class='ocrx_word' id='word_1_678' title='bbox 2757 5303 2910 5357; x_wconf 74' lang='lat' dir='ltr'><strong>avait</strong></span> <span class='ocrx_word' id='word_1_679' title='bbox 2941 5301 3024 5357; x_wconf 70' lang='grc' dir='ltr'><strong>ἑτέ</strong></span> <span class='ocrx_word' id='word_1_680' title='bbox 3058 5303 3098 5357; x_wconf 77' lang='grc' dir='ltr'><strong>ὁ</strong></span> <span class='ocrx_word' id='word_1_681' title='bbox 3138 5299 3387 5356; x_wconf 67' lang='grc' dir='ltr'><strong>Ονιέαηε.</strong></span> <span class='ocrx_word' id='word_1_682' title='bbox 3440 5287 3734 5360; x_wconf 63' lang='lat' dir='ltr'><strong>(Bonnam</strong></span> <span class='ocrx_word' id='word_1_683' title='bbox 3906 5317 3921 5333; x_wconf 89' lang='lat'><strong>.</strong></span> <span class='ocrx_word' id='word_1_684' title='bbox 3955 5273 4088 5338; x_wconf 56' lang='lat'><strong>72)</strong></span> 
     </span>
    </p>
   </div>
  </div>
 </body>
</html>
