4900 6125
593 383 724 444 419

595 567 952 718 antem
1011 585 1180 630 naus
1243 566 1308 630 le
1659 565 1840 631 aussi
1905 562 2042 649 quil
2107 585 2277 632 vous
2342 563 2561 631 donne

857 650 1376 736 etlougncns.
1447 648 2473 737 DeStLoeexv‘demay.

907 785 1148 854 vostre
1191 785 1596 852 troehumble
1629 797 1696 852 et
1731 785 2201 889 tresobeissant
2232 789 2562 855 serviteur

1235 979 1322 1023 au
1370 872 2202 1044 nomngelalavdoggzagnie.

1369 1252 1760 1266 ψ

1475 1486 1666 1556 3791.

1013 1639 1687 1709 BULLINGERUS
1733 1640 2166 1707 CALVINO.

779 1813 1166 1881 Salodurum
1187 1814 1678 1896 proficiscuntur
1709 1813 1894 1897 leqati
1937 1813 2376 1879 Turicensium
2410 1834 2559 1880 sua-

598 1901 742 1966 suri
785 1905 854 1966 ut
887 1921 964 1966 ne
997 1899 1177 1965 mile-9
1216 1901 1288 1965 in
1327 1899 1614 1966 Galliam
1649 1900 1972 1978 minatum
2015 1900 2128 1964 vix
2170 1905 2375 1965 autem
2418 1921 2559 1982 spe-

597 1987 882 2139 mg
945 1985 1080 2068 sore
1143 1992 1212 2050 ut
1275 1984 1384 2053 hoc
1446 1985 1780 2052 consilium
1844 1990 2192 2068 sequantur
2270 1990 2561 2052 cantone-3

598 2243 710 2310 (Ex
767 2261 836 2298 ιιι
937 2243 1107 2312 npho
1145 2242 1309 2298 Arch.
1346 2243 1526 2298 Turis.
1563 2242 1707 2299 Plut.
1743 2242 1834 2299 vl.
1872 2241 1999 2297 Vol.
2037 2241 2156 2310 129,
2203 2244 2333 2297 olim
2381 2242 2556 2298 Scrin.

811 2251 1048 2383 Bffip.
1084 2313 1235 2366 Tem.
1273 2310 1359 2380 30,
1394 2311 1487 2366 sol.
1523 2309 1644 2366 430.
1683 2338 1746 2350 —
1784 2311 1999 2367 Simler.
2038 2312 2164 2366 Vol.
2208 2309 2351 2380 104.)

762 2483 1143 2551 Clarissimo
1197 2485 1340 2550 viro
1382 2483 1467 2549 D.
1512 2483 1751 2549 Ioanni
1805 2481 2084 2549 Calvino
2140 2482 2557 2551 Genevensis

587 2571 898 2637 ecelesiae
940 2567 1071 2636 fido
1111 2571 1356 2653 pastori
1394 2569 1656 2635 domino
1699 2568 1972 2636 colendo
2008 2579 2077 2634 et
2119 2569 2306 2635 fratri
2350 2569 2554 2636 caris-

587 2657 735 2723 simi
772 2675 907 2722 suo.

2155 2739 2377 2807 Genff.

761 2913 832 2980 S.
879 2913 964 2980 D.
1040 2913 1256 2981 Simul
1313 2934 1433 2996 per
1609 2920 1744 2978 tam
1789 2921 1964 2991 tuae,
2023 2917 2125 2981 vir
2171 2912 2555 2979 honorande

588 3007 659 3067 et
703 3001 906 3067 frater
945 3000 1304 3079 carissime,
1351 2998 1468 3066 red
1517 3005 1722 3065 untur
1756 2997 1985 3068 literae
2031 3006 2108 3067 10
2132 3000 2334 3067 huius
2368 3020 2554 3065 men-

589 3089 682 3153 sis
725 3087 1025 3169 scriptae.
1051 3090 1104 3162 ¹)
1171 3086 1307 3151 Pro
1341 3083 1577 3168 quibus
1621 3086 1946 3151 maximas
1981 3088 2241 3172 agimus
2284 3086 2554 3170 gratias,

588 3182 856 3239 orantes
914 3172 1158 3255 absque
1215 3170 1704 3237 intermissione
1746 3171 2112 3239 Dominum
2174 3181 2253 3238 ut
2310 3171 2557 3237 nostris

591 3257 951 3325 benedicat.
1022 3257 1115 3323 Et
1157 3258 1332 3322 intra
1377 3256 1607 3322 horam
1643 3257 2162 3325 concionandum
2207 3266 2326 3336 est,
2372 3256 2556 3323 deni-

589 3364 717 3428 que
773 3343 900 3410 hae
966 3341 1348 3410 scribendae
1412 3342 1661 3409 literae.
1753 3343 1927 3410 Nam
1993 3346 2186 3410 finita
2251 3344 2558 3410 concione

591 3430 868 3498 abibunt
908 3428 1114 3514 legati
1159 3429 1365 3494 nostri
1389 3426 1812 3494 Salodurum.
1885 3430 2161 3496 Nullum
2197 3450 2355 3514 ergo
2389 3428 2558 3495 mihi

593 3514 990 3599 relinquitur
1026 3515 1316 3598 spatium
1352 3513 1697 3581 scribendi.
1755 3515 1994 3599 Legati
2031 3516 2240 3582 nostri
2277 3517 2347 3580 in
2370 3535 2558 3581 man·

594 3602 768 3668 datis
804 3600 1052 3668 habent
1086 3621 1239 3668 cum
1285 3605 1356 3664 11
1385 3599 1795 3666 Oantonibus
1830 3602 1942 3684 qni
1985 3609 2142 3667 sunt
2184 3603 2255 3666 in
2301 3601 2561 3666 foedere

595 3687 854 3754 Gallico
901 3683 1134 3771 agendi
1181 3687 1348 3753 serio
1393 3706 1477 3751 ne
1521 3685 1801 3751 militem
1847 3686 2113 3752 mittant
2166 3695 2400 3752 contra
2446 3707 2561 3751 no-

593 3772 914 3843 bilitatem
954 3782 1020 3837 et
1056 3773 1383 3855 principes
1417 3771 1709 3838 Galliae:
1754 3770 1869 3836 sed
1908 3773 2125 3855 potius
2162 3772 2560 3857 legationem

595 3878 762 3941 quae
831 3858 1345 3941 pacificationem
1406 3868 1696 3940 quaerat.
1792 3856 1927 3938 Qui
1999 3868 2220 3923 tamen
2281 3860 2563 3923 veniunt

601 3966 684 4010 ex
724 3949 760 4007 6
798 3944 1000 4028 Pagis
1036 3944 1369 4008 affirmant
1415 3942 1657 4008 milites
1699 3945 1968 4009 omnino
2005 3943 2177 4009 velle
2222 3944 2561 4026 proficisci,

601 4039 668 4097 et
714 4031 846 4095 iam
891 4030 1194 4114 apparari
1228 4030 1450 4095 omnia
1486 4036 1554 4094 et
1588 4029 1774 4112 quasi
1809 4037 2040 4112 parata
2074 4050 2234 4095 esse.
2255 4030 2312 4112 ²)
2384 4028 2561 4110 Quid

602 4117 895 4182 futurum
967 4116 1054 4181 sit
1117 4135 1232 4197 pro
1291 4125 1470 4180 certo
1530 4134 1663 4180 non
1722 4114 1971 4193 dixero,
2041 4135 2273 4182 vereor
2337 4124 2563 4179 tamen

603 4212 859 4267 nostros
916 4222 1048 4266 non
1105 4220 1292 4284 posse
1359 4200 1644 4286 amplius
1702 4201 1981 4267 furiosos
2035 4201 2184 4267 illos
2240 4200 2561 4267 cohibere.

605 4289 694 4353 Et
751 4289 806 4354 si
899 4288 1208 4353 refecturi
1263 4296 1439 4366 sunt,
1499 4306 1632 4351 non
1695 4286 1820 4351 nisi
1882 4287 2284 4353 acerbissimi
2343 4286 2565 4352 hostes

604 4394 856 4458 evange
885 4374 929 4438 ii
975 4393 1058 4438 ex
1097 4378 1133 4435 5
1218 4373 1377 4457 agis,
1415 4393 1498 4437 ex
1536 4372 1683 4438 aliis
1729 4372 1884 4438 locis
1930 4372 2380 4439 inobedientes
2415 4392 2563 4456 pro·

605 4460 838 4526 secturi
883 4470 1057 4525 sunt.
1194 4459 1420 4537 tinam,
1480 4460 1736 4523 utinam
1780 4458 1853 4523 in
1899 4466 2191 4542 tempore
2245 4457 2368 4522 sibi
2413 4479 2564 4541 pro·

606 4568 637 4611 s
687 4545 842 4610 iciat
926 4544 1414 4610 illustrissimus
1495 4545 1795 4628 princeps
1867 4543 2225 4610 Condensis.
2337 4544 2565 4610 Metuo

606 4568 990 4715 (fuysianos
1046 4629 1267 4696 dedita
1309 4650 1506 4714 opera
1561 4629 1910 4695 extrahere
1956 4651 2040 4696 ne
2087 4630 2314 4708 otium,
2361 4629 2567 4696 donec

607 4718 730 4801 ipsi
779 4718 989 4801 parati
1050 4717 1216 4781 sint:
1283 4730 1438 4781 tunc
1502 4735 1636 4779 non
1694 4725 1963 4799 parcent
2017 4714 2185 4781 ulis.
2265 4714 2370 4780 Ita
2414 4728 2566 4781 ante

607 4956 782 5011 8⁷01„
805 4956 861 5077 12)
895 4955 1225 5024 deperditae.
2087 5023 2097 5033 ι

853 5028 876 5091 )
911 5024 1166 5091 Lanam
1203 5024 1290 5079 ld.
1333 5022 1458 5078 Mai
1489 5038 1543 5091 p.
1580 5020 1714 5075 226:
1751 5021 1832 5074 Ex
1861 5020 2129 5075 Helvetiis
2167 5024 2392 5077 mittunt
2426 5024 2566 5076 mili·

609 5100 720 5147 tem
752 5095 853 5147 soli
885 5094 1012 5162 quin
1056 5109 1122 5147 ne
1152 5111 1187 5161 p
1261 5094 1273 5106 ⁶
1307 5091 1569 5157 montani,
1607 5090 1956 5152 lacerantes,
1991 5090 2164 5160 Tugii‚
2205 5092 2408 5157 Uranii‚
2447 5091 2567 5146 Sui·

611 5170 792 5215 tenses
829 5169 885 5215 et
923 5162 1007 5216 Un
1050 5163 1218 5216 erwsl
1257 5162 1294 5217 i.
1363 5159 1769 5221 Solodurenses.
1819 5158 2210 5229 Fribnrgenses
2246 5169 2302 5215 et
2338 5161 2565 5217 Abscel·

613 5232 807 5297 lennes,
843 5230 1058 5285 etiamsi
1095 5230 1376 5301 pontificii,
1411 5228 1817 5283 interdixerunt
1861 5228 1972 5281 suis
2009 5230 2110 5282 snb
2159 5246 2335 5299 poena
2371 5231 2566 5299 eapitis

609 5316 679 5353 no
717 5300 818 5352 buc
855 5300 1104 5353 venirent
1141 5299 1444 5355 militatum.

2107 375 2634 446 EPISTOLAE
2678 379 3103 442 3790—3793

4484 382 4595 445 420

2666 567 2750 629 30
2802 584 3012 631 annos
3055 569 3094 629 5
3154 566 3305 651 pagi
3365 565 3702 633 nobiscum
3762 575 4058 650 egerunt.
4132 565 4373 632 Pacem
4430 586 4595 648 prae-

2663 659 2976 716 texerunt
3031 672 3235 734 quum
3301 653 3517 734 parati
3570 672 3883 728 essemus,
3951 649 4105 717 dum
4173 650 4299 734 ipsi
4364 671 4599 734 qnoque

2664 735 2841 802 vires
2882 735 3311 821 collegerunt,
3354 747 3615 803 nostros
3657 738 4012 820 imparatos
4057 736 4389 814 viderunt,
4433 737 4599 802 invo-

2662 820 2891 886 larunt
2932 822 3005 887 in
3052 842 3188 888 nos.
3259 822 3611 888 Moneatur
3645 823 3951 906 princeps
3994 824 4062 888 in
4106 832 4417 906 tempore.
4484 823 4601 889 Le-

2661 915 2860 1057 fftus
2907 906 3262 992 Coiqndius
3314 909 3606 993 graviter
3657 910 4079 992 conqueritur
4123 908 4205 975 de
4250 906 4599 974 Ενοώώίο.

2778 993 2969 1059 unice
3178 1002 3208 1057 t
3244 994 3367 1060 hoc
3413 996 3767 1080 negotium.
3845 995 4149 1077 Scriptae
4193 1003 4351 1061 sunt
4391 996 4457 1058 in
4499 1015 4601 1060 au·

2663 1077 2795 1143 lam
2840 1078 3071 1145 literae
3162 1078 3453 1160 aloduro,
3496 1079 3734 1163 quibus
3771 1090 4114 1147 accusatur
4149 1080 4403 1163 legatus
4435 1081 4601 1162 quasi

2663 1165 2803 1247 ipse
2865 1163 3285 1248 impediverit
3384 1166 3690 1232 uominus
3756 1165 4078 1232 hactenus
4136 1165 4326 1231 miles
4381 1166 4602 1232 missus

2662 1251 2769 1315 sit.
2856 1252 2950 1315 At
2992 1249 3155 1316 dicit
3194 1272 3311 1332 spe
3340 1187 3525 1317 *bona
3566 1251 3785 1334 ipsum
3838 1251 4201 1318 sustentari
4244 1261 4313 1318 et
4354 1272 4602 1335 exspec-

2664 1344 2805 1401 tare
2858 1336 3248 1403 auxiliarem
3302 1337 3429 1403 Dei
3486 1357 3778 1403 manum.
3870 1335 4191 1416 Proderit,
4249 1337 4307 1401 si
4361 1339 4605 1420 scriptis

2662 1421 2872 1486 literis
2907 1423 3405 1489 confirmaveris
3441 1424 3676 1505 ipsum,
3712 1421 3888 1506 quod
3923 1434 3992 1488 et
4026 1445 4149 1508 ego
4184 1424 4365 1489 facio.
4434 1422 4606 1488 Nun·

2663 1508 2793 1573 ciat
2836 1507 3002 1572 mihi
3038 1511 3408 1592 praefectus
3442 1508 3924 1575 Frouenfeldae
3959 1531 4157 1592 quam
4201 1508 4392 1573 foeda
4434 1508 4510 1573 de
4550 1519 4605 1572 te

2662 1601 3061 1678 spargantur
3081 1593 3453 1662 mendacia:
3493 1593 3781 1660 Galliam
3810 1596 3995 1678 sequi
4034 1607 4215 1660 tuam
4239 1594 4606 1668 doctrinam.

2666 1689 2730 1745 te
2752 1699 2911 1744 vero
2954 1680 3412 1762 impiissimam
3437 1680 3669 1747 docere
3706 1678 4069 1746 doctrinam
4108 1681 4283 1746 unde
4321 1679 4609 1762 prodesse

2663 1772 2872 1848 putat,
2931 1765 2989 1830 si
3047 1765 3313 1832 brevem
3369 1765 3525 1832 edas
3582 1766 4076 1832 confessionem.
4158 1766 4387 1832 Nescit
4430 1766 4607 1829 nimi·

2664 1871 2814 1915 rum
2850 1850 3062 1915 multa
3096 1850 3271 1916 edita
3306 1872 3451 1918 esse
3488 1852 3683 1916 huius
3723 1854 3987 1936 generis
4021 1873 4060 1916 a
4098 1865 4179 1919 te.
4252 1849 4390 1917 Sed
4430 1871 4609 1935 cogor

2664 1958 2839 2002 nunc
2886 1936 3281 2021 abrumpere
3325 1936 3687 2019 epistolam.
3755 1936 4025 2021 Optime
4063 1938 4225 2004 vale.
4304 1937 4609 2002 Dominus

2663 2032 2883 2087 servet
2948 2031 3014 2087 te
3079 2044 3218 2089 una
3289 2042 3442 2087 cum
3522 2023 3793 2090 ecclesia
3859 2035 3926 2088 et
4003 2024 4394 2108 symmystis
4472 2023 4605 2088 tuis.

2669 2112 2766 2173 18.
2814 2108 2977 2174 Maii
3028 2112 3209 2174 1562.
3301 2108 3449 2174 Non
3497 2110 3720 2193 relegi.
3742 2111 3796 2188 ⁸)

3774 2263 3958 2328 Tuus
4003 2262 4452 2347 Bullingerus.

3428 2583 3835 2593 ———

3544 2859 3740 2929 3792.

2810 3030 3154 3100 ERBIUS
3200 3030 3687 3099 MJNIS'PRIS
3734 3031 4485 3103 GENEVENSIBUS.

2838 3202 3005 3269 Petit
3047 3210 3118 3270 ut
3171 3204 3460 3271 ecclesiae
3518 3206 3587 3270 in
3628 3205 3861 3271 ditione
3906 3205 4444 3288 Rapoztsteniensi
4486 3227 4619 3272 aas·

2660 3290 2822 3357 cenci
2864 3290 3085 3356 missis
3127 3292 3447 3357 minis-tris
3479 3291 3871 3374 provideant.

2659 3462 2771 3531 (Ex
2810 3460 3149 3532 autographo
3170 3460 3310 3515 Bibl.
3332 3459 4219 3597 qutiienvibfenffichpssgmentorum
4258 3462 4432 3517 197u.
4490 3464 4619 3519 Min

2837 3702 3078 3768 Gratia
3130 3712 3198 3767 et
3252 3722 3381 3785 pax
3439 3723 3478 3767 a
3520 3701 3666 3767 Deo
3721 3712 3912 3785 patre
3972 3725 4085 3787 per
4127 3703 4353 3770 Iesum
4399 3704 4619 3772 Chris·

2666 3797 2825 3853 tum.
2900 3786 3125 3868 Quum
3169 3787 3467 3852 omnium
3512 3808 3733 3852 rerum
3778 3789 3867 3853 sit
3903 3789 4305 3866 vicissitudo,
4353 3800 4424 3857 et
4465 3812 4622 3855 non·

2667 3895 3007 3957 nunquam
3074 3874 3275 3938 etiam
3343 3873 3798 3940 ministrorum
3865 3874 4173 3941 ecclesiae
4232 3878 4352 3941 fiat
4412 3887 4483 3941 et
4542 3877 4619 3941 sit

2668 3960 3035 4025 necessario
3101 3958 3395 4024 mutatio.
3428 3963 3471 4036 ¹)
3582 3959 3747 4024 Nam
3818 3972 4077 4042 praeter
4142 3961 4208 4026 id
4276 3961 4454 4044 quod
4520 3962 4621 4027 alii

2668 4045 2796 4110 alio
2843 4052 3180 4123 vocantur,
3243 4044 3578 4127 intercipit
3638 4046 3837 4111 etiam
3892 4047 4142 4129 aliquos
4196 4049 4341 4131 ipsa
4386 4058 4621 4114 morta·

2670 4129 2841 4208 litas,
2886 4129 3151 4213 quidam
3206 4132 3404 4195 etiam
3451 4151 3490 4195 a
3549 4132 3854 4214 tyrannis
3898 4132 4249 4216 proscripti
4292 4134 4404 4199 vel
4451 4154 4622 4198 more

2668 4216 2996 4300 pecudum
3041 4215 3377 4280 laniantur
3414 4215 3520 4280 vel
3557 4216 3792 4282 exsilio
3829 4216 4246 4284 damnantur.
4322 4218 4621 4303 Requirit

2670 4322 2827 4386 ergo
2869 4303 3017 4385 ipsa
3059 4300 3186 4366 Dei
3233 4301 3445 4387 gloria
3488 4308 3556 4367 et
3598 4303 3856 4381 caritas,
3957 4324 4109 4369 uam
4165 4303 4484 4371 debemus
4526 4324 4621 4369 ec·

2671 4387 2885 4453 clesiis
2928 4385 3179 4453 Ohristi
3222 4408 3389 4471 quae
3434 4385 3674 4453 viduae
3734 4397 3802 4453 et
3857 4409 3932 4453 or
3977 4410 4054 4454 ae
4112 4400 4287 4469 sunt,
4352 4402 4430 4457 ut
4488 4412 4621 4455 rnr-

2669 4494 2819 4540 sum
2886 4472 3358 4556 provideantur
3424 4472 3570 4538 aliis
3635 4474 3880 4540 sanctis
3948 4475 4073 4541 Dei
4140 4477 4484 4553 ministris,
4550 4496 4623 4540 ne

2670 4568 2974 4643 coeptum
3013 4557 3263 4625 Christi
3308 4557 3678 4625 aedificium
3713 4561 3855 4625 sine
3987 4560 4335 4627 bernatore
4372 4583 4413 4626 a
4457 4562 4621 4644 lupis

2672 4645 2741 4709 in
2801 4645 2953 4710 avia
3011 4654 3079 4709 et
3134 4664 3335 4710 arena
3387 4643 3720 4711 fundetur.
3745 4648 3800 4723 ²)
3948 4666 4107 4711 uum
4166 4667 4325 4731 ergo
4371 4649 4521 4731 pius
4562 4654 4622 4710 et

2671 4730 2866 4796 simul
2955 4729 3372 4796 doctissimus
3450 4742 3514 4796 et
3604 4731 4010 4797 reverendus
4091 4730 4173 4796 D.
4247 4732 4621 4817 Arnulphus

2874 5021 2935 5085 3)
2978 5021 3427 5104 &peroptimi-s
3663 5038 3828 5104 quun·
3875 5021 3945 5077 de
3989 5021 4621 5093 moroeSocsoapr-ida

2672 5090 2815 5172 Idus
2880 5090 3067 5146 Tarm
3119 5090 3383 5171 &functa
3511 5090 3580 5172 ‘nl
3631 5092 3806 5169 dicae,
4056 5097 4237 5146 tanen
4297 5092 4439 5157 tacu

2674 5159 2870 5215 lauhun
2904 5160 2981 5215 ad
3016 5159 3342 5239 Fabricium
3381 5158 3611 5214 Canas·
3645 5160 3918 5242 renuens..
3975 5159 4258 5226 (Τησὴσει
4292 5160 4358 5214 11.
4402 5159 4511 5215 199.

2668 5227 2852 5283 8⁷92
2875 5228 2932 5350 ὲ)
2980 5228 3102 5283 mn
3136 5230 3269 5285 haec
3302 5226 3642 5285 enucleanda
3677 5229 4051 5298 relinquimus.

2832 5316 2849 5355 .·
2916 5304 2936 5362 )
2976 5299 3069 5354 tie.
