4900 6125
220 390 338 455 306

220 576 531 643 hactenus
592 596 820 642 omnes
895 574 1131 659 impios
1195 596 1423 642 eorum
1490 581 1762 642 conatus
1824 573 2154 641 Dominus

217 661 405 728 elusit
438 670 509 727 et
540 662 868 745 repressit.
935 660 1081 729 Hoc
1113 662 1290 727 enim
1326 661 1537 728 solnm
1572 660 1926 745 proficiunt
1960 657 2154 744 quod,

217 767 339 830 quo
381 746 594 833 magis
636 753 961 812 conantur
1002 746 1344 814 ecclesiam
1385 754 1683 812 evertere
1699 796 1717 825 ‚
1761 766 1839 811 eo
1881 742 2156 811 subinde

216 831 455 898 maiora
497 832 736 916 accipit
774 833 1192 898 incrementa.
1263 832 1528 917 Magnis
1569 832 1702 898 iam
1737 830 2057 897 molestiis
2090 837 2160 895 et

216 915 583 1001 sumptibus
623 917 834 984 nostri
877 917 1139 1002 gravati
1179 927 1334 985 sunt
1347 967 1364 995 ,
1407 916 1524 983 sed
1568 915 1736 982 nulli
1779 928 1939 983 sunt
1978 915 2157 981 labo-

217 1023 336 1080 res,
371 1001 593 1069 nullae
625 1002 984 1087 impensae,
1018 1022 1186 1087 quae
1220 1024 1261 1068 a
1294 1011 1518 1086 coepto
1554 1022 1860 1068 revocare
1893 1008 2154 1085 queant.

216 1086 487 1154 Relictis
529 1088 932 1172 papistarum
991 1088 1253 1172 templis
1309 1088 1605 1173 cogimur
1648 1086 1890 1153 nostris
1932 1106 2158 1169 sump-

215 1174 389 1240 tibus
442 1173 572 1238 alia
627 1173 815 1240 nobis
876 1183 1217 1239 exstruere
1274 1170 1358 1238 ad
1416 1171 1840 1239 celebrandos
1899 1179 2159 1238 nostros

216 1263 651 1332 conventus.²)
722 1258 1036 1344 Magnam
1071 1258 1371 1325 videmus
1404 1259 1693 1325 omnium
1734 1258 2154 1323 alacritatem.

215 1342 493 1422 Summi.
536 1344 767 1424 infimi,
810 1364 1039 1410 omnes
1081 1342 1254 1428 quod
1297 1351 1576 1428 possunt
1628 1345 1991 1420 conferunt,
2033 1342 2158 1408 sic-

215 1429 313 1494 uti
369 1429 710 1496 Israelitae
765 1450 966 1513 quum
1025 1427 1501 1496 exstruendum
1556 1436 1730 1495 esset
1770 1429 2159 1495 tabernacu-

213 1512 370 1579 lum.
446 1514 655 1600 Regis
699 1513 1060 1581 adventum
1116 1515 1370 1580 interea
1424 1513 1495 1580 in
1549 1513 1776 1580 urbem
1820 1519 2161 1598 exspecta-

213 1619 360 1665 mus
382 1600 439 1683 ⁸)
482 1600 776 1665 maxima
807 1600 1188 1667 comitatum
1230 1599 1588 1665 nobilitate.
1658 1598 1948 1683 Magnus
1984 1599 2161 1664 futu-

213 1705 326 1750 rus
369 1691 472 1751 est
527 1684 865 1751 hominum
919 1684 1215 1770 undique
1268 1704 1642 1751 concursus.
1730 1684 2163 1750 Adventums

214 1778 316 1836 est
357 1778 428 1836 et
460 1768 829 1836 sabaudiae
863 1769 998 1836 dux
1024 1774 1084 1847 ⁴)
1126 1778 1198 1836 et
1234 1769 1430 1836 multi
1463 1769 1791 1837 coniurati
1833 1767 2164 1853 evangelii

213 1853 452 1921 hostes.
523 1854 913 1921 Adversarii
970 1855 1148 1922 hunc
1204 1855 1397 1922 nobis
1447 1855 1875 1940 praesagiunt
1915 1852 2165 1920 adven-

214 1947 356 2006 tum
400 1940 754 2020 exitialem,
797 1941 872 2006 in
905 1961 1034 2025 quo
1067 1949 1433 2007 extremam
1466 1961 1655 2007 suam
1697 1961 1730 2006 s
1917 1938 2168 2006 habent

213 2025 584 2109 repositam.
673 2023 812 2091 Sed
866 2026 1192 2092 Dominus
1248 2026 1386 2093 solo
1439 2027 1604 2092 flatu
1658 2026 1717 2091 ri
1763 2045 1882 2091 ens
1938 2044 2165 2091 eorum

215 2110 489 2176 consilia
543 2109 904 2194 dissipabit.
986 2109 1295 2193 Quotidie
1352 2110 1580 2178 literas
1634 2111 1880 2194 weipio
1924 2108 2006 2176 de
2059 2131 2166 2177 ec-

215 2195 564 2263 clesiarum
606 2197 1033 2263 incrementis
1065 2206 1136 2262 et
1164 2195 1343 2263 felici
1379 2195 1706 2281 evangelii
1744 2215 2049 2263 successu
2092 2195 2167 2260 in

215 2289 352 2348 toto
374 2280 499 2348 hoc
519 2301 744 2366 regno.
802 2282 896 2348 Et
914 2280 1086 2364 quod
1106 2282 1471 2347 maximum
1494 2292 1614 2360 est,
1637 2300 1880 2366 magna
1901 2290 2004 2347 est
2026 2300 2165 2346 om-

213 2368 404 2432 nium
425 2366 846 2434 ecclesiarum
870 2378 937 2432 et
958 2364 1296 2434 doctrinae
1329 2373 1401 2432 et
1420 2366 1802 2451 disciplinae
1823 2373 1893 2432 et
1914 2365 2165 2432 animo-

215 2473 368 2518 rum
404 2451 745 2518 consensio
778 2461 847 2517 et
877 2451 1273 2521 coniunctio.
1343 2450 1563 2518 Nullis
1596 2452 1792 2519 sectis
1812 2451 2167 2518 distractae

215 2545 407 2616 sunt,
467 2535 596 2603 Dei
650 2537 983 2603 beneficio.
1062 2535 1368 2622 Undique
1409 2537 1696 2603 ministri
1739 2543 2161 2621 quaeruntur,

216 2621 1195 2773 guorussnmagnaullaboramus
1239 2622 1535 2723 penuria:
1604 2621 1789 2723 ’Nam
1829 2622 2168 2772 funestatam

214 2728 490 2860 ..3221st
529 2716 981 2876 ἓῗῶφὲἳ.
1021 2728 1316 2792 ¹⁰⁸¹⁸¹²⁰⁸
1380 2707 1625 2774 ΟΜΝ
1689 2727 1916 2775 ⁶⁰²*oe
1977 2726 2065 2772 ¹¹⁰
2109 2726 2167 2773 ¹⁸

610 2877 727 2943 uid
780 2886 848 2944 te
901 2888 1036 2943 tam
1078 2877 1310 2943 multis
1362 2876 1625 2963 longius
1667 2875 1970 2943 detineo?
2041 2877 2165 2943 Et-

679 2963 819 3029 rius
858 2961 1100 3029 mihia
1142 2961 1233 3029 ud
1275 2970 1344 3028 te
1386 2963 2164 3047 essepoteritvicepro-

215 3049 580 3117 hxissimae
634 3047 965 3133 epistolae.
1126 3047 1272 3115 ovit
1323 3048 1501 3114 enim
1562 3048 1807 3149 optime
1870 3047 2018 3133 quis
2079 3047 2169 3114 sit

214 3155 350 3202 non
396 3133 610 3202 solum
643 3133 841 3201 huius
881 3134 1194 3202 ecclesiae
1234 3133 1351 3200 sed
1394 3141 1463 3199 et
1503 3140 1706 3201 totius
1733 3134 1937 3235 buius
1978 3154 2167 3284 roffi

214 3229 698 3405 Salutantetteq
703 3228 1528 3405 ffiegggeffcollegaelueot
1541 3390 1557 3405 ·
1577 3228 2165 3404 symmmypstguom·

214 3411 554 3543 ms.
593 3389 1439 3576 suffixus.
1463 3399 1595 3541 ‘22¹3
1620 3388 2167 3559 mas&

213 3571 787 3714 3355?ssssae
828 3558 1580 3730 semma.
1598 3559 2167 3713 “statutt

211 3732 537 3820 Lngduni
587 3737 681 3799 10.
727 3731 892 3799 Maii
938 3734 1120 3797 1564.

743 3866 871 3933 'I'ui
906 3866 1316 3932 amantissim'
1227 3866 1241 3881 ⁶
1319 3886 1400 3931 us
1444 3886 1520 3933 ac
1563 3865 1680 3931 tibi
1725 3865 2084 3933 deditisslm'
1998 3866 2012 3880 “
2089 3886 2167 3932 us

1157 3951 1399 4018 Petrus
1441 3951 1733 4017 Viretus.

302 2876 527 2977 ‘Sed

215 2974 509 3064 qnlmta

2015 388 2180 453 1664
2223 385 2417 454 MAI.

4077 385 4204 451 306

3129 575 3322 647 41⁰7.

2716 743 3384 814 BULLINGERUS
3425 745 3750 814 ΒΕΖΔΕ.

2416 913 2690 1015 ,cami
2738 917 2990 984 mrbus
3050 916 3411 999 moratus
3465 918 3744 984 nmmo
3792 934 3936 982 eum
3996 915 4207 986 doloro

2575 1170 2688 1240 (Ex
2723 1171 3061 1242 autographo
3095 1170 3229 1228 ood.
3261 1170 3469 1228 Gener.
3507 1169 3622 1238 mo,
3658 1170 3750 1226 fol.
3783 1169 3897 1239 22.)

2260 1341 2642 1411 Clarissimo
2684 1342 2827 1410 viro
2869 1342 2955 1407 D.
2999 1339 3339 1409 Theodoro
3378 1341 3590 1411 Besae
3632 1341 4043 1410 Genevensis
4097 1360 4204 1408 ec·

2260 1427 2497 1496 olesiae
2537 1426 2841 1495 ministro
2881 1425 3080 1508 fideli,
3064 1426 3398 1580 mo)
3399 1446 3567 1579 ‘meo
3600 1426 3873 1495 colendo
3911 1435 3979 1494 et
4016 1426 4207 1494 fian-i

2435 1682 2510 1751 S.
2546 1680 2636 1749 D.
2705 1681 3027 1765 Quamvis
3070 1682 3298 1749 literae
3339 1691 3524 1762 tuae,
3565 1683 3771 1749 frater
3810 1682 3881 1749 in
3923 1681 4209 1749 Domino

2264 1769 2620 1848 carissime,
2664 1788 2924 1853 semper
2964 1788 3073 1835 me
3114 1768 3599 1847 exhilararunt,
3656 1767 3942 1835 subitum
3984 1774 4210 1834 tamen

2266 1853 2560 1921 dolorem
2651 1860 2978 1920 renovant
3066 1864 3339 1939 propter
3420 1851 3507 1920 D.
3580 1851 3829 1921 Calvino·
3910 1851 4212 1919 morbum

2267 1938 2683 2024 desperatum
2727 1958 2924 2024 quem
2977 1937 3274 2023 deploras
3327 1939 3592 2006 merito:
3649 1959 3854 2024 quum
3904 1938 4214 2006 universa

2267 2024 2522 2093 Christi
2563 2022 2840 2093 ecclesia
2894 2023 2966 2089 in
3020 2023 3147 2092 hoc
3200 2045 3332 2092 nno
3385 2024 3651 2092 homine
3690 2030 3951 2090 mortuo
4001 2023 4214 2090 iactu-

2267 2131 2414 2178 ram
2479 2109 2676 2177 faciat
2727 2129 3067 2194 nunquam
3121 2109 3553 2196 reparabilem
3568 2161 3588 2192 ,
3652 2116 3877 2177 nostro
3927 2108 4217 2175 maxime

2270 2194 2535 2263 saeculo
2576 2195 3158 2281 perturbatissimo.
3227 2193 3570 2263 Orandum
3612 2193 3803 2262 video
3845 2191 4036 2262 nobis
4074 2193 4217 2260 Do-

2268 2281 2529 2347 minum
2572 2288 2650 2347 ut
2688 2280 2749 2347 is
2791 2280 3038 2346 virtute
3078 2301 3203 2347 sua
3243 2300 3364 2348 nos
3405 2286 3745 2349 sustentet.
3812 2282 3915 2346 Ac
3946 2278 4217 2345 minime

2267 2364 2703 2432 dubitandum
2745 2372 2848 2432 est
2888 2366 3249 2432 affuturum
3303 2365 3486 2433 hunc
3540 2364 3660 2432 tibi
3703 2363 3963 2450 quando
4002 2363 4216 2430 mani-

2268 2451 2438 2519 festa
2479 2458 2748 2519 exstant
2788 2451 2979 2536 sigua
3017 2450 3338 2535 plurima,
3390 2450 3579 2517 illum
3621 2451 3888 2517 omnino
3930 2447 4099 2517 velle
4140 2455 4220 2516 ut

2268 2537 2332 2604 ei
2373 2544 2448 2603 tu
2491 2558 2525 2604 s
2801 2586 2817 2602 .

2439 2620 2519 2688 Si
2561 2621 2735 2688 vivit
2773 2618 2990 2687 adhuc
3030 2618 3117 2686 D.
3167 2618 3470 2688 Calvinum
3510 2629 3585 2687 tu
3626 2621 3729 2687 illi
3768 2641 3853 2687 ex
3895 2637 4035 2700 me,
4076 2619 4215 2684 imo

2268 2726 2310 2772 a
2340 2706 2652 2786 Domino,
2695 2726 2891 2773 omne
2931 2705 3176 2773 bonum
3217 2705 3606 2790 precaberis.
3677 2705 3816 2774 Oro
3848 2704 4214 2771 Dominum

2269 2791 2499 2858 Iesum
2541 2799 2620 2857 ut
2661 2793 2718 2858 si
2760 2791 2949 2857 illum
2990 2790 3157 2857 nolit
3206 2811 3314 2857 am
3360 2791 3490 2859 lius
3528 2793 3759 2860 vivere
3799 2790 3938 2872 hic,
3992 2789 4064 2856 in
4108 2809 4220 2856 ae-

2270 2885 2469 2944 terna
2510 2877 2649 2945 vita
2686 2897 2845 2943 mox
2899 2883 3204 2943 mutuum
3247 2877 3314 2944 vi
3360 2897 3586 2945 eamus
3639 2885 3709 2944 et
3761 2877 3833 2943 in
3886 2881 4218 2943 servatore

2272 2970 2503 3030 nostro
2536 2969 2606 3029 et
2637 2982 2788 3030 cum
2823 2960 3128 3030 omnibus
3161 2963 3405 3029 sanctis
3436 2962 3859 3032 exsultemus.
3894 2998 3980 3012 —
4014 2994 4100 3010 —
4130 2997 4221 3012 -—

2439 3134 2672 3220 'rigari
2722 3136 2818 3200 12.
2861 3132 3026 3201 Maii
3078 3136 3259 3199 1564.

3394 3269 3822 3357 Bullingerus
3863 3278 4035 3338 tuus.

3048 3563 3449 3571 --—-——-——

3143 3827 3343 3901 41⁰8.

2793 3981 3033 4050 BEzA
3070 3980 3703 4052 BULLINGERO.

3048 4240 3062 4254 .
3174 4154 3351 4253 ‚ew
3404 4152 3674 4220 mum
3712 4154 3949 4233 mim,
4010 4157 4217 4256 ...ff

2262 4325 2603 4408 sm...
2642 4323 2904 4392 aa...
2941 4238 3943 4392 ..mmmm
3747 4239 4217 4395 ...mm-Q

2562 4495 2677 4562 (Ex
2713 4495 3053 4566 autogr-pho
3085 4494 3217 4551 cod.
3251 4494 3455 4551 ρων.
3496 4491 3613 4564 us,
3644 4493 3735 4551 τοι
3774 4493 3920 4564 151.)

2031 4660 2167 4772 3„ss
2266 4667 2534 4769 Eximio
2555 4665 2811 4735 Christi
2844 4685 3037 4732 servo
3056 4662 3144 4731 D.
3166 4663 3459 4733 Henrioo
3482 4663 3873 4748 Bullingero
3906 4665 4219 4734 ecclesiae

2267 4752 2626 4838 Tigurinae
2679 4771 2837 4819 vere
2891 4749 3026 4816 fido
3079 4750 3327 4835 pastori
3382 4749 3651 4817 domino
3703 4761 3771 4815 et
3821 4752 3995 4834 patri
4049 4751 4217 4818 mihi

2829 4835 3185 4921 plurimum
3227 4833 3651 4903 observando.

2441 5008 2542 5075 Mi
2582 5016 2803 5093 pater,
2845 5027 3006 5094 rogo
3046 5014 3125 5073 ut
3163 5006 3472 5074 brevitati
3515 5006 3834 5091 ignoscas.
3901 5004 4219 5074 Valemus

2271 5094 2430 5160 satis
2486 5108 2662 5162 recte
2716 5114 2945 5161 omnes
3007 5100 3077 5160 et
3139 5092 3416 5159 feliciter
3476 5094 3727 5168 omnia,
3793 5092 4221 5176 quantumvis

2273 5178 2496 5247 hostes
2537 5179 2878 5247 minentur
2930 5180 3153 5247 omnia
3190 5178 3407 5263 magis
3463 5197 3542 5244 ac
3580 5177 3824 5262 magis,
3884 5185 3953 5244 et
4007 5198 4221 5264 paene

2271 5265 2463 5333 vivos
2500 5285 2622 5333 nos
2645 5264 3029 5351 deglutiant.
3088 5263 3225 5333 Sed
3258 5271 3485 5331 manet
3503 5272 3816 5348 perpetua
3847 5261 3965 5330 illa
3996 5272 4225 5332 nostra
