4900 6125
336 392 418 457 135
2088 387 2244 455 1561
2295 381 2626 461 Oo'ron.
4272 399 4367 461 se

503 576 879 661 Antequam
902 577 1065 644 mihi
1100 575 1356 644 reddita
1377 580 1551 643 esset
1584 573 1827 642 scheda
1854 572 2291 658 christophoro·

330 661 464 726 iam
506 659 591 726 ad
633 662 762 729 iter
795 665 1125 731 accinctus
1160 671 1303 730 erat
1345 662 1798 728 Thomassim
1829 665 1880 740 ¹)
1915 662 2026 744 qui
2062 663 2288 745 paucis

331 753 484 831 post
547 747 775 816 diebus
826 750 1097 833 appulit.
1191 750 1369 815 Eum
1430 748 1528 813 ita
1582 748 1933 814 remittunt
1976 748 2288 815 Matisco-

329 852 573 899 nenses
607 840 684 899 ut
716 836 985 919 cupiant
1020 856 1098 902 eo
1143 835 1215 900 in
1257 833 1538 901 solidum
1575 833 1791 918 potiri.
1812 836 1869 916 ²)
1939 832 2019 899 Id
2063 834 2120 899 si
2164 834 2288 899 im·

416 919 579 984 trari
640 929 927 1004 nequeat
988 929 1055 987 te
1121 924 1337 1005 ipsum
1417 918 1540 986 sibi
1604 918 1873 986 concedi
1929 919 2285 1004 postulant.

328 937 511 1084 &uia
548 1027 703 1072 vero
736 1007 1032 1092 persuasi
1068 1011 1226 1074 sunt
1259 1007 1547 1072 multum
1581 1006 1899 1071 momenti
1943 1006 2013 1070 in
2057 1015 2290 1072 nostra

322 1089 804 1176 suffragatione
846 1090 1025 1178 apud
1069 1113 1188 1159 vos
1240 1094 1399 1170 fore,
1459 1100 1784 1177 rogarunt
1827 1111 1947 1157 nos
1992 1111 2288 1158 commu-

326 1174 525 1242 nibus
568 1177 776 1246 literis
820 1189 890 1244 et
931 1199 1038 1245 me
1081 1179 1411 1262 privatim,
1473 1185 1550 1243 ut
1600 1179 1739 1244 suis
1790 1177 2091 1260 precibus
2137 1197 2288 1242 nos-

323 1269 470 1325 tras
512 1283 771 1348 quoque
812 1262 1341 1348 adiungeremus.
1427 1262 1682 1346 Optant
1725 1262 1991 1346 quidem
2048 1263 2288 1340 fratres

324 1345 462 1411 inis
505 1368 649 1415 esse
693 1349 1062 1416 consultum
1123 1348 1239 1417 sed
1283 1371 1415 1416 non
1460 1348 1706 1415 audent
1740 1370 1812 1415 se
1869 1349 2287 1433 interponere

318 1433 399 1499 in
443 1454 517 1498 re
560 1433 776 1502 dubia.
856 1435 971 1501 Me
1014 1456 1271 1519 quoque
1328 1441 1510 1500 tenet
1574 1434 1806 1519 religio
1851 1432 2096 1519 aliquid
2141 1443 2286 1500 ten·

322 1523 473 1585 tare
515 1518 685 1604 quod
731 1521 878 1587 aliis
919 1521 1212 1588 ecclesiis
1255 1519 1673 1605 dispendium
1715 1521 1967 1586 afferat.
2053 1520 2286 1604 Itaque

320 1603 411 1669 de
457 1603 692 1673 Sor-ello
723 1609 777 1686 ⁸)
813 1614 880 1673 et
936 1606 1206 1690 reliquis
1248 1607 1491 1691 negavi
1536 1626 1643 1671 me
1686 1605 1891 1672 verba
1935 1606 2282 1673 facturum.

319 1689 420 1756 Et
474 1691 793 1760 hactenus
852 1690 936 1758 ab
992 1692 1097 1759 his
1140 1693 1437 1776 partibus
1481 1692 1786 1757 abstinui.
1862 1683 2035 1757 Nam
2081 1712 2283 1775 quum

316 1774 569 1843 durum
611 1779 699 1844 sit
740 1778 1022 1861 spoliare
1069 1777 1404 1857 ecclesias,
1463 1777 1633 1842 mibi
1688 1784 1935 1844 temere
1992 1778 2285 1845 facturus

316 1860 568 1964 yideor,
624 1864 682 1931 si
730 1885 951 1930 rerum
999 1862 1691 1965 vestrarum-ignarus
1738 1863 1848 1929 vel
1892 1861 2132 1929 dubius
2178 1883 2283 1929 me

314 1969 675 2101 &3323
717 1949 2281 2120 {1³2⁶..21‚Yissffiffizgssz‘lssffq'ssxh'zffimsssa¹353-

316 2120 528 2187 cebat.
551 2121 608 2207 ⁴)
677 2119 998 2204 Quemvis
1042 2122 1219 2187 enim
1263 2122 1482 2188 locum
1517 2122 1732 2204 potius
1773 2120 2121 2187 visendum
2160 2120 2282 2185 tibi

314 2224 572 2272 censeo.
649 2206 841 2274 Nunc
876 2206 1131 2273 videbis
1167 2206 1323 2292 quid
1357 2207 1667 2274 ecclesiae
1704 2213 1961 2273 vestrae
1996 2205 2282 2272 conditio

316 2291 507 2357 ferat.
578 2292 851 2359 Utinam
888 2294 1406 2361 Matisconenses
1440 2301 1753 2375 concepta
1788 2291 1869 2358 de
1905 2290 2094 2357 vobis
2129 2311 2281 2375 spes

316 2397 454 2443 non
499 2376 879 2446 frustretur.
965 2379 1155 2444 Nihil
1201 2389 1424 2445 tamen
1481 2376 1904 2444 scribendum
1949 2377 2280 2458 duximus,

311 2460 527 2529 donec
571 2464 724 2529 facti
769 2485 1062 2531 essemus
1107 2463 1188 2530 de
1229 2473 1406 2530 statu
1451 2473 1668 2529 vestro
1712 2464 2042 2530 certiores.

494 2547 791 2615 Tandem
851 2550 1158 2634 princeps
1202 2558 1422 2615 vester
1465 2568 1584 2615 vos
1639 2549 1908 2615 inviset:
1941 2553 1994 2627 5)
2050 2548 2165 2633 qui
2208 2548 2278 2614 in

313 2633 498 2700 viam
556 2654 626 2701 se
687 2633 964 2702 daturus
1027 2644 1170 2702 erat
1248 2657 1400 2702 cum
1471 2642 1684 2700 matre
1749 2635 2011 2702 circiter
2075 2636 2277 2700 finem

312 2717 519 2785 buius
552 2720 818 2787 mensis.
892 2722 1194 2788 Antehac
1230 2721 1385 2786 misi
1418 2719 1537 2785 tibi
1575 2719 1740 2785 duos
1782 2719 2057 2799 libellos,
2103 2741 2278 2786 nunc

310 2806 588 2871 tertium
616 2807 672 2882 ο)
716 2807 1013 2891 accipies.
1089 2807 1274 2885 Vale,
1318 2806 1561 2872 eximie
1596 2805 1702 2871 vir
1744 2815 1812 2872 et
1852 2805 2278 2890 integerrime

312 2891 552 2969 frater,
612 2912 761 2957 cum
820 2893 955 2960 tuis
1009 2890 1313 2958 omnibus
1368 2892 1656 2975 collegis,
1716 2891 1955 2975 quibus
1997 2891 2276 2957 multam

310 2976 598 3042 salutem
632 2998 756 3063 ego
791 2987 857 3044 et
891 2978 1180 3064 collegae
1214 2979 1343 3045 mei
1384 2997 1616 3043 omnes
1649 2997 2016 3059 precamur.
2090 2975 2278 3042 Deus

312 3082 431 3129 vos
472 3085 703 3131 omnes
745 3066 983 3148 spiritu
1025 3086 1144 3131 suo
1187 3065 1529 3149 gubernet,
1587 3072 1854 3130 tueatur
1898 3063 2277 3147 laboresque

310 3156 572 3216 vestros
603 3150 963 3217 benedicat.
1035 3151 1456 3217 Praefectum
1491 3169 1747 3233 quoque
1790 3158 1859 3216 et
1892 3148 2275 3216 decuriones

310 3243 701 3385 Reverenger
763 3256 908 3301 meo
973 3234 1237 3301 nomine
1302 3235 1536 3302 saluta.
1627 3235 1941 3302 Genevae
2005 3238 2065 3300 4.
2133 3232 2273 3301 Gal.

379 3340 573 3386 ovem
620 3370 635 3386 .
691 3326 870 3386 1561.

1178 3457 1518 3524 Iohannes
1563 3456 1886 3525 Calvinus
1927 3464 2100 3523 tuus.

1189 3968 1392 4039 3592.

452 4122 1041 4207 HOUBRAQUE
1086 4125 1206 4190 ET
1249 4125 1433 4191 ZAN
1438 4125 1604 4193 0111
1648 4128 1714 4192 A
1758 4124 2124 4193 OALVIN.

481 4294 593 4359 112
634 4295 734 4361 lui
775 4295 1052 4362 envoient
1092 4316 1215 4361 une
1255 4317 1488 4363 somme
1522 4298 1804 4382 d’aryent
1844 4296 2155 4363 recuefflie
2193 4317 2271 4364 en

308 4380 621 4447 Lorraine
652 4400 824 4462 pour
865 4378 957 4447 les
1006 4381 1290 4448 Vaudois
1329 4383 1407 4449 de
1444 4381 1751 4449 Piamom.
1781 4387 1833 4462 ¹)

305 4622 482 4678 8³01„
508 4619 576 4754 12))
607 4619 697 4743 322
727 4619 997 4743 &alvide
1029 4619 1094 4674 N.
1130 4618 1285 4675 2469.
1318 4619 1474 4677 2677.

515 4759 549 4813 3
704 4759 728 4811 ι’
761 4762 875 4813 tum
912 4757 1071 4835 apud
1109 4757 1392 4813 Τήσαεεεε
1423 4764 1547 4815 erat
1575 4758 1681 4841 (N.
1716 4757 1899 4824 w).

512 4827 550 4880 4
791 4842 830 4903 ᾳ
863 4841 926 4881 eo
954 4841 1082 4907 ppeo
1112 4833 1349 4896 temporo
1377 4829 1766 4897 profectuosum
1794 4829 2051 4897 parabat,
2071 4827 2140 4882 de
2155 4842 2269 4899 qua

307 4910 431 4967 ervo
486 4893 778 4955 colvenum
829 4900 1111 4950 certamem
1159 4896 1345 4962 [acere
1395 4913 1432 4951 n
1500 4898 1722 4952 leserat.
1797 4897 1880 4952 Et
1922 4913 2090 4968 quun·
2135 4898 2270 4954 haec

302 4966 539 5090 w
587 4964 918 5020 Neocomum
957 4966 1212 5034 pervenit
1256 4966 1372 5020 ian
1415 4911 1649 5024 ‹fg-‘ema
1722 4966 1807 5033 Of.
1841 4965 1963 5022 ciue
2004 4982 2089 5036 ep.
2124 4966 2179 5023 d.
2214 4966 2270 5023 d.

408 5075 422 5089 .
524 5049 611 5088 ov.

510 5102 576 5166 5)
681 5100 811 5184 ·.N·
833 5099 993 5156 3580.
1064 5101 1269 5171 Adfuit
1300 5118 1423 5158 cun
1455 5109 1630 5161 matre
1662 5120 1829 5175 quum
1858 5103 2119 5161 Feratus
2153 5105 2267 5160 iam

508 5239 575 5310 s)
602 5169 1239 5295 ‘ooss'ssfflffiaif-‘fflme

305 5306 571 5374 ml)
610 5306 796 5378 Oonp.
835 5307 913 5365 N.
948 5306 1103 5363 3309.
1137 5306 1290 5363 3394.
1325 5307 1480 5364 3473.

2392 577 2772 651 (Autograpbe
2806 578 3204 704 (ΙἪοιιὶηᾏιιοιῖἷι
3229 594 3378 715 am
3394 578 3530 703 1ἳοἷί
3581 583 3764 718 Βῗέἳιο
3797 579 3868 637 de
3898 580 4102 637 zanobi
4137 582 4250 639 ΜΒ.
4287 583 4361 640 do

3001 822 3067 887 A
3108 820 3452 887 Monsieur
3494 818 3754 887 Oalvin.

2565 991 2925 1069 Monsieur,
2971 1012 3138 1057 nous
3175 1011 3340 1059 vous
3373 991 3599 1077 prions
3644 990 3726 1057 de
3760 992 4051 1060 recevoir
4092 1014 4214 1076 par
4258 993 4360 1062 les

2392 1076 2609 1143 mains
2668 1076 2750 1143 de
2785 1077 3130 1142 Monsieur
3182 1077 3232 1144 J
3233 1098 3432 1160 aques
3479 1076 3933 1162 Campamoza
3991 1079 4231 1145 Italien
4285 1079 4356 1147 la

2392 1183 2643 1229 somme
2686 1162 2769 1228 de
2812 1169 3112 1246 septante
3162 1162 3365 1229 talers
3408 1161 3610 1228 douze
3652 1163 3894 1231 baches
3937 1172 4004 1230 et
4046 1186 4138 1230 un
4182 1166 4356 1234 fenic

2391 1248 2674 1333 laquelle
2717 1269 2960 1314 monsr.
3000 1246 3295 1314 Zanchus
3351 1249 3528 1315 avoit
3586 1270 3773 1316 receu
3837 1249 3951 1317 des
4004 1249 4214 1317 freres
4270 1251 4356 1317 de

2391 1334 2717 1401 Lorraine
2743 1337 2802 1414 2)
2846 1354 3016 1418 pour
3074 1335 3169 1400 les
3212 1334 3451 1420 eglises
3496 1334 3576 1400 de
3631 1335 3696 1400 la
3739 1335 3924 1403 valee
3969 1336 4355 1421 dangronne

2391 1429 2460 1486 et
2503 1427 2726 1486 autres
2761 1420 3065 1498 voisines,
3102 1441 3268 1488 vous
3304 1420 3529 1504 priant
3560 1419 3707 1486 leur
3737 1421 3902 1488 faire
3937 1423 4128 1489 tenir.
4195 1422 4357 1489 Fait

2392 1526 2432 1571 a
2475 1506 2860 1592 strasbourg
2901 1505 2965 1572 le
3009 1509 3110 1572 29.
3156 1503 3468 1573 doctobre
3517 1509 3701 1572 1561.

3355 1637 3370 1648 ’
3420 1641 3802 1709 Guillaume
3835 1641 4261 1729 Houbraque.

3423 1727 3611 1794 Hier.
3650 1728 3959 1795 Zanchus
4002 1728 4073 1796 S.

3270 2271 3463 2343 3598.

2841 2427 3411 2496 BLAURERUS
3458 2426 3889 2496 OALVINO.

2559 2599 2767 2666 Mittit
2810 2599 3064 2666 Bromii
3107 2597 3404 2666 libellum.
3488 2596 3750 2666 Caetem
3778 2617 3904 2681 pro
3950 2619 4118 2665 more
4160 2599 4352 2682 quasi

2385 2687 3084 2840 {mmmmm
3112 2687 3346 2770 funera
3377 2705 3501 2753 sua
3526 2686 3819 2768 proxime
3853 2686 4157 2751 instantia
4189 2685 4353 2752 votis

2384 2943 2502 3010 (Ex
2556 2942 2899 3014 autographo
2953 2942 3083 2998 cod.
3120 2939 3498 3080 Genggiaffiss
3532 2940 3626 2997 fol.
3661 2939 3782 2995 217.
3870 2941 4159 3012 Inscriptio
4203 2941 4348 2996 desi·

2555 3183 2628 3251 S.
2675 3185 2780 3250 De
2825 3182 3022 3249 rebus
3066 3183 3309 3249 nostris
3352 3190 3422 3248 et
3463 3182 3827 3249 Helveticis
3879 3180 4188 3247 omnibus
4229 3182 4346 3249 ab·

2383 3269 2564 3336 unde
2622 3269 2741 3335 tibi
2800 3279 3082 3353 exponet
3142 3269 3420 3334 Linms
3474 3267 3582 3333 hic
3635 3281 3876 3347 noster,
3955 3287 4151 3351 quam
4209 3267 4347 3333 sint

2381 3377 2499 3422 eae
2559 3355 2927 3440 periculoso
2970 3352 3164 3421 valde
3203 3354 3364 3433 loco,
3432 3352 3692 3437 quando
3752 3350 3834 3419 ad
3878 3352 4345 3419 continendam

2378 3440 2553 3508 hanc
2642 3450 2910 3526 gentem
3009 3440 3316 3506 nonnulli
3401 3438 3513 3523 qui
3599 3439 3669 3504 in
3750 3439 4112 3505 visceribus
4200 3438 4346 3503 eius

2380 3528 2685 3593 habitant
2741 3526 2891 3610 plus
2934 3547 3131 3610 quam
3177 3525 3412 3592 insano
3466 3525 3717 3609 impetu
3767 3526 4135 3608 rapiuntur,
4182 3543 4346 3607 quos

2380 3612 2512 3679 nisi
2550 3611 2884 3678 Dominus
2920 3612 3171 3696 potenti
3213 3632 3335 3677 sua
3368 3631 3571 3677 manu
3607 3630 3804 3693 quam
3840 3611 4128 3694 primum
4162 3629 4345 3675 coer-

2381 3706 2530 3764 ceat
2584 3698 2847 3764 exitiosi
2902 3706 3120 3763 motus
3161 3715 3317 3762 mox
3360 3697 3751 3763 coorientur.
3838 3696 3965 3761 Est
4018 3694 4225 3779 igitur
4265 3704 4344 3760 ut

2380 3784 2783 3867 supplicibus
2848 3783 3020 3850 votis
3088 3782 3389 3849 coelestis
3455 3782 3664 3865 patris
3729 3780 4343 3865 praesentissimum

2380 3890 2630 3935 numen
2675 3876 2926 3953 quanta
2968 3876 3156 3953 potes
3191 3868 3483 3933 maxima
3517 3866 3932 3933 contentione
3966 3886 4116 3932 cum
4153 3873 4345 3932 tanta

2378 3965 2603 4021 vestra
2669 3955 2943 4021 ecclesia
3007 3952 3421 4038 interpelles,
3499 3962 3581 4018 nt
3642 3952 3835 4019 solito
3910 3950 4344 4036 benignitatis

2376 4062 2536 4126 erga
2581 4062 2701 4106 nos
2745 4062 2903 4106 suae
2944 4039 3191 4106 auxilio
3236 4038 3422 4105 nobis
3456 4037 3649 4117 adsit,
3692 4046 3773 4104 ut
3804 4058 3891 4103 ne
3925 4038 4342 4104 commeritas

2375 4127 2508 4191 iam
2554 4124 2804 4192 dudum
2851 4123 3348 4211 ingratitudinis
3411 4132 3675 4191 nostrae
3731 4143 3978 4207 poenas
4021 4122 4103 4190 de
4146 4123 4343 4189 nobis

2374 4213 2509 4277 iam
2555 4232 2840 4292 sumere,
2886 4210 3002 4278 sed
3037 4211 3266 4296 magni
3309 4210 3599 4276 nominis
3633 4210 3735 4276 sui
3772 4217 3839 4274 et
3880 4208 4170 4276 bostium
4213 4209 4342 4275 im-

2374 4299 2525 4380 piae
2579 4297 3017 4364 confidentiae
3076 4296 3408 4362 rationem
3451 4294 3695 4362 habere
3754 4296 3963 4362 nostri
4027 4295 4341 4361 misertus

2374 4383 2553 4450 velit.
2640 4382 2799 4450 Scio
2836 4383 3321 4450 efficacissimas
3364 4401 3510 4447 esse
3548 4401 3771 4447 coram
3809 4380 4019 4446 oculis
4061 4380 4337 4445 Domini

2372 4477 2632 4535 vestras
2695 4469 3124 4553 precationes,
3191 4467 3487 4534 sincerae
3550 4465 3703 4534 fidei
3771 4475 4031 4534 vestrae
4088 4465 4336 4532 virtute

2371 4555 2585 4621 coelos
2629 4561 3070 4638 penetrantes.
3160 4553 3299 4620 Nos
3357 4552 3614 4619 Galliae
3672 4563 3935 4620 nostrae
3977 4557 4222 4618 statum
4268 4558 4338 4616 et

2371 4641 2696 4707 sermonis
2742 4639 2874 4706 Dei
2917 4654 3203 4717 cursum,
3269 4649 3345 4704 ut
3396 4639 3761 4705 inoffensus
3804 4648 3872 4704 et
3911 4636 4334 4705 felicissimus

2371 4728 2475 4807 sit,
2521 4726 2782 4810 magnis
2820 4725 3108 4792 vicissim
3142 4735 3210 4792 et
3247 4724 3585 4809 perpetuis
3630 4726 3799 4792 votis
3839 4722 4106 4789 Christo
4151 4742 4334 4789 com-

2369 4810 2781 4891 mendamus,
2829 4820 2903 4878 ut
2944 4811 3060 4896 qui
3105 4808 3411 4876 dominus
3446 4810 3679 4877 messis
3713 4808 3911 4875 huius
3946 4813 4047 4872 est
4081 4807 4331 4876 multae

2370 4899 2618 4964 multos
2662 4898 2860 4964 etiam
2907 4918 2982 4965 ac
3028 4895 3254 4963 fideles
3299 4896 3634 4981 operarios
3677 4896 3747 4960 in
3792 4894 3963 4959 hanc
3996 4891 4235 4959 mittat.

2542 4982 2802 5049 Brentis’
2868 4982 3184 5062 libellum,
3217 4981 3277 5067 ¹)
3357 4983 3468 5067 qui
3535 4978 3947 5064 germanicus
4015 4979 4330 5061 primum,

2369 5142 2630 5149 -—————-4
2681 5143 2778 5150 m—

2574 5238 2636 5307 2)
2668 5242 2937 5310 names
2966 5236 3271 5309 persecutia
3302 5234 3636 5294 eux-mines.

2370 5308 2554 5364 8508.
2578 5309 2638 5377 1)
2679 5309 2755 5365 N.
2789 5308 2945 5365 8371.
2978 5307 3133 5363 3401.
3167 5306 3324 5362 3486.
3837 5379 3918 5439 6·
