4900 6125
581 378 708 440 487

760 562 1142 631 Clarissimo
1208 563 1357 631 viro
1391 564 1478 630 D.
1522 561 1766 629 Ioanni
1807 561 2094 630 Calvino
2137 560 2551 629 Gencvensis

579 647 900 718 ecclesiae
939 649 1245 717 ministro
1287 649 1554 716 domino
1618 657 1687 716 et
1741 649 1934 715 fratri
1993 668 2113 715 suo
2167 645 2442 713 colendo
2486 654 2555 712 et

585 734 1031 802 dilectissimo.
2155 817 2377 885 Genff·

757 989 833 1059 S.
877 990 964 1057 D.
1056 992 1321 1060 Literas
1364 1002 1534 1070 tuas,
1597 988 1976 1057 honorande
2021 999 2091 1057 et
2133 989 2555 1057 dilectissime

577 1078 807 1157 frater,
841 1082 902 1144 6.
926 1078 1084 1144 Iulii
1107 1076 1295 1145 datas
1319 1077 1372 1165 ¹)
1407 1084 1666 1143 mature
1700 1078 1937 1160 accepi,
1975 1095 2051 1141 ac
2084 1074 2336 1142 indolui
2371 1084 2557 1141 tanto

583 1171 718 1230 tem
810 1184 881 1229 re
939 1165 1008 1229 in
1061 1185 1314 1231 vanum
1373 1164 1743 1230 exsultasse
1810 1163 1971 1247 pios,
2040 1182 2245 1246 quum
2303 1181 2425 1245 per
2487 1169 2556 1227 te

580 1248 744 1401 22..
775 1249 890 1400 <32⁰
901 1269 1558 1403 {3350ssAEssssss
1583 1269 1704 1411 ¹25⁰
1712 1247 2559 1400 ssssssfflfflissoffl?

585 1419 789 1487 tionis
824 1419 1074 1505 aliquid
1111 1421 1329 1505 accepi
1365 1419 1537 1504 quod
1589 1438 1710 1504 pro
1745 1428 1926 1486 certo
1959 1420 2237 1485 nuncias
2274 1440 2312 1484 e
2346 1418 2559 1485 literis

581 1506 1032 1573 Illustrissimi
1097 1507 1429 1591 Principis
1494 1505 1579 1572 ad
1635 1505 2122 1590 Lugdunenses
2198 1505 2481 1589 scriptis,
2498 1505 2558 1588 ⁸)

581 1611 815 1677 pacem
872 1595 1009 1658 iam
1066 1593 1233 1658 forte
1287 1614 1430 1658 esse
1490 1593 1939 1675 compositam.
2026 1591 2302 1658 Utinam
2346 1611 2427 1657 ea
2470 1590 2559 1656 sit

582 1679 697 1762 pia
737 1677 994 1744 stabilis
1040 1685 1111 1745 et
1150 1679 1337 1744 iusta.

761 1762 987 1845 Quum
1043 1773 1264 1830 autem
1324 1764 1449 1830 has
1494 1764 1707 1831 scribo
1748 1768 2348 1828 commonstrantur
2389 1763 2556 1828 mihi

583 1847 821 1914 literae
864 1848 1101 1915 allatae
1145 1870 1228 1915 ex
1273 1850 1505 1917 eastris
1541 1848 2004 1915 Helvetiorum
2048 1850 2164 1932 qui
2207 1847 2331 1914 snb
2355 1847 2556 1914 Froe-

585 1933 778 2001 uenio
829 1933 1144 2016 militant,
1210 1956 1299 2000 ex
1358 1935 1593 2019 quibus
1634 1933 1952 2019 intellige,
2011 1933 2159 1999 dolo
2201 1933 2378 1999 malo
2422 1932 2555 2001 die-

580 2020 860 2088 cessisse
886 2019 1203 2104 Guysium
1242 2029 1312 2086 et
1347 2020 1800 2104 praetendisse
1834 2040 2082 2104 pacem,
2124 2040 2327 2102 quum
2373 2018 2553 2085 aliud

582 2115 860 2172 conatus
915 2108 1004 2171 sit
1059 2107 1356 2174 efficere:
1424 2107 1713 2190 adeoque
1754 2106 2097 2172 Helvetios
2151 2107 2369 2171 vocari
2412 2105 2553 2171 Lu·

577 2191 834 2270 tetiam,
879 2191 1310 2276 mundarique
1343 2202 1420 2258 ut
1452 2193 1784 2258 festinent.
1853 2189 2042 2273 Quae
2077 2191 2135 2258 si
2180 2211 2340 2257 vera
2374 2198 2552 2269 sunt,

577 2285 661 2343 ιιι
702 2289 943 2352 metuo,
990 2278 1353 2343 Dominum
1399 2299 1514 2343 oro
1556 2286 1635 2343 ut
1682 2275 1992 2344 Condensi
2033 2276 2256 2343 oculos
2278 2277 2551 2360 aperiat,

577 2360 936 2446 videatque
981 2364 1151 2429 nihil
1197 2369 1461 2448 penitus
1504 2366 1834 2448 agendum
1880 2383 2023 2429 esse
2065 2383 2219 2430 cum
2262 2363 2553 2429 versutis

579 2447 732 2514 istis
796 2447 1182 2528 latronibus,
1263 2448 1434 2514 nihil
1500 2448 1780 2531 denique
1845 2448 1941 2514 eis
2006 2468 2149 2515 esse
2189 2447 2549 2514 fidendum.

577 2533 856 2600 Utinam
917 2545 1055 2600 tam
1114 2534 1231 2600 diu
1289 2554 1426 2599 non
1480 2534 2007 2618 conduplicasset
2061 2536 2414 2617 impensas,
2483 2543 2551 2599 et

579 2620 1007 2687 cunctatione
1051 2621 1612 2705 opportunitatem
1658 2619 2063 2704 neglexisset
2091 2618 2348 2685 bonam.
2416 2619 2551 2685 Ve-

577 2726 732 2771 rum
775 2704 1112 2772 orabimus
1156 2706 1521 2772 Dominum
1557 2710 1636 2771 ιιι
1675 2706 1734 2772 is
1766 2706 1967 2771 rebus
2002 2724 2208 2788 prope
2246 2705 2554 2789 despera-

575 2791 668 2857 tis
709 2803 1070 2858 succurrat.

753 2878 1001 2960 Accepi
1077 2876 1277 2942 hodie
1341 2875 1569 2942 literas
1635 2896 1721 2941 ex
1788 2875 1993 2943 Curia
2054 2885 2122 2943 et
2184 2876 2549 2943 Clavenna.

576 2961 851 3029 Salutat
892 2972 959 3029 te
996 2960 1083 3029 D.
1109 2961 1433 3028 Hercules
1475 2982 1519 3027 a
1566 2961 1793 3028 Saliae.
1861 2960 2162 3029 Suadent
2204 2969 2272 3026 et
2309 2969 2555 3046 urgent

575 3047 712 3114 viri
771 3046 926 3114 boni
988 3071 1073 3114 ex
1131 3047 1418 3114 Rhaetia
1473 3056 1549 3114 ut
1602 3047 1724 3114 tibi
1781 3046 2133 3133 diligenter
2167 3048 2553 3133 significem,

579 3133 890 3212 dominis,
977 3135 1283 3217 inprimis
1358 3155 1515 3200 vero
1587 3133 2044 3200 Illustrissimo
2106 3134 2407 3217 Principi
2489 3143 2556 3199 et

577 3220 928 3286 Amiraldo
968 3221 1301 3305 significes
1344 3240 1430 3285 ne
1474 3219 1820 3304 negligant
1861 3220 2157 3286 Rhaetos
2210 3218 2329 3285 sed
2373 3218 2554 3303 lega-

577 3314 730 3371 tum
793 3306 1064 3371 mittant
1127 3306 1210 3370 ad
1255 3326 1366 3372 eos
1408 3325 1560 3372 cum
1613 3304 1823 3371 literis
1876 3314 1996 3373 etc.
2060 3306 2341 3372 Paratos
2375 3306 2556 3370 enim

578 3411 727 3457 esse
771 3390 1070 3457 Rhaetos
1111 3392 1376 3456 mittere
1420 3393 1786 3458 exercitum
1830 3390 2250 3458 instructum.
2320 3390 2557 3456 Fabri-

575 3477 712 3543 tius
753 3476 825 3541 in
871 3477 1033 3544 haec
1077 3476 1279 3543 verba
1313 3475 1396 3541 ad
1432 3498 1540 3541 me
1572 3476 1830 3543 scribit:
1918 3478 2208 3553 „Motum
2252 3477 2310 3543 si
2345 3477 2557 3541 nostri

580 3562 834 3647 negligi
890 3584 962 3628 se
1017 3560 1308 3639 videant,
1367 3562 1563 3628 ardor
1619 3581 1749 3645 quo
1797 3565 2049 3629 incensi
2091 3570 2252 3628 sunt
2305 3562 2378 3627 in
2432 3562 2559 3628 hac

579 3667 783 3714 causa
828 3667 947 3732 pro
996 3646 1325 3724 condensi,
1370 3647 1563 3714 abeat
1605 3649 1678 3712 in
1713 3647 2255 3733 indignationem.
2321 3647 2558 3714 Facito

578 3746 659 3799 tu
700 3732 872 3816 quod
914 3733 1036 3799 tibi
1077 3735 1400 3816 optimum
1471 3732 1792 3802 videtur.“
1885 3732 2139 3800 Scribit
2180 3734 2341 3798 item
2387 3733 2558 3798 Her-

580 3819 771 3894 cules,
815 3820 1155 3886 Bononiae
1208 3818 1430 3903 colligi
1488 3820 1768 3884 militem
1827 3840 1868 3887 a
1919 3840 2112 3903 papa,
2136 3819 2194 3903 ⁴)
2255 3820 2367 3904 qui
2404 3819 2558 3883 mit-

580 3905 826 3971 tendus
891 3905 980 3970 sit
1033 3907 1101 3970 in
1165 3905 1612 3971 Provinciam.
1702 3905 1984 3971 Monent
2038 3905 2152 3970 alii
2196 3906 2323 3970 viri
2381 3904 2558 3982 boni,

579 3990 769 4058 brevi
834 4011 875 4056 a
939 4011 1113 4074 papa
1178 3989 1648 4057 conscribenda
1708 3989 2169 4056 Helvetiorum
2233 3995 2408 4056 4000
2473 4011 2559 4055 ex

580 4077 884 4161 papistis,
912 4086 982 4141 et
1004 4077 1434 4142 nominantur
1466 4075 1719 4159 aliquot
1753 4077 1972 4143 duces.
2033 4078 2134 4143 Ac
2170 4088 2421 4142 certum
2460 4086 2562 4142 est

582 4185 669 4229 ex
711 4163 1153 4228 Immcntanis
1198 4162 1451 4247 aliquot
1491 4161 1699 4228 fuisse
1743 4162 2062 4241 tormenti,
2108 4174 2176 4228 et
2216 4163 2353 4228 iam
2381 4161 2559 4227 redi·

574 4401 764 4457 8827.
790 4403 812 4453 1
878 4399 1213 4471 deperditas.

787 4470 823 4523 2
885 4471 961 4525 N.
995 4469 1152 4524 3813.
1189 4468 1344 4524 3819.
1379 4468 1536 4524 3820.
1570 4468 1728 4525 3823.

788 4538 851 4597 3)
892 4538 1026 4593 Non
1059 4544 1278 4593 exuam
1321 4542 1385 4593 in
1422 4540 1587 4593 Μέηι.
1633 4538 1703 4593 ae
1741 4535 1942 4594 Οοοιᾰέ.
2018 4536 2271 4607 Sen‘puoe
2302 4537 2561 4593 videntur

570 4606 937 4678 pudent-bue
969 4608 1431 4677 mutationibus
1461 4611 1525 4662 in
1563 4608 1753 4678 Toury
1784 4608 1869 4662 vel
1901 4608 2248 4677 Beauqeney.

788 4676 848 4743 4)
891 4678 1112 4731 fluebat
1147 4677 1236 4730 Vl.
1283 4675 1418 4730 515:
1505 4677 1584 4730 Le
1637 4692 1780 4746 pape
1833 4680 2044 4730 resolut
2094 4676 2164 4729 de
2217 4676 2367 4729 lever
2416 4674 2561 4729 4000

579 4745 797 4800 Suisses
844 4752 903 4799 et
946 4744 1087 4799 3000
1122 4745 1368 4799 hommes
1411 4745 1481 4798 de
1525 4747 1796 4799 cavalerie
1842 4744 2166 4800 allemands.
2247 4744 2298 4797 11
2343 4759 2560 4814 envoya

577 4815 694 4868 Nic.
731 4813 1007 4868 Gambara
1049 4815 1083 4867 a
1118 4815 1226 4868 Avi
1303 4830 1374 4868 on
1421 4829 1554 4867 avec
1600 4813 1706 4867 500
1750 4814 2040 4867 fantassins
2085 4820 2142 4867 et
2189 4811 2295 4867 100
2327 4812 2559 4866 chevan-

577 4883 772 4953 le‘gers.
845 4882 893 4936 11
927 4883 1112 4936 donna
1145 4883 1213 4936 de
1270 4883 1481 4952 'argent
1513 4899 1582 4935 au
1617 4884 1723 4935 duc
1755 4883 1825 4936 de
1861 4883 2058 4936 Savoie
2093 4898 2234 4951 pour
2267 4882 2558 4935 domeurer

577 4952 688 5004 ami
726 4961 786 5005 et
825 4950 1105 5021 s'opposer
1139 4969 1244 5005 aux
1281 4952 1600 5031 Huguenots
1642 4968 1712 5004 su
1747 4967 1839 5004 cas
1875 4950 2033 5021 qu’ils
2069 4954 2386 5004 voulussent
2417 4952 2555 5004 faire

623 5020 816 5085 uelque
851 5022 1123 5089 irruption
1171 5037 1239 5074 en
1276 5020 1453 5074 Italic.
1521 5020 1572 5073 11
1609 5020 1816 5073 recolat
1860 5020 1930 5073 de
1966 5020 2102 5073 faire
2139 5037 2244 5073 une
2279 5019 2425 5088 ligne
2461 5020 2555 5073 de·

603 5089 792 5141 ensive
827 5106 960 5142 avec
995 5098 1176 5142 tontes
1213 5090 1292 5141 les
1327 5090 1644 5159 puissances
1679 5088 2016 5158 catholiques
2050 5096 2240 5142 contre
2274 5088 2358 5143 les
2393 5089 2553 5142 intri-

656 5172 716 5209 es
750 5156 848 5209 des
881 5166 1196 5226 protestans
1231 5174 1300 5209 en
1336 5157 1548 5227 chaque
1583 5173 1734 5227 pays.
1805 5156 1879 5211 Ni
1915 5156 2257 5227 l’empereur‚
2283 5156 2346 5210 ni
2381 5157 2433 5210 le
2468 5160 2551 5211 roi

623 5240 653 5277 e
685 5222 914 5289 Franco,
951 5227 1009 5278 ni
1045 5227 1097 5278 le
1131 5225 1215 5279 roi
1231 5225 1537 5295 d‘Espagne
1592 5226 1650 5279 ni
1685 5241 1860 5279 aucun
1894 5232 2051 5280 autre
2089 5226 2278 5295 prince
2313 5242 2384 5280 ne
2419 5241 2550 5280 von·

573 5293 668 5347 int
697 5299 887 5347 cutm
918 5293 1056 5347 «ιω
1087 5300 1236 5349 mtto
1267 5294 1428 5364 ligno.
1483 5267 1598 5363 (ds.
1637 5294 1716 5351 Ν.
1748 5292 1889 5349 asso
1923 5298 1975 5350 et
2008 5294 2195 5350 Bau-
2227 5294 2300 5349 ιι.
2333 5293 2482 5362 666.)

2110 369 2642 441 ΕΡΙΒΤΟΙιΔΕ
2687 373 3115 440 3827-3830

4467 376 4575 439 488

2653 559 2787 627 isse
2864 559 3134 628 domum
3197 580 3275 628 ac
3350 562 3615 641 iactare,
3683 558 4119 640 mancia-0,
4182 559 4495 626 Lanarum
4542 583 4581 628 a

2659 644 3034 714 Schwenden
3097 654 3166 712 et
3229 647 3539 715 comitem
3614 645 3698 713 ab
3762 646 4169 730 Helffenstein
4231 645 4581 713 collecturos

2654 732 2934 798 militem
2978 731 3393 800 Germanum
3449 753 3571 817 pro
3612 730 3924 800 Sabaudo
3985 745 4216 799 contra
4257 731 4475 799 Gallos
4527 745 4584 799 et

2655 816 3047 886 Beruenses.
3137 818 3230 885 Et
3294 818 3496 884 huius
3634 818 3813 886 neris
3855 818 4068 885 multa
4107 837 4584 884 commemorare

2656 923 2913 987 possem
2957 925 3041 971 ex
3087 903 3322 989 quibus
3364 903 3547 969 omni
3592 925 3675 971 us
3716 903 3952 990 colligo
3995 903 4217 969 moliri
4258 904 4586 987 impicsrss

2656 1010 2950 1075 magnas.
3039 990 3542 1074 Tempestivum
3598 991 3821 1075 itaque
3900 1000 4074 1057 esset
4138 998 4215 1056 ut
4276 987 4589 1056 andensis

2658 1096 2811 1142 cum
2854 1077 2993 1143 suis
3034 1076 3235 1142 etiam
3291 1074 3489 1142 rebus
3547 1077 3686 1143 suis
3739 1085 3807 1142 et
3862 1096 4135 1142 suorum
4197 1075 4586 1159 prospiceret.

2660 1159 2713 1227 S
2761 1182 2875 1229 ero
2938 1171 3005 1228 te
3059 1183 3241 1229 meas
3295 1162 3472 1228 circa
3525 1161 3922 1247 principium
3979 1161 4180 1228 huius
4235 1161 4473 1228 mensis
4519 1159 4590 1226 de

2659 1247 2843 1313 hisce
2883 1248 3081 1315 rebus
3124 1249 3404 1333 scriptas
3459 1266 3612 1314 acce
3657 1249 3805 1314 isse.
3884 1246 4075 1324 Vale,
4119 1266 4256 1313 una
4297 1266 4440 1313 cum
4479 1246 4589 1312 trs·

2659 1332 2872 1399 tribus
2915 1332 3240 1411 omnibns,
3286 1332 3575 1398 maxime
3679 1335 3880 1400 adaco
3923 1343 3991 1399 et
4018 1332 4333 1412 lonciaco,
4378 1341 4441 1398 et
4469 1352 4592 1417 per·

2661 1419 2799 1504 gite
2842 1418 3029 1486 nobis
3073 1419 3424 1505 diligenter
3489 1428 3556 1486 et
3598 1421 3977 1503 frequenter
4018 1419 4420 1503 perscribere
4458 1416 4592 1501 quid

2660 1505 2732 1569 in
2773 1504 2996 1573 Gallia
3029 1506 3164 1571 fiat.
3232 1504 3363 1570 His
3398 1506 3576 1570 enim
3612 1505 3784 1572 bene
3817 1505 3923 1571 uti
3956 1525 4324 1589 possumus.
4388 1503 4593 1588 'rigari

2668 1594 2766 1656 1⁷.
2811 1591 2968 1657 Iulii
3029 1595 3213 1656 1562.
3302 1589 3613 1657 Salutant
3669 1600 3736 1656 te
3792 1592 4051 1657 fratres.
4139 1589 4378 1657 Saluta
4432 1588 4593 1655 nobis

2661 1674 2905 1828 Bezqgt
2970 1684 3271 1743 nostrum
3289 1728 3307 1756 ,
3375 1678 3490 1761 qui
3553 1698 3728 1743 unus
3796 1677 4207 1761 periclitatur
4261 1697 4382 1760 pro
4431 1674 4595 1741 nobis

2660 1783 2840 1827 omn1
2886 1785 2984 1831 us.

3791 1899 4222 1988 Bullingerus
4277 1907 4448 1966 tuus.

3548 2443 3754 2517 8828.

2846 2599 3272 2670 SENA'PUS
3314 2599 3839 2669 LUOOENSIS
3885 2600 4448 2668 GENEVENSI.

2830 2772 3060 2839 Denuo
3102 2774 3430 2856 affin-mmet
3484 2792 3554 2838 se
3610 2773 3878 2839 edictum
3919 2773 4085 2840 illud
4125 2780 4337 2840 contra
4376 2773 4603 2840 rebeRoe

2659 2879 2815 2942 quos
2855 2865 3072 2926 vocant
3111 2860 3579 2944 promulgatum
3620 2879 3951 2943 nunquam
3990 2866 4377 2926 revocaturos
4417 2879 4556 2926 esse.

2983 3031 3231 3099 (Archiv.
3269 3032 3473 3086 Gener.
3508 3031 3700 3087 Pisces
3735 3031 3861 3088 hist.
3895 3031 4073 3087 fascic.
4110 3029 4292 3099 1722.)

2660 3201 3038 3288 Magnificis
3094 3201 3401 3268 Dominis
3445 3200 3743 3286 Syndico
3806 3201 4199 3285 senatuique
4242 3202 4603 3270 Genevensi

3182 3287 3428 3354 nostris
3472 3287 4105 3354 observandissimis.

2833 3458 3061 3540 Quum
3103 3458 3500 3541 putabamus
3561 3479 3675 3524 vos
3718 3458 4006 3542 acceptis
4049 3459 4263 3526 literis
4304 3460 4535 3526 nostris
4556 3462 4599 3533 ¹)

2659 3546 3069 3628 acquieturos
3147 3553 3571 3626 nostramque
3645 3545 4155 3611 satisfactionem
4220 3558 4600 3631 accepturos.

2658 3651 2735 3698 ac
2761 3632 2898 3695 fore
2932 3640 3013 3694 ut
3045 3628 3236 3695 nobis
3271 3630 3556 3714 amplius
3591 3650 3725 3696 non
3761 3630 4101 3698 instaretis
4130 3631 4213 3696 de
4249 3631 4601 3716 abrogando

2661 3724 2859 3799 atque
2923 3714 3215 3781 tollendo
3281 3713 3541 3780 decreto
3606 3716 3678 3781 in
3736 3726 3994 3783 nostros
4058 3716 4339 3783 rebelles
4392 3717 4601 3794 edicto,

2661 3822 2813 3869 ecce
2857 3822 2898 3867 a
2942 3801 3132 3867 vobis
3175 3800 3405 3866 literae
3449 3801 3640 3867 nobis
3683 3801 3929 3867 dantur
3973 3803 4066 3886 vij
4092 3801 4233 3868 Kal.
4260 3803 4385 3870 Iul.
4420 3805 4602 3886 serip-

2661 3889 2846 3967 tae²)
2900 3886 3160 3970 quibus,
3228 3894 3311 3951 ut
3359 3887 3681 3971 proximis
3745 3889 4194 3971 superioribus
4250 3889 4602 3974 efflagitatis

2661 3984 2739 4039 ut
2773 3973 2841 4038 id
2886 3972 3159 4038 tollatur
3200 3970 3274 4038 S.
3320 3972 3397 4039 O.
3443 3972 3552 4038 vel
3596 3974 3691 4038 ita
3733 3974 4104 4059 corrigatur
4146 3983 4225 4039 ut
4268 3976 4434 4041 fines
4472 3986 4601 4039 tan·

2662 4070 2804 4124 tum
2848 4059 3106 4141 imperii
3151 4060 3361 4122 nostri
3404 4058 3894 4142 complectatur.
3964 4058 4160 4140 Quod
4203 4081 4406 4143 quum
4438 4058 4600 4125 nullo

2662 4143 2857 4210 modo
2893 4145 3037 4209 sine
3075 4143 3441 4209 offensione
3475 4144 3874 4227 reipublicae
3896 4167 3972 4212 ac
3995 4144 4324 4211 libertatis
4346 4154 4597 4221 nostrae,

2660 4231 2795 4296 imo
2815 4231 3037 4314 potius
3057 4231 3200 4294 sine
3214 4228 3531 4296 dedecore
3555 4231 3964 4314 pessimoque
3984 4232 4293 4316 exemplo
4314 4234 4451 4298 fieri
4470 4251 4596 4314 pou-

2661 4318 2766 4395 sit,
2804 4336 3001 4400 aegre
3034 4314 3308 4381 ferimus
3343 4316 3413 4380 in
3451 4335 3596 4380 eam
3634 4336 3755 4381 nos
3789 4319 4247 4383 necessitatem
4284 4317 4597 4383 devenisse

2660 4412 2736 4467 nt
2768 4401 2839 4467 id
2874 4403 3135 4479 iterum,
3167 4399 3346 4483 quod
3383 4403 3675 4481 facimus,
3695 4401 3882 4467 vobis
3917 4402 4337 4487 denegemus.
4400 4402 4595 4485 Quare

2661 4508 2781 4554 vos
2825 4507 3089 4552 oramus
3145 4497 3345 4570 atque
3388 4488 3805 4553 obsecramus
3838 4495 3916 4552 ut
3955 4500 4251 4554 nostram
4289 4487 4593 4573 accipistis

2659 4572 3172 4651 excusationem,
3220 4585 3290 4638 et
3332 4593 3468 4637 una
3510 4573 3793 4639 credatis
3838 4584 3905 4638 et
3948 4594 4066 4656 pro
4110 4583 4289 4640 certo
4332 4573 4593 4641 habeatis

2660 4679 2799 4737 nos,
2846 4657 2976 4723 nisi
3018 4658 3386 4724 iustissima
3412 4659 3891 4725 intercessisset
3925 4680 4139 4739 eausa,
4185 4662 4253 4725 id
4290 4676 4591 4744 nunquam

2658 4744 2862 4809 fuisse
2904 4744 3209 4809 facturos.
3278 4743 3472 4826 Quod
3519 4746 3575 4811 si
3621 4744 3775 4811 huic
3819 4747 4196 4811 testimonio
4228 4759 4307 4812 ut
4346 4744 4591 4812 credatis

2658 4828 2896 4895 adduci
2938 4850 3074 4893 non
3117 4832 3411 4913 potestis,
3479 4841 3547 4896 at
3612 4842 3790 4898 certe
3845 4831 4391 4898 considerandum
4432 4828 4589 4895 vobis

2657 4921 2759 4981 est
2804 4916 2927 4981 hoc
2972 4923 3271 4981 nostrum
3316 4918 3561 4983 factum
3602 4916 3731 4983 iuri
3776 4926 4050 4982 naturae
4097 4937 4238 4984 esse
4281 4926 4587 4984 consenta-

2655 5021 2877 5080 neum,
2922 5021 3128 5084 quum
3170 5002 3283 5067 isti
3326 5002 3674 5070 nobiscum
3732 5001 3843 5070 hic
3887 5003 4029 5068 nati
4070 5004 4226 5083 sint,
4274 5011 4372 5070 tot
4410 5018 4589 5069 annm

2649 5221 2842 5279 aeas.
2864 5222 2924 5285 1)
2953 5222 3029 5277 N.
3062 5222 3219 5278 3765.

2852 5290 2917 5359 2)
2947 5290 3013 5345 N.
3045 5290 3203 5347 3815.
