4900 6125
685 445 813 507 383

1574 630 1769 704 4147.

1136 784 1691 867 BOSQUETUS
1737 786 2177 854 OALVINO.

858 954 1116 1023 calvini
1165 957 1387 1024 laudes
1403 1008 1420 1036 ,
1479 958 1586 1023 eui
1660 978 1725 1023 se
1768 957 2000 1040 officiis
2041 960 2115 1025 in
2155 980 2222 1026 se
2263 959 2507 1028 collatis
2549 961 2656 1027 de·

681 1043 1141 1110 vineti-ssimum
1184 1042 1491 1126 affirmat.

996 1214 1108 1280 (Ex
1144 1213 1485 1283 autographo
1519 1213 1650 1268 Ood.
1686 1213 1891 1269 Genev.
1913 1214 2031 1283 113,
2068 1217 2159 1271 fol.
2198 1215 2344 1284 112.)

2207 444 2728 512 EPISTOLAE
2774 449 3202 510 4147—4149
3348 543 3355 554 ἢ
4540 454 4623 514 381

2759 646 2868 699 ιιιι·
2909 640 2978 700 te
3019 633 3322 713 facerem,
3368 633 3501 700 nisi
3547 633 3728 702 hunc
3774 641 4080 700 nostrum
4132 633 4455 701 satisesss
4486 633 4629 704 diuus

2758 727 2902 784 tum
2947 739 3431 804 cognoscerem.
3525 718 3603 787 Si
3648 718 3808 803 quid
3852 718 3940 786 ad
3983 740 4091 786 me
4146 720 4413 799 scribas,
4464 721 4519 786 id
4554 723 4629 787 vd

2760 804 3023 871 Roberto
3071 804 3182 884 St..
3226 806 3339 872 vel
3389 805 3750 873 Gaucherio
3792 813 4041 885 nostro,
4085 805 4192 872 vel
4232 804 4490 873 Budoeis
4520 808 4633 872 ni-

2753 890 3036 957 cissimis
3122 889 3456 957 reddatur.
3547 891 3609 957 N
3613 912 3740 957 unc
3808 890 4029 957 Deum
4102 901 4357 978 patrem
4412 901 4635 959 nasum

2753 997 2873 1061 per
2917 976 3139 1042 Iesum
3185 976 3531 1044 Christum
3588 977 3934 1043 dominum
3990 985 4059 1043 et
4115 989 4491 1044 servatorem
4532 999 4636 1044 ncn-

2756 1071 2936 1128 trum
2981 1062 3264 1147 supplex
3310 1084 3425 1129 oro
3458 1070 3547 1148 Aut
3590 1062 3711 1129 tibi
3756 1083 3877 1145 pro
3914 1083 4037 1129 sua
4069 1064 4140 1128 in
4176 1085 4398 1131 omnes
4426 1065 4639 1130 bonitus

2755 1169 3017 1231 semper
3061 1148 3253 1225 adsit,
3298 1156 3366 1214 et
3408 1170 3531 1215 suo
3575 1149 3815 1233 spirit-u
3849 1149 3945 1215 sic
3979 1157 4047 1215 te
4082 1161 4396 1235 perpetuo
4426 1159 4639 1226 ιιιαιιιι,

2753 1244 2828 1298 ιιι
2868 1235 3157 1317 spatium
3200 1234 3367 1300 illud
3409 1236 3529 1301 tibi
3570 1235 3863 1301 oblatum
3908 1236 3979 1299 in
4013 1235 4226 1319 ipsius
4263 1237 4541 1303 honorem
4566 1234 4641 1300 do-

2608 1319 2616 1328 “
2753 1340 2981 1387 curras
2998 1371 3015 1399 ,
3082 1320 3236 1386 licet
3276 1320 3548 1387 interim
3592 1320 3895 1387 scelerati
3941 1329 4011 1387 et
4053 1321 4140 1387 ad
4185 1322 4401 1388 omnia
4436 1321 4642 1387 crimin

1035 1385 1197 1450 Mon
1245 1384 1576 1470 Seigneur
1618 1387 1867 1454 Monsr.
1916 1387 2295 1471 despeville.

682 1555 833 1622 Car.
877 1556 1283 1640 Bosquettus
1328 1557 1808 1625 humanissimo
1853 1567 2048 1643 atque
2092 1559 2343 1644 optimo
2386 1561 2530 1628 viro
2573 1560 2648 1628 O.

974 1641 1269 1707 Passelio
1315 1663 1542 1725 pacem
1586 1653 1973 1728 perpetuam
2017 1654 2343 1730 precatur.

857 1811 1177 1879 Omnium
1213 1821 1362 1897 post
1419 1813 1722 1882 homines
1768 1824 1958 1883 natos
2015 1818 2504 1902 ingratissimus
2551 1818 2652 1883 vi-

681 1899 860 1980 dear,
903 1899 1327 1984 integerrime
1368 1899 1525 1967 Pas.
1550 1952 1568 1981 ‚
1612 1902 1744 1967 nisi
1786 1902 2140 1969 candorem
2184 1914 2373 1969 tuum
2419 1903 2652 1969 huma-

680 1982 877 2050 nitati
918 2006 1216 2051 summae
1260 1987 1683 2052 coniunctum
1728 1996 1797 2053 et
1839 1988 2246 2073 singularem
2306 1992 2379 2054 in
2435 2011 2543 2056 me
2587 1997 2655 2055 et

679 2091 862 2137 meos
930 2071 1457 2138 benevolentiam
1543 2078 1862 2139 memoria
1938 2074 2149 2141 oolam
2228 2074 2652 2160 sempiterna.

681 2156 854 2223 Nam
898 2156 999 2221 vel
1049 2157 1173 2224 hoc
1217 2178 1349 2222 uno
1398 2159 1664 2224 nomine
1722 2160 1843 2225 tibi
1902 2181 2009 2225 me
2052 2183 2249 2244 quam
2297 2161 2653 2228 devinctis-

680 2244 922 2309 simum
968 2244 1024 2310 si
1069 2245 1381 2326 profitear
1435 2244 1606 2309 nihil
1665 2266 1934 2329 prorsus
1977 2247 2314 2332 affingam.
2400 2246 2484 2312 Id
2528 2247 2653 2331 igi-

679 2336 791 2396 tur
845 2331 901 2394 si
960 2328 1172 2394 literis
1227 2329 1462 2395 saltem
1508 2351 1643 2396 non
1688 2339 1929 2409 tester,
1985 2353 2115 2416 quo
2160 2333 2431 2398 tandem
2477 2333 2654 2398 inter

678 2414 982 2481 homines
1024 2415 1167 2482 loco
1213 2415 1442 2481 haberi
1486 2417 1775 2499 possim?
1849 2417 2248 2503 Quanquam
2291 2426 2474 2486 certo
2519 2419 2654 2485 seio

676 2500 852 2567 hanc
931 2500 1273 2567 literarum
1356 2504 1885 2569 testificationem
1963 2525 2006 2569 a
2070 2513 2138 2571 te
2208 2526 2344 2571 non
2409 2504 2652 2588 expeti.

676 2587 933 2652 Verum
979 2608 1064 2652 ne
1108 2588 1175 2651 in
1222 2594 1489 2653 tuorum
1525 2609 1684 2672 erga
1718 2609 1827 2655 me
1861 2590 2332 2656 beneficiorum
2369 2611 2653 2656 comme-

676 2674 1073 2750 moratione,
1152 2671 1320 2738 mibi
1381 2681 1606 2739 tamen
1663 2674 1879 2740 multo
1935 2675 2442 2756 iucundissima,
2524 2678 2652 2742 sim

675 2758 1019 2909 prolixior,
1067 2758 1193 2825 hoc
1235 2780 1447 2825 unum
1482 2759 1847 2841 affirmabo,
1891 2770 2044 2827 tuae
2086 2761 2157 2827 in
2204 2782 2323 2828 nos
2365 2764 2653 2828 benevo-

705 2844 922 2910 entiae
985 2855 1086 2910 tot
1150 2853 1415 2928 tamque
1480 2853 1662 2912 certa
1723 2846 1918 2932 signa
1982 2868 2024 2913 a
2087 2855 2154 2914 te
2208 2847 2387 2913 edita
2447 2868 2653 2931 quum

678 2932 828 2999 istic
861 2951 1147 3016 agerem,
1192 2938 1268 2995 ut
1302 2950 1382 2996 ea
1415 2939 1636 2998 tacere
1673 2932 1783 2997 vel
1814 2933 2135 3000 oblivioni
2168 2933 2431 2999 tradere
2466 2934 2653 3001 nefas

678 3038 821 3084 esse
865 3016 1146 3085 credam.
1214 3018 1309 3084 Te
1353 3016 1438 3083 ad
1483 3017 1651 3084 bene
1695 3018 2085 3085 merendum
2121 3019 2203 3085 de
2237 3019 2344 3085 his
2380 3017 2652 3104 quibus·

683 3124 943 3188 cunque
967 3109 1022 3181 ¹)
1065 3102 1223 3171 licet
1254 3104 1388 3169 iam
1424 3111 1622 3170 antea
1655 3107 1818 3171 satis
1852 3105 2342 3172 intellexeram:
2390 3115 2462 3170 at
2503 3126 2655 3173 cum

680 3210 753 3256 re
794 3190 940 3274 ipsa
981 3190 1311 3274 comperio
1369 3198 1434 3255 te
1477 3211 1627 3256 enm
1674 3211 1818 3258 esse
1860 3192 1975 3274 qui
2016 3190 2376 3258 commodis
2421 3212 2653 3257 eorum

678 3275 946 3342 studeas
1007 3298 1046 3341 a
1102 3275 1340 3360 quibus
1392 3276 1561 3342 nihil
1617 3298 1887 3362 sperare
1943 3278 2186 3361 possis,
2253 3284 2321 3343 et
2372 3298 2652 3361 quorum

679 3382 908 3429 curam
951 3362 1047 3428 ita
1087 3361 1412 3446 suscipias
1454 3371 1530 3428 ιιι
1571 3361 1703 3448 ipsi
1736 3382 1824 3429 ne
1858 3384 1977 3447 per
2010 3363 2345 3430 somnium
2387 3363 2654 3450 quidem

679 3447 750 3514 id
792 3448 1186 3532 optaverint,
1252 3447 1550 3514 animum
1595 3470 1750 3516 vere
1790 3450 1975 3533 pium
2019 3458 2087 3514 et
2127 3449 2398 3515 omnino
2442 3449 2652 3517 chris·

683 3536 903 3600 tianae
970 3533 1274 3619 religioni
1338 3543 1793 3601 consecratum
1859 3555 2166 3620 agnosco.
2266 3534 2405 3602 Sed
2484 3555 2654 3619 quae

680 3621 909 3705 paucis
962 3619 1154 3705 attigi
1218 3621 1312 3688 sic
1367 3620 1650 3705 accipias
1707 3620 1905 3687 velim
1963 3629 2043 3687 ut
2085 3622 2202 3688 tibi
2259 3619 2656 3705 persuadeas

680 3707 766 3772 ab
810 3726 887 3771 eo
932 3706 1222 3791 profecta
1263 3708 1376 3791 qui
1420 3707 1518 3772 tui
1563 3727 1902 3792 nunquam
1948 3706 2244 3774 oblivisci
2286 3707 2497 3791 possit
2515 3758 2530 3787 ,
2585 3716 2655 3772 et

679 3792 794 3875 qui
839 3814 1062 3860 secum
1107 3792 1442 3878 praeclare
1487 3804 1709 3859 actum
1754 3793 1841 3858 iri
1886 3793 2135 3860 iudicat
2157 3844 2175 3873 ,
2220 3793 2281 3859 si
2324 3793 2485 3877 quid
2527 3814 2652 3859 un-

677 3899 876 3962 quam
920 3879 1117 3944 faciat
1158 3877 1329 3963 quod
1389 3879 1510 3944 tibi
1567 3887 1833 3961 gratum
1898 3900 2041 3947 esse
2084 3879 2348 3945 sentiat.
2436 3878 2655 3945 Istaec

679 3986 766 4031 ex
810 3966 1034 4030 animo
1080 3963 1241 4031 dico.
1312 3964 1514 4030 Faxit
1548 3965 1878 4031 Dominus
1922 3973 2150 4032 noster
2182 3977 2259 4031 ut
2302 3964 2429 4032 hoc
2465 3963 2654 4031 brevi

681 4053 1043 4118 conficiam.

859 4138 1046 4204 Haec
1103 4159 1219 4220 per
1272 4144 1575 4204 nostrum
1638 4137 2044 4222 singularem
2089 4137 2377 4205 amioum
2419 4137 2655 4221 scripsi

682 4245 767 4289 ne
810 4225 953 4289 sine
996 4224 1161 4290 meis
1202 4222 1286 4288 ad
1342 4231 1408 4289 te
1450 4222 1659 4288 literis
1716 4224 1887 4290 istuc
1945 4222 2206 4289 rediret.
2296 4222 2654 4290 anterum

683 4309 850 4374 mihi
895 4309 1165 4374 abeunti
1210 4317 1276 4375 te
1320 4309 1720 4393 scripturum
1765 4308 1847 4374 de
1883 4329 1959 4374 eo
1994 4309 2261 4394 negotio
2296 4308 2476 4392 quod
2511 4318 2654 4375 tum

685 4394 1026 4478 explicasti
1094 4396 1507 4478 promiseras,
1573 4415 1653 4460 ea
1713 4402 1933 4460 tamen
1980 4394 2041 4460 le
2088 4416 2153 4471 e,
2220 4396 2407 4479 prius
2449 4402 2527 4460 ut
2571 4394 2655 4460 ab

683 4479 797 4545 illo
843 4481 1070 4547 literas
1113 4489 1551 4564 exspectares.
1622 4479 1767 4545 Iam
1813 4481 1871 4546 si
1916 4482 2032 4565 qui
2119 4482 2255 4547 tuis
2299 4481 2647 4566 responde·

685 4567 778 4631 rit
811 4576 878 4633 et
910 4566 979 4632 id
1016 4566 1181 4631 mihi
1217 4567 1595 4652 significare
1632 4566 1750 4632 tibi
1784 4566 1996 4646 liceat,
2033 4569 2160 4632 erit
2181 4568 2652 4652 gratissimum.

687 4652 818 4719 Hic
862 4659 1084 4719 noster
1127 4673 1265 4718 rem
1313 4659 1519 4719 totam
1563 4654 1763 4719 matri
1808 4662 1874 4719 et
1909 4653 2098 4718 fratri
2142 4673 2293 4719 meo
2336 4654 2651 4720 narravit.

685 4738 944 4817 Facile,
989 4747 1064 4805 ut
1107 4758 1332 4822 spero,
1379 4738 1495 4804 sed
1538 4740 1686 4805 Deo
1729 4746 1865 4823 opt.
1914 4760 2088 4805 max.
2133 4739 2433 4819 favente,
2480 4738 2656 4823 quod

685 4823 997 4889 volumus
1035 4844 1532 4909 consequemur.
1618 4826 1723 4892 Ea
1766 4847 1899 4891 non
1942 4826 2224 4893 scribam
2268 4846 2436 4908 quae
2478 4846 2657 4892 com-

685 4908 946 4976 modius
991 4909 1163 4976 idem
1209 4920 1435 4977 noster
1478 4911 1594 4977 tibi
1639 4912 1899 4977 referet.

863 4994 1064 5061 Aliud
1124 4994 1297 5081 quod
1351 4995 1588 5062 addam
1649 5018 1782 5064 non
1838 4996 2067 5062 habeo.
2160 4998 2451 5062 Tantum
2508 5019 2547 5061 a
2591 5006 2658 5063 te

687 5082 1120 5149 vehementer
1231 5082 1498 5149 recabor
1553 5104 1675 5150 nos
1737 5090 1818 5149 nt
1864 5082 2107 5149 vestris
2173 5083 2660 5166 precationibus

688 5167 834 5234 Deo
868 5188 1168 5236 commen
1215 5169 1355 5234 etis.
1429 5168 1796 5236 Certiorem
1820 5168 1901 5234 de
1937 5168 2043 5234 his
2085 5189 2253 5252 quae
2297 5169 2407 5235 hic
2447 5189 2660 5254 agun-

685 5374 964 5442 41421)
999 5375 1144 5430 deest
1179 5374 1509 5430 vocabulum.

2753 1406 3028 1489 proiecti
3072 1414 3470 1491 rumpantur
3510 1406 3783 1473 invidia.

2927 1491 3059 1559 Hic
3102 1513 3239 1558 non
3284 1513 3549 1577 possum
3593 1493 3752 1576 quin
3798 1492 4045 1559 sororis
4109 1512 4299 1559 meae
4339 1493 4641 1559 nominati:

2755 1576 3038 1644 salutem
3085 1578 3205 1644 tibi
3241 1580 3657 1645 annunciem.
3741 1578 3845 1643 Ea
3888 1597 3959 1643 se
4004 1584 4216 1645 totam
4260 1579 4389 1644 tuis
4421 1577 4646 1661 precibu

2755 1662 3283 1730 commendatam
3324 1672 3614 1749 exoptat.
3704 1665 3787 1729 A.
3834 1662 3895 1729 d.
3944 1665 4002 1729 3.
4050 1664 4207 1731 Kal.
4254 1664 4593 1750 Augusti'}

3642 2210 3842 2281 4148.

3213 2381 3786 2450 BADUELLUS
3831 2382 4273 2450 OALVINO.

2938 2555 3239 2637 Queritur
3279 2555 3357 2619 de
3412 2559 3584 2620 statu
3625 2574 3843 2620 rerum
3896 2555 3969 2620 in
4016 2553 4399 2633 Provincia,
4453 2553 4655 2620 aazia

2760 2641 2836 2706 de
2929 2639 3460 2706 concionatonbus’
3462 2689 3476 2705 .
3587 2639 3849 2706 Laudat
3917 2638 4177 2707 calvini
4241 2641 4549 2724 eymalam·
4602 2637 4656 2701 d

2750 2727 2902 2808 pios
2949 2726 3413 2791 Nemausenses
3445 2727 3746 2807 scriptam
3778 2730 3836 2791 et
3865 2728 4027 2808 petit
4056 2726 4265 2809 plura
4306 2727 4557 2795 eiusde·
4592 2743 4656 2808 φ·

2758 2812 2949 2877 neris.
3041 2810 3438 2878 Commendat
3484 2812 3674 2894 pium
3732 2811 4006 2893 aliquem
4071 2811 4398 2880 Gmevm
4444 2811 4657 2897 praw-

3085 3069 3199 3134 (Ex
3235 3073 3573 3139 autographo
3608 3070 3738 3125 eod.
3775 3070 3979 3124 Genev,
4022 3069 4137 3138 115,
4168 3070 4263 3126 fol.
4303 3069 4413 3138 12.)

2759 3239 3161 3308 Doctissimo
3228 3248 3424 3325 atque
3491 3243 3742 3325 optimo
3808 3242 3951 3307 viro
4008 3242 4095 3307 D.
4159 3240 4405 3308 Oarolo
4466 3236 4657 3308 raab

3445 3328 3654 3393 amico
3697 3327 4039 3412 singulari.

2934 3498 3306 3564 Multorum
3377 3518 3516 3563 non
3581 3497 3794 3564 dicam
3904 3500 4071 3565 ietas
4115 3498 4464 3577 simulata,
4522 3512 4659 3581 qm

2757 3584 2951 3669 pauci
2994 3583 3118 3649 hoc
3162 3592 3462 3668 tempore
3520 3604 3679 3668 prae
3737 3604 3810 3650 se
3879 3593 4105 3663 erunt,
4172 3585 4293 3652 sed
4352 3587 4421 3650 in
4462 3581 4659 3648 amin

2757 3670 3119 3736 christiano
3162 3670 3513 3735 manifesta
3553 3671 3727 3736 vitae
3771 3669 4185 3754 impudentia
4204 3722 4223 3749 ,
4302 3672 4457 3737 facit
4494 3678 4557 3734 ιιι
4587 3684 4657 3730 ue·

2757 3757 3008 3822 minem
3067 3762 3316 3821 temere
3374 3755 3494 3821 tibi
3552 3756 4006 3821 commendem
4026 3807 4043 3834 ,
4114 3757 4249 3822 nisi
4297 3778 4412 3823 eos
4453 3770 4659 3839 quom

2756 3843 3050 3926 probitas
3109 3848 3178 3907 et
3232 3841 3553 3908 modestia
3611 3839 3774 3905 mihi
3839 3844 4103 3927 cognita
4143 3852 4350 3927 atque
4392 3848 4659 3927 pei-spem

2755 3929 2902 3995 fuit.
3004 3926 3161 3995 Scio
3237 3934 3646 4013 quantopere
3724 3948 3845 3992 vos
3912 3927 4369 3995 huiuscemodi
4432 3926 4659 3993 homins

2756 4013 3117 4092 offendant,
3161 4011 3336 4097 apud
3379 4033 3542 4097 quos
3582 4012 3818 4098 religio
3861 4020 3931 4078 et
3972 4013 4294 4081 sanctitas
4350 4012 4539 4079 nullis
4569 4026 4659 4073 u·

2755 4099 2924 4168 culis
2978 4119 3249 4183 aspersa
3305 4098 3518 4165 nitere
3578 4097 3800 4176 debet,
3866 4120 4073 4182 quum
4119 4120 4241 4166 nos
4288 4102 4361 4166 in
4404 4100 4505 4165 his
4536 4094 4659 4163 loci·

2756 4187 2828 4251 in
2905 4186 3144 4270 quibus
3221 4184 3432 4249 multa
3510 4204 3586 4251 ac
3658 4204 3901 4268 magna
3974 4185 4481 4269 inquinamenta
4539 4190 4659 4249 sunt·

2757 4292 2987 4338 eorum
3048 4270 3473 4337 insolentiam
3542 4270 4254 4354 intemperantiamque
4325 4272 4442 4338 vix
4540 4268 4551 4280 ”

2756 4358 3100 4442 possimus.
3190 4354 3329 4422 Sed
3371 4356 3496 4422 hoc
3537 4355 3816 4422 interest
3857 4356 4031 4440 quod
4072 4376 4193 4424 vos
4234 4376 4529 4424 coercere
4562 4364 4659 4415 tn-

2757 4452 2898 4510 tam
2961 4441 3441 4526 impudentiam
3504 4441 3813 4525 potestis,
3879 4451 3997 4507 aut
4060 4444 4264 4508 etiam
4312 4463 4351 4509 e
4395 4436 4659 4526 republiu

2758 4540 2980 4597 vestra
3017 4539 3084 4595 et
3119 4527 3395 4594 ecclesia
3415 4526 3671 4594 Obristi
3706 4528 4073 4612 profligare,
4120 4549 4205 4595 ne
4236 4527 4657 4596 medecina·

2757 4624 3021 4683 coetum
3064 4613 3521 4680 dehonestent.
3605 4613 3743 4679 Nos
3809 4634 3967 4679 vero
4031 4612 4204 4679 nihil
4270 4613 4451 4681 aliud
4492 4625 4657 4697 pom-

2760 4723 2910 4768 mus
2954 4720 3154 4784 quam
3209 4720 3322 4766 eos
3380 4720 3421 4764 a
3476 4697 3951 4766 consuetudine
4004 4708 4232 4765 nostra
4291 4708 4361 4767 et
4420 4713 4657 4783 congr*

2757 4788 2942 4854 sione
2984 4786 3352 4872 prohibere.

2929 4872 3169 4957 Itaque
3222 4870 3644 4955 perlubenter
3700 4871 3832 4957 legi
3886 4892 3997 4938 eas
4052 4870 4280 4938 literas
4333 4892 4491 4957 quas
4520 4882 4655 4947 mpt-

2759 5238 3223 5385 fixam-⁸3⁸⁰&
3259 5302 3321 5354 41
3431 5307 3614 5383 menen
3648 5294 4655 5371 wucqinunoaepoaenffl-ub·

2761 5367 4095 5439 mmfflmelmmafereoelfflz
