4900 6125
617 418 743 481 527

618 624 753 670 660
793 600 1019 682 verbe,
1064 602 1324 669 etiamsi
1364 623 1439 669 re
1481 602 1629 687 ipsa
1670 600 1938 669 Christo
1976 612 2165 669 tuum
2199 599 2585 686 obsequium
2639 623 2645 682 l

619 691 856 755 offerre
899 689 1154 755 coneris
1167 739 1183 768 ,
1230 688 1466 755 titulus
1506 689 1649 773 ipse
1693 689 2092 754 Antichristi
2134 687 2584 754 vexilliferum

618 796 764 842 esse
822 773 1027 841 docet.
1115 774 1223 840 Ad
1283 785 1417 840 tam
1462 774 1728 840 exitiale
1772 773 2163 859 foedumque
2206 771 2585 856 exemplum

618 883 727 927 res
780 861 924 943 ipsa
981 859 1261 926 accedit:
1330 862 1484 944 quia
1538 861 1594 926 si
1653 860 1883 926 furtim
1938 861 2159 927 nescio
2202 859 2363 944 quid
2428 858 2585 924 boni

620 946 973 1024 admisces,
1033 966 1378 1030 nunquam
1420 954 1647 1012 tamen
1692 967 1729 1011 e
1773 945 2088 1011 tribunali
2132 946 2380 1030 surgis,
2425 943 2588 1028 quin

616 1033 832 1099 multa
896 1032 1111 1098 officia
1165 1032 1576 1116 praestiteris
1641 1032 1881 1115 impiae
1939 1032 2373 1098 dominationi
2397 1082 2413 1110 ,
2479 1029 2586 1095 cui

616 1118 1029 1201 mancipatus
1072 1139 1160 1184 es.
1247 1118 1535 1203 Reliqua
1576 1117 1937 1184 iurisdictio
1994 1118 2065 1183 in
2111 1117 2327 1185 causis
2371 1114 2588 1182 civili-

617 1206 743 1271 bus
784 1205 1221 1269 consumitur:
1283 1204 1397 1271 ubi
1439 1211 1773 1288 utcunque
1817 1224 2142 1269 summam
2188 1203 2586 1287 aequitatem

619 1290 834 1358 colere
897 1289 1197 1368 studeas,
1285 1292 1451 1355 fines
1517 1297 1741 1355 tamen
1808 1309 1848 1353 a
1905 1290 2192 1355 Domino
2258 1288 2589 1373 praefixos

619 1376 883 1455 evertis,
928 1374 1084 1441 dum
1129 1375 1250 1441 snb
1294 1375 1516 1442 fallaci
1553 1374 1896 1460 regiminis
1940 1375 2361 1442 ecclesiastici
2397 1393 2588 1458 prae·

619 1469 811 1528 textu
875 1461 1160 1527 alienam
1236 1461 1641 1546 provinciam
1707 1481 2001 1544 usurpas.
2118 1460 2255 1526 Sed
2315 1481 2401 1526 ne
2466 1477 2589 1543 ego

619 1547 743 1613 tibi
800 1547 1116 1614 molestus
1171 1548 1328 1628 sim,
1399 1555 1616 1613 tecum
1671 1546 1886 1631 potius
1942 1548 2235 1631 loquere,
2319 1555 2387 1611 et
2443 1545 2589 1611 sine

621 1632 964 1700 blanditiis
1031 1643 1293 1718 reputa,
1362 1633 1538 1699 sitne
1602 1642 1829 1699 sancta
1872 1633 2003 1698 Dei
2069 1633 2326 1699 vocatio
2344 1682 2361 1712 ,
2426 1631 2591 1697 haec

618 1718 992 1786 adulterina
1031 1719 1407 1804 praeclarae
1449 1719 1806 1785 functionis
1851 1718 2066 1798 larva,
2133 1739 2300 1803 quae
2344 1725 2412 1783 et
2461 1716 2589 1782 Dei

622 1826 865 1871 nomen
910 1806 1216 1889 profanat
1259 1812 1325 1871 et
1385 1805 1614 1870 multis
1658 1803 2056 1890 labyrinthis
2103 1812 2204 1871 est
2245 1803 2585 1888 implicita.

621 1889 819 1972 Quod
876 1891 935 1955 si
992 1889 1263 1957 vivendi
1305 1891 1469 1956 ratio
1512 1889 1659 1956 Deo
1720 1911 1849 1955 606
1911 1891 2224 1974 probatur
2239 1938 2255 1969 ‚
2318 1889 2589 1973 quibus·

622 1998 880 2061 cunque
944 1976 1298 2044 virtutibus
1366 1976 1680 2054 excellas,
1759 1976 1930 2041 nihil
1998 1985 2218 2042 tamen
2285 1975 2591 2041 miserius

621 2082 822 2148 quam
868 2072 1058 2129 extra
1094 2071 1306 2129 metas
1349 2083 1610 2147 semper
1665 2062 1913 2145 vagari.
2007 2062 2227 2128 Aliam
2270 2058 2593 2146 petendae

622 2149 856 2215 veniae
914 2151 1404 2217 excusationem
1465 2169 1600 2214 non
1656 2148 1861 2213 affero
1881 2199 1899 2228 ,
1964 2149 2096 2213 nisi
2151 2147 2326 2233 quod
2388 2146 2593 2211 libere

622 2234 1039 2302 scribendum
1104 2236 1230 2301 suit
1293 2234 1403 2300 vel
1462 2231 1832 2301 tacendum.
1923 2233 2095 2299 Vale
2114 2285 2131 2313 ,
2176 2232 2595 2299 ornatissime

622 2322 733 2388 vir
785 2328 854 2386 et
905 2321 1073 2387 mihi
1124 2320 1527 2387 honorande.
1617 2318 1945 2386 Dominus
2004 2327 2071 2385 te
2139 2319 2379 2403 spiritu
2445 2339 2597 2402 pru·

625 2406 903 2485 dentiae,
948 2407 1298 2492 aequitatis
1340 2415 1406 2473 et
1449 2404 1864 2472 fortitudinis
1907 2404 2248 2490 gubernet.

1514 3075 1715 3146 4230.

1125 3247 1602 3316 GALVINUS
1667 3248 1768 3313 IN
1771 3245 2099 3313 CER'PO.

805 3420 1157 3487 Gon-sibim
1196 3421 1275 3488 de
1319 3421 1622 3507 eliyendis
1663 3418 2000 3486 ministris.

620 3610 841 3676 (Edidit
885 3609 1029 3663 Besa
1064 3608 1150 3664 ed.
1187 3608 1394 3662 Genev.
1449 3605 1589 3662 1576
1637 3625 1691 3677 p.
1727 3606 1862 3673 4273
1908 3606 2120 3662 Chouet
2153 3623 2204 3676 p.
2243 3603 2377 3670 5953
2423 3606 2599 3657 Amet.

1093 3694 1147 3746 p.
1181 3676 1305 3731 267.
1373 3678 1444 3732 In
1479 3678 1714 3731 caeteris
1749 3694 1858 3730 non
1896 3678 2129 3742 exstat.)

800 3864 1064 3931 Novum
1108 3873 1175 3930 et
1216 3864 1515 3930 odiosum
1558 3863 1734 3930 istud
1780 3868 2113 3929 certamen
2152 3862 2325 3946 quod
2360 3861 2600 3945 priori-

626 3953 751 4018 bus
793 3950 1112 4017 molestiis
1155 3951 1431 4018 accessit
1473 3950 1666 4016 valde
1709 3970 1817 4015 me
1832 4000 1848 4028 ,
1914 3957 1995 4015 ut
2038 3968 2157 4031 par
2200 3954 2304 4013 est
2321 3997 2336 4025 ,
2400 3947 2601 4013 habet

626 4038 921 4104 anxium.
1011 4037 1241 4121 quue
1304 4036 1519 4121 magis
1574 4035 1777 4119 quod,
1846 4035 2003 4100 dum
2060 4033 2261 4099 fidem
2305 4040 2599 4099 nostram

626 4124 974 4209 imploras,
1043 4121 1240 4207 quale
1305 4122 1424 4188 tibi
1489 4120 1640 4188 dem
1706 4120 2059 4189 consilium
2123 4140 2260 4184 non
2323 4119 2596 4203 reperio.

626 4209 917 4277 Causam
962 4207 1200 4275 bonam
1245 4229 1388 4273 6666
1421 4209 1647 4285 fateor,
1690 4207 1806 4273 sed
1841 4205 1926 4272 ad
1960 4226 2106 4271 eam
2144 4205 2599 4272 sustinendam

627 4297 965 4372 autoritas,
1011 4316 1177 4379 quae
1221 4294 1526 4379 inprimis
1561 4293 1934 4360 necessaria
1967 4300 2128 4370 erat,
2172 4290 2361 4358 vobis
2396 4289 2597 4356 deest.

625 4384 851 4465 Atque
914 4381 985 4446 id
1053 4380 1297 4465 partim
1361 4390 1737 4463 temporum
1801 4378 1999 4456 vitiu,
2066 4377 2310 4461 partim
2376 4385 2601 4443 vestra

628 4468 841 4551 culpa.
912 4468 1176 4533 Invitus
1210 4473 1388 4533 certe
1430 4467 1596 4531 facio
1631 4473 1707 4530 ut
1747 4485 1828 4530 ea
1870 4482 2053 4528 6660
2095 4483 2600 4529 commemorem

627 4575 800 4639 quae
842 4554 1127 4636 speciem
1172 4550 1696 4637 exprobrationis
1731 4550 1977 4616 habere
2011 4555 2273 4633 queant.
2343 4549 2599 4614 Verum

629 4639 753 4705 tibi
809 4659 1031 4706 coram
1072 4636 1221 4704 Deo
1280 4646 1594 4703 testatum
1650 4657 1791 4703 esse
1836 4635 2034 4702 velim
2053 4686 2068 4713 ,
2128 4634 2303 4700 nihil
2344 4656 2451 4701 me
2494 4634 2600 4698 in-

629 4724 921 4791 sultandi
987 4744 1187 4790 causa
1241 4722 1482 4791 dicere:
1553 4732 1814 4788 tantum
1867 4721 2152 4787 fideliter
2207 4730 2277 4786 et
2319 4720 2601 4804 simplici

630 4812 854 4878 animo
909 4809 1205 4876 indicare
1270 4831 1437 4893 quae
1479 4809 1767 4875 maxime
1809 4806 1996 4873 vobis
2039 4805 2278 4871 obsunt
2321 4806 2600 4890 impedi-

630 4907 874 4976 menta,
919 4904 996 4961 ut
1035 4894 1166 4962 illis
1208 4897 1499 4961 monitus
1542 4894 1756 4979 quoad
1796 4894 1942 4959 fieri
1984 4892 2229 4976 poterit
2271 4912 2596 4959 occurras.

629 4983 864 5067 Neque
917 4982 1078 5048 haec
1137 4981 1281 5048 dico
1338 4979 1803 5066 expostulandi
1847 5000 2065 5058 causa,
2110 4979 2263 5061 quia
2304 4978 2595 5043 alienum

631 5080 734 5136 est
786 5082 1067 5152 tempus.
1156 5066 1291 5134 Sed
1347 5081 1627 5151 putasne
1680 5065 1843 5132 adeo
1897 5064 2192 5149 stupidos
2235 5063 2409 5129 ullos
2453 5085 2599 5129 esse

632 5163 713 5219 ut
753 5176 888 5220 606
943 5162 1305 5239 agnoscant
1360 5152 1669 5220 ecclesiae
1727 5150 2023 5219 ordinem
2070 5158 2138 5216 et
2180 5148 2596 5235 displicinam

2144 410 2669 480 EPISTOLAE
2712 414 3139 479 4229—4232

633 5261 675 5304 a
716 5240 930 5321 vobis,
994 5261 1113 5324 pro
1158 5246 1380 5305 vestro
1437 5238 1758 5304 arbitratu
1819 5246 1936 5304 aut
1985 5235 2353 5314 commode,
2419 5256 2598 5302 nunc

631 5324 847 5390 attolli
889 5325 962 5390 in
1005 5325 1293 5403 coelum,
1347 5345 1525 5390 nunc
1570 5346 1687 5409 pro
1730 5323 1938 5390 nihilo
1983 5321 2177 5388 duci?
2266 5320 2494 5403 Quare
2539 5322 2597 5387 si

4496 415 4591 480 δῦ

2688 601 2872 670 vobis
2914 602 3094 669 cordi
3137 610 3239 669 est
3281 601 3443 668 disci
3490 601 3648 680 lina,
3714 600 3866 668 date
3906 621 4178 686 operam
4218 607 4297 667 ut
4337 609 4599 685 66166610

2687 695 2913 755 tenore
2972 689 3350 757 invalescat.
3439 624 3518 756 gi
3583 688 3656 753 in
3734 687 3948 771 pretio
4017 685 4246 754 haberi
4306 686 4493 754 vultis
4537 687 4603 754 ab

2687 774 2867 854 aliis,
2930 776 3020 841 sit
3071 796 3204 841 una
3260 775 3403 841 eius
3456 773 3633 859 apud
3689 794 3808 838 vos
3866 772 4119 858 regula.
4208 771 4385 854 Quid
4422 781 4603 839 autem

2685 869 2892 926 restat
2907 911 2923 939 ,
2980 861 3038 926 si
3091 882 3362 945 prorsus
3414 858 3920 936 succubueritis,
3990 879 4191 943 quam
4248 867 4328 924 ut
4378 860 4606 943 1)ώο

2688 967 2871 1012 more
2924 947 3199 1031 posthac
3256 947 3650 1046 ingerantur
3719 944 4058 1011 ministri?
4141 943 4329 1010 nulla
4386 954 4608 1012 maneat

2689 1032 3008 1099 canonica
3064 1031 3437 1099 ordinatio?
3504 1032 3590 1097 In
3644 1030 3784 1097 dies
3843 1032 4023 1097 enim
4091 1051 4162 1097 66
4370 1028 4611 1108 umen,

2691 1117 2899 1184 donec
2934 1119 3210 1185 effraeni
3246 1116 3520 1185 libidine
3540 1116 3726 1202 plebs
3760 1124 4105 1202 grassetur
4257 1115 4613 1200 cooptandus

2688 1202 3049 1271 identidem
3114 1224 3190 1271 ac
3255 1224 3362 1270 res
3410 1202 3662 1270 nendos
3741 1203 4096 1269 ministros.
4208 1201 4347 1269 Nec
4406 1201 4617 1268 1661616

2691 1289 2993 1357 haerebit
3047 1291 3118 1355 in
3173 1310 3306 1355 nno
3390 1311 3523 1357 oco.
3626 1289 3777 1371 Quo
3833 1289 4060 1355 minus
4124 1287 4442 1354 sollicitus
4498 1309 4617 1354 6661

2692 1396 2890 1443 06666
2944 1386 3169 1442 vestra
3186 1428 3201 1454 ,
3261 1397 3339 1441 eo
3395 1374 3608 1460 magis
3663 1375 3841 1459 cogit
3881 1395 3991 1440 me
4034 1373 4215 1440 zelus
4258 1373 4481 1439 domus
4518 1374 4619 1440 Dei

2693 1462 2826 1527 tale
2895 1470 3277 1545 portentum
3354 1460 3723 1527 abominari
3798 1469 3869 1525 et
3945 1459 4235 1526 horrere.
4346 1460 4619 1544 Rogabis.

2693 1546 3012 1631 quidnam
3062 1548 3267 1628 igitur
3306 1549 3450 1631 opis
3495 1556 3614 1612 aut
3664 1546 3921 1612 consilii
3957 1545 4268 1612 adferam.
4360 1545 4621 1611 Primum

2694 1654 2824 1699 non
2882 1653 3116 1700 censeo
3170 1634 3594 1717 pertinaciter
3804 1632 4045 1712 ndum,
4109 1639 4189 1696 ut
4228 1652 4317 1697 ex
4358 1631 4441 1696 iis
4496 1651 4627 1715 ques

2694 1719 2987 1804 elegistis
3032 1739 3210 1785 unus
3252 1720 3627 1803 accipiatur.
3763 1738 3839 1785 ac
3874 1738 4019 1784 6666
4057 1717 4365 1801 inprimis
4397 1715 4627 1782 idoneos

2694 1804 2898 1890 (quod
2941 1814 3192 1889 negant
3234 1806 3414 1880 alii):
3457 1805 3560 1870 fac
3603 1804 3877 1888 indigne
3920 1811 3989 1869 et
4031 1803 4278 1887 absque
4323 1822 4514 1868 06666
4546 1823 4629 1867 re-

2696 1890 2983 1973 pudiari:
3041 1891 3384 1957 ferendum
3425 1890 3497 1955 id
3541 1899 3800 1967 tamen,
3868 1903 3937 1956 et
3974 1889 4187 1956 sancti
4230 1897 4455 1972 patres
4493 1887 4631 1952 tule-

2696 1985 2872 2042 runt.
2964 1974 3113 2043 Scis
3156 1978 3335 2043 enim
3378 1976 3707 2043 sancitum
3749 1996 3896 2041 6666
3939 1973 4302 2041 canonibus
4351 1996 4438 2040 ne
4476 1973 4633 2039 aliter

2695 2062 2918 2128 valeat
2969 2063 3360 2129 clericorum
3415 2062 3647 2129 electio
3702 2081 3901 2144 quam
3945 2062 4004 2127 si
4048 2061 4520 2143 subscriptione
4556 2079 4633 2124 66-

2698 2159 2896 2215 natus
2940 2157 3009 2214 et
3053 2149 3265 2232 plebis
3310 2148 3645 2232 stiffi-agiis
3702 2145 4118 2232 approbetur.
4209 2146 4391 2212 Nam
4431 2159 4501 2211 nt
4536 2147 4633 2209 im·

2698 2236 3002 2319 portunis
3057 2234 3287 2318 populi
3338 2233 3446 2300 vel
3499 2233 3741 2300 studiis
3785 2232 3895 2298 vel
3936 2232 4339 2299 factionibus
4396 2251 4521 2296 non
4554 2239 4637 2296 est

2699 2321 2899 2385 nimis
2964 2319 3450 2405 indulgendum
3469 2371 3486 2401 ,
3547 2320 3647 2385 ita
3711 2320 4167 2385 ministrorum
4231 2316 4528 2383 ordinem
4582 2317 4637 2379 in

2698 2405 3123 2473 electionibus
3180 2405 3505 2471 dominari
3563 2405 3913 2490 indignum
3971 2415 4088 2471 est.
4179 2401 4637 2470 Reeusantibns

2699 2513 2857 2576 ergo
2922 2513 3117 2557 nemo
3178 2492 3443 2557 obtrudi
3510 2491 3722 2557 debet.
3811 2490 3996 2572 Quin
4060 2491 4267 2556 etiam
4350 2510 4437 2554 ne
4508 2487 4639 2552 uelo

2702 2577 2968 2660 quidem
3024 2585 3128 2645 est
3184 2578 3379 2643 etiam
3439 2578 3499 2643 61
3553 2577 3763 2644 liceat.
3853 2576 3991 2644 Sed
4034 2597 4243 2659 quum
4287 2575 4383 2642 sit
4421 2574 4641 2660 legibus

2704 2664 2990 2730 vetitum
3047 2663 3479 2747 supersedere
3542 2664 3755 2749 magis
3821 2663 4147 2728 convenit.
4241 2659 4385 2728 Sed
4448 2677 4639 2725 rursus

2703 2769 3123 2832 summopere
3180 2747 3518 2834 deprecari
3576 2769 3845 2816 6606666
3895 2756 4000 2814 est
4039 2748 4335 2832 primum
4350 2799 4368 2825 ,
4433 2766 4515 2812 ne
4548 2764 4641 2829 610

2705 2834 2958 2920 collega
3033 2833 3219 2902 vobis
3299 2836 3724 2901 adversarius
3787 2832 4210 2912 obtrudatur,
4290 2831 4525 2900 deinde
4578 2850 4643 2894 ns

2705 2921 2897 2986 vobis
2941 2921 3228 2986 exclusis
3269 2922 3703 3005 magistratus
3746 2922 3852 2986 ius
3896 2920 4024 2987 sibi
4067 2931 4353 3002 usurpet
4394 2914 4643 3003 eligendi

2705 3008 2817 3091 qui
2864 3006 3188 3091 placuerit
3227 3007 3533 3075 ministri.
3598 3006 3678 3073 Id
3723 3004 4013 3073 alienum
4053 3026 4199 3071 esse
4241 3027 4284 3070 a
4318 3005 4644 3071 christian

2704 3094 2863 3171 ritu,
2907 3114 2948 3158 a
2991 3101 3253 3158 vetusto
3288 3099 3669 3158 sanctorum
3703 3111 3889 3157 more
3921 3111 4132 3175 usque
4165 3091 4253 3156 ab
4287 3091 4458 3174 ipsis
4490 3108 4643 3172 6606-

2705 3178 2876 3257 tolis,
2914 3199 3057 3244 esse
3092 3179 3557 3260 perniciosum,
3592 3197 3737 3243 esse
3773 3176 4174 3257 indecorum,
4214 3197 4367 3243 esse
4402 3176 4647 3256 deniquo

2704 3264 3164 3330 inhumanum.
3254 3262 3333 3328 Si
3398 3285 3516 3329 vos
3580 3262 3822 3329 habeat
3882 3281 4004 3347 pro
4069 3263 4210 3328 suis
4284 3260 4643 3344 pastui-ilus.

2706 3371 2792 3416 ne
2845 3348 3159 3434 indignos
3213 3358 3477 3433 reputet
3532 3348 3917 3432 quibuscum
3964 3348 4046 3414 de
4098 3346 4513 3414 instituendo
4542 3342 4648 3410 cel·

2705 3435 2856 3520 lega
2897 3434 3234 3500 deliberet.
3321 3436 3603 3501 Paratus
3646 3456 3790 3500 esse
3831 3455 3950 3500 vos
4006 3434 4091 3499 ad
4147 3454 4423 3501 omnem
4464 3430 4647 3499 mode-

2705 3523 3063 3587 rationem:
3130 3520 3325 3586 modo
3364 3541 3437 3588 se
3480 3521 3606 3604 ipsi
3652 3521 3939 3587 vicissim
3982 3518 4367 3586 commodos
4410 3532 4477 3586 et
4516 3532 4647 3583 trae-

2704 3606 2941 3674 tabiles
2998 3607 3372 3691 praebeant.
3462 3606 3545 3671 Id
3599 3607 3957 3689 impetratu
4009 3626 4143 3671 non
4206 3605 4381 3672 adeo
4425 3602 4647 3670 diffidit

2703 3694 2843 3759 fore
2885 3692 3161 3772 confido,
3206 3695 3264 3758 si
3309 3692 3645 3758 hominem
3687 3692 3979 3758 offeratis
4024 3700 4170 3756 tum
4214 3694 4337 3775 qni
4383 3713 4503 3758 666
4532 3688 4646 3772 dig-

2702 3780 2916 3845 nitate
2973 3778 3153 3844 hnnc
3208 3799 3405 3862 quem
3449 3779 3764 3845 recusatis
3807 3778 4071 3856 obruat,
4132 3786 4278 3843 tum
4325 3780 4524 3845 etiam
4560 3776 4647 3858 qui

2707 3886 2838 3929 non
2892 3865 3197 3948 ingratus
3252 3866 3339 3929 sit
3397 3864 3815 3948 magistratui
3857 3864 4139 3929 futurus.
4231 3864 4527 3930 Tantum
4562 3882 4645 3927 os·

2701 3950 2905 4016 tendo
2948 3949 3106 4033 quid
3151 3950 3422 4033 placeat.
3490 3948 3639 4014 Imo
3684 3948 3769 4015 ad
3815 3951 4082 4015 unicum
4123 3949 4309 4031 quod
4354 3951 4517 4015 milii
4554 3968 4643 4030 66-

2704 4046 2892 4120 paret
2934 4034 3299 4101 remedium
3343 4036 3669 4120 confugio.
3757 4035 3949 4113 Vale,
3992 4035 4423 4101 ornatissime
4466 4035 4560 4101 vir
4592 4048 4641 4095 st

2702 4123 2910 4188 frater
2965 4119 3455 4199 colendissime,
3532 4133 3600 4187 et
3655 4141 3732 4186 00
3783 4121 3874 4187 ‘ta
3930 4121 4208 4187 meliora
4275 4138 4427 4188 6666
4487 4117 4643 4186 miei

2701 4207 2984 4273 vulnera
3019 4228 3218 4291 quam
3256 4206 3481 4273 oscula
3513 4207 3781 4274 inimici.
3856 4206 4293 4292 Symmystae
4330 4209 4461 4273 mei
4494 4204 4643 4273 vous

2708 4293 3060 4377 plurimam
3103 4293 3385 4359 salutem
3430 4292 3672 4359 dicunt.
