4900 6125
303 422 410 483 177

296 627 437 672 nem
481 604 754 672 honeste
798 605 1169 690 relinquere
1212 628 1344 673 non
1390 627 1675 690 possum,
1722 606 1848 674 nisi
1889 607 2046 692 quid
2083 606 2239 674 novi

295 699 650 776 emergeret
696 690 897 775 (quod
942 692 1125 759 Deus
1190 698 1474 771 avertat)
1517 691 1689 777 quod
1734 714 1857 760 nos
1899 693 2059 759 hinc
2101 694 2239 759 abi-

293 786 484 861 geret.
505 777 565 861 ²)
655 777 994 843 Accedunt
1038 777 1324 845 familiae
1367 778 1852 862 impedimenta,
1896 778 2241 864 longitudo

295 863 559 942 itineris,
616 871 682 929 et
725 864 898 930 aeris
947 863 1119 947 quod
1177 865 1367 931 nobis
1410 866 1560 932 Rex
1606 864 1798 931 debet
1839 864 2240 949 magnitude,

292 950 473 1016 cuius
531 947 936 1015 dissolvendi
992 970 1136 1015 sese
1194 952 1623 1034 imposterum
1679 972 1827 1035 spes
1869 950 2089 1034 aliqua
2134 972 2240 1017 os-

291 1043 511 1099 tentat.
601 1032 1001 1118 Quanquam
1045 1035 1170 1102 hoc
1211 1045 1616 1120 postremum
1660 1037 1777 1121 pili
1820 1039 2112 1120 profecto
2146 1037 2241 1101 fe·

290 1120 505 1199 cerim,
588 1121 644 1185 si
723 1142 841 1187 nos
918 1123 1168 1205 patriae
1234 1122 1575 1190 calamitas
1640 1122 1770 1189 huc
1836 1123 2158 1206 adigeret:
2183 1122 2241 1205 ⁸)

289 1205 835 1289 quemadmodum
918 1215 987 1272 et
1062 1228 1235 1273 anno
1321 1209 1654 1292 superiore
1720 1207 2037 1293 quidquid
2101 1218 2245 1273 erat

290 1311 582 1357 mearum
647 1291 1067 1357 fortunarum
1133 1294 1264 1358 iam
1333 1316 1448 1377 pro
1516 1293 1824 1360 derelicto
1897 1294 2241 1372 habebam,

288 1396 487 1444 novas
523 1376 729 1458 sedes,
775 1377 832 1443 si
869 1378 1197 1444 Dominus
1233 1388 1587 1463 pateretur,
1633 1381 1947 1464 cogitans.
2009 1380 2243 1462 Itaque

286 1484 486 1546 quum
528 1463 598 1527 in
643 1464 1017 1547 praesentia
1059 1464 1339 1530 multam
1382 1466 1540 1530 hinc
1584 1464 1913 1549 migrandi
1961 1466 2244 1532 occasio·

286 1569 434 1613 nem
494 1550 881 1629 invenirem,
942 1560 1090 1633 post
1148 1552 1338 1617 binas
1382 1551 1467 1618 ad
1510 1560 1578 1617 te
1623 1553 1974 1635 rescriptas
2018 1551 2244 1616 literas

284 1634 466 1717 coepi
508 1635 578 1699 in
623 1636 919 1700 animum
954 1634 1282 1716 inducere,
1329 1658 1527 1720 quem
1564 1637 1829 1703 tandem
1864 1636 2022 1703 hinc
2057 1636 2245 1702 oneri

285 1739 509 1802 parem
564 1740 638 1784 re
685 1721 945 1800 erirem,
969 1723 1025 1803 ⁴)
1073 1729 1278 1806 Latque
1336 1731 1493 1787 ante
1552 1721 1841 1788 triduum
1902 1743 1978 1789 ea
2035 1725 2115 1788 de
2173 1743 2245 1788 re

282 1805 527 1870 multos
597 1827 638 1869 u
668 1814 773 1871 tro
853 1807 1148 1890 citroque
1213 1828 1362 1873 cum
1428 1809 1515 1874 D.
1585 1807 1836 1891 capello
1906 1829 2240 1875 sermones

281 1890 548 1968 contuli,
615 1892 684 1957 in
742 1890 1031 1958 medium
1092 1893 1311 1960 allatis
1365 1894 1687 1973 omnibuS,
1754 1894 1865 1977 qui
1923 1893 2244 1959 hodierno

282 1975 388 2042 die
460 1987 730 2059 possent
804 1977 928 2042 hoc
993 1985 1255 2044 tantum
1321 2001 1565 2045 munus
1630 1999 1984 2063 capessere.
2070 1979 2244 2045 Mihi

327 2083 489 2127 uum
537 2062 823 2128 multum
869 2062 1110 2147 diuque
1153 2066 1560 2150 cogitassem,
1608 2074 1676 2131 et
1716 2067 1901 2131 varie
1946 2086 2097 2130 cum
2130 2063 2245 2130 illo

284 2084 745 2214 deliberassem
791 2148 872 2214 de
923 2148 1059 2216 illis
1102 2171 1266 2234 quos
1311 2151 1830 2234 proponebamus
1873 2150 2030 2217 hinc
2073 2149 2245 2228 inde,

284 2254 461 2300 unus
505 2231 772 2299 tandem
811 2236 1095 2300 occurrit
1121 2257 1336 2319 quem,
1383 2238 1440 2302 si
1477 2236 1657 2316 velit,
1701 2245 1930 2320 putem
1975 2257 2244 2319 exspec-

283 2320 521 2385 tationi
566 2340 1057 2402 responsurum,
1092 2323 1337 2405 pietate
1371 2323 1559 2388 iuxta
1593 2342 1668 2389 ac
1705 2322 2003 2389 doctrina
2041 2322 2245 2406 insig-

281 2404 405 2484 nis,
444 2404 831 2471 Matthaeus
854 2405 1231 2484 Remulus,
1248 2409 1309 2494 6)
1348 2408 1600 2474 Vatabli
1633 2428 1857 2492 nepos,
1914 2408 2026 2492 qui
2069 2428 2248 2473 nunc

283 2489 601 2556 Aureliae
643 2491 1074 2574 professorem
1122 2494 1261 2577 agit
1303 2493 1566 2578 linguae
1609 2493 1980 2560 hebraicae:
2052 2513 2244 2577 quem

281 2598 404 2661 ego
450 2589 609 2642 ante
650 2576 772 2644 hos
815 2577 1144 2643 tumultus
1188 2578 1272 2644 D.
1313 2578 1521 2645 Bezae
1563 2579 1998 2664 designarem,
2042 2599 2247 2662 quum

281 2664 715 2729 nunciaretur
759 2664 842 2728 D.
895 2662 1256 2732 Cevalerius
1308 2665 1506 2731 istinc
1564 2663 1988 2744 discessurus,
2050 2671 2246 2748 atque

282 2747 447 2814 adeo
497 2749 628 2813 iam
672 2748 1044 2815 conditione
1086 2757 1352 2834 accepta
1386 2752 1555 2817 istuc
1589 2753 2021 2835 commigrare
2057 2770 2245 2833 para-

283 2843 392 2899 tus
456 2845 620 2913 erat,
645 2839 702 2910 ⁶)
762 2835 893 2900 nisi
950 2855 1069 2920 per
1126 2835 1441 2919 quosdam
1500 2845 1770 2920 repente
1814 2835 1896 2902 ab
1938 2836 2246 2902 instituto

283 2932 605 2987 avocatus
640 2919 885 2986 suisset.
957 2921 1228 2986 Iuvenis
1263 2932 1382 3000 est,
1422 2931 1619 2987 natus
1654 2923 1935 2988 tolerare
1971 2920 2243 2999 labores,

281 3006 469 3090 quali
512 3005 596 3071 ad
641 3005 883 3090 duplex
926 3005 1093 3072 illud
1127 3028 1295 3074 onus
1328 3028 1491 3091 opus
1524 3008 1741 3075 fuerit.
1813 3008 2014 3075 Hunc
2047 3009 2244 3074 inter·

280 3092 671 3174 pellandum
716 3112 967 3171 censeo,
1013 3092 1128 3157 sed
1164 3114 1297 3159 non
1346 3116 1490 3159 meo
1533 3095 1827 3160 nomine:
1896 3096 2051 3178 quia
2094 3115 2245 3159 eum

280 3180 572 3243 antehac
638 3177 720 3242 de
783 3177 1012 3243 eadem
1081 3200 1152 3244 re
1217 3179 1660 3246 sollicitaram.

278 3285 402 3346 per
437 3286 605 3347 quos
648 3263 771 3328 hoc
814 3264 1149 3330 commode
1193 3266 1337 3330 fieri
1381 3266 1606 3349 possit.
1694 3264 1874 3347 Quin
1922 3273 1988 3329 et
2031 3266 2247 3330 Aure·

279 3348 537 3415 lianam
584 3348 922 3415 ecclesiam
967 3349 1154 3414 facile
1200 3350 1321 3416 hoc
1381 3350 1717 3416 autoritati
1785 3359 1941 3415 tuae
1984 3370 2246 3417 conces·

277 3455 515 3501 suram
580 3444 759 3518 put0,
827 3434 884 3500 si
949 3434 1140 3500 modo
1206 3437 1261 3500 is
1329 3434 1566 3502 adduci
1633 3445 1847 3519 queat.
1938 3436 2109 3500 Nam
2169 3432 2249 3500 de

276 3519 707 3603 subrogando
761 3520 819 3585 ei
878 3542 1008 3585 non
1066 3520 1419 3587 admodum
1482 3521 1945 3587 laboraremus.
2035 3521 2252 3585 Instat

277 3605 391 3672 hic
460 3606 630 3671 mihi
681 3606 1094 3688 Querculus7)
1164 3628 1297 3672 non
1359 3607 1598 3690 alioqui
1670 3606 1987 3685 indoctus,
2044 3614 2123 3671 ut
2177 3607 2249 3670 in

274 3690 505 3759 locum
572 3691 857 3775 aliquem
910 3692 1309 3758 intrudatur.
1412 3691 1627 3759 Credo
1694 3702 1758 3758 te
1811 3692 1978 3757 meis
2029 3692 2250 3757 novis·

275 3778 474 3843 simis
535 3777 744 3843 literis
804 3779 1149 3844 certiorem
1207 3780 1480 3857 factum,
1538 3777 1822 3844 voluisse
1869 3776 2173 3858 Spinam,
2199 3780 2252 3853 ⁸)

497 4034 557 4100 2)
596 4040 841 4115 emergat
878 4074 889 4086 .
930 4073 942 4087 .
982 4075 995 4087 .

496 4103 561 4239 {i
594 4102 886 4294 {322}ss
909 4170 977 4224 L.

496 4240 557 4309 5)
666 4241 873 4295 atthica
905 4239 1158 4294 Brouart
1191 4237 1258 4293 de
1297 4237 1375 4293 St.
1409 4236 1809 4319 Denda-napus
1843 4254 1888 4293 e.
1925 4236 2064 4319 1ξ>20
2082 4243 2252 4319 ‚patre

272 4314 523 4376 tenore,
556 4315 730 4364 matre
765 4323 953 4363 sorore
972 4309 1259 4363 F'rancioei
1286 4306 1505 4363 Vatabli
1534 4322 1633 4376 qm
1666 4323 1786 4361 etas
1818 4307 2011 4389 :studia
2029 4307 2251 4389 ducant.

273 4376 481 4501 §.³:53
509 4376 1167 4515 amima:
1188 4375 2254 4527 wtatraaepttrt2m:

274 4514 549 4583 Agrippa
585 4514 911 4584 δ’Διιὺίρηέ,
949 4516 1027 4569 ad
1066 4514 1310 4568 Momm
1345 4513 1489 4582 Arm
1534 4520 1587 4568 et
1620 4514 1906 4568 Aureliam
1953 4528 2011 4567 ae
2049 4521 2252 4582 ree-epol

274 4585 381 4640 ubi
416 4600 645 4638 uorem
669 4588 842 4654 pestis
878 4584 1139 4652 abripuit.
1212 4582 1472 4637 Aureliae
1504 4599 1574 4637 m.
1609 4581 1741 4637 Noe.
1773 4583 1959 4649 factus
1992 4589 2075 4636 est
2102 4583 2253 4662 prof.

274 4654 317 4707 l.
352 4653 510 4708 hebr.
555 4653 725 4707 Anno
762 4652 899 4707 1568
941 4667 1142 4707 rursus
1185 4651 1318 4708 bello
1363 4650 1517 4706 civili
1552 4651 1750 4720 pulsu
1782 4667 1846 4705 m
1884 4651 2073 4706 Monte
2107 4652 2251 4733 Atqu

272 4722 507 4802 eoae-923
548 4721 786 4777 director
828 4728 1047 4777 creatae
1091 4727 1187 4802 esf,
1227 4725 1362 4789 post
1404 4719 1620 4775 caedem
1654 4720 2151 4802 Bartholomaieqm
2189 4737 2252 4775 tn

274 4806 311 4844 ⁰
422 4790 1183 4928 wamiam.
1210 4787 1837 4925 ⁰²‹1}.‘·²„'2‘}‘''51..“‘m0..¹⁵⁷⁴r
1859 4789 2251 4927 Ρέῗζῗωὲπ

419 4927 459 4981 2
494 4930 808 5065 gyara-epta
839 4996 981 5049 istnc
1014 4996 1382 5065 commigravi.
1455 4995 1687 5048 Paratus
1724 4995 1795 5051 L.

499 5063 559 5132 7)
600 5065 734 5119 Non
785 5064 1207 5131 confundendus
1256 5080 1377 5119 eun
1436 5062 1785 5133 quercetano.
1884 5062 2026 5145 Vide·
2064 5064 2253 5145 potius

272 5134 343 5187 N.
386 5132 549 5187 2641.
599 5132 756 5187 2661.
838 5133 1095 5189 noman
1150 5131 1475 5202 Quaerendum
1519 5134 1833 5187 ministrum
1886 5132 2255 5187 Par-mmm

272 5202 499 5257 sidunt
535 5201 813 5324 ΟῬιιονεὶ,
851 5201 979 5269 qu.
1017 5203 1086 5257 de
1119 5202 1306 5256 Paria.
1337 5218 1392 5270 p.
1432 5199 1531 5255 1⁷9
1566 5208 1617 5257 et
1654 5202 1897 5255 Bealetin
1932 5200 2054 5255 xn.
2091 5199 2174 5254 10.

268 5340 447 5397 m
497 5271 534 5326 8
626 5288 720 5405 {rm
763 5275 927 5326 antea
969 5271 1036 5327 de
1080 5270 1613 5349 eoweandoBesa
1659 5268 2250 5340 ωριωοιι(Ν.3514.

1034 4074 1047 4086 .
1085 4033 1270 4103 abigat
1308 4033 1375 4088 L.

498 5426 718 5483 Calvina·
750 5441 937 5495 opera.
1019 5425 1131 5481 Vol.
1170 5422 1302 5479 XX.

1770 423 1932 485 1563
1979 417 2814 486 OOTOR—NOVEMB.

1771 3180 1918 3245 Non
1988 3178 2271 3255 desunt,.

4179 424 4305 486 178

2337 607 2446 674 cui
2490 613 2631 673 tota
2663 628 2770 674 res
2813 613 2913 673 est
2951 605 3316 687 commissa,
3362 628 3468 674 me
3512 607 3580 673 in
3617 607 3911 675 scholam
3953 607 4138 674 illam
4181 608 4305 673 tri-

2338 693 2637 777 linguem
2701 692 3101 776 pertrahere,
3169 713 3366 776 quam
3433 702 3656 760 noster
3719 695 4026 779 princeps
4086 694 4301 779 erigit.

2339 777 2473 845 Ubi
2538 777 2701 843 mihi
2768 776 3292 863 quadringentae
3356 778 3731 863 pendantur
3792 779 3997 845 librae
4040 789 4304 863 praeter

2341 862 2560 929 aedeis
2603 873 2671 929 et
2713 864 2846 929 alia
2888 863 3229 931 commoda
3272 885 3405 930 non
3446 886 3690 949 pauca:
3738 864 3854 932 sed
3889 885 3997 931 me
4031 866 4304 931 omnino

2341 949 2670 1028 statuisse,
2732 950 3045 1034 quamdiu
3100 971 3208 1016 res
3265 951 3617 1034 patientur,
3677 950 4028 1018 stationem
4087 972 4303 1017 meam

2342 1036 2534 1114 tueri,
2580 1045 2776 1120 atque
2813 1035 2986 1101 hanc
3021 1056 3215 1118 quam
3249 1044 3481 1104 nactus
3517 1059 3662 1103 sum
3699 1045 3991 1120 spartam
4029 1056 4301 1103 ornare:

2343 1119 2516 1205 quod
2555 1122 2807 1187 utinam
2855 1121 3016 1186 felix
3060 1143 3136 1189 ac
3179 1123 3468 1188 faustum
3511 1123 3616 1188 sit.
3706 1122 3911 1188 Novit
3952 1121 4303 1202 Dominus,

2343 1227 2472 1289 quo
2514 1207 2582 1272 id
2629 1209 2846 1273 animo
2889 1207 3140 1286 faciam,
3208 1217 3275 1272 et
3317 1207 3594 1274 antehac
3636 1209 3935 1275 fecerim:
4003 1229 4127 1275 nec
4170 1228 4302 1273 non

2344 1292 2511 1357 mihi
2571 1301 2767 1358 tesoes
2824 1302 3023 1359 erunt
3066 1293 3553 1377 quamplurimi,
3622 1314 3819 1377 quam
3864 1314 4122 1378 semper
4164 1302 4307 1359 stu·

2346 1376 2570 1444 diosus
2612 1379 2852 1445 fuerim
2894 1378 3163 1462 patriae,
3208 1379 3320 1445 ubi
3366 1379 3471 1444 vel
3516 1379 3850 1445 tantillum
3895 1380 4037 1463 spei
4075 1400 4307 1462 super·

2346 1471 2509 1529 erat.
2568 1464 2744 1529 Boni
2779 1485 2935 1549 ergo
2971 1463 3256 1543 consule,
3281 1465 3451 1548 quod
3477 1466 3819 1543 vicarium,
3857 1474 3933 1530 ut
3962 1464 4072 1530 effl
4163 1465 4304 1544 ‘tas,

2347 1549 2702 1629 nominem,
2768 1551 2933 1615 mihi
3000 1550 3072 1615 in
3138 1551 3414 1616 caeteris
3481 1571 3686 1633 paene
3751 1571 4000 1635 parem,
4059 1551 4128 1615 la
4173 1551 4306 1617 oris

2347 1635 2697 1700 tolerantia
2755 1644 2822 1700 et
2870 1637 3160 1720 corporis
3224 1635 3612 1702 habitudine
3656 1658 3732 1702 ac
3777 1657 4089 1701 sensuum
4132 1636 4307 1701 inte-

2348 1721 2590 1805 gritate
2643 1721 2837 1806 longe
2889 1721 3312 1805 superiorem.
3417 1721 3618 1787 Aliud
3687 1724 3747 1787 si
3961 1724 4049 1786 im
4116 1741 4306 1804 prae-

2348 1815 2543 1884 stare,
2591 1807 2799 1873 multo
2842 1829 3004 1874 sane
3047 1806 3361 1874 libentius
3405 1806 3750 1891 praestabo
3804 1828 3880 1874 ac
3924 1807 4307 1892 diligentius

2348 1893 2710 1976 maiorique
2753 1893 3171 1960 contentione
3215 1914 3412 1976 quam
3448 1914 3488 1958 a
3510 1914 3617 1959 me
3652 1894 4042 1977 postuletur.
4110 1891 4311 1957 Nunc

2346 1977 2524 2043 hanc
2573 1980 2835 2044 veniam
2894 1978 2978 2044 da
3035 1988 3152 2045 tuo
3196 1977 3495 2060 Mer-cerv,
3549 1988 3620 2045 et
3660 2001 3766 2045 me
3812 1979 4063 2062 patriae
4106 1977 4308 2044 relin-

2346 2065 2525 2147 quito
2562 2065 2904 2148 tantisper,
2939 2064 3098 2130 dum
3132 2064 3241 2130 hic
3276 2086 3472 2150 agere
3493 2065 3663 2133 licet.
3724 2065 4054 2131 Dominus
4077 2073 4308 2130 nostra

2348 2148 2594 2234 dirigat
2647 2151 2939 2228 consilia,
2995 2149 3212 2216 studia
3270 2163 3337 2216 et
3393 2160 3667 2217 conatus
3717 2151 4032 2227 fortunet,
4090 2158 4158 2215 et
4213 2158 4300 2229 te,

2348 2235 2454 2301 vir
2510 2236 2811 2319 inprimis
2864 2236 3291 2313 observande,
3358 2235 3471 2301 diu
3530 2257 3686 2303 suae
3730 2236 4039 2303 ecclesiae
4082 2244 4308 2302 servet

2348 2320 2763 2387 incolumem.
2837 2322 3144 2389 Lutetiae
3182 2344 3331 2406 pen.
3379 2321 3702 2402 Octobris,
3747 2342 3919 2387 anno
3967 2323 4152 2387 1563.

3714 2460 3898 2525 Tuus
3943 2459 3996 2523 I.
4045 2457 4137 2522 M.

3233 3000 3436 3073 4⁰40.

2758 3155 3228 3224 zANons
3273 3152 3836 3223 OHAILLETO.
3869 3155 3920 3238 ¹)

2532 3326 2683 3393 Post
2761 3329 3070 3412 inteyrum
3146 3332 3431 3393 semestre
3507 3327 3707 3393 denuo
3783 3332 4040 3394 veterem
4126 3348 4318 3395 suam

2354 3414 2644 3481 oramben
2709 3416 2996 3496 recoquit,
3062 3412 3270 3480 oblata
3335 3415 3468 3478 iam
3544 3415 3733 3479 etiam
3789 3413 4316 3499 Luydunemibioe

2353 3519 2475 3565 sua
2511 3501 2911 3580 praesentiae
2950 3499 3320 3581 definitione.

2635 3756 2746 3821 (Ex
2782 3756 2953 3810 'I'omo
2988 3755 3139 3810 VIII.
3176 3754 3315 3824 Opp.
3351 3754 3554 3808 Zanchi
3591 3755 3655 3808 P.
3693 3754 3762 3810 11.
3799 3772 3855 3825 p.
3894 3754 4044 3821 138.)

2526 3927 2829 4006 Falleris,
2891 3927 2984 3991 mi
3047 3927 3249 3992 frater
3302 3926 3656 4004 carissime,
3716 3925 3962 3992 falleris
4016 3929 4310 4012 inquam,

2355 4035 2475 4080 nec
2532 4034 2768 4097 parum
2829 4012 3100 4093 falleris,
3169 4013 3226 4077 si
3274 4020 3468 4095 putas
3526 4031 3635 4076 me
3689 4033 3731 4076 a
3782 4011 4024 4078 tradita
4081 4022 4150 4077 et
4197 4014 4310 4080 de-

2354 4098 2542 4166 fensa
2578 4121 2694 4182 per
2738 4120 2844 4163 me
2878 4098 2990 4164 hic
3024 4097 3338 4176 doctrina,
3376 4096 3480 4163 vel
3524 4097 3733 4162 latum
3777 4098 3839 4162 d'
3896 4099 4062 4164 'tum
4099 4119 4315 4165 reces-

2356 4188 2538 4263 sisse,
2578 4184 2686 4251 vel
2721 4184 2916 4250 etiam
2960 4183 3388 4250 defectionem
3427 4181 3633 4247 ullam
3679 4184 3801 4248 sim
3877 4204 4037 4249 asse.
4112 4183 4313 4250 Prin-

2353 4272 2523 4355 cipio
2587 4270 2844 4337 articuli
2901 4272 2969 4334 in
3037 4290 3109 4336 se
3175 4268 3340 4335 nihil
3376 4279 3599 4351 aperte
3636 4269 3911 4352 impium
3949 4270 4310 4350 continent,

2354 4359 2461 4423 cui
2518 4378 2650 4423 non
2706 4356 2913 4439 possit
2962 4356 3132 4421 bona
3186 4355 3602 4431 conscientia,
3659 4354 3774 4419 sed
3832 4353 4143 4422 adhibitis
4196 4377 4313 4421 ex-

2353 4442 2783 4528 ceptionibus,
2819 4443 2955 4507 imo
2991 4443 3188 4506 etiam
3224 4441 3332 4506 cui
3367 4460 3501 4505 non
3539 4439 3791 4518 debeat,
3836 4440 4015 4523 pacis
4051 4440 4315 4509 scholae

2354 4538 2555 4612 atque
2620 4527 2929 4594 eeclesiae
2985 4523 3472 4594 conservandae
3525 4526 3758 4610 gratia,
3824 4524 4176 4593 subscribi:
4244 4527 4315 4593 id

2352 4614 2524 4697 quod
2568 4616 2766 4681 etiam
2809 4614 2894 4680 D.
2934 4611 3238 4679 Calvinus
3269 4631 3404 4676 non
3438 4611 3638 4677 semel
3684 4616 3959 4677 testatus
4005 4622 4122 4692 est,
4169 4620 4314 4680 tum

2354 4772 2616 4779 ——-—-·—-—
2631 4772 2762 4779 *—

2351 4852 2628 4921 4040 1)
2661 4852 2858 4907 David
2890 4850 3119 4906 Ghasslet
3150 4850 3523 4905 Noocomenm
3558 4866 3608 4903 α.
3651 4846 3783 4901 1562
3816 4865 3868 4903 v.
3905 4847 3961 4902 d.
3996 4865 4063 4904 ιιι.
4097 4849 4311 4906 &Del-

2348 4923 2604 4991 plu’aam,
2645 4929 2838 4990 postea
2876 4919 3144 4989 Luydum’
3184 4919 3332 4974 unde
3364 4934 3416 4972 a.
3454 4915 3591 4972 1565
3633 4920 3697 4971 in
3740 4918 3988 4985 patriam
4032 4917 4199 4973 rediit
4232 4921 4314 4976 ὧι·

2351 4991 2532 5047 denuo
2564 4992 2869 5045 minieoerio
2897 4989 3208 5055 [umarus.
3267 4986 3352 5052 Of.
3372 4984 3630 5053 Arnaud,
3649 4987 3795 5041 Hist.
3814 4987 3871 5040 d.
3884 4991 4031 5054 prot.
4050 4987 4129 5041 du
4147 4985 4312 5043 Dau-

2392 5059 2522 5114 λίηέ
2556 5060 2626 5114 11.
2661 5057 2782 5113 381.
2819 5058 2988 5127 Ηααρ
3019 5056 3115 5111 111.
3142 5055 3247 5110 311
3281 5057 3383 5126 qui
3413 5056 3616 5110 librum
3649 5057 3719 5111 ab
3753 5070 3814 5110 eo
3848 5056 4053 5110 eduum
4086 5056 4312 5113 kimat.-

2400 5127 2540 5183 raite
2574 5128 2644 5182 de
2679 5128 2734 5182 la
2766 5127 2842 5181 fin
2876 5144 2947 5181 on
2982 5142 3145 5196 usage
3179 5125 3277 5178 des
3312 5124 3562 5178 miracles
3597 5130 3656 5178 et
3688 5125 3757 5178 de
3794 5125 3847 5177 la
3880 5124 4201 5194 conception
4238 5126 4307 5182 de

2353 5198 2408 5252 la
2442 5197 2531 5251 vie
2665 5196 2855 5250 Maris.
2908 5195 3079 5250 Paris.
3114 5208 3158 5247 ε.
3196 5209 3248 5249 a.
3313 5193 3463 5247 Eiet.
3498 5193 3620 5248 ecel.
3654 5193 3751 5248 ΙΙΙ.
3785 5191 3891 5246 216
3924 5208 4044 5247 eum
4078 5210 4191 5249 non
4226 5210 4311 5251 re-

2352 5272 2532 5322 censet
2562 5271 2707 5321 auter
2739 5265 3024 5320 αἰκίαν-οε
3045 5262 3445 5332 landum
3476 5261 3576 5332 quo·
3608 5262 3847 5318 aderam
3878 5268 4114 5331 tenpore
4146 5262 4322 5322 odiat·

2354 5334 2637 5404 Ianuarii,
2671 5350 2800 5404 erqo
2828 5339 2955 5404 pou
2987 5333 3088 5389 hoc
3120 5329 3409 5387 admisu
3438 5330 3672 5388 videtur.
