4900 6125
307 400 422 461 341

305 595 545 660 missus
562 642 577 670 ‚
644 590 939 656 ascendit
980 585 1050 655 iti
1095 588 1349 656 coelum
1367 640 1385 669 ,
1430 588 1768 674 captivum
1814 611 2036 658 secum
2082 589 2272 657 duxit

304 678 773 763 captivitatem,
820 674 1001 741 dedit
1041 684 1110 741 et
1155 673 1268 740 dat
1310 673 1485 742 dena
1526 674 1924 756 hominibus,
1963 677 2076 760 qui
2109 697 2270 743 ven·

304 773 494 832 turus
548 770 651 829 est
703 761 994 829 iudicare
1047 760 1237 827 vives
1294 769 1362 827 et
1423 771 1750 837 mertuos,
1816 763 1910 828 ita
1956 761 2268 845 quemad·

303 851 566 918 medum
614 847 930 925 discessit,
1015 848 1084 912 ui
1127 856 1230 914 est
1270 846 1652 914 benedictus
1686 847 1873 913 Deus
1915 847 1987 912 in
2029 847 2268 927 secula,

304 937 419 1004 sed
486 944 703 1001 tamen
753 954 882 999 nen
949 934 970 998 i
1020 953 1125 999 em
1183 934 1296 1016 qui
1341 942 1564 1019 pater,
1630 932 1977 999 identitate
2019 933 2271 1000 scilicet

303 1022 580 1100 numeri,
627 1017 949 1086 individui
987 1027 1106 1085 aut
1138 1040 1479 1102 personae:
1527 1018 1640 1085 scd
1680 1019 2063 1105 unigenitus
2089 1019 2270 1086 filius

302 1109 463 1183 Dei,
506 1107 616 1192 qui
675 1117 743 1172 et
787 1104 958 1185 λόγος
1001 1106 1069 1170 in
1130 1105 1452 1188 principie
1495 1105 1670 1189 apud
1716 1106 1937 1171 Deum
1982 1105 2137 1184 fuit,
2203 1113 2270 1170 et

300 1193 567 1278 quidem
622 1193 751 1257 fuit
807 1212 941 1256 nen
1002 1192 1178 1274 apud
1223 1213 1294 1257 se
1336 1191 1590 1276 ipsum,
1650 1190 1767 1256 sed
1810 1191 1985 1276 apud
2024 1192 2265 1270 Deum,

301 1281 374 1345 in
419 1281 570 1345 sinu
622 1279 855 1361 patris,
913 1299 998 1343 ex
1048 1297 1180 1360 que
1236 1278 1427 1343 nobis
1481 1277 1811 1343 revelavit
1867 1278 2124 1353 emnia,
2183 1299 2264 1343 ex

301 1387 429 1451 que
495 1365 694 1430 etiam
764 1365 1005 1429 missus
1072 1372 1174 1427 est
1240 1362 1591 1448 languores
1655 1372 1918 1429 nostres
1983 1372 2264 1447 portare,

301 1449 620 1518 suscitare
684 1458 976 1515 mertuos
1033 1457 1102 1513 et
1156 1450 1481 1532 sanguine
1540 1470 1659 1515 sue
1717 1449 2057 1516 ecclesiam
2121 1450 2265 1514 Dee

299 1537 472 1621 patri
538 1536 877 1619 acquirere
942 1544 1062 1599 ete.
1155 1533 1378 1615 Quum
1437 1535 1541 1602 his
1596 1536 1770 1600 euim
1832 1543 1900 1601 et
1942 1534 2265 1601 similibus

300 1621 1011 1706 circumscriptionibus
1053 1627 1370 1702 tanquam
1415 1621 1797 1687 certissimis
1842 1622 2019 1686 netis
2067 1631 2264 1770 atssue

300 1731 338 1775 e
385 1709 637 1782 ithetis,
705 1707 1101 1782 rectissime,
1166 1705 1550 1782 iustissime,
1609 1715 1678 1772 et
1719 1707 2089 1773 necessario
2203 1707 2261 1771 ei

299 1797 345 1860 fi
373 1796 464 1870 ie,
532 1793 798 1859 domino
865 1801 1091 1858 nestro
1151 1792 1307 1858 Iesu
1366 1791 1668 1868 Christe,
1715 1793 1840 1858 Dei
1908 1791 2263 1876 appellatio

299 1881 371 1946 in
414 1881 757 1963 scripturis
802 1879 1132 1956 tribuitur,
1178 1877 1293 1945 sed
1336 1877 1633 1944 absolute
1676 1879 1796 1944 soli
1842 1887 2100 1943 tantum
2146 1899 2261 1961 pa-

301 1966 408 2044 tri,
453 1987 600 2031 cum
645 1965 969 2048 particula
1027 1985 1141 2030 seu
1199 1963 1477 2030 articulo
1537 1984 1726 2029 unus.
1813 1963 2023 2047 quue
2065 1985 2261 2048 prep-

299 2062 496 2129 terea,
544 2063 614 2116 ut
659 2051 1054 2134 ambiguitas
1094 2050 1309 2115 omnis
1351 2050 1422 2113 in
1459 2049 1787 2133 scriptura
1831 2050 2122 2126 tollatur,
2187 2070 2264 2115 ae

298 2137 712 2221 potissimum
753 2135 1136 2202 Sabelliana
1177 2135 1494 2210 confusio,
1541 2156 1708 2218 quae
1751 2147 2003 2201 mentes
2048 2136 2260 2201 homi·

297 2242 459 2289 num
524 2243 881 2304 occupasse
945 2240 1343 2305 magnopere
1410 2220 1707 2296 videtur,
1773 2221 1936 2287 adeo
1996 2229 2072 2286 ut
2128 2243 2260 2286 neu

296 2307 677 2393 intelligant
743 2308 813 2371 in
879 2307 1401 2372 invocationibus
1470 2315 1539 2372 et
1615 2305 2021 2373 orationibus
2104 2308 2260 2386 suis,

297 2415 492 2479 quem
537 2394 756 2460 Deum
803 2394 1129 2472 invocent,
1175 2399 1244 2456 et
1286 2412 1404 2474 per
1445 2413 1674 2475 quem,
1718 2401 1838 2458 aut
1877 2393 1949 2457 in
1994 2392 2263 2457 nomine

294 2483 482 2547 cuius
524 2478 850 2568 sacrificia
894 2476 1109 2543 laudis
1147 2478 1283 2544 eris
1325 2479 1427 2544 sui
1471 2487 1911 2561 prosternant,
1976 2486 2263 2561 suntque

296 2567 459 2631 adeo
501 2564 714 2642 multi,
755 2564 865 2647 qui
910 2584 1109 2646 quum
1157 2563 1260 2628 vel
1304 2566 1553 2647 gratias
1587 2563 1855 2630 domino
1879 2565 2021 2629 Dee
2056 2572 2265 2649 agunt

295 2652 401 2717 vel
445 2652 807 2716 orationem
856 2648 1281 2726 dominicam,
1330 2650 1530 2714 Pater
1592 2659 1845 2726 noster,
1904 2650 2021 2733 qui
2077 2670 2148 2714 es
2190 2651 2257 2714 in

293 2737 514 2814 coelis,
556 2737 857 2812 recitant,
903 2734 985 2799 ad
1032 2743 1239 2799 totam
1286 2736 1670 2811 trinitatem,
1715 2734 1784 2800 id
1828 2743 1949 2814 est,
1995 2734 2077 2801 ad
2113 2756 2264 2801 een-

295 2824 519 2889 fusum
566 2822 785 2887 Deum
833 2819 1104 2888 Sabellii
1172 2831 1457 2886 mentem
1521 2820 1852 2907 dirigant,
1921 2830 1990 2886 et
2053 2820 2263 2886 multa

291 2917 453 2975 sunt
493 2908 636 2974 eius
727 2907 946 2973 eneris
991 2915 1210 2971 errata
1255 2916 1452 2990 atque
1495 2917 1820 2991 portenta.
1896 2907 2067 2973 Nam
2106 2906 2262 2971 date

296 3014 432 3059 une
475 2995 675 3061 absur
722 3015 780 3071 e,
824 2992 1089 3058 infinita
1132 2992 1319 3076 sequi
1361 2992 1593 3071 solent,
1639 3001 1706 3058 et
1748 3013 1933 3058 error
1970 3012 2261 3057 errorem

291 3082 581 3147 trahere.
683 3078 845 3145 Ideo
901 3079 1074 3145 hanc
1142 3078 1623 3145 distinctionem
1667 3079 2069 3163 praedictam
2114 3076 2263 3142 dili-

295 3168 679 3251 gentissime
733 3163 1214 3231 observandam
1273 3186 1416 3230 esse
1470 3164 1740 3241 decent,
1796 3164 1971 3249 qued
2015 3164 2265 3232 scilicet

295 3252 424 3318 hae
479 3261 548 3317 et
601 3252 746 3317 eius
782 3251 1047 3334 generis
1089 3249 1560 3333 descriptiones
1602 3251 2265 3335 circumstantiaeque

293 3337 667 3413 ostendant,
710 3336 1083 3408 declarent,
1125 3344 1464 3401 coarctent
1503 3349 1572 3401 et
1615 3336 2020 3420 restringant
2058 3338 2263 3419 scrip-

292 3432 545 3497 turam,
590 3423 672 3488 ad
720 3442 914 3505 quem
961 3421 1188 3486 referri
1234 3419 1501 3498 debeat,
1569 3428 1637 3486 et
1679 3420 1760 3486 de
1802 3443 1931 3503 que
1978 3423 2123 3487 Dee
2166 3421 2264 3485 lo-

335 3520 582 3575 uantur
623 3507 1004 3591 prophetae,
1051 3528 1135 3571 an
1181 3506 1430 3573 scilicet
1472 3507 1555 3572 de
1588 3507 1890 3591 ingenite
1925 3517 2131 3590 patre,
2178 3526 2265 3570 an

342 3617 378 3660 e
468 3596 646 3660 enite
688 3594 860 3660 filio:
928 3615 1010 3657 an
1070 3591 1153 3657 de
1212 3614 1288 3658 eo
1342 3594 1456 3675 qui
1501 3602 1604 3658 est
1643 3594 1812 3673 λόγος
1854 3594 1937 3659 ab
1978 3602 2263 3667 aeterne,

295 3702 384 3746 an
475 3703 511 3745 e
554 3700 631 3745 ee
675 3678 850 3762 apud
897 3698 1095 3761 quem
1139 3678 1268 3743 fuit
1309 3677 1586 3744 verbum
1631 3680 1698 3743 in
1747 3678 2095 3762 principie,
2142 3677 2264 3743 hec

295 3778 398 3833 est
461 3788 548 3832 an
619 3765 700 3829 de
755 3764 1114 3831 mediatore
1169 3762 1434 3829 domine
1507 3774 1732 3830 nostre
1775 3765 1928 3830 Iesu
1972 3762 2266 3845 Christe,

294 3874 380 3918 an
452 3851 531 3917 de
598 3872 675 3916 eo
741 3849 821 3914 ad
890 3871 1085 3932 quem
1151 3850 1293 3932 ipse
1356 3860 1423 3915 et
1480 3850 1654 3915 inter
1694 3871 1861 3931 quae
1904 3849 2078 3914 idem
2124 3849 2264 3931 ipse

291 3938 619 4003 mediator
661 3944 780 4001 est.
853 3933 1428 4016 Quemadmodum
1470 3933 1830 4001 secundum
1868 3935 2262 4000 sententiam

291 4024 591 4090 omnium
636 4021 1003 4097 doctorum,
1048 4042 1125 4087 ac
1167 4022 1585 4103 potissimum
1631 4021 1909 4096 Hilarii,
1954 4019 2266 4087 Christus

291 4131 557 4192 semper
576 4108 661 4174 ab
682 4118 948 4173 aeterno
986 4106 1131 4183 fuit,
1174 4116 1245 4173 et
1277 4118 1379 4172 est
1413 4107 1750 4181 mediator,
1796 4108 1996 4172 etiam
2033 4127 2264 4173 crean-

293 4195 530 4260 darum
597 4214 818 4259 rerum
888 4192 1204 4258 emnium,
1308 4191 1555 4259 Omnia
1619 4194 1795 4258 enim
1861 4213 1981 4276 per
2045 4194 2262 4277 ipsum

294 4281 475 4347 facta
515 4290 692 4356 sunt,
739 4286 806 4345 et
849 4280 993 4345 sine
1036 4279 1178 4362 ipse
1222 4277 1466 4344 factum
1512 4285 1615 4344 est
1659 4278 1826 4343 nihil
1851 4329 1867 4355 ,
1913 4277 2086 4361 quod
2131 4279 2263 4344 fac-

296 4378 443 4432 tum
509 4374 639 4433 est:
710 4364 884 4431 facta
945 4364 1158 4431 silicet
1216 4385 1334 4447 per
1400 4364 1615 4446 ipsum
1678 4365 1934 4438 omnia,
2000 4364 2266 4429 volente

295 4464 368 4517 et
427 4462 736 4535 tanquam
805 4452 1070 4517 iubente
1134 4462 1354 4535 patre,
1422 4450 1558 4514 filio
1625 4471 1781 4516 vere
1855 4450 2261 4515 veluntatem

295 4539 506 4622 patris
549 4546 935 4618 exequente.
955 4540 1012 4612 ⁴)

473 4625 606 4689 Pro
649 4624 898 4705 quinte.
945 4621 1020 4688 Si
1067 4620 1148 4686 ad
1186 4621 1589 4706 praedictam
1624 4623 2263 4706 argumentationem

293 4717 529 4777 contra
584 4710 980 4774 sententiam
1028 4708 1274 4772 demini
1331 4706 1618 4773 doctoris
1663 4707 2031 4774 &maini
2074 4708 2264 4774 insti-

295 4804 513 4861 tutam
558 4796 1103 4880 responderetur,
1168 4792 1380 4859 filium
1429 4793 1557 4858 Dei
1601 4814 1746 4859 esse
1789 4793 1998 4860 filium
2041 4815 2264 4878 perse-

296 4902 426 4947 nae
468 4890 795 4964 paternae,
840 4880 965 4947 hec
1009 4887 1143 4955 est,
1202 4880 1271 4943 in
1317 4889 1636 4962 quantum
1681 4879 1822 4962 ipse
1865 4889 2054 4965 pater
2096 4879 2266 4946 alius

296 4975 405 5033 est
445 4987 757 5050 persona,
803 4987 842 5030 a
884 4967 1054 5044 filie,
1120 4975 1396 5031 eatenus
1436 4974 1539 5031 est
1579 4964 1678 5030 illi
1719 4974 1910 5049 pater
1953 4977 2021 5032 et
2054 4964 2262 5032 Deus.

295 5052 732 5137 Respondent
788 5053 897 5119 isti
954 5052 1183 5116 itidem
1242 5049 1451 5116 relabi
1494 5050 1858 5118 doctrinam
1901 5058 2148 5119 certam
2196 5054 2264 5116 in

294 5137 500 5204 verbo
545 5138 674 5203 Dei
715 5137 1092 5215 fundatam,
1159 5137 1229 5202 in
1276 5136 1485 5201 multe
1528 5137 1814 5204 incertas
1868 5138 2264 5222 interpreta-

507 5326 569 5393 4)
609 5327 795 5382 Ho‘lar.
831 5326 866 5381 1.
904 5325 1014 5381 lv.
1047 5325 1117 5380 do
1149 5326 1281 5381 trin.

2117 403 2281 469 1564
2324 403 2511 471 IUL.

4198 404 4327 470 342

2374 593 2588 660 tiones
2631 592 2995 667 humanas,
3038 610 3204 676 quas
3248 589 3634 672 plerumque
3678 591 3903 674 magni
3945 600 4012 656 et
4055 593 4337 658 inextri-

2371 674 2617 746 cabiles
2659 675 3029 763 labyrinthi
3070 684 3577 760 consequantur,
3618 695 3784 758 ques
3827 698 3900 742 se
3935 697 4339 762 magnopere

2371 764 2805 831 reformidare
2873 763 3132 841 dicunt,
3199 771 3267 826 et
3328 781 3562 827 cavere
3627 761 3850 839 unice,
3896 784 3980 828 ne
4024 763 4098 828 in
4141 765 4339 845 selas,

2370 851 2584 916 nudas
2627 850 2983 916 relationes
3026 857 3142 915 aut
3184 847 3656 930 proprietates,
3712 848 3883 914 sicut
3922 849 3996 913 in
4039 848 4341 920 doctrina

2370 935 2758 1003 scholastica
2801 957 2921 1002 seu
2964 935 3282 1019 papistica
3336 932 3579 998 factum
3626 941 3755 1009 est,
3819 936 4156 1019 generatio
4214 936 4337 1004 filii

2370 1023 2498 1089 Dei
2558 1021 2915 1099 reincidat,
2978 1043 3055 1088 ac
3194 1019 3521 1085 tissimum
3579 1018 3650 1083 in
3692 1018 3875 1084 illam
3920 1021 4337 1103 quorundam

2370 1108 2684 1174 usitatam
2746 1107 3055 1192 phrasin,
3170 1125 3286 1171 eus
3328 1106 3398 1170 in
3443 1112 3764 1187 quantum
3813 1103 3999 1172 Deus
4041 1128 4172 1172 nen
4219 1129 4334 1194 ge-

2369 1205 2579 1272 nerat,
2625 1192 2741 1260 sed
2785 1194 2857 1259 in
2900 1200 3219 1276 quantum
3257 1211 3551 1274 persona.
3627 1187 3814 1271 Quae
3848 1190 4111 1274 phrasis
4146 1214 4337 1278 prae-

2371 1287 2474 1344 ter
2516 1279 2939 1345 autoritatem
2983 1277 3175 1343 verbi
3218 1277 3346 1342 Dei
3392 1278 3654 1359 spinese
3699 1285 3766 1341 et
3807 1276 4171 1359 periculose
4228 1278 4335 1343 in-

2369 1365 2672 1431 troducta
2734 1385 2877 1430 esse
2943 1363 3209 1429 videtur
3275 1384 3315 1428 a
3368 1361 3759 1446 quibusdam
3816 1363 3888 1426 in
3949 1363 4335 1445 Ecclesiam,

2367 1449 2539 1535 quod
2584 1450 2834 1518 scilicet
2897 1449 3342 1533 pluralitatem
3384 1448 3680 1514 Deorum
3739 1447 4052 1515 inducere
4110 1450 4334 1516 videa-

2366 1547 2507 1602 tur:
2600 1537 2873 1620 Nempe,
2918 1535 3092 1619 quod
3136 1534 3305 1600 alius
3347 1533 3533 1599 Deus
3578 1532 3938 1599 secundum
3983 1537 4335 1601 essentiam

2366 1623 2473 1701 sit,
2540 1633 2607 1690 et
2671 1623 2839 1688 alius
2900 1619 3262 1688 secundum
3327 1638 3672 1703 personas:
3741 1618 3915 1684 unde
3984 1623 4336 1688 manifesta

2366 1710 2771 1793 quaternitas
2811 1708 3110 1791 emergit,
3155 1713 3224 1772 et
3269 1725 3427 1770 vera
3470 1706 3633 1770 trias
3670 1706 3892 1787 patris,
3939 1706 4061 1771 filii
4095 1719 4165 1771 et
4197 1709 4333 1793 spi-

2365 1796 2535 1859 ritus
2577 1795 2788 1860 sancti
2835 1794 3150 1859 aboletur.
3224 1789 3486 1856 Deinde
3532 1793 3734 1869 aiunt,
3780 1791 3990 1856 filium
4031 1793 4160 1857 Dei
4195 1812 4333 1859 nen

2363 1881 2503 1946 fere
2546 1879 3172 1946 consubstantialem
3221 1877 3389 1960 patri
3436 1897 3557 1942 suo
3599 1887 3894 1942 aeterno:
3941 1877 3997 1943 si
4041 1879 4183 1944 eius
4219 1901 4333 1964 ge·

2366 1965 2620 2031 neratio
2685 1966 2754 2030 in
2821 1963 3143 2030 relatione
3206 1982 3635 2046 personarum
3684 1971 3941 2028 tantum
3999 1967 4331 2048 consistet,

2364 2074 2496 2117 non
2535 2059 2754 2116 autem
2791 2052 2858 2116 in
2897 2051 3058 2135 ipsa,
3103 2049 3206 2115 vel
3244 2046 3599 2115 secundum
3639 2047 3848 2130 ipsam
3875 2049 4332 2132 substantiam,

2363 2159 2487 2203 nec
2531 2138 2659 2203 erit
2700 2137 3006 2219 proprius
3051 2145 3120 2201 et
3163 2133 3483 2199 naturalis
3527 2133 3703 2198 filius
3750 2134 3906 2212 Dei,
3952 2136 4065 2200 sed
4112 2137 4331 2204 cuius-

2364 2223 2513 2288 dam
2584 2243 2899 2306 personae
2964 2231 3260 2296 tantum,
3326 2241 3457 2284 non
3516 2219 3921 2288 substantiae
3981 2231 4329 2303 paternae:

2364 2328 2500 2374 non
2567 2309 2765 2373 etiam
2833 2307 3160 2373 habitabit
3222 2305 3292 2369 in
3361 2303 3474 2370 illo
3540 2304 3877 2387 plenitudo
3965 2303 4333 2376 divinitatis

2363 2393 2823 2477 corporaliter,
2892 2391 3006 2458 sed
3073 2399 3334 2457 tantum
3400 2388 3702 2468 relative,
3769 2391 4165 2475 respective,
4212 2414 4333 2459 seu

2365 2481 2830 2563 imaginative‚
2894 2500 3031 2545 nen
3076 2488 3297 2542 autem
3365 2498 3548 2542 vere:
3618 2497 3737 2541 nee
3792 2478 3919 2542 erit
3983 2480 4158 2545 filius
4203 2480 4331 2545 Dei

2365 2564 2941 2631 consubstantialis
2983 2563 3159 2648 patri
3202 2583 3340 2642 sue,
3385 2559 3499 2628 sed
3544 2564 4071 2645 compersonalis.
4147 2565 4333 2647 Quas

2365 2651 2673 2733 loquendi
2732 2655 2801 2715 et
2861 2646 3119 2716 dicendi
3174 2649 3449 2733 phrases
3493 2667 3533 2711 a
3574 2648 3903 2730 scriptura
3943 2659 4170 2716 sancta
4213 2674 4333 2716 ex-

2365 2736 2655 2803 orbitare
2700 2735 2961 2811 dicunt,
3016 2756 3185 2818 quae
3231 2733 3581 2799 manifeste
3625 2733 3832 2811 dicat,
3894 2737 4158 2818 proprie
4201 2737 4338 2803 filie

2366 2824 2589 2889 Deum
2635 2843 2770 2887 non
2812 2822 3199 2906 pepercisse.

2542 2908 2645 2972 Ac
2679 2907 2806 2973 hec
2840 2906 2981 2973 loce
3017 2905 3292 2971 reddere
3337 2906 3538 2970 etiam
3577 2904 3795 2970 solent
3829 2906 4173 2986 rationem,
4221 2929 4338 2974 cur

2367 2991 3035 3061 communicationem
3080 2991 3488 3068 idiomatum,
3537 2991 3659 3056 hec
3703 2999 3824 3068 est,
3871 2992 4225 3077 figuratam
4271 3002 4341 3059 et

2370 3080 2689 3163 tropicam
2732 3079 3181 3230 lgguutionem
3220 3077 3300 3143 de
3346 3097 3559 3160 passo,
3604 3078 3919 3144 crucifixe
3965 3086 4033 3143 et
4076 3091 4339 3145 mortue

2369 3167 2515 3233 Deo
2559 3186 2695 3230 non
2845 3164 3132 3230 mittant.
3212 3164 3468 3230 Dicunt
3521 3162 3699 3228 enim
3760 3173 3828 3229 et
3871 3164 4153 3231 firmiter
4195 3187 4336 3231 cre-

2370 3248 2661 3316 dendum
2707 3272 2851 3318 esse
2896 3250 3313 3327 existimant,
3374 3248 3562 3313 illum
3619 3250 3838 3332 ipsum
3885 3250 4077 3329 λόγον,
4122 3249 4337 3316 filium

2371 3337 2518 3416 Dei,
2565 3336 2898 3402 hominem
2945 3337 3193 3401 factum
3286 3356 3358 3399 re
3405 3335 3592 3401 nobis
3637 3356 3811 3412 vere,
3858 3357 3987 3400 nen
4033 3336 4334 3420 figurate,

2369 3424 2786 3488 incarnatum
2824 3442 2987 3501 esse,
3022 3421 3197 3487 sicut
3278 3421 3498 3486 icitur:
3545 3418 3740 3500 Quod
3780 3430 4087 3486 nascetur
4121 3444 4202 3487 ex
4251 3433 4334 3502 te,

2367 3517 2638 3574 sanctus
2683 3507 3026 3574 vocabitur
3068 3507 3248 3571 filius
3292 3506 3436 3570 Dei.
3521 3504 3638 3571 Sic
3681 3515 3750 3571 et
3792 3507 4089 3572 centurio
4134 3516 4338 3574 testa-

2367 3601 2497 3671 tur,
2542 3614 2698 3657 vere
2737 3592 2951 3657 filium
2990 3592 3115 3658 Dei
3160 3591 3366 3656 fuisse
3408 3591 3631 3655 istum.
3699 3590 3775 3657 Si
3821 3592 3997 3656 enim
4035 3593 4337 3677 figurate,

2367 3700 2486 3761 per
2518 3678 3185 3744 communicationem
3222 3677 3631 3756 idiomatum,
3663 3676 3969 3743 Christus
4002 3700 4121 3759 pre
4144 3681 4336 3746 nobis

2367 3784 2599 3847 passus
2635 3772 2705 3829 et
2724 3776 3024 3829 mortuus
3059 3772 3179 3841 est,
3204 3762 3558 3828 anchoram
3596 3762 3827 3827 salutis
3855 3772 4118 3830 nestrae
4141 3766 4332 3832 nobis

2366 3850 2675 3916 evacuari
2744 3860 2813 3915 et
2886 3849 3103 3914 amitti
3170 3868 3362 3913 verae
3439 3848 3993 3913 reconciliationis
4072 3864 4335 3917 nostrae

2366 3935 2895 4001 fundamentum.
2956 3932 3221 3999 Deinde
3265 3933 3323 4000 si
3366 3935 3649 4017 figurate
3684 3934 3989 4000 Christus
4024 3944 4221 4001 natus
4265 3948 4336 4003 et

2368 4031 2672 4087 mortuus
2715 4029 2848 4099 est,
2911 4020 3115 4085 alium
3173 4040 3318 4085 esse
3361 4020 3573 4084 filium
3621 4021 3745 4085 Dei
3791 4028 3944 4085 ante
3985 4022 4204 4087 secula
4248 4044 4333 4088 ex

2366 4108 2513 4173 Dee
2561 4108 2894 4191 genitum,
2953 4106 3156 4171 alium
3202 4106 3411 4170 filium
3459 4105 3743 4170 heminis
3792 4107 3861 4171 in
3908 4116 4201 4190 tempere
4247 4128 4332 4174 ex

2366 4193 2585 4258 Maria
2627 4203 2878 4258 natum.
2968 4192 3076 4257 Ita
3119 4190 3293 4256 idem
3338 4193 3477 4274 ipse
3521 4192 3852 4276 genuinus
3896 4206 3962 4257 et
4007 4192 4332 4260 naturalis

2366 4278 2546 4344 filius
2589 4278 2738 4357 Dei,
2786 4298 2917 4342 non
2963 4277 3212 4360 tropice
3254 4276 3367 4343 sed
3416 4297 3573 4342 vere
3619 4278 3828 4344 factus
3872 4288 3974 4343 est
4016 4276 4330 4345 obediens

2367 4365 2541 4448 patri
2602 4384 2813 4446 usque
2868 4363 2949 4428 ad
3006 4372 3322 4443 mertem,
3393 4372 3466 4428 ut
3524 4383 3645 4428 nes
3700 4384 3862 4428 vera
3919 4384 4042 4429 sua
4098 4374 4328 4441 morte,

2367 4470 2524 4515 vere
2582 4461 2650 4514 et
2703 4470 2832 4514 nen
2896 4449 3142 4532 tropice
3187 4470 3226 4513 a
3284 4460 3494 4514 morte
3561 4448 3899 4521 liberaret,
3966 4449 4326 4516 secundum

2364 4535 2542 4620 qued
2600 4535 2870 4602 dicitur:
2942 4536 3126 4601 Deus
3181 4535 3532 4619 aequisivit
3588 4533 3709 4599 sibi
3768 4533 4114 4600 ecclesiam
4170 4557 4326 4601 san-

2366 4622 2568 4708 guine
2631 4641 2768 4686 sue.
2858 4619 3029 4685 Item
3096 4622 3162 4685 in
3212 4620 3613 4704 Apocalypsi
3679 4619 3854 4685 filius
3912 4618 4044 4685 Dei
4108 4621 4188 4687 de
4254 4645 4328 4688 se

2364 4707 2689 4791 loquitur:
2737 4706 2883 4791 Ege
2927 4726 3077 4772 sum
3121 4706 3376 4789 primus
3419 4716 3487 4771 et
3528 4704 3960 4784 novissimus,
4022 4716 4090 4770 et
4132 4708 4327 4775 vivus

2365 4802 2435 4858 et
2478 4793 2569 4857 fui
2615 4800 2941 4869 mortuus,
3002 4799 3071 4857 et
3123 4811 3272 4857 eece
3330 4812 3479 4857 sum
3526 4791 3718 4855 vivus
3763 4792 3829 4856 in
3876 4790 4099 4857 secula
4140 4815 4325 4860 secu-

2365 4879 2600 4944 lorum.
2702 4877 2977 4960 Proprie
3041 4877 3263 4960 itaque
3335 4886 3403 4941 et
3470 4898 3622 4941 vere
3684 4875 3863 4942 filius
3929 4875 4062 4942 Dei
4125 4900 4328 4946 carne

2363 4974 2668 5030 mortuus
2710 4963 3077 5029 censendus
3121 4970 3222 5029 est
3264 4982 3397 5027 nen
3443 4962 3717 5043 tropice,
3779 4983 3860 5028 ne
3904 4962 4329 5031 existimetur

2364 5070 2511 5116 esse
2555 5051 2967 5133 phantasma,
3013 5056 3079 5113 et
3125 5070 3209 5113 ne
3253 5047 3424 5114 alius
3469 5068 3699 5130 passus
3746 5068 3906 5125 esse,
3953 5044 4122 5114 alius
4165 5071 4324 5116 vero

2366 5135 2717 5201 invisibilis
2772 5142 3134 5220 putaretur.
3221 5133 3369 5199 Hoc
3422 5155 3579 5198 vere
3637 5133 3781 5199 loce
3842 5134 4075 5199 inanes
4136 5134 4327 5222 logo-

2366 5220 2661 5287 machias
2714 5219 3188 5305 praecidendas
3243 5240 3386 5286 esse
3442 5229 3747 5298 censent,
3807 5218 3888 5284 de
3944 5239 4078 5284 non
4134 5243 4333 5305 passa

2366 5307 2732 5387 divinitate,
2775 5306 2889 5373 sed
2937 5306 3349 5372 humanitate
3392 5313 3676 5372 tantum.
3763 5304 3958 5371 Sicut
3999 5305 4180 5372 enim
4226 5307 4330 5374 di-

3805 5406 3916 5461 22.
