4900 6125
159 5472 166 5631 ¹

218 443 349 507 609

218 804 258 868 1
274 801 412 868 137.

216 973 413 1041 1250.

216 1230 415 1298 1261.

218 1315 415 1386 lm.

221 2089 418 2158 1313.

226 2773 420 2842 1326.

229 3117 425 3189 1368.

236 3289 423 3360 1³08.

239 3634 424 3701 1413.

241 3721 426 3788 1415.

245 3977 426 4045 1446.

249 4148 427 4216 1520.

253 4321 430 4388 1526.

276 5265 440 5333 1531.

1591 439 2049 507 ADDENDA
2092 440 2213 508 ΕΤ
2255 439 2745 510 OORRIGEN
2747 440 2895 510 DA.
4117 449 4250 516 610

484 631 744 698 uarium
782 630 1129 710 (Gravier)
1151 630 1497 710 convertit,
1534 637 1883 714 utramque
1902 630 2184 696 formam

484 717 675 785 nobis
725 717 1065 802 permittit.

479 804 631 869 Not.
680 805 738 869 1.
784 801 1117 869 Gaflrolus
1172 802 1470 868 fortassis
1522 799 1701 867 idem
1766 808 1871 867 est
1931 820 2009 868 00
2071 799 2187 867 1110

484 891 598 973 001
639 890 723 955 N.
767 893 895 953 708
938 888 1194 954 Gafriel
1235 888 1621 972 appellatur.

481 975 631 1041 Not.
681 978 737 1039 7.
785 972 1173 1059 Stephanus
1206 973 1289 1040 de
1310 971 1753 1058 Longueville
1774 972 2186 1040 Turonensis

482 1069 649 1126 teste
714 1059 1014 1126 Bulletin
1078 1058 1279 1125 XIII.
1356 1065 1475 1123 128
1539 1059 1842 1126 minister
1905 1066 2052 1125 erat
2112 1058 2185 1124 in

481 1146 806 1212 Prevesin
849 1156 918 1212 et
959 1144 1191 1230 Ornay
1284 1144 1687 1211 raefecturae
1731 1143 2058 1211 Gaiensis.

484 1233 589 1299 De
629 1232 935 1298 Pontano
976 1231 1129 1299 vide
1173 1253 1211 1296 a
1299 1232 1383 1297 N.
1429 1236 1511 1297 95
1555 1231 1631 1296 10
1673 1227 2033 1297 Δο000010.

478 1318 632 1385 Νο1.
679 1322 736 1382 2.
781 1316 971 1397 Quae
1013 1315 1096 1383 de
1139 1318 1508 1383 Frumento
1540 1315 1625 1382 00
1659 1314 1993 1383 Santones
2034 1335 2185 1400 pro-

484 1405 733 1471 fecturo
810 1404 1102 1470 diximus
1176 1422 1455 1470 erronea
1537 1422 1682 1468 esse
1744 1401 1933 1468 facile
1997 1401 2188 1469 nobis

486 1489 816 1575 persuasit
855 1488 944 1554 V.
990 1489 1072 1555 D.
1118 1488 1355 1555 Amad.
1591 1497 1621 1553 t
1676 1498 1746 1554 et
1796 1488 2040 1572 alioqui
2104 1485 2188 1554 de

485 1574 676 1643 nobis
726 1577 972 1659 optime
1028 1575 1320 1642 meritus.
1412 1573 1467 1641 O
1535 1574 1747 1641 esium
1802 1572 1980 1640 idem
2043 1594 2188 1640 esse

485 1661 970 1728 demonstravit
1035 1670 1233 1744 atque
1307 1660 1373 1727 le
1444 1658 1760 1728 Chablais
1829 1660 1941 1726 ubi
2008 1658 2188 1725 Fru-

486 1759 749 1814 mentus
826 1757 1054 1830 pastor
1128 1747 1346 1813 fuerat
1405 1745 1479 1811 in
1542 1745 1975 1829 Massougier.
2085 1745 2189 1812 Eo

486 1847 781 1917 tempore
823 1837 1051 1911 (1549)
1094 1833 1460 1899 ministerio
1501 1830 1913 1897 valedixerat
1953 1837 2022 1897 et
2057 1831 2188 1897 Bo-

486 1919 765 2020 nivardo
809 1917 893 1985 ad
947 1918 1120 1985 latus
1162 1919 1291 1984 fuit
1331 1919 1402 1983 in
1458 1915 1934 1985 concinnandis
1974 1915 2189 1983 01110-

482 2024 670 2072 mois.

485 2089 768 2158 Carolus
824 2090 907 2156 de
964 2089 1029 2155 la
1069 2090 1510 2175 Pommeraye
1566 2089 1872 2155 minister
1922 2097 2068 2154 erat
2118 2086 2192 2153 in

489 2175 800 2242 Nanteuil
845 2196 901 2240 0.
956 2180 1117 2240 1567
1165 2184 1336 2242 10010
1378 2174 1676 2242 Bulletin
1719 2173 1845 2240 IX.
1889 2178 2035 2252 29⁷,
2079 2171 2195 2239 nbi

489 2271 713 2327 tamen
779 2263 852 2326 in
917 2263 1185 2328 nomine
1249 2270 1540 2328 erratum
1606 2269 1726 2327 est.
1797 2259 1899 2328 of.
1946 2259 2195 2327 Galiffe

490 2347 617 2412 III.
671 2350 810 2412 146.
899 2350 1010 2411 An
1056 2366 1215 2413 vero
1257 2347 1445 2425 alibi,
1505 2347 1616 2413 ubi
1672 2344 1913 2413 similia
1966 2366 2195 2413 oecur-

487 2441 650 2499 runt
690 2433 980 2512 nomina,
1022 2432 1201 2499 idem
1235 2433 1643 2518 significetur
1683 2432 2032 2498 nescimus.
2109 2429 2196 2496 In

487 2518 821 2602 plerisque
862 2517 1023 2585 10010
1063 2519 1286 2603 potius
1329 2517 1535 2585 alium
1568 2539 1620 2584 s.
1658 2518 1823 2584 01100
1855 2517 2045 2584 nobis
2079 2512 2193 2582 00-

488 2601 917 2689 prehendisse
959 2603 1281 2670 videmur.
1367 2605 1481 2680 (N.
1533 2606 1718 2671 1349.
1768 2607 1953 2670 1374.
2006 2605 2190 2667 1387.

489 2693 680 2755 2386.
726 2693 915 2755 2466.
962 2693 1183 2765 3816.)

487 2774 654 2846 Tho.
700 2775 1027 2841 Matthew
1085 2795 1326 2842 nomen
1382 2775 1692 2842 fictitium
1732 2783 1880 2840 erat
1919 2773 2194 2841 Ioannis

488 2861 748 2945 Rogers
789 2861 978 2926 cuius
1021 2860 1245 2929 Biblia
1285 2882 1344 2927 0.
1398 2865 1559 2925 1537
1603 2860 2009 2944 prodierunt.
2085 2858 2191 2927 of.

487 2947 725 3024 Reuss,
784 2945 1028 3014 Gesch.
1083 2946 1144 3012 0.
1206 2946 1289 3013 N.
1343 2947 1419 3013 Τ.
1476 2949 1526 3031 §.
1586 2951 1733 3012 475.
1827 2945 1893 3014 J.
1950 2943 2193 3025 Beard,

488 3033 605 3099 the
647 3031 912 3118 english
950 3032 1146 3099 Bible
1189 3032 1464 3101 revised.
1510 3053 1572 3117 p.
1620 3036 1723 3097 62.

489 3120 644 3187 Not.
698 3127 752 3182 1.
832 3120 968 3186 Pro
1016 3119 1194 3185 Scoto
1257 3118 1535 3186 fortasse
1602 3115 1959 3203 legendum
2006 3116 2197 3186 800νο

490 3207 534 3271 1.
573 3227 630 3271 0.
677 3204 949 3285 Schoro,
994 3205 1077 3270 de
1118 3225 1249 3288 000
1295 3227 1357 3269 v.
1394 3205 1477 3271 N.
1530 3209 1715 3271 1410.

485 3292 642 3357 Not.
694 3295 793 3356 15.
835 3289 1088 3374 ,100000
1131 3290 1214 3358 00
1236 3290 1416 3358 Savo
1463 3312 1520 3369 0,
1565 3289 1693 3356 000
1737 3290 1818 3356 00
1847 3291 2195 3369 Nemours,

490 3377 761 3463 general
804 3375 919 3443 des
963 3385 1218 3444 armees
1284 3376 1374 3443 00
1521 3399 1567 3461 y
1611 3398 1695 3442 en
1740 3376 1802 3442 L
1852 3374 2087 3443 000010
2128 3386 2197 3441 01

490 3462 875 3564 Dauphine,
957 3470 1174 3546 epoux
1239 3459 1321 3528 de
1384 3462 1453 3528 10
1516 3483 1727 3529 veuve
1836 3482 1882 3528 0
1946 3460 2075 3529 000
2116 3459 2200 3528 00

490 3635 643 3702 Νο1.
688 3640 747 3700 6.
818 3632 1135 3700 deleatur.

493 3718 630 3802 Qui
671 3722 741 3785 in
784 3721 1000 3786 fronte
1045 3718 1359 3802 epistolae
1401 3718 1711 3786 laudatur
1754 3720 1957 3803 Hugo
1999 3719 2201 3786 fuisse

491 3805 760 3958 3210101·
799 3805 850 3874 J
851 3826 943 3871 00.
989 3805 1272 3890 Hugues
1324 3805 1629 3871 minister
1669 3807 1743 3869 in
1786 3804 2201 3888 praefectura

629 3913 789 3957 0001.

499 3976 607 4043 De
649 3976 1026 4044 Oaracciolo
1069 3998 1131 4042 v.
1178 3976 1446 4042 Bounet
1486 3977 1555 4042 iu
1598 3976 1898 4044 Bulletin
1926 3976 2200 4043 XVIII.

502 4066 645 4129 173.
736 4062 947 4128 Nouv.
994 4063 1220 4128 Recita
1267 4084 1327 4145 p.
1383 4066 1523 4128 171.

494 4145 917 4216 'I'heobaldus
979 4148 1276 4215 Herlach
1353 4148 1530 4213 idem
1596 4149 1893 4215 fortassis
1959 4157 2060 4215 001
2125 4170 2201 4216 00

496 4235 608 4301 1110
651 4235 733 4299 ab
768 4233 1018 4300 Erlach
1062 4234 1145 4299 de
1188 4254 1317 4316 000
1359 4234 1444 4301 N.
1490 4238 1679 4300 3776.

494 4322 579 4387 10
624 4319 1001 4386 nominibus
1022 4318 1262 4386 Frano.
1286 4320 1605 4397 Maurice,
1646 4320 1970 4399 11001·ἱο11,
2014 4320 2204 4386 Mau-

493 4407 632 4472 ritii
676 4407 737 4471 si
779 4406 925 4488 quis
966 4403 1256 4471 haeserit
1296 4406 1571 4471 minime
1627 4407 1872 4471 mirum
1917 4406 2199 4472 videtur.

495 4491 697 4559 001-10
739 4492 851 4575 001
873 4491 955 4556 Ν.
1004 4495 1129 4556 867
1166 4500 1236 4557 01
1270 4494 1393 4556 874
1432 4489 1737 4557 10000101·
1770 4512 1907 4557 000
1928 4493 2201 4558 confun-

497 4576 753 4644 dendus
797 4577 926 4642 erit
966 4597 1120 4642 cum
1140 4576 1461 4642 Mauricio
1494 4577 1800 4643 ministro
1841 4579 1912 4644 in
1956 4577 2203 4645 ditione

497 4664 825 4731 Beruensi
870 4662 1124 4748 gallica,
1167 4662 1281 4745 001
1303 4661 1570 4733 Oalvini
1614 4663 2032 4730 adversarius
2053 4663 2200 4739 fuit,

498 4751 580 4817 N.
616 4754 797 4814 1519.
831 4754 992 4813 1525
1017 4769 1110 4830 00.
1146 4752 1326 4813 1529.
1360 4751 1540 4813 1532.
1575 4752 1737 4813 1535
1775 4762 1845 4816 et
1878 4750 2010 4816 nisi
2032 4749 2203 4815 falli-

499 4858 652 4902 mur
695 4835 895 4900 etiam
960 4838 1147 4899 3023.
1238 4834 1384 4899 1010
1427 4854 1588 4901 vero
1632 4835 1715 4901 N.
1762 4839 1932 4900 2548
1977 4834 2203 4902 Oalvi-

499 4943 625 4987 nus
668 4920 951 5003 aliquem
976 4920 1373 4985 Mauricium
1418 4921 1576 5001 (sic)
1598 4921 2009 4988 Beruensem
2040 4924 2205 5003 (non

499 5006 909 5085 Vadeusem)
950 5007 1225 5072 comiter
1258 5005 1525 5084 0010101,
1613 5028 1763 5073 uem
1807 5028 1967 5092 ergo
2000 5007 2204 5072 alium

498 5093 702 5160 fuisse
734 5090 1067 5158 credimus
1101 5098 1297 5176 atque
1331 5091 1520 5157 illum
1660 5092 1959 5159 urisium.
2016 5091 2203 5159 Idem

502 5177 858 5244 Mauritius
902 5175 1091 5242 audit
1131 5176 1214 5243 N.
1262 5182 1450 5243 2048.
1496 5181 1686 5245 2306.
1732 5182 1920 5244 2852.

502 5265 654 5330 Not.
701 5267 761 5327 2.
826 5261 963 5342 Qui
1006 5262 1117 5328 hic
1160 5263 1468 5330 minister
1501 5268 1938 5350 Augustanus
1979 5262 2206 5331 lauda·

502 5366 612 5416 tur
664 5349 715 5418 J
716 5369 809 5416 00.
869 5347 1250 5416 Dachserus
1313 5350 1507 5431 (alias
1552 5351 1876 5433 Tachser,
1943 5350 2203 5431 Daxer)

460 5451 676 5508 catum·
718 5468 902 5521 opera.
978 5452 1099 5507 vot.
1127 5449 1261 5508 xx.

2291 1140 2482 1211 1627.

2294 1822 2481 1894 1674.

2301 2687 2492 2758 1690.

2308 3543 2495 3613 1700.

2545 630 2722 697 idem
2763 633 2964 700 fuisse
3009 630 3272 701 videtur
3313 654 3390 701 00
3431 632 3546 700 ille
3588 634 3700 717 001
3740 633 3899 701 01101
3920 634 4033 719 (Ν.
4082 640 4248 704 1916

2547 724 2682 783 001.
2727 721 2797 797 3)
2849 718 2919 783 10
2979 716 3209 785 000001
3251 717 3412 785 urbe
3456 719 3528 785 iu
3585 720 3851 787 vincula
3910 721 4246 791 coniectus

2547 803 2678 869 fuit
2717 812 2795 869 ut
2818 803 3269 888 Anabaptista.
3353 803 3572 887 Quem
3605 827 3664 872 0.
3719 809 3875 871 1531
3902 807 4249 878 Masculus

2549 887 2636 954 00
2674 888 3012 956 meliorem
3056 888 3317 976 frugem
3361 891 3702 958 convertit.
3789 891 3891 958 Of.
3923 892 4246 974 Medicus,

2549 973 2791 1123 Gezch.
2837 974 2899 1041 0.
2945 996 3046 1125 osv.
3089 975 3342 1042 Kirche
3386 977 3455 1041 iu
3499 977 3789 1063 Bayern.
3851 977 3996 1047 Erl.
4060 983 4244 1047 1863.

2546 1145 2700 1212 Νο1.
2762 1149 2820 1211 3.
2915 1145 3060 1212 Iam
3127 1167 3199 1212 re
3264 1148 3634 1215 accuratius
3709 1168 4002 1230 expensa
4068 1151 4249 1217 huuc

2546 1231 2962 1298 Clementem
3036 1253 3187 1298 cum
3251 1232 3366 1298 illo
3431 1231 3564 1299 alio
3625 1235 3739 1318 qui
3796 1234 3879 1301 N.
3953 1240 4118 1302 1058
4182 1247 4252 1306 01

2554 1320 2719 1382 1088
2761 1319 3049 1383 occurrit
3088 1318 3612 1402 componendum
3652 1319 3930 1388 fortasse
3953 1322 4248 1407 negabis.

2547 1402 2738 1468 Idem
2795 1402 2908 1468 ille
2961 1423 3119 1470 vero
3173 1404 3483 1470 laudatur
3524 1404 3609 1471 N.
3655 1408 3827 1471 3570
3867 1416 4003 1474 001.
4052 1412 4092 1474 3
4135 1408 4251 1476 ubi

2548 1497 2776 1555 tamen
2815 1487 3181 1555 notandum
3225 1489 3401 1556 Hist.
3447 1490 3602 1558 0001.
3660 1490 3715 1557 I.
3762 1494 3910 1558 851.
3966 1497 4115 1561 865.
4160 1516 4248 1561 00.

2550 1574 2631 1639 00
2673 1595 2751 1640 00
2794 1573 3116 1658 quaedam
3152 1573 3414 1642 tradere
3447 1596 3613 1658 0000
3645 1576 3869 1643 minus
3902 1578 4069 1646 bene
4097 1601 4251 1646 cum

2546 1660 2666 1811 {usn
2673 1661 3080 1727 conveniunt
3122 1682 3288 1745 0000
3330 1683 3413 1728 ex
3460 1660 3589 1728 alio
3632 1672 3864 1730 autore
3906 1664 3949 1730 1.
3993 1665 4038 1732 1.
4075 1673 4252 1733 attu-

2669 1768 2764 1812 us.

2546 1832 2790 1898 Exstat
2831 1830 3031 1898 huius
3049 1829 3364 1915 epistolae
3395 1832 3966 1902 autoschediasma
3981 1834 4252 1903 Oalvini

2549 1918 2621 1984 10
2643 1916 2802 1984 000.
2827 1916 3080 1984 Geuev.
3133 1921 3301 1996 107⁸,
3346 1916 3453 1984 fol.
3492 1922 3617 1985 307
3639 1921 3784 1986 0100
3803 1921 4006 1989 inseri
4051 1922 4249 1991 tione.

2550 2003 2799 2087 Incipit
2839 2025 2881 2069 a
2922 2002 3174 2069 verbis:
3223 2003 3534 2085 Quoniam
3580 2004 3968 2074 Theodorum·

2547 2090 2814 2173 fratrem
2877 2097 3069 2155 caett.
3136 2099 3204 2154 et
3267 2087 3512 2155 dednit
3571 2090 3645 2156 in
3707 2089 3871 2158 illis:
3935 2091 4255 2162 Donum

2554 2174 2818 2259 00116901.
2914 2173 3267 2240 Caeterum
3345 2174 3646 2241 lectionis
3717 2177 4007 2244 varietas
4068 2178 4257 2247 nulla

2556 2271 2657 2327 est
2699 2261 2830 2326 nisi
2874 2260 2942 2324 in
2981 2279 3118 2326 uno
3150 2258 3292 2326 1000
3328 2259 3443 2328 ubi
3477 2261 3586 2327 hic
3619 2261 3892 2345 legitur:
3937 2262 4260 2332 Donum

2553 2345 2790 2413 scilicet
2825 2345 2959 2412 vult
2999 2365 3114 2411 nos
3153 2345 3475 2412 hominum
3515 2366 3627 2430 ope
3665 2348 3924 2416 destitui
3962 2353 4036 2416 ut
4068 2369 4259 2417 sm

2553 2431 2756 2497 unius
2787 2431 3188 2514 praesidium
3252 2430 3494 2498 darem
3558 2432 3802 2499 mitent.
3887 2433 4073 2521 Ergo
4127 2436 4259 2502 1100

2557 2537 2812 2602 000000
2869 2517 3315 2601 fragmentum
3371 2526 3474 2583 est
3526 2518 3672 2584 sine
3734 2517 3842 2586 die
3882 2527 3951 2588 et
3991 2521 4260 2588 consule

2557 2613 2627 2669 et
2668 2604 2811 2668 sine
2852 2600 3344 2686 subscriptione.

2559 2687 2694 2770 Qui
2735 2688 2914 2753 inter
2958 2696 3224 2754 autores
3266 2688 3584 2772 epistolae
3615 2689 3817 2757 huius
3857 2700 3928 2759 et
3958 2691 4045 2760 N.
4093 2696 4258 2760 1709

2556 2774 2743 2840 veuit
2783 2772 2956 2838 Lnd.
3003 2771 3349 2840 001-1101100
3391 2772 3568 2841 idem
3609 2774 3812 2842 fuisse
3867 2776 4134 2846 videtur
4181 2801 4261 2848 00

2556 2859 2673 2927 ille
2715 2858 3030 2926 diaconus
3065 2858 3464 2944 Morgiensis
3505 2860 3622 2945 qui
3660 2860 3818 2928 olim
3854 2884 4005 2932 cum
4025 2864 4265 2932 Vireto

2559 2965 2705 3011 rem
2784 2942 3123 3011 habuerat.
3232 2943 3507 3012 Oonstat
3570 2946 3886 3032 Lugduni
3970 2949 4267 3034 quinque

2561 3038 2823 3098 tantum
2888 3030 3262 3098 combustos
3329 3050 3492 3099 esse.
3579 3031 3956 3115 Oorbelius,
4035 3044 4266 3121 utpote

2561 3118 2727 3185 civis
2771 3117 3159 3196 Rex-nensis,
3224 3117 3548 3203 supplicio
3599 3138 3735 3186 uon
3793 3119 3926 3187 fuit
3986 3120 4267 3191 affecms

2562 3210 2633 3270 et
2686 3203 2783 3269 sic
2837 3212 3063 3285 postea
3119 3202 3322 3269 etiam
3374 3204 3637 3287 saepius
3690 3204 3835 3273 eius
3875 3207 4125 3274 mentio
4168 3209 4265 3276 fit.

2565 3289 2665 3356 of.
2721 3288 3117 3372 Hottinger,
3172 3287 3349 3355 helv.
3409 3288 3569 3356 KG.
3627 3288 3753 3355 III.
3800 3295 3946 3359 798.
4031 3292 4267 3378 Neque

2562 3375 2635 3440 in
2677 3374 2854 3439 Hist.
2899 3373 3276 3459 Martyrum
3317 3396 3365 3439 n
3447 3395 3532 3440 ue
3572 3374 3645 3440 in
3688 3375 3865 3443 Hist.
3924 3377 4081 3445 0001.
4121 3378 4269 3445 100-

2564 3460 2761 3526 00101·
2805 3459 2960 3542 0010
3001 3457 3283 3525 Oalvino
3461 3480 3500 3526 0
3541 3459 3866 3529 audiebat.

2565 3545 2659 3612 M.
2705 3545 2972 3611 Bounet
3024 3564 3195 3612 nous
3251 3566 3293 3611 a
3347 3544 3470 3611 fait
3537 3543 3888 3614 l'houneur
3949 3547 4034 3615 de
4098 3568 4273 3616 nous

2565 3632 2774 3697 ecrire
2826 3650 2910 3695 00
2968 3631 3142 3714 sujet
3199 3630 3280 3696 de
3335 3630 3404 3696 10
3460 3640 3615 3697 0010
3667 3632 3833 3700 mise
3876 3653 3961 3698 00
4004 3642 4143 3699 1010
4189 3631 4276 3699 00

2565 3726 2735 3784 00110
2814 3715 3009 3782 lettre
3080 3724 3148 3781 et
3212 3715 3375 3783 0000
3439 3715 3722 3800 10000110
3799 3738 3969 3785 0000
4047 3717 4280 3785 discus

2566 3802 2802 3889 qu'elle
2847 3821 3132 3884 manque
3175 3801 3340 3867 dans
3384 3820 3511 3866 son
3554 3801 3802 3868 edition
3845 3801 3961 3871 des
4002 3804 4285 3870 Lettres

2565 3888 2943 3972 franca-isos.
3033 3886 3096 3952 11
3138 3906 3308 3953 nous
3366 3885 3637 3970 indique
3692 3887 3759 3955 10
3800 3909 3969 3972 page
4013 3892 4142 3953 382
4191 3885 4288 3952 00

2566 3975 2769 4040 Teme
2814 3973 3100 4058 premier
3137 3993 3390 4038 comme
3433 3971 3502 4037 10
3566 3973 4046 4057 reproduisant.
4124 3971 4194 4037 11

2565 4080 2608 4126 0
2667 4059 2736 4124 la
2799 4080 2928 4124 une
2993 4058 3195 4142 petite
3259 4058 3620 4124 confusion.
3706 4059 3813 4124 La
3866 4057 4065 4123 lettre
4119 4053 4292 4138 00’11

2564 4143 2835 4227 1001000
2878 4165 2949 4210 00
2992 4156 3228 4209 trouve
3271 4142 3440 4209 dans
3482 4153 3677 4208 notre
3715 4143 4085 4209 mames
4126 4158 4297 4203 0000

2565 4231 2630 4381 {3
2671 4230 2755 4296 N.
2822 4234 2984 4294 1746
3041 4237 3111 4296 01
3152 4232 3325 4295 0’001
3379 4248 3505 4311 pas
3559 4227 3628 4293 10
3688 4238 3904 4293 meme
3947 4243 4077 4308 000
4121 4222 4303 4287 00110

2309 4399 2482 4466 1706
2523 4411 2643 4469 etc.
2709 4402 2846 4467 Les
2888 4403 3119 4467 lettres
3183 4396 3504 4464 relatives
3547 4419 3684 4464 aux
3729 4391 4158 4462 antecedente
4209 4386 4312 4452 00

2310 4741 2498 4810 1763.

2310 4913 2499 4983 1810.

2314 5085 2500 5155 1837.

2566 4498 2793 4572 proces
2837 4488 2918 4553 00
2964 4485 3208 4553 Servet
3266 4503 3340 4548 00
3395 4483 3605 4548 110001
3661 4481 3841 4547 00001
3891 4499 3981 4544 00
4211 4469 4316 4568 ‘de

2565 4574 2778 4657 partie
2822 4573 2987 4639 0000
3031 4570 3095 4636 10
3135 4569 3511 4653 quati-ieme
3546 4565 3814 4633 volume
3836 4564 3918 4629 de
3936 4493 4324 4625 l‘ffiire

2567 4660 2655 4725 00
2785 4657 2937 4742 uple
2983 4657 3065 4722 de
3110 4654 3394 4722 Geneve
3440 4650 3526 4716 de
3571 4651 3667 4716 M.
3713 4651 3953 4733 Roget.
4237 4720 4253 4735 .

2565 4680 2855 4812 Gaffum
2913 4743 3094 4808 hunc
3150 4758 3317 4805 cave
3391 4734 3768 4801 confundas
3831 4749 3993 4800 oum
4051 4723 4339 4789 Gumo-

2565 4831 2692 4981 ἓιξι
2721 4830 2941 4914 Roget
2980 4826 3026 4892 1.
3074 4826 3116 4890 l.
3165 4822 3293 4888 IV.
3343 4821 3487 4902 39.)
3884 4900 3898 4915 .

2673 4915 2955 4981 ‘onensis
2999 4932 3036 4977 e
3085 4911 3361 4990 iscopus
3407 4903 3682 4987 proprio
3726 4916 4002 4967 nomine
4043 4886 4360 4955 vocaba-

2568 5014 2681 5068 tur
2725 5002 2818 5067 Io.
2863 4999 2944 5066 de
3067 4992 3331 5060 outiers
3377 4988 3492 5054 Sr.

2569 5259 2662 5323 tio
2705 5254 3064 5342 Ragnonio
3109 5246 3346 5313 dicere
3386 5239 3613 5307 vellet.

2316 5341 2504 5412 1862.
2548 5344 2643 5411 M.
2691 5343 2909 5429 Roget
2973 5333 3139 5417 (IV.
3206 5332 3370 5405 146)
3436 5324 3658 5389 00000
3700 5321 3775 5386 10
3814 5326 4018 5383 texte

3854 5416 3925 5471 39

3541 4985 3627 5051 00
3670 4987 3944 5051 Fraisse
3992 4972 4368 5068 (Fracte).

2567 5087 2720 5154 Not.
2767 5092 2826 5152 3.
2873 5081 3064 5151 Nulli
3111 5076 3511 5142 dubitamus
3554 5070 3744 5136 11000
3785 5066 4272 5135 Laurentmm
4325 5065 4386 5108 8

2567 5172 2829 5238 Fax-eno
2873 5164 3374 5249 rebaptizatum
3419 5156 3628 5221 fuisse
3713 5175 3876 5219 uum
3910 5147 4008 5213 00
4053 5141 4398 5207 Lacum·-

3832 5234 4044 5299 1691.
4097 5225 4244 5287 not.
4271 5213 4414 5307 νς-

4861 3864 4873 3917 ψ
4849 3524 4873 3833 mesen-‘'¹¹¹1'‘
