4900 6125
603 434 740 499 403
2127 428 2659 497 EPISTOLAE
2703 434 3002 497 4158—4
3015 435 3128 495 161
4504 443 4603 502 404

605 640 842 688 rursus
903 618 1097 685 faciat
1142 623 1295 686 est*
1352 618 1560 684 animi
1615 618 1717 683 sui
1764 625 1998 696 testes,
2060 625 2257 702 teque
2301 639 2421 720 per
2464 619 2588 685 has

609 704 1095 805 deprecatrices
1159 704 1588 771 vehementer
1644 711 1789 770 oret
1843 703 2039 788 plane
2096 713 2174 770 ιιι
2227 705 2583 785 existimes,

605 792 759 859 illas
802 812 881 857 eo
925 791 1147 857 animo
1190 791 1469 874 scriptas
1511 789 1713 856 fuisse
1755 810 1884 873 quo
1919 790 2095 856 filius
2131 811 2392 856 summa
2425 812 2463 856 e

604 879 792 962 pium
837 885 1096 960 patrem
1141 876 1596 954 observantia,
1641 884 1711 942 et
1752 874 2165 955 adolescens,
2211 898 2347 943 nou
2391 878 2585 944 vale

608 964 876 1047 quidem
932 963 1211 1027 fortasse
1266 962 1486 1040 fortis,
1545 960 1663 1028 sed
1719 961 2056 1048 religionis
2099 970 2322 1028 tamen
2367 972 2437 1028 et
2479 982 2585 1028 eo-

608 1050 848 1118 0188188
882 1049 1173 1133 profecto
1218 1068 1468 1127 amans,
1505 1046 1839 1115 scriberet.
1912 1046 2085 1114 Orat
2117 1056 2481 1134 praeterea,
2527 1048 2587 1116 si

608 1136 759 1220 quis
801 1134 1106 1219 precibus
1150 1133 1366 1212 locus,
1437 1144 1510 1198 ut
1567 1135 1623 1200 si
1681 1132 1837 1216 quid
1892 1134 2001 1199 vel
2060 1134 2127 1199 in
2173 1134 2297 1200 hoc
2341 1155 2585 1219 genere

731 1221 930 1298 cavit,
977 1221 1083 1285 vel
1130 1221 1201 1284 in
1245 1241 1321 1284 eo
1366 1219 1437 1284 in
1473 1242 1603 1302 quo
1633 1240 1706 1286 se
1743 1221 1956 1303 magis
1991 1241 2178 1286 reum
2215 1243 2357 1286 esse
2393 1241 2585 1305 posse

606 1241 930 1384 ἔιξιιιι,
922 1305 1199 1371 meliora
1242 1304 1578 1388 pollicenti
1622 1305 1856 1372 saltem
1894 1307 2017 1372 hoo
2053 1305 2304 1372 tribuas
2343 1307 2585 1373 veteris

605 1401 689 1458 ιιι
732 1390 1228 1459 consuetudinis
1272 1391 1554 1474 aliquam
1602 1413 1744 1457 esse
1789 1391 1957 1458 v-elis
2001 1394 2420 1458 memoriam:
2482 1394 2583 1458 iu·

606 1478 818 1545 felicis
884 1499 1042 1545 vero
1106 1478 1471 1556 absentiae,
1550 1477 1608 1544 si
1687 1480 1908 1544 minus
1974 1476 2339 1558 ἀμνηστίαν,
2406 1486 2585 1545 081ι8

607 1585 838 1630 eorum
885 1584 1053 1647 quae
1097 1573 1503 1647 consequuta
1546 1584 1688 1628 eam
1736 1575 1893 1630 sunt
1934 1564 2332 1630 oblivionem
2382 1565 2586 1648 impe-

607 1658 789 1716 trare
833 1658 912 1715 ut
953 1650 1181 1733 possit.

783 1734 964 1816 Quid
1020 1745 1085 1800 te
1128 1735 1431 1818 pluribus
1491 1736 1968 1802 obtunderem?
2060 1739 2167 1802 De
2209 1737 2583 1837 Britannia,

649 1841 777 1886 uae
821 1824 888 1887 in
937 1841 1143 1887 unum
1193 1832 1256 1885 te
1290 1821 1609 1888 inclinata
1645 1823 1988 1900 recumbit,
2034 1823 2305 1888 audiisti
2343 1824 2580 1888 omnia.

663 1908 1022 1990 cripseram
1066 1907 1306 1971 Ioanni
1359 1907 1568 1986 Obero,
1595 1907 1650 1993 ³)
1696 1908 1810 1974 sed
1856 1930 2080 1975 carcer
2125 1909 2376 1975 obstitit
2419 1930 2582 1990 quo·

604 1993 829 2059 minus
870 2013 1057 2059 meae
1097 1992 1180 2058 ad
1226 2014 1376 2058 eum
1425 1994 1654 2059 literae
1698 1995 1973 2078 perferri
2018 1997 2374 2078 potuerint.
2432 1995 2582 2061 Uti-

605 2098 766 2143 nam
823 2078 1177 2145 liberatum
1238 2080 1506 2163 propius
1565 2078 1917 2164 aliquando
1982 2081 2269 2147 salutare
2311 2082 2580 2164 possim.

603 2163 943 2317 lmus
998 2173 1063 2230 te
1131 2175 1409 2248 tuosque
1453 2176 1774 2250 perpetuo
1819 2177 2178 2234 conservet.
2266 2165 2582 2233 Calendis

841 2273 873 2317 s

1611 2390 1737 2454 Tui
1782 2388 2403 2456 observantissimus

1704 2474 1948 2541 Petrus
1995 2476 2310 2542 Rochius.

1494 3021 1683 3093 4159.

1069 3175 1618 3245 BALDUINUS
1660 3175 2101 3244 CALVINO.

775 3347 1051 3431 Lonyior
1094 3348 1304 3431 ipsius
1345 3347 1630 3414 absentia
1688 3348 2066 3431 quibusdam
2119 3349 2364 3432 iniquis
2407 3349 2574 3414 iudi-

598 3433 776 3503 cibus
818 3454 1045 3499 ansam
1077 3432 1336 3516 praebet
1376 3434 1719 3500 calumniis
1761 3455 1954 3517 quum
2010 3439 2219 3501 tamen
2263 3435 2575 3501 absentiae

599 3519 2505 3604 causationestasitetconscientiasuaipsumabsolvat.

1152 3690 1264 3757 (Ex
1311 3691 1500 3745 eadem
1537 3691 1779 3747 editione
1814 3708 1867 3761 p.
1902 3689 2017 3757 43.)

780 3861 854 3929 S.
943 3860 1397 3927 Vehementer
1440 3883 1545 3928 me
1590 3869 1946 3940 terrerent,
2003 3863 2096 3928 mi
2139 3870 2358 3945 pater,
2404 3882 2576 3945 quae

601 3948 807 4016 isthic
852 3947 933 4012 de
976 3968 1085 4013 me
1130 3948 1362 4014 acerbe
1406 3946 1533 4015 dici
1577 3946 1802 4029 audio,
1863 3948 1991 4015 nisi
2036 3949 2094 4014 si
2139 3957 2456 4031 quotquot
2499 3970 2579 4014 88

602 4034 688 4101 de
732 4056 805 4100 re
850 4034 932 4099 ad
977 4054 1085 4099 me
1127 4033 1428 4100 scribunt
1470 4042 1778 4116 patronos
1820 4055 1891 4099 se
1935 4054 2078 4100 esse
2119 4055 2304 4099 meae
2349 4035 2578 4100 absen-

603 4122 741 4186 tiae
784 4121 1291 4205 profiterentur:
1353 4130 1420 4184 et
1477 4120 1526 4184 ii
1569 4121 1707 4185 sint
1748 4141 2024 4203 quorum
2072 4119 2238 4185 mihi
2283 4121 2370 4185 sit
2412 4121 2577 4188 satis

604 4209 926 4274 autoritas
991 4216 1066 4270 ut
1121 4205 1286 4271 alios
1345 4226 1578 4272 secure
1635 4216 2056 4271 contemnere
2099 4207 2344 4283 ausim,
2413 4228 2578 4290 quos

605 4314 738 4358 non
785 4301 920 4358 tam
967 4291 1209 4358 iudicio
1253 4312 1448 4375 quam
1495 4292 1765 4357 levitate
1824 4292 2104 4375 quadam
2162 4292 2353 4358 video
2398 4313 2577 4359 com-

605 4380 881 4445 moveri.
949 4375 1087 4443 Sed
1130 4379 1241 4460 qui
1287 4377 1555 4442 tandem
1601 4377 1672 4442 hi
1719 4380 1851 4442 sint
1897 4389 2032 4442 tam
2077 4377 2226 4443 duri
2272 4399 2578 4445 censores

606 4464 743 4530 mei
788 4463 1029 4529 rescire
1074 4484 1208 4527 non
1253 4485 1538 4547 possum,
1586 4465 1697 4547 qui
1739 4472 1874 4528 tam
1911 4463 2099 4529 facile
2144 4464 2267 4529 sibi
2303 4465 2578 4548 permit·

607 4560 764 4616 tunt
806 4548 1175 4615 inauditum
1220 4570 1409 4615 reum
1457 4550 1800 4649 damnare}
1845 4550 1979 4614 imo
2022 4570 2181 4615 vero
2226 4571 2417 4616 aures
2463 4552 2579 4616 ob·

610 4644 884 4701 struunt
926 4656 1011 4700 118
1055 4633 1348 4699 audiant.
1421 4633 1557 4701 Sed
1594 4635 1769 4701 1100
1750 4635 1834 4700 118
1869 4635 2082 4715 11088ι,
2127 4635 2322 4702 11088ι
2356 4637 2579 4717 etiam,

611 4721 669 4787 si
735 4720 974 4797 velint,
1043 4720 1234 4785 aliter
1299 4719 1381 4786 de
1446 4742 1553 4786 me
1609 4722 2048 4805 pronunciare
2104 4743 2306 4804 quam
2370 4724 2582 4807 ipsius

611 4827 841 4873 eorum
886 4806 1324 4872 conscientiae
1367 4827 1600 4873 sensus
1647 4807 1831 4873 forat.
1917 4807 2152 4873 Liceat
2199 4811 2582 4908 confingere

611 4891 879 4976 quidvis
913 4900 992 4956 ut
1026 4893 1259 4956 maiori
1293 4913 1400 4957 me
1435 4892 1689 4958 invidia
1723 4903 2026 4958 onerent:
2074 4894 2322 4961 veritas
2355 4915 2584 4961 rerum

613 4978 950 5045 erroribus
1015 4978 1402 5043 iudiciorum
1469 5000 1600 5043 non
1687 4979 1981 5045 vitiatur.
2093 4980 2362 5047 Interea
2426 5001 2582 5046 vero

611 5063 782 5129 mihi
841 5063 1248 5130 conscicntia
1305 5063 1489 5129 mille
1545 5072 1764 5131 testes.
1855 5062 1991 5130 Sed
2052 5086 2184 5131 non
2242 5074 2583 5150 putassem

615 5284 1270 5422 masezzazz
1289 5285 1575 5421 ’.ισοξ
1574 5288 1865 5412 aa...
1801 5303 2002 5343 Μ·
2035 5289 2167 5344 1...
2198 5288 2430 5357 ...a
2466 5286 2586 5350 0..

2691 618 2995 703 equidem
3039 640 3169 699 eos,
3235 621 3348 704 qui
3392 640 3500 687 me
3543 619 3771 689 multis
3815 623 3947 688 iam
3993 622 4187 690 annis
4228 631 4297 689 et
4340 623 4523 688 vitam
4556 635 4609 690 et

2689 706 2961 771 consilia
3016 715 3268 771 norunt
3318 727 3495 787 mea,
3561 715 3699 771 tam
3760 708 3929 773 mihi
3980 708 4243 791 iniquos
4300 709 4463 785 fore,
4519 721 4611 774 aut

2690 799 2829 857 tam
2892 792 3133 859 leviter
3197 792 3508 876 nullaque
3566 793 3646 858 de
3703 815 3936 872 081188,
4004 815 4175 878 quae
4227 795 4483 877 quidem
4520 803 4613 860 aut

2687 878 2861 943 iusta
2929 879 3017 943 sit
3082 885 3199 944 aut
3264 898 3454 958 vera,
3517 887 3656 945 tam
3710 879 3887 946 male
3930 901 4004 945 er
4133 879 4463 947 absentem
4500 902 4615 947 eae

2687 963 2956 1029 affectos
2999 965 3110 1046 qui
3153 973 3566 1048 praesentem
3604 986 3826 1031 amare
3861 965 4016 1031 vide
4061 975 4279 1032 antur.
4351 966 4614 1032 Fuerunt

2687 1059 2755 1114 et
2817 1049 2867 1114 11
2932 1049 3288 1133 aliquando
3353 1051 3687 1130 absentes,
3754 1063 3912 1119 sunt
3969 1061 4037 1118 et
4087 1052 4231 1117 alii:
4314 1073 4432 1137 ego
4470 1054 4617 1118 solm

2687 1134 2972 1219 plector,
3032 1136 3143 1202 cui
3186 1143 3410 1201 tamen
3454 1138 3510 1202 si
3556 1138 3873 1217 dixerim,
3939 1138 4287 1204 iustiorem
4330 1159 4515 1221 quam
4551 1139 4617 1203 iis

2687 1242 2832 1286 esse
2867 1221 3199 1288 absentiae
3234 1243 3519 1300 causam,
3566 1233 3633 1288 et
3666 1223 4110 1289 honestiorem
4146 1226 4402 1290 interea
4432 1245 4620 1289 moras

2686 1327 2845 1374 suae
2889 1308 3207 1373 rationem
3253 1317 3586 1388 constare,
3652 1309 3825 1392 quod
3869 1317 3936 1376 et
3978 1330 4214 1376 verum
4259 1321 4363 1375 est
4404 1319 4469 1376 et
4506 1330 4619 1374 om·

2686 1393 2881 1459 nibus
2941 1394 3101 1459 satis
3160 1402 3391 1459 notum
3452 1394 3683 1460 dicam.
3774 1395 3910 1461 Sed
3962 1396 4090 1462 hac
4149 1393 4413 1480 quidem
4455 1395 4529 1461 de
4564 1417 4621 1461 re

2687 1478 2849 1545 alias
2894 1479 2978 1546 ad
3024 1487 3088 1544 te
3133 1482 3382 1564 scripsi.
3467 1479 3824 1547 Silentium
3880 1483 4358 1583 interpretarer
4400 1480 4621 1547 abdica·

2688 1565 2933 1631 tionem
2991 1565 3123 1631 nisi
3175 1568 3233 1632 si
3289 1575 3357 1631 et
3411 1569 3788 1652 graviorem
3848 1576 3913 1633 et
3967 1570 4343 1667 aequiorem
4409 1587 4539 1633 esse
4570 1579 4623 1632 tc

2686 1652 2925 1717 scirem
2979 1672 3178 1735 quam
3238 1661 3313 1717 ut
3369 1661 3617 1719 temere
3676 1655 4152 1719 commovearis
4195 1654 4502 1719 inanibus
4538 1673 4623 1718 cs-

2686 1736 2960 1803 lumniis
3005 1758 3324 1803 vanorum
3371 1739 3731 1804 hominum.
3805 1740 4089 1806 Brevius
4131 1738 4417 1805 fortasse
4454 1759 4623 1822 quam

2683 1832 2877 1905 putas
2923 1832 2986 1889 te
3030 1825 3336 1889 revisam.
3411 1824 3617 1890 Faxit
3658 1826 3985 1891 Dominus
4022 1836 4099 1890 ut
4130 1826 4281 1890 istic
4316 1833 4452 1890 tam
4485 1826 4627 1890 laea

2686 1908 3016 1974 offendam
3109 1911 3335 1975 omnia
3421 1932 3619 1994 quam
3709 1910 4025 1977 desidero.
4132 1910 4320 1976 Vale.
4431 1910 4625 1977 Pridie

2688 1993 3013 2061 Calendas
3055 1994 3281 2061 Iulias.
3309 2001 3360 2073 ¹)

3844 2135 3920 2201 P.
3968 2133 4265 2201 Rochius
4310 2143 4481 2200 tuus.

3480 2429 3889 2437 ———

3574 2681 3769 2751 4160.

3205 2834 3446 2899 ΒΕΖΔ
3498 2834 4128 2902 BULLINGERO.

2856 3004 2958 3071 De
3001 3006 3141 3071 eius
3182 3005 3382 3071 libello
3428 3005 3592 3091 Reqi
3641 3006 3895 3073 Galliae
3938 3007 4252 3090 inscripto.

2989 3178 3100 3245 (Ex
3138 3177 3479 3247 autographo
3515 3178 3650 3234 cod.
3690 3178 3895 3233 eenev.
3931 3177 4051 3246 ns,
4086 3178 4179 3231 101.
4217 3175 4373 3245 126.)

2854 3348 3121 3412 Eximio
3176 3347 3431 3413 Christi
3510 3370 3707 3414 servo
3761 3348 3851 3414 D.
3908 3348 4203 3414 Henrico
4262 3347 4628 3433 Bullingero

2679 3434 2991 3500 ecclesiae
3036 3433 3396 3518 Tigurinae
3440 3436 3689 3518 pastori
3727 3435 4129 3501 fidelissimo.

4226 3521 4484 3605 'fig-uri.

2852 3688 2924 3756 S.
2972 3700 3039 3755 et
3080 3712 3307 3773 pacem
3353 3711 3394 3756 8
3438 3692 3748 3757 1)01111110.
3839 3692 4007 3757 Erat
4063 3713 4276 3775 nuper
4326 3691 4504 3775 apud
4542 3710 4629 3755 1118

2678 3777 2762 3842 D.
2815 3774 3140 3855 Calvinae,
3185 3798 3385 3860 quum
3433 3785 3588 3842 tuae
3629 3776 3733 3842 illi
3774 3775 4209 3843 redderentur
4249 3779 4485 3843 literae
4518 3795 4629 3842 uns

2677 3882 2829 3928 oum
2877 3828 3253 3928 doctissimo
3290 3873 3356 3927 et
3402 3863 3592 3928 valde
3636 3864 3749 3946 pio
3792 3875 3906 3928 tuo
3951 3863 4268 3946 opusculo
4301 3864 4479 3948 quod
4514 3863 4627 3946 '1¹5-

2679 3969 2888 4014 ranno
2933 3960 3158 4014 nostro
3202 3947 3535 4015 dedicasti.
3579 3948 3651 4015 Is
3694 3951 3948 4015 utinam
3996 3949 4101 4013 vel
4158 3949 4405 4015 micam
4454 3951 4627 4014 habe-

2679 4045 2780 4100 ret
2824 4056 3022 4099 verae
3066 4035 3363 4118 pietatis,
3422 4046 3684 4099 tantum
3730 4034 3919 4100 abest
3974 4045 4053 4100 ut
4096 4032 4627 4101 christianissimi

2680 4130 3113 4204 cognomento
3156 4121 3246 4187 sit
3289 4121 3562 4221 dignus,
3631 4120 3808 4204 quod
3853 4140 3976 4205 ego
4019 4131 4197 4186 certe
4254 4123 4536 4187 mirarer
4570 4122 4627 4183 1ιι

2679 4207 2941 4290 scriptis
2986 4205 3069 4270 ad
3112 4206 3299 4271 illum
3345 4208 3479 4271 tuis
3522 4226 3869 4290 apparere,
3916 4207 4047 4271 11181
4090 4218 4154 4271 te
4196 4209 4365 4272 satis
4408 4204 4627 4272 intelli-

2680 4313 2904 4376 gerem
2951 4292 3075 4357 hac
3118 4291 3557 4375 appellatione
3621 4292 3812 4357 illum
3871 4292 4067 4357 officii
4132 4292 4493 4358 admonere
4530 4312 4627 4356 vo-

2677 4378 2901 4444 luisse.
2990 4377 3266 4459 Quoties
3330 4390 3554 4442 tamen
3614 4379 3831 4463 cogito
3895 4398 4065 4461 quae
4122 4383 4261 4444 sint
4324 4382 4473 4444 eius
4512 4398 4627 4443 11011

2680 4473 2939 4529 tantum
2984 4464 3343 4529 domestica
3387 4463 3625 4546 probra
3668 4474 3738 4529 et
3780 4465 4053 4548 flagitia,
4094 4464 4209 4530 sed
4253 4467 4457 4529 etiam
4500 4484 4626 4529 cru·

2682 4549 3013 4616 delissima
3056 4550 3229 4616 facta
3270 4550 3342 4614 in
3387 4549 3557 4614 filios
3601 4550 3758 4628 Dei,
3824 4556 3976 4633 opto
4023 4551 4128 4615 vel
4174 4549 4369 4617 illum
4414 4570 4454 4613 a
4494 4569 4625 4614 nos-

2680 4636 2803 4700 tris
2847 4636 3225 4701 hominibus
3267 4637 3533 4700 omnino
3576 4657 3710 4700 non
3754 4634 4089 4719 appellari,
4137 4635 4243 4701 vel
4287 4647 4470 4702 certe

2682 4721 2969 4787 teritatis
3022 4740 3219 4787 causa
3275 4721 3441 4787 falso
3502 4719 3624 4786 hoc
3682 4722 3872 4786 titulo
3927 4743 4061 4787 non
4122 4723 4365 4787 ornari.
4452 4728 4515 4788 A

2682 4816 2904 4873 autem
2950 4816 3025 4872 ut
3060 4807 3406 4875 consilium
3449 4816 3641 4871 tuum
3710 4806 4223 4891 reprehendam,
4290 4810 4381 4872 mi
4428 4818 4621 4893 pater·

2681 4915 2812 4958 non
2859 4893 2955 4958 ita
2996 4893 3276 4960 111881ιί0
3359 4892 3506 4958 11110
3551 4914 3707 4960 vero
3750 4914 3881 4958 nou
3924 4913 4197 4977 possum
4250 4894 4417 4960 satis
4460 4911 4625 4977 prns-

2683 4979 2903 5045 dicare
2969 4978 3285 5045 eximium
3349 4989 3540 5045 tuum
3608 4980 3675 5043 in
3735 4988 3994 5045 nostros
4040 4978 4275 5045 Gallos
4332 4980 4621 5049 studim.

2683 5218 2865 5273 4188.
2895 5218 3353 5341 iamne-vam,
3400 5220 3641 5341 0035&ae
3666 5217 3816 5274 hane
3857 5218 4197 5299 mmu-
4282 5221 4295 5233 ·
4468 5217 4621 5284 tuen

2684 5287 3450 5426 mamm-t
3488 5288 4070 5422 mam.
3977 5353 4111 5409 1551
4150 5356 4235 5412 ...ι
4272 5292 4421 5411 ιωὲι
