4900 6125
280 448 402 513 581

277 634 412 702 sibi
453 635 777 721 reliquum
824 635 1098 714 faciant,
1162 635 1482 703 obiiciunt
1536 635 1849 704 scandala
1889 657 2058 722 quae
2101 641 2239 703 tam

280 721 494 787 multa
547 722 721 806 parit
777 720 1073 787 doctrina
1127 721 1526 807 evangelion.
1598 722 1965 790 Clamitent
2021 723 2240 807 reipu-

279 807 492 874 blicae
565 806 1110 892 tranquillitatem
1176 827 1218 872 a
1279 808 1475 875 novis
1539 808 1661 895 (sic
1725 809 1905 875 enim
1969 807 2239 894 vocant)

279 892 681 979 evangelicis
724 892 1125 977 perturbari,
1185 912 1431 977 eosque
1482 893 1713 980 lingua
1754 895 1921 962 mire
1965 893 2242 960 disertos

280 1000 426 1045 esse
443 1031 462 1058 ,
538 985 865 1045 caeterum
946 999 1183 1079 parum
1257 980 1640 1065 evangelice
1712 980 1953 1048 vivere.
2044 978 2241 1061 Quod

281 1065 482 1149 (proh
523 1063 734 1140 dolor)
777 1073 855 1130 ut
896 1065 1176 1130 nimium
1213 1085 1445 1130 verum
1480 1075 1599 1145 est,
1644 1065 1740 1131 ita
1773 1066 2048 1132 minime
2089 1086 2242 1133 eum

280 1150 505 1235 impiis
537 1150 780 1217 offendi
817 1149 1148 1230 deberent,
1184 1150 1343 1234 quin
1365 1152 1582 1235 potius
1618 1151 1834 1218 danda
1869 1160 2014 1218 erat
2045 1171 2246 1235 opera

280 1243 360 1302 ιιι
403 1236 530 1321 ipsi
571 1257 693 1303 suo
733 1237 1038 1320 exemplo
1081 1237 1348 1321 ignaros
1393 1235 1477 1301 ad
1517 1240 1842 1305 sinceram
1877 1237 2242 1304 doctrinam

278 1322 674 1403 invitarent,
729 1321 937 1386 malos
991 1322 1067 1386 in
1119 1323 1300 1388 viam
1356 1321 1766 1389 reducerent.
1854 1323 2003 1389 Non
2063 1323 2244 1388 enim

283 1416 390 1473 est
448 1408 720 1474 dubium
777 1406 938 1490 quin
951 1457 969 1487 ,
1027 1407 1085 1473 si
1137 1428 1209 1474 se
1265 1407 1528 1491 pietatis
1587 1408 1785 1476 duces
1836 1408 2246 1493 praeberent,

283 1493 531 1578 aliquot
593 1502 815 1559 essent
876 1492 1169 1558 habituri
1227 1502 1599 1562 sectatores.
1697 1494 1870 1561 Nam
1924 1493 2054 1561 dici
2108 1516 2246 1560 non

279 1586 503 1663 potest
532 1599 730 1663 quam
764 1578 1009 1645 multos
1043 1599 1085 1644 a
1117 1585 1297 1646 recto
1339 1578 1623 1646 abducat
1664 1580 1988 1646 malorum
2023 1600 2244 1646 exem·

282 1666 488 1750 plum,
533 1685 653 1731 nec
690 1663 957 1730 difficile
991 1662 1246 1731 creditu
1279 1675 1600 1749 quantum
1643 1665 1828 1746 illud,
1869 1665 2068 1732 etiam
2110 1685 2247 1731 non

282 1751 554 1816 omnino
596 1750 819 1829 malis,
880 1749 1191 1834 peccandi
1234 1750 1592 1817 fenestram
1635 1751 1904 1835 aperiat,
1948 1771 2246 1834 praeser-

284 1837 410 1901 tim
452 1835 561 1901 hic
603 1836 676 1900 in
711 1841 902 1900 tanta
934 1835 1105 1900 fame
1139 1845 1334 1919 atque
1369 1836 1476 1902 siti
1515 1838 1700 1904 verbi
1723 1836 1869 1903 Dei.
1933 1836 2248 1903 Breviter

283 1921 428 1998 hic.
474 1941 733 2005 quoquo
775 1927 997 1986 vertas
1038 1920 1287 1998 oculos,
1343 1921 1718 1988 miseranda
1759 1944 1985 1989 rerum
2028 1922 2246 1989 facies.

283 2006 676 2074 Adversarii
719 2006 980 2072 nullum
1013 2007 1446 2091 persequendi
1487 2008 1693 2074 bonos
1735 2010 1937 2074 finem
1977 2009 2245 2076 faciunt.

282 2091 424 2174 Qui
489 2092 675 2175 probi
741 2091 971 2159 haberi
1034 2092 1268 2157 volunt
1333 2114 1467 2158 non
1530 2093 1601 2160 id
1656 2094 2014 2160 ostendunt
2076 2093 2249 2177 quod

281 2177 618 2245 dicuntur.
706 2177 1053 2244 Sectarum
1096 2177 1294 2261 plena
1335 2185 1496 2244 sunt
1550 2180 1789 2246 omnia.
1875 2181 2016 2248 Nec
2058 2177 2248 2245 video

278 2262 560 2415 posthac
600 2264 672 2328 in
715 2263 819 2329 his
859 2263 1020 2330 locis
1061 2263 1207 2346 quis
1250 2262 1433 2331 locus
1475 2265 1605 2348 piis
1647 2264 1910 2331 futurus
1951 2265 2070 2345 sit,
2116 2265 2247 2331 nisi

327 2349 473 2415 rsvi
513 2349 701 2415 Deus
756 2369 878 2416 sua
932 2348 1248 2416 ineffabili
1292 2349 1641 2417 clementia
1766 2351 1996 2434 pulum
2040 2352 2246 2418 affiic-

277 2442 428 2500 tum
481 2435 866 2519 respexerit.
956 2432 1135 2515 Quid
1196 2436 1372 2501 enim
1432 2456 1592 2521 agas
1633 2371 1765 2501 ug?
1808 2436 2246 2504 conscientiae

278 2519 607 2587 tumultus
673 2527 990 2604 perpetuo
1059 2519 1434 2603 obstrepat?
1530 2521 1763 2588 Cicero
1825 2530 2050 2588 tamen
2115 2523 2245 2588 rei-

276 2605 584 2689 publicae
616 2626 929 2672 romanae
965 2613 1210 2671 statum
1247 2617 1325 2671 ut
1363 2607 1812 2673 miserrimum
1844 2605 2242 2691 deplorabat,

277 2712 508 2842 quun}¹
527 2691 781 2841 eivitbeus
824 2689 906 2758 de
949 2690 1283 2841 τοριιξῑίοιι
1301 2691 1540 2840 llibere
1561 2692 1763 2792 ‘loqui
1804 2712 1949 2843 noi:²
1984 2692 2241 2845 lgtzehret:

277 2797 403 2843 nos
507 2797 584 2844 oc
717 2796 946 2860 mpore
999 2798 1113 2860 qm
1159 2798 1237 2842 us
1326 2795 1613 2862 acrymis
1669 2799 1791 2861 par
1845 2799 1917 2844 es
2134 2799 2245 2845 ere

277 2862 591 2930 ecelesiae
646 2870 924 2941 statum,
985 2862 1066 2927 de
1107 2882 1239 2945 quo
1281 2864 1338 2928 si
1391 2864 1553 2929 satis
1595 2873 1773 2930 esset
1813 2865 1921 2947 pie
1976 2865 2243 2946 sentire,

276 2955 360 3014 ιιι
399 2947 706 3015 nonnulli
764 2949 963 3014 etiam
1006 2948 1181 3013 inter
1222 2969 1336 3015 eos
1378 2948 1490 3032 qui
1535 2947 1952 3016 Christianos
1996 2971 2068 3017 se
2109 2952 2238 3018 iac·

277 3033 484 3101 titant
525 3034 725 3118 impie
766 3034 1118 3114 affirmant,
1163 3034 1496 3119 praeclare
1531 3035 1870 3103 nobiscum
1906 3036 2014 3121 agi
2049 3046 2240 3122 puta-

275 3142 522 3187 remus.
610 3119 746 3186 Sed
789 3141 995 3203 quum
1048 3119 1157 3186 hic
1199 3119 1451 3187 Christi
1506 3120 1718 3205 gloria
1771 3130 2040 3206 agatur,
2099 3123 2242 3188 ani·

275 3227 542 3272 marum
585 3206 763 3273 salus
804 3205 1242 3291 periclitetur,
1305 3206 1452 3290 quis
1495 3228 1628 3272 non
1674 3206 1856 3273 videt
1900 3208 2035 3273 oris
2085 3228 2242 3275 con-

276 3292 568 3359 fessione
610 3312 776 3377 opus
819 3313 980 3357 esse.
1066 3290 1202 3358 Sed
1248 3292 1418 3357 hanc
1462 3291 1684 3359 rident
1720 3293 2087 3377 μωρόσοφοι,
2129 3294 2241 3377 qui

276 3377 362 3443 de
415 3377 694 3463 singulis
747 3397 1094 3444 censuram
1148 3376 1274 3444 sibi
1328 3387 1625 3444 sumunt.
1712 3378 1907 3445 Plato
1949 3378 2032 3444 ad
2078 3377 2241 3446 Dio-

273 3463 551 3548 nysium
592 3464 886 3530 scribens
930 3461 1188 3529 dicebat
1241 3463 1607 3530 cavendum
1661 3484 1805 3531 esse
1848 3485 1934 3530 ne
1976 3465 2048 3530 in
2092 3465 2240 3531 vul·

443 3555 834 3615 emanarent
866 3568 1033 3632 quae
1076 3547 1217 3631 ipse
1251 3547 1334 3614 de
1375 3549 1592 3633 prima
1624 3549 1901 3615 materia
1942 3551 2237 3617 sentiret.

331 3634 395 3702 io
438 3635 619 3701 onim
664 3634 952 3701 dioebat:
996 3632 1350 3716 εὗλαβοῧμίν
1390 3659 1488 3698 τοι
1525 3635 1752 3715 μήκοτε
1792 3637 2015 3719 ineufi
2053 3638 2241 3702 ταῦτα

272 3722 364 3794 εἰς
404 3721 774 3806 ἀνθρώπους
815 3717 1221 3793 ἄκαιδεᾶτονς’
1278 3719 1496 3801 σχεδὸν
1549 3720 1686 3805 γὰρ,
1741 3719 1824 3795 ὥς
1878 3722 2012 3801 ἐμοὶ
2053 3720 2238 3803 δοκεῖ,

273 3804 383 3870 οὖα
423 3808 551 3871 ἐστὶ
590 3807 813 3870 τούτων
844 3831 892 3869 π
934 3803 1002 3880 ὃς
1033 3803 1165 3879 τοῦς
1197 3804 1408 3880 ἄλλους
1449 3806 1990 3891 καταγελαστότερα
2022 3804 2239 3872 dno&-

272 3916 440 3973 ματα
454 3936 477 3971 ,
520 3889 644 3956 ou’d'
688 3887 765 3954 ἂν
818 3915 971 3975 προς
1023 3889 1157 3966 τούς
1213 3890 1448 3975 εὐφυεῖς
1489 3892 1948 3977 θαυμαστότερα
2003 3897 2108 3956 καὶ
2147 3898 2238 3957 ἐν·

270 3976 846 4061 ewam-nosue«.
907 3977 1046 4043 Nos
1078 3998 1239 4044 vero
1273 3986 1506 4043 contra
1539 3998 1691 4044 eum
1716 3977 1987 4044 Christo
2023 3978 2238 4046 dicere

270 4083 658 4148 possumus,
713 4063 1086 4146 imperitam
1139 4061 1639 4129 multitudinem
1695 4063 1850 4130 huic
1906 4062 2240 4131 doctrinae

271 4148 583 4234 plausum
625 4149 801 4228 dare,
847 4146 1125 4214 eandem
1167 4149 1251 4214 ab
1289 4149 1372 4214 iis
1405 4148 1669 4232 explodi
1702 4169 1979 4232 quornm
2014 4159 2238 4233 partes

271 4245 467 4301 erant
522 4255 670 4301 eam
725 4253 925 4318 quam
989 4233 1308 4300 latissime
1363 4253 1692 4319 spargere.
1783 4234 1971 4301 Haec
2026 4256 2236 4319 quan-

272 4341 474 4404 quam
520 4320 638 4387 tibi
681 4330 837 4385 nota
878 4340 1021 4385 esse
1072 4320 1224 4398 scio,
1285 4330 1509 4385 tamen
1554 4321 1713 4404 quia
1755 4320 1956 4386 huius
1999 4321 2096 4386 rei
2139 4330 2238 4387 tot

269 4404 578 4489 exempla
611 4403 800 4470 nobis
843 4404 1222 4489 suppeditat
1263 4405 1371 4472 hic
1413 4405 1613 4483 locus,
1657 4406 1728 4470 in
1766 4427 1894 4489 quo
1928 4405 2034 4472 vel
2069 4406 2233 4472 illud

269 4492 344 4557 in
387 4491 621 4576 primis
661 4489 730 4554 τδ
772 4495 1079 4571 θεολογῶν
1120 4492 1421 4556 omnium
1464 4512 1659 4556 aures
1701 4500 2009 4573 personat
2022 4543 2039 4571 ,
2098 4514 2234 4559 non

267 4598 537 4661 possum
599 4576 680 4641 de
738 4576 819 4642 iis
877 4586 1092 4644 tacere
1133 4596 1302 4660 quae
1354 4597 1484 4642 non
1546 4578 1687 4642 sine
1730 4597 1970 4661 magno
2028 4579 2232 4644 animi

271 4662 496 4729 dolore
554 4661 762 4727 oculis
815 4672 1204 4745 spectamus.
1293 4660 1512 4744 Quem
1557 4663 1734 4727 enim
1790 4662 1919 4728 nisi
1962 4684 2234 4746 prorsus

267 4749 594 4829 ἀνάλγητον
639 4768 770 4812 non
813 4755 1075 4814 moveat
1118 4754 1306 4813 tanta
1346 4747 1730 4814 calamitas?
1817 4746 1967 4830 Quo
2011 4750 2232 4817 animo

269 4834 434 4900 haec
477 4841 753 4900 cernant
793 4833 926 4909 alii,
969 4831 1208 4916 quibus
1252 4841 1354 4899 est
1394 4834 1463 4898 in
1507 4832 1788 4916 proclivi
1830 4833 2044 4899 solum
2079 4856 2230 4902 ver-

267 4928 447 4998 tere,
505 4920 758 4985 nescio:
817 4939 940 5003 ego
996 4917 1104 4987 hic
1162 4928 1339 4984 certe
1398 4929 1583 4984 tanto
1626 4938 1925 4986 moerore
1968 4920 2230 4991 tabesco

267 5013 345 5071 ut
388 5024 586 5088 saepe
601 5056 617 5083 ,
678 5003 1096 5071 dissuadente
1136 5004 1360 5089 inopia
1405 5004 1728 5088 rebusque
1772 5026 2008 5089 parum
2053 5026 2230 5074 com-

267 5091 532 5175 positis,
593 5088 675 5155 de
716 5090 1061 5175 migrando
1113 5087 1197 5154 ad
1240 5111 1362 5157 vos
1404 5090 1766 5174 cogitarim.
1853 5090 1992 5157 Nee
2037 5095 2230 5163 video

268 5198 401 5260 quo
440 5183 630 5259 paeto
673 5174 781 5243 hic
823 5197 972 5243 cnm
1025 5183 1215 5241 tanto
1271 5177 1705 5243 conscientiae
1748 5176 2040 5260 periculo
2084 5179 2224 5248 diu-

267 5262 406 5329 tius
463 5261 707 5346 possim
758 5262 1026 5328 versari.
1114 5260 1364 5346 Optavi
1425 5272 1622 5328 antea
1665 5282 1799 5329 non
1853 5266 2057 5331 semel
2110 5290 2229 5352 per

268 5348 500 5415 literas
544 5358 730 5413 tuum
786 5348 857 5414 in
898 5346 1024 5414 hac
1081 5369 1153 5413 re
1207 5347 1552 5415 eonsilium
1598 5349 1961 5433 exquirere.
2031 5352 2229 5436 Quod
2269 5340 2275 5398 4

1902 446 2689 546 ΒιιΡΡΙ,ιιιιιιιιίἰιιι.Ι

2338 634 2601 721 quando
2644 636 2968 703 hactenus
3010 640 3155 701 tuto
3196 655 3332 702 non
3366 635 3569 718 potui,
3613 635 3839 720 paucis
3873 634 4006 702 mei
4047 635 4313 704 consilii

2339 723 2665 789 rationem
2701 721 2941 806 accipe.
3000 719 3222 803 Quum
3257 730 3565 805 parentes
3610 742 3749 788 sem
3797 743 3870 788 er
3911 721 4104 788 initio
4136 722 4307 788 mihi

2342 819 2605 876 autores
2660 807 2943 874 fuissent
2956 858 2974 886 ,
3033 815 3112 872 ut
3147 805 3258 874 vel
3300 805 3384 873 ad
3436 807 3727 890 iurispru
3773 808 4024 874 entiam
4065 806 4179 873 vel
4221 807 4313 875 ad

2339 894 2733 961 medicinam
2768 894 3065 958 animum
3101 891 3470 973 adiicerem,
3511 892 3777 959 nolente
3810 914 3919 959 me
3951 901 4313 977 coeperunt

2341 979 2593 1064 aliquot
2646 978 2887 1046 abhinc
2944 978 3139 1044 annis
3197 978 3414 1045 acrius
3471 978 3758 1045 instare:
3824 977 3942 1045 sed
3999 998 4077 1045 eo
4119 979 4308 1045 nulla

2342 1066 2603 1131 ratione
2645 1064 2832 1149 potui
2888 1063 3142 1148 impelli
3156 1115 3171 1144 ‚
3233 1063 3404 1147 quod
3460 1063 3623 1129 mihi
3675 1085 3936 1148 semper
3978 1065 4309 1132 arrisisset

2341 1150 2726 1237 linguarum
2786 1148 3104 1230 studium,
3171 1149 3279 1216 cui
3336 1168 3444 1215 me
3501 1157 3712 1216 totum
3760 1149 4025 1234 penitus
4079 1170 4308 1217 conse-

2342 1236 2548 1316 cravi,
2592 1247 2780 1302 ratus
2822 1235 2945 1302 has
2988 1255 3123 1301 non
3165 1255 3372 1319 parvo
3406 1234 3571 1300 mihi
3615 1235 3755 1302 fore
3798 1234 4180 1302 adiumento
4222 1235 4309 1301 ad

2342 1343 2682 1389 sacrarum
2725 1321 3064 1387 literarum
3111 1320 3635 1405 intelligentiam.
3706 1320 3787 1386 Id
3829 1323 4110 1387 feceram
4156 1320 4309 1388 doc·

2343 1415 2565 1474 torum
2607 1407 2901 1474 virorum
2955 1406 3299 1473 eonsilium
3354 1415 3701 1490 sequutus,
3762 1407 3877 1492 qui
3920 1414 4161 1473 norant
4202 1425 4310 1473 me

2344 1513 2611 1560 omnem
2670 1492 3036 1562 studiorum
3092 1513 3391 1558 meorum
3458 1513 3725 1559 cursum
3791 1513 4143 1578 omnesque
4206 1492 4311 1558 in·

2345 1579 2526 1664 genii
2569 1579 2699 1645 mei
2753 1587 3025 1646 conatus
3068 1576 3152 1643 ad
3197 1577 3450 1644 Christi
3509 1577 3785 1662 gloriam
3830 1578 4095 1645 referre.
4176 1578 4310 1644 Ne-

2346 1686 2475 1749 que
2510 1666 2685 1730 enim
2720 1673 2862 1730 tum
2887 1684 3038 1748 spes
3060 1663 3406 1731 mediocris
3429 1662 3712 1731 habebat
3736 1662 4036 1729 animum
4067 1684 4311 1744 meum,

2346 1751 2643 1816 futurum
2684 1747 3031 1833 aliquando
3064 1759 3140 1815 ut
3174 1749 3393 1832 palam
3425 1748 3536 1816 hic
3569 1749 4061 1832 praedicaretur
4080 1749 4311 1816 Chris—

2347 1845 2474 1901 tus.
2574 1833 2713 1902 Sed
2777 1857 2850 1901 re
2914 1833 3125 1901 indies
3189 1843 3506 1918 vergente
3570 1835 3643 1899 in
3717 1834 4036 1914 deterius,
4104 1856 4311 1919 quum

2345 1920 2534 1987 nulla
2574 1941 2724 2005 spes
2766 1921 3049 2004 amplius
3093 1920 3424 2005 affulgeat,
3469 1941 3592 2005 ego
3633 1919 3715 1986 ab
3759 1921 3865 1986 his
3900 1920 4089 1987 malis
4124 1919 4310 1987 velut

2345 2005 2696 2091 naufragio
2754 2007 2998 2073 eiectus
3042 2015 3305 2089 portum
3363 2006 3648 2089 aliquem
3708 2007 3950 2091 aspicio
3993 2007 4067 2071 in
4111 2027 4305 2090 quem

2344 2113 2454 2159 me
2497 2095 2629 2160 reci
2678 2094 2829 2158 iam.
2904 2091 3253 2159 Summam
3309 2091 3513 2178 igitur
3557 2090 3886 2159 felicitatis
3928 2112 4114 2158 meae
4156 2113 4307 2173 par-

2346 2185 2484 2244 tem
2528 2179 2598 2243 in
2644 2178 2906 2255 icarem,
2952 2178 3010 2243 si
3052 2177 3229 2261 apud
3266 2198 3382 2243 vos
3421 2176 3576 2244 huic
3618 2178 3985 2244 miserrimo
4026 2176 4309 2243 homun-

2346 2264 2519 2330 cioni
2560 2262 2741 2331 locus
2784 2271 2974 2330 esset.
3046 2261 3243 2345 Quod
3276 2261 3540 2347 quidem
3583 2264 3642 2329 si
3684 2272 3799 2329 tuo
3840 2263 4156 2329 beneficio
4199 2284 4308 2329 me

2346 2350 2657 2434 consequi
2700 2370 2892 2433 posse
2933 2369 3300 2433 sperarem,
3355 2356 3423 2414 te
3466 2370 3585 2433 per
3627 2349 3855 2416 Musas
3897 2369 4153 2428 omnes,
4199 2348 4309 2415 vel

2344 2436 2565 2519 potius
2598 2455 2718 2519 per
2754 2434 3096 2503 Christum
3131 2435 3513 2512 obtestarer,
3560 2440 3638 2500 ut
3677 2455 3795 2519 per
3836 2444 3901 2500 te
3941 2433 4107 2500 mihi
4148 2434 4309 2501 felix

2345 2541 2492 2587 esse
2531 2520 2777 2587 liceret.
2848 2520 3201 2587 Venissem
3258 2522 3390 2585 iam
3446 2519 3531 2585 ad
3575 2540 3694 2587 vos
3711 2572 3727 2600 ‚
3785 2520 3902 2587 sed
3944 2520 4098 2586 nolo

2345 2626 2510 2672 vare
2545 2606 2869 2684 ecclesias,
2905 2606 3143 2690 quibus
3185 2604 3415 2671 honori
3460 2627 3593 2671 non
3629 2607 3815 2672 oneri
3850 2626 3991 2672 esse
4025 2625 4306 2689 cupiam.

2346 2691 2452 2757 'l'u
2495 2693 2554 2757 si
2596 2690 2755 2776 quid
2789 2690 2974 2758 vides
3015 2711 3123 2757 me
3159 2711 3350 2775 posse
3437 2690 3701 2758 rodesse
3744 2692 4136 2758 christianae
4179 2693 4308 2757 rei·

2438 2777 2665 2858 blicae,
2710 2798 2844 2843 non
2866 2777 3252 2863 gravaberis
3294 2777 3386 2842 mi
3440 2778 3453 2793 ⁸
3568 2798 3604 2841 r
3646 2777 3875 2844 literas
3917 2777 4305 2862 significare.

2344 2797 2628 2928 Exim-im
2686 2884 2958 2948 pergam
3016 2863 3123 2930 hic
3181 2862 3429 2930 Vatum
3512 2863 3830 2929 eetionem
3888 2862 4134 2942 audire,
4191 2863 4304 2947 qui

2344 2968 2593 3033 magna
2628 2948 2990 3033 diligentia,
3014 2949 3250 3014 maiori
3292 2948 3529 3028 fructu,
3555 2948 4081 3033 frequentissimo
4124 2947 4306 3014 audi-

2346 3035 2532 3136 torio,
2561 3034 2948 3120 psalterium
2983 3033 3287 3102 hebraice
3320 3035 3815 3137 interpretatur.
3862 3034 4067 3102 Plura
4100 3034 4306 3119 scrip-

2345 3118 3521 3307 {arama-..nrgzsssszfiz’
3534 3130 4308 3273 θεωωςιζεὲοῗεᾷ

2346 3300 2480 3358 tiae
2523 3300 2755 3377 quarto
2797 3295 3102 3378 Augusti.
3140 3295 3191 3373 ¹)

3110 3585 3517 3598 ...---.-——-.-—

3217 3840 3421 3911 42⁶8.

2852 3994 3319 4063 INCER'PUS
3361 3992 3798 4062 CALVINO.

2519 4168 2775 4252 Quaerit
2817 4189 2905 4234 an
2946 4167 3272 4249 uoeatpio
3314 4185 3575 4232 uxorem
3624 4166 4009 4248 papi-vticam
4050 4165 4295 4233 ducere.

2378 4340 2492 4405 (Ex
2547 4339 2888 4410 autographo
2923 4337 3054 4393 eod.
3091 4336 3257 4392 Goth.
3289 4335 3423 4473 ἕξ),
3476 4336 3567 4391 fol.
3603 4336 3720 4389 114.
3768 4365 3833 4375 —
3868 4335 4055 4389 Edidit
4092 4336 4261 4391 Liebe

3214 4422 3267 4475 p.
3376 4443 3389 4457 .

2509 4583 2569 4646 A
2616 4580 2954 4647 Monsieur
2995 4576 3335 4644 Monsieur
3376 4576 3657 4642 Iohaun.
3704 4573 4084 4727 0⁸¹Ph¹l²f¹¹⁰

3839 4681 3880 4726 a
3987 4682 4116 4729 ion.

2884 4834 3172 4901 Domino
3214 4833 3267 4898 Ι.
3314 4833 3391 4899 C.
3436 4832 3737 4898 salutem.

2508 4972 2679 5040 Vide
2756 4994 2953 5057 quam
3034 4971 3159 5037 sim
3224 4968 3600 5053 impudens,
3681 4970 3785 5034 vir
3846 4968 4291 5037 eruditissime

2331 5059 2533 5127 simul
2575 5068 2644 5126 et
2685 5058 2948 5143 optime,
2993 5065 3070 5123 ut
3114 5066 3273 5122 tune
3318 5055 3580 5120 demum
3625 5055 3708 5121 ad
3754 5065 3820 5119 te
3863 5055 4087 5121 literas
4128 5053 4288 5123 dare

2327 5297 2522 5427 επ.
2542 5298 2601 5365 1)
2642 5298 2864 5368 Scripta
2898 5303 2979 5353 eut
3009 5302 3139 5352 avite
3170 5311 3225 5349 a.
3264 5292 3398 5349 1547
3446 5310 3555 5364 quo
3599 5294 3867 5350 Vatablus
3912 5310 3980 5349 ω
4022 5293 4165 5350 vivis
4198 5310 4303 5352 ατ·

3761 5445 3877 5502 87·
