4900 6125
567 377 692 440 8⁸75

569 611 592 627 ι
746 562 762 577 ’
847 585 967 647 per
1021 564 1436 633 atheneo-s
1495 565 1720 634 literas
1777 578 1894 634 aut
1948 577 2152 636 testes
2193 571 2524 655 probatos,

565 647 1336 734 idqnodimprudentia
1397 653 2525 738 magisquamdolosactumesse

565 737 957 802 οσποωίο.
1045 737 2522 827 Etorovosatqueobsecroperlesum

565 820 904 888 Christum
949 843 1034 888 ne
1076 831 1212 888 tam
1254 844 1458 909 grave
1499 824 1756 893 facinus
1798 825 2252 895 abeasorore
2297 836 2527 895 nostra

563 906 750 974 vobis
791 907 1238 992 persuadeatis
1295 930 1442 977 esse
1497 921 1850 995 patratum,
1919 924 1993 978 ut
2033 935 2226 981 suam
2269 914 2525 1015 pudici·

561 993 723 1058 tiam
768 992 958 1060 alteri
1005 996 1150 1060 viro
1195 997 1627 1079 prostituerit,
1687 998 1794 1066 cni
1838 1019 1970 1066 non
2015 999 2190 1066 ultro
2233 1008 2525 1085 citroque

563 1079 719 1145 data
759 1077 890 1145 fide
931 1082 1248 1165 nupserit.
1317 1083 1465 1168 Ego
1508 1091 1677 1150 teste
1698 1084 1845 1151 Deo
1886 1095 1954 1149 et
1995 1107 2147 1153 mea
2188 1087 2527 1155 conscien-

561 1165 658 1231 tia
715 1166 1046 1232 affirmare
1103 1188 1368 1251 possum
1430 1166 1705 1235 eandem
1773 1191 2068 1238 sororem
2114 1192 2331 1239 meam
2375 1172 2524 1257 lege

565 1251 798 1317 uxoria
847 1253 1182 1320 astrictam
1243 1275 1388 1320 esse
1447 1256 1588 1321 viro
1630 1255 1796 1322 mihi
1852 1259 2114 1343 cognito
2181 1279 2379 1343 quem
2448 1258 2526 1325 de

566 1336 795 1404 Saudo
841 1336 1104 1406 Ρήυαίο
1146 1347 1549 1424 nuncupant,
1623 1362 1700 1408 ea
1742 1364 1879 1409 una
1921 1343 2291 1411 conditione
2337 1353 2412 1410 ut
2452 1365 2524 1410 se

565 1423 651 1489 ad
695 1444 816 1488 vos
859 1423 1229 1492 deduceret.
1317 1427 1384 1492 A
1428 1426 1657 1494 multis
1727 1450 1963 1513 nempe
2022 1431 2214 1498 annis
2279 1452 2388 1496 ma
2486 1451 2524 1496 o

561 1508 683 1574 illa
747 1508 1093 1576 tenebatur
1148 1510 1469 1578 desiderio
1512 1515 1681 1580 sacri
1725 1516 2074 1601 evangelii,
2141 1515 2524 1582 avidissime

559 1595 833 1679 cupiens
855 1595 1248 1663 Antichristi
1291 1619 1626 1685 synagoga
1669 1600 1898 1669 relicta
1939 1602 2022 1667 ad
2066 1601 2239 1669 ovile
2269 1602 2523 1668 Christi

565 1702 638 1747 se
681 1681 990 1765 recipere,
1077 1691 1152 1747 ut
1208 1692 1515 1750 aeternae
1560 1684 1793 1753 salutis
1835 1687 2078 1772 pabulo
2123 1690 2525 1755 esurientem

567 1767 858 1832 animam
915 1770 1226 1835 reficeret.
1315 1769 1508 1838 Nunc
1567 1792 1723 1838 vero
1774 1771 2029 1856 Optimi
2086 1774 2359 1841 maximi
2403 1795 2525 1858 ope

567 1852 858 1930 suffulta,
906 1854 1040 1919 voti
1084 1855 1185 1921 sui
1229 1875 1510 1940 compos,
1557 1877 1645 1922 ex
1688 1858 1918 1925 inferis
1960 1860 2025 1925 in
2074 1860 2331 1927 coelum
2373 1881 2526 1926 con-

568 1938 898 2006 scendisse
944 1939 1068 2005 sibi
1115 1941 1257 2006 visa
1300 1955 1418 2021 est,
1465 1943 1622 2008 dum
1668 1943 1760 2009 illi
1813 1945 2009 2011 datur
2055 1946 2240 2012 vobis
2282 1947 2411 2012 frui
2456 1946 2527 2011 in

569 2037 708 2089 tam
766 2023 937 2090 felici
998 2039 1066 2090 et
1128 2027 1457 2110 plausibili
1512 2039 1698 2095 coetu
1760 2031 2073 2098 fidelium.
2161 2036 2221 2099 A
2287 2054 2415 2116 quo
2470 2034 2528 2098 si

571 2109 940 2192 depellatur
997 2110 1288 2197 indigna,
1355 2127 1656 2198 superest
1701 2127 1775 2182 ut
1820 2117 2056 2183 misere
2100 2119 2168 2182 in
2217 2118 2531 2203 lacrymis

570 2209 637 2260 ct
681 2196 1086 2263 moeroribus
1129 2198 1359 2265 iaceat.
1450 2201 1595 2286 Ego
1640 2223 1892 2285 quoque
1937 2202 2317 2269 iustissimis
2361 2224 2533 2270 com-

571 2282 884 2348 movebor
924 2282 1253 2350 doloribus
1317 2286 1372 2350 si
1415 2308 1556 2352 eam
1607 2309 1647 2352 a
1690 2289 1875 2354 vobis
1921 2288 2334 2354 alienandum
2380 2310 2533 2356 cen·

570 2369 788 2434 seatis.
898 2368 1200 2437 Profecto
1277 2369 1447 2438 hanc
1527 2387 1810 2439 vestram
1893 2397 2238 2442 censuram
2298 2376 2534 2459 quovis

573 2453 790 2519 exsilii
834 2474 1076 2539 genere
1119 2455 1507 2523 duceremus
1551 2480 1674 2542 ego
1717 2471 1784 2525 et
1827 2462 1970 2544 ipsa
2012 2462 2400 2545 graviorem,
2466 2469 2535 2526 et

573 2539 762 2606 nobis
819 2541 957 2604 vita
1022 2549 1249 2609 nostra
1315 2557 1450 2608 tam
1518 2546 1814 2629 graviter
1859 2547 2076 2612 invisa
2119 2560 2291 2614 esset
2332 2567 2531 2630 quam

573 2626 732 2709 ipsis
804 2635 1099 2693 extremo
1178 2627 1460 2711 quodam
1527 2630 1846 2716 supplicio
1926 2629 2272 2698 damnatis.
2362 2631 2529 2697 Nam

573 2719 820 2795 quanto
886 2711 1094 2796 pluris
1163 2721 1450 2779 vestram
1517 2717 1936 2783 autoritatem
2003 2719 2277 2785 facimus
2332 2738 2532 2802 quam

573 2797 1178 2948 ffitentiaeimorum
1234 2820 1498 2884 regum,
1566 2808 1749 2868 tanto
1794 2824 1834 2867 a
1878 2804 2066 2870 vobis
2111 2804 2334 2870 inusta
2376 2811 2535 2870 nota

647 2883 884 2949 famiae
928 2893 995 2951 et
1039 2883 1292 2968 turpior
1333 2893 1509 2952 esset
1552 2895 1620 2951 et
1663 2887 1923 2968 foedior,
1980 2910 2181 2973 quum
2228 2890 2390 2956 haec
2433 2889 2531 2953 la-

573 2969 689 3036 bes
741 2990 874 3035 non
931 2977 1070 3035 tam
1128 2972 1386 3055 corpori
1445 2991 1641 3055 quam
1708 2974 1969 3040 animae
2011 2974 2321 3059 adspersa
2360 2983 2535 3041 esset

574 3055 864 3121 maximo
907 3055 1140 3123 salutis
1184 3054 1444 3125 damno.
1535 3059 1586 3122 A
1630 3066 1855 3126 vestro
1897 3060 2075 3126 enim
2119 3061 2532 3128 sanctissimo

576 3149 762 3208 coetu
806 3141 984 3227 abigi
1019 3149 1120 3208 est
1162 3162 1203 3207 a
1235 3141 1428 3209 domo
1470 3152 1745 3228 paterna
1786 3146 2088 3213 omnibus
2131 3146 2318 3214 bonis
2339 3147 2533 3232 spiri-

577 3226 863 3294 tualibus
884 3228 1198 3294 affluente
1234 3228 1317 3294 sd
1339 3236 1707 3296 extremam
1725 3231 2013 3315 aliquam
2037 3254 2072 3296 r
2159 3234 2393 3311 ‘onem,
2417 3232 2533 3299 ubi

577 3312 751 3379 fame
815 3320 884 3379 et
936 3314 1043 3379 siti
1102 3315 1191 3379 sit
1239 3315 1669 3399 pereundum,
1731 3318 2027 3403 relegari.
2171 3340 2291 3405 rgo
2335 3319 2534 3385 sinite

577 3420 696 3466 vos
741 3421 780 3465 a
823 3407 1045 3466 vestra
1091 3400 1496 3487 benignitate
1559 3403 1769 3469 vinci:
1860 3405 2058 3470 sinite
2105 3427 2222 3472 vos
2266 3426 2535 3490 persua·

578 3484 736 3563 deri,
803 3485 967 3552 nihil
1025 3508 1132 3552 me
1187 3489 1709 3554 commentitium
1770 3490 1841 3554 in
1906 3490 2247 3575 purganda
2309 3512 2534 3558 sorore

578 3592 726 3637 mea
791 3572 1046 3637 misella
1110 3573 1422 3650 attulisse,
1490 3576 1604 3657 qui
1682 3596 1822 3641 rem
1892 3579 2100 3660 ipsam
2165 3579 2341 3644 novi.
2452 3575 2536 3641 Id

578 3658 748 3741 quod
816 3661 906 3723 rei
966 3670 1070 3725 est
1125 3659 1306 3725 vobis
1365 3660 1543 3726 nulla
1599 3682 1760 3728 usus
1814 3663 2197 3729 circuitione
2239 3665 2531 3746 exposui.

581 3744 798 3809 Facite
841 3765 1102 3827 quaeso,
1147 3746 1540 3812 observandi
1583 3759 1821 3831 patres,
1867 3760 1940 3814 ut
1983 3770 2168 3815 soror
2205 3747 2366 3815 intel
2401 3750 2413 3763 “
2509 3762 2537 3814 t

579 3852 788 3896 meam
834 3831 1464 3899 commendationem
1504 3854 1632 3899 non
1679 3834 1773 3899 illi
1823 3834 2120 3901 inutilem
2165 3836 2393 3903 fuisse:
2443 3842 2536 3899 ita

578 3936 685 3981 me
729 3917 912 3983 vobis
978 3920 1188 4018 magis
1242 3940 1316 3985 ac
1362 3919 1574 4004 magis
1619 3919 1905 3987 reddetis
1948 3921 2534 3989 devinctissimum.

747 4002 941 4084 Quod
982 4014 1222 4069 attinet
1263 4004 1346 4070 ad
1380 4025 1621 4071 munus
1665 4006 1827 4072 mihi
1865 4008 2110 4074 avobis
2149 4010 2536 4081 iniunctum,

580 4112 662 4155 ex
718 4090 935 4173 priore
988 4091 1262 4174 epistola
1309 4092 1618 4176 potuistis
1675 4093 2044 4179 intelligere
2105 4116 2144 4157 a
2203 4115 2306 4159 me
2368 4090 2536 4159 nihil

577 4175 1014 4329 gaetermitti
1100 4175 1229 4242 uod
1274 4180 1460 4264 gregi
1505 4186 1733 4246 nostro
1777 4182 2191 4265 profuturum
2239 4178 2535 4245 viderim.

643 4261 915 4328 enevolo
958 4272 1026 4327 et
1093 4264 1318 4330 ubenti
1358 4266 1580 4330 animo
1641 4264 1803 4331 adeo
1847 4274 2213 4351 anteceptam
2264 4265 2537 4349 legatio·

580 4370 732 4414 nem
798 4348 997 4428 obire,
1061 4357 1412 4435 vestraque
1477 4350 1786 4417 mandata
1837 4372 2155 4435 peragere
2210 4348 2539 4417 contendo

579 4446 653 4498 ut
698 4433 960 4501 tandem
1003 4436 1255 4501 fructus
1298 4436 1539 4522 aliquis
1583 4448 1896 4522 appareat
1940 4458 2022 4503 ex
2071 4437 2311 4503 nostris
2345 4436 2538 4501 sudo-

581 4521 761 4586 ribus
818 4521 884 4585 in
946 4520 1220 4606 gloriam
1265 4522 1512 4589 Ohristi
1572 4543 1856 4608 suaeque
1900 4522 2212 4589 ecclesiae
2253 4542 2535 4589 commo-

580 4609 755 4672 dum.
845 4605 1088 4674 Omnia
1145 4629 1310 4690 quae
1367 4609 1476 4673 hic
1534 4618 1831 4694 aguntur
1886 4607 2291 4675 commodius
2349 4607 2538 4675 vobis

579 4694 820 4757 referet
853 4693 1087 4759 harum
1125 4695 1405 4761 nuncius
1439 4716 1636 4778 quam
1756 4715 1797 4760 o
1840 4694 1992 4761 ullis
2039 4694 2246 4759 literis
2289 4692 2536 4779 possim

579 4781 966 4861 exprimere.
1028 4777 1338 4861 Optimus
1372 4788 1593 4863 pastor
1626 4800 1852 4847 ovium
1874 4780 2063 4847 Iesus
2084 4778 2397 4847 Christus
2420 4798 2540 4862 pro

567 565 600 600 .,

580 4886 701 4928 sua
759 4865 1080 4929 immensa
1132 4866 1376 4947 pietate
1432 4878 1501 4930 et
1545 4868 1612 4930 in
1656 4887 1884 4931 omnes
1928 4865 2279 4932 clementia
2321 4865 2542 4930 hacte-
2587 4870 2593 4895 ²

583 4969 709 5013 nus
752 4960 1021 5015 conatus
1057 4961 1316 5015 nostros
1350 4952 1680 5034 promovit
1700 4965 1768 5016 et
1812 4951 1967 5017 fecit
2011 4960 2086 5015 ut
2121 4952 2186 5015 in
2228 4949 2542 5015 sectanda

586 5035 928 5100 vocatione
973 5035 1199 5101 nullus
1244 5058 1348 5101 me
1391 5036 1831 5120 periculorum
1879 5044 2092 5101 metus
2128 5036 2541 5112 deterruerit,

587 5126 652 5182 et
694 5119 1112 5185 secundiores
1154 5130 1432 5188 eventus
1543 5121 1829 5189 raestitit
1871 5142 2065 5206 quam
2109 5141 2377 5207 sperare
2420 5141 2540 5186 au·

585 5200 824 5267 derem.
892 5205 1038 5271 Hoc
1060 5205 1222 5272 duce
1256 5218 1322 5273 et
1350 5209 1460 5273 vin
1532 5230 1606 5274 ce
1643 5214 1901 5273 nostrae
1935 5206 2168 5273 salutis
2191 5207 2542 5293 diligenter

583 5298 654 5351 ct
698 5288 1097 5355 confidenter
1163 5294 1562 5359 vocationem
1609 5294 1736 5358 Dei
1780 5312 2036 5377 sequar.
2125 5293 2206 5359 Id
2263 5302 2340 5359 ut
2402 5292 2538 5358 ala-
2588 5280 2593 5355 ἓ

2073 378 2596 449 ΕΡΙΒΤΟΒΑΕ
2641 381 3068 451 tvos—8⁷65

4444 388 4553 452 376

2626 570 2802 635 erius
2846 570 3081 637 faciam
3123 590 3231 637 me
3273 571 3489 656 ipsum
3534 592 3609 636 ac
3632 591 3898 656 gregem
3921 592 4143 638 meum
4168 573 4407 638 vestris
4427 593 4559 637 ora·

2623 654 2917 722 tionibus
2958 654 3359 724 commendo.
3426 656 3611 723 Bene
3654 656 3868 723 valete
3910 669 3979 723 et
4020 667 4333 742 perpetuo
4378 658 4562 724 vivite

2623 739 3010 895 {img‘juhgiisto
3055 751 3393 809 servatore
3436 753 3673 822 nostro,
3722 744 4235 826 praestantissim‘
4150 745 4165 758 '
4242 744 4261 808 i
4307 742 4559 808 domiui.

2863 980 3049 1048 Idem
3097 983 3178 1049 ad
3226 983 3598 1134 peragendFa
3639 985 3817 1135 iiim
3860 995 4080 1051 vestra
4122 983 4565 1070 paratissimus

3600 1121 3613 1134 .
3716 1091 3936 1137 ancus.

3506 1700 3703 1772 sm.

3087 1871 3653 1964 BLAURERUS
3702 1871 4136 1940 mmmm.

2808 2046 3203 2114 Gallicarum
3244 2045 3644 2112 eeclesiarum
3685 2050 3907 2111 sortem
3960 2045 4151 2125 desid,
4202 2044 4585 2111 Germaniae

2630 2133 2793 2200 vioes
2835 2133 3141 2214 ancipites
3174 2132 3406 2208 ntetuit,
3454 2129 3694 2196 Bezam
3738 2130 4033 2197 laudibus
4076 2130 4329 2208 mona,
4385 2129 4585 2198 Calvi-

2578 2223 2585 2300 Ι
2631 2240 2788 2285 num
2829 2218 2966 2286 Deo
2997 2217 3396 2295 commendat,
3454 2218 3589 2298 ipse
3630 2217 3761 2281 iam
3804 2218 4321 2300 septuayenurius
4366 2223 4585 2284 maan·

2633 2304 2759 2373 sibi
2801 2305 3085 2388 attiyisoe
3126 2303 3389 2368 videtur.

2633 2474 2919 2542 (Praebuit
2956 2474 3096 2528 Beza
3142 2473 3229 2527 ed.
3266 2472 3470 2528 Gener.
3507 2470 3626 2542 271,
3666 2471 3826 2528 Laus.
3876 2489 3927 2541 p.
3962 2471 4081 2534 560,
4122 2471 4333 2527 Hanov.
4388 2491 4441 2543 p.
4476 2473 4586 2540 629,

3142 2542 3353 2595 Chouet
3388 2557 3441 2610 p.
3476 2539 3594 2605 371,
3633 2542 3803 2594 Amst.
3840 2558 3893 2610 p.
3931 2539 4099 2606 lea),

2809 2713 3218 2782 Gallicarum
3261 2711 3679 2780 ecclesiarum
3726 2711 3921 2777 fidem
3977 2713 4152 2777 inter
4210 2721 4307 2778 tot
4368 2721 4590 2796 poten·

2638 2802 2803 2868 tium
2849 2799 3372 2867 adversariorum
3418 2819 3759 2883 pressuras
3802 2807 3870 2862 et
3911 2798 4265 2866 immensos
4317 2809 4591 2865 conatus

2639 2887 2950 2966 eminere,
3011 2899 3153 2952 tum
3195 2892 3264 2952 et
3305 2885 3376 2966 in
3436 2883 3576 2950 dies
3619 2884 3830 2969 magis
3872 2892 4070 2968 atque
4113 2885 4326 2969 magis
4376 2906 4589 2952 amur-

2638 2993 2812 3059 gere,
2871 2991 3114 3057 magna
3169 2971 3536 3037 animorum
3594 2969 4040 3054 gratulatione
4081 2967 4361 3035 audiunt
4408 2983 4589 3054 quot-

2638 3068 2799 3143 quot
2840 3070 2997 3126 sunt
3039 3058 3110 3124 in
3155 3066 3382 3125 nostra
3426 3055 3792 3123 Germania
3855 3057 3964 3140 qui
4011 3054 4267 3123 Christi
4311 3078 4589 3144 regnum

2637 3145 2811 3231 apud
2857 3166 3088 3211 omnes
3129 3154 3357 3229 gentes
3400 3164 3518 3228 pro
3689 3151 3831 3208 tum
3874 3143 4169 3225 cupiunt.
4234 3142 4589 3209 Guisiano-

2640 3253 2789 3297 rum
2833 3250 2987 3299 cum
3031 3230 3274 3296 nostris
3318 3227 3565 3314 aliquot
3648 3227 4005 3313 rincipibus
4039 3227 4311 3295 collusio
4360 3250 4593 3296 vereor

2639 3339 2724 3383 ne
2766 3326 3135 3383 monstrum
3178 3315 3311 3381 alat
3353 3314 3525 3399 quod
3541 3313 3800 3380 Galliae
3844 3334 4049 3398 regno
4091 3336 4413 3400 magnum
4460 3336 4593 3382 ms·

2638 3404 2777 3468 lum
2846 3402 3158 3469 daturum
3226 3402 3329 3466 sit.
3419 3397 3965 3484 Quandoquidem
4011 3399 4275 3465 illorum
4320 3401 4593 3467 simula-

2638 3500 2781 3554 tum
2826 3488 3159 3573 religionis
3204 3486 3521 3562 studium,
3568 3508 3692 3569 quo
3738 3489 4198 3567 Augustanam
4242 3489 4595 3552 eonfefflo·

2637 3596 2788 3641 nem
2848 3574 3109 3659 probari
3169 3572 3289 3638 sibi
3350 3571 3560 3637 videri
3626 3573 3879 3648 volunt,
3925 3571 4161 3636 horum
4206 3572 4597 3656 simplicita-

2638 3672 2791 3739 tem,
2835 3660 2950 3813 gui
3008 3659 3246 3743 alioqui
3302 3657 3453 3758 plus
3513 3657 3672 3723 satis
3730 3656 3969 3722 infensi
4026 3668 4182 3722 sunt
4227 3679 4410 3724 nunc
4459 3659 4595 3743 qui·

2639 3746 2788 3813 dem
2890 3744 3382 3812 acramentanis
3440 3764 3603 3827 quos
3663 3756 3917 3821 vocant,
3986 3742 4171 3808 facile
4231 3745 4595 3810 circumve-

2640 3834 2796 3898 niet.
2900 3831 3299 3914 Quanquam
3366 3829 3616 3894 solatur
3673 3830 3956 3901 interim,
4036 3828 4210 3912 quod
4268 3830 4600 3894 Dominus

2638 3931 2743 3985 est
2784 3920 2895 4002 qui
2941 3939 3014 3982 sa
3062 3917 3271 3982 ientes
3315 3915 3542 3979 mundi
3587 3915 3784 3981 huius
3828 3917 3894 3977 in
3942 3935 4062 3978 sua
4095 3914 4401 3999 ipsorum
4426 3928 4601 3979 astu·

2638 4005 2731 4070 tia
2774 3939 3300 4088 comprgiendit:
3347 4021 3539 4083 quem
3561 4001 3731 4066 serio
3768 4009 4209 4084 perpetuoque
4231 4021 4601 4082 precemur,

2640 4102 2713 4156 ut
2756 4090 2998 4174 spiritu
3043 4088 3148 4155 sui
3201 4086 3453 4155 consilii
3521 4106 3792 4151 suorum
3837 4087 4132 4151 omnium
4178 4086 4479 4154 actiones
4524 4084 4603 4152 ad

2640 4176 2895 4242 ohristi
2936 4172 3452 4241 aedificationem
3497 4171 3773 4238 feliciter
3829 4171 4088 4255 dirigat,
4154 4180 4223 4236 et
4278 4192 4601 4257 magnum

2640 4283 2837 4326 suum
2883 4280 3120 4325 nomen
3165 4258 3240 4323 in
3284 4278 3361 4321 ea
3403 4278 3608 4340 usque
3651 4258 4029 4322 sanctificet.

2815 4345 2919 4411 De
2973 4345 3118 4411 aliis
3163 4344 3560 4411 Germaniae
3627 4354 3888 4408 nostrae
3933 4344 4125 4408 rebus
4172 4343 4459 4409 Line-rus
4503 4344 4603 4408 hic

2643 4442 2868 4501 noster
2912 4432 3133 4497 omnia
3178 4430 3293 4497 tibi
3337 4449 3554 4494 coram
3614 4428 3848 4494 melius
3894 4430 4285 4512 exposuerit.
4382 4430 4605 4495 Dubis

2686 4522 2927 4585 rofecto
2962 4528 3122 4585 sunt
3161 4514 3400 4593 omnia,
3459 4516 3585 4580 nisi
3629 4514 3801 4598 quod
3848 4514 4221 4598 gravissimi
4269 4532 4501 4581 motus
4542 4530 4605 4579 et

2640 4542 2914 4671 gentiles
2958 4603 3300 4668 vastitates
3344 4603 3612 4666 omnino
3658 4599 3846 4665 uobis
3880 4601 4227 4665 imminere
4263 4601 4602 4666 videntur.

2641 4688 3190 4773 Quandoquidem
3249 4684 3501 4752 nullam
3555 4687 3876 4753 hactenus
3942 4684 4337 4770 legationem
4383 4706 4605 4753 sacra·

2641 4798 2792 4843 rum
2852 4773 3316 4858 precationum,
3372 4771 3661 4838 fidelium
3722 4772 4164 4855 lacrymarum
4222 4782 4291 4837 et
4331 4775 4604 4839 omnino

2641 4863 2850 4927 seriae
2896 4859 3384 4943 resipiscentiae
3421 4857 3504 4924 ad
3546 4858 3732 4924 illum
3778 4856 4104 4923 mittimus
4146 4857 4343 4940 paulo
4386 4857 4607 4925 adhuc

2639 4947 2901 5029 longius
2945 4958 3270 5031 agentem,
3324 4946 3434 5027 qui
3482 4953 3580 5010 tot
3619 4942 3911 5008 millibus
3954 4954 4183 5008 contra
4229 4965 4350 5009 nos
4400 4947 4603 5017 venit,

2641 5054 2720 5097 ea
2763 5052 2930 5116 quae
2973 5032 3152 5115 pacis
3194 5038 3355 5097 sunt
3396 5040 3714 5113 petentes,
3754 5049 3955 5112 quum
4000 5030 4133 5093 iam
4176 5028 4426 5095 dudum
4454 5032 4605 5095 mis-

2641 5120 2732 5185 sis
2776 5116 3115 5201 prophetis
3156 5116 3313 5193 suis,
3378 5116 3561 5182 velut
3619 5115 4003 5183 certissimis
4045 5113 4197 5180 fidei
4244 5115 4601 5191 fecialibus,

2644 5203 2891 5269 bellum
2937 5202 3125 5268 nobis
3168 5212 3466 5268 extrema
3500 5202 3897 5269 commeritis
3934 5201 4267 5277 indixerit,
4314 5223 4485 5284 quos
4508 5204 4601 5285 ip-

2642 5310 2750 5355 sos
2794 5290 2989 5353 etiam
3036 5300 3099 5353 et
3144 5290 3567 5373 contemptim
3612 5307 3807 5370 saepe
3851 5288 4135 5365 risimus,
4180 5300 4245 5351 et
4292 5309 4425 5353 non
4454 5308 4603 5355 raro
