4900 6125
230 409 345 472 4⁶6

91 621 102 654 ·.
230 595 353 660 sias
393 590 743 672 iuvandas,
808 591 909 658 uti
953 590 1127 676 apud
1170 612 1292 659 vos
1337 589 1541 676 longo
1582 609 1884 658 sermone
1925 592 1999 656 in
2043 591 2171 657 hae

228 698 414 747 eausa
450 698 932 763 supervacuum
975 676 1263 745 videtur.
1350 676 1477 743 Est
1516 676 1694 761 apud
1737 696 1860 743 nos
1898 675 2173 744 eoelesia

493 783 665 848 quae
720 763 1042 830 haetenus
1098 784 1140 828 a
1242 760 1417 829 robis
1480 771 1548 829 et
1601 761 1755 829 fidis
1796 762 2171 846 pastoribus

224 849 484 917 feliciter
525 850 895 935 gubernata
950 849 1094 916 fuit.
1182 784 1246 916 fl

227 945 350 1003 tem
389 935 637 1016 obierit,
681 935 838 1021 quia
879 935 989 1002 hie
1030 955 1164 1001 non
1199 934 1541 1018 reperiunt
1569 933 1882 1001 idoneum
1915 953 2170 1002 suooes·

223 1041 445 1100 sorem,
488 1029 812 1107 rogarunt
853 1042 973 1088 nos
1016 1029 1098 1086 ut
1138 1021 1223 1087 D.
1272 1020 1557 1086 Zenona·
1599 1040 1641 1086 a
1682 1018 1874 1087 vobis
1915 1029 2172 1104 petere-

221 1128 360 1172 mus
376 1157 393 1186 ,
481 1108 676 1174 siouti
748 1106 1207 1174 communibus
1287 1127 1515 1173 eorum
1580 1107 1753 1173 votis
1820 1105 2169 1190 expetitur.

219 1192 383 1258 Nam
460 1212 668 1276 quum
745 1193 934 1260 vobis
996 1212 1266 1276 operam
1353 1212 1543 1259 suam
1586 1190 1916 1258 addixerit
1929 1242 1946 1271 ‚
2032 1211 2171 1258 non

1247 869 1380 915 uno
1420 868 1624 933 quum
1681 847 1958 914 ultimus
1997 868 2170 914 mor-

91 1323 96 1334 .
217 1276 399 1344 modo
439 1276 684 1344 stultae
726 1279 1114 1344 temeritatis
1168 1286 1345 1344 esset
1400 1276 1571 1344 velle
1611 1299 1764 1344 eum
1807 1298 1849 1343 a
1889 1298 2013 1345 sus
2055 1297 2170 1343 vo·

215 1364 462 1430 satione
504 1362 888 1429 sbstrahere
931 1364 1058 1430 nisi
1094 1371 1317 1430 vestro
1362 1364 1705 1447 permissu.
1793 1362 1963 1430 Inde
2004 1364 2171 1430 inei-

91 1525 94 1536 ·
214 1469 362 1532 pere
399 1449 689 1532 oportuit
730 1460 834 1528 ut,
877 1451 937 1516 si
979 1469 1132 1515 eum
1176 1447 1421 1533 absque
1463 1469 1708 1534 magno
1752 1447 2171 1516 incommodo

215 1543 276 1600 et
335 1536 587 1602 iactura
650 1535 982 1601 dimittere
1047 1534 1233 1602 vobis
1293 1535 1628 1620 integrum
1693 1536 1820 1601 erit
1837 1587 1853 1614 ,
1931 1535 2170 1601 misero

376 1621 390 1636 '
439 1630 510 1687 et
528 1621 685 1688 orbo
721 1641 994 1686 manum
1028 1620 1416 1687 auxiliarem
1452 1621 1626 1687 ferre
1659 1642 1746 1687 ne
1780 1619 2169 1706 gravemini.

91 1763 94 1782 2
214 1639 540 1787 &niam
585 1714 805 1773 autem
853 1706 1045 1773 nobis
1086 1707 1249 1772 satis
1291 1713 1452 1771 nota
1481 1719 1586 1772 est
1619 1708 1972 1773 neeessitas
2005 1727 2172 1790 quae

214 1792 386 1874 ipsos
430 1803 643 1877 urget,
688 1813 835 1860 eam
869 1791 1056 1858 vobis
1090 1812 1347 1875 quoque
1381 1791 1755 1858 testandam
1791 1793 2173 1860 censuimus

91 1937 94 1938 γ
215 1898 338 1960 quo
381 1877 528 1944 sitis
569 1875 654 1943 ad
696 1877 1125 1945 annuendum
1190 1877 1630 1961 procliviores.
1718 1877 1949 1961 Neque
1991 1880 2172 1943 enim

211 1961 575 2029 humanum
653 1963 890 2030 fuisset
966 1973 1191 2048 partes
1268 1962 1441 2048 apud
1521 1984 1638 2030 vos
1723 1960 2173 2030 intercedendi

210 2047 341 2114 illis
376 2069 629 2135 negare
668 2071 834 2134 quas
890 2050 1273 2135 suppliciter
1330 2059 1398 2115 et
1437 2049 1633 2116 enixe
1674 2070 1717 2114 a
1759 2049 1951 2115 nobis
1991 2048 2175 2148 flagi·

209 2134 456 2200 tabant.
547 2135 871 2203 Putamus
926 2137 1158 2202 urbem
1214 2143 1506 2202 vestram
1563 2156 1699 2201 nen
1757 2154 1984 2201 oarere
2025 2134 2176 2200 ahie

208 2219 593 2288 hominibus
634 2222 747 2305 qui
788 2222 1196 2305 provinciam
1239 2220 1520 2288 subeant
1559 2242 1693 2305 qua
1734 2242 1913 2289 nuno
1954 2220 2173 2305 fungi-

91 2317 94 2380 j
207 2315 314 2370 tur
358 2305 620 2374 meus
671 2309 829 2392 ipse.
918 2306 1054 2388 Qui
1112 2327 1274 2373 vero
1327 2306 1634 2374 suoeedat
1689 2307 1763 2372 in
1818 2305 2001 2372 huno
2066 2325 2175 2372 va·

203 2410 398 2457 ouum
444 2393 663 2459 looum
716 2414 928 2477 neque
986 2392 1160 2478 apud
1220 2413 1339 2459 nos
1391 2414 1605 2476 neque
1658 2392 1815 2459 alibi
1870 2393 2172 2460 oeourrit.

95 2491 106 2496 ’
202 2476 386 2561 Ergo
425 2477 650 2562 quoad
692 2479 957 2546 soholae
1000 2489 1260 2545 vestrae
1302 2478 1728 2544 commoditas
1770 2479 1941 2545 feret
1981 2476 2174 2543 vehe-

199 2575 465 2630 menter
509 2584 821 2648 rogamus
885 2575 962 2631 ut
1001 2564 1127 2630 hoo
1171 2565 1488 2632 beneficio
1528 2573 1597 2631 et
1638 2584 1761 2630 nos
1803 2574 1873 2629 et
1912 2574 2168 2630 ooetum

200 2646 381 2716 huno
424 2670 564 2715 non
604 2651 1073 2733 poenitendum
1119 2649 1309 2716 vobis
1363 2649 1684 2736 obligetis.
1776 2650 1926 2715 Non
1970 2648 2169 2715 aude·

91 2811 94 2814 ¹
195 2754 347 2800 mus
389 2733 665 2819 quidem
705 2738 923 2821 magis
977 2738 1258 2814 instare,
1325 2755 1414 2802 ne
1455 2735 1775 2803 sedulitas
1816 2743 2043 2801 nostra
2083 2734 2171 2800 sit

91 2837 102 2846 ·
195 2820 604 2903 importuna.
689 2820 892 2907 Oogit
942 2830 1169 2889 tamen
1225 2843 1347 2889 nos
1401 2822 1602 2889 officii
1665 2821 1897 2906 religio
1939 2828 2009 2887 et
2049 2839 2170 2886 ne-

194 2906 476 2973 cessitas
535 2926 735 2991 quam
792 2908 1154 2986 oernimus,
1221 2928 1306 2973 ex
1390 2908 1511 2973 riri
1565 2929 1652 2975 an
1708 2907 1836 2974 boo
1892 2929 1935 2973 a
1974 2906 2167 2973 vobis

193 2991 542 3075 impetrari
587 3001 799 3077 queat.
887 2992 1086 3075 Quod
1128 2994 1187 3059 si
1230 3014 1315 3059 no
1359 2994 1418 3059 is
1474 2994 1840 3060 annueritis
1882 2991 2168 3060 studebi-

191 3097 345 3145 mus
437 3099 521 3145 ro
565 3078 742 3145 virili
786 3080 1153 3165 quibusoun
1200 3101 1282 3146 ue
1342 3079 1563 3146 lioebit
1603 3080 1834 3147 officiis
1879 3079 2168 3147 vicissim

188 3184 311 3230 vos
382 3165 731 3265 ”emer-eri.
842 3166 1096 3233 Datum
1267 3185 1473 3235 nevae
1544 3164 1651 3233 die
1717 3165 2000 3232 Veneris
2070 3168 2165 3231 10.

729 3384 1008 3472 Syndioi
1052 3398 1121 3453 et
1163 3385 1453 3455 Senatus
1496 3388 1784 3456 eivitatis
1827 3388 2164 3455 Genevae.

993 3714 1392 3726 ——-

1097 4018 1289 4089 41⁹4.

660 4189 901 4259 SEEL
911 4191 1025 4257 AO
1072 4194 1133 4258 A
1175 4189 1710 4260 ooLLADON.

363 4363 851 4432 NomeResae
913 4362 1344 4447 laGuyemae.
1437 4361 2167 4444 Troublesoamespar

169 4449 746 4605 W.
833 4446 2168 4532 condoleamesausujoedelamnteae

168 4704 590 4779 (Autem-opha
625 4706 694 4760 de
742 4706 798 4760 la
833 4704 1220 4774 Bibliotbeqne
1253 4705 1322 4760 de
1358 4704 1580 4760 Gsneve
1617 4705 1745 4760 Vol.
1785 4703 1899 4771 121,
1955 4703 2048 4760 sol.
2082 4703 2163 4773 ὅ.)

355 4880 428 4945 A
477 4895 639 4943 mon
680 4877 992 4961 seigneur
1032 4875 1376 4944 Monsieur
1416 4876 1500 4943 N.
1545 4875 1882 4944 Colladon.

1527 4964 1634 5029 En
1684 4984 1760 5029 sa
1801 4964 2074 5030 maison.

163 5136 406 5204 Graes
471 5134 753 5218 etpaix
813 5132 897 5199 de
953 5154 1073 5217 par
1130 5130 1280 5199 dieu
1339 5133 1404 5200 le
1549 5141 2163 5218 reetparnostre

159 5224 510 5309 seigneur
551 5220 754 5287 Jesus
797 5218 1028 5287 Ohrist
1068 5239 1237 5285 vous
1288 5220 1418 5286 soit
1506 5239 1718 5287 onnee
1759 5241 1801 5286 a
1841 5226 1990 5286 tous
2039 5240 2160 5288 nos

421 5305 620 5373 sains
660 5325 852 5390 peres
892 5305 1008 5391 qui
1047 5312 1199 5372 sont
1241 5325 1402 5373 aveo
1443 5326 1624 5375 vous.
1693 5308 1928 5373 Amen.

384 5408 630 5465 wem
657 5422 845 5477 opera.
920 5406 1038 5464 Vol.
1073 5404 1209 5462 XX.

1830 402 2621 472 SUPPLEMENTUM.

4109 407 4239 472 466

2442 589 2807 670 Monsieur,
2851 589 3036 657 Nous
3078 610 3285 658 avens
3323 611 3519 659 reoeu
3560 590 3626 658 le
3670 591 3932 659 dernier
3963 595 4122 677 jour
4154 592 4237 661 de

2273 696 2432 760 may
2474 676 2573 742 les
2613 675 2843 743 lettres
2886 675 3234 762 lesquelles
3277 677 3327 743 il
3371 697 3539 744 vous
3580 697 3624 742 a
3663 678 3817 762 plen
3852 697 3961 743 me
3993 678 4237 746 esurire

2272 783 2394 847 par
2435 769 2661 829 nostre
2714 761 2886 828 frere
2928 769 3000 828 et
3049 764 3378 829 servitenr
3415 763 3499 830 de
3554 762 3706 831 dieu
3748 763 3866 830 Μ’.
3910 765 3990 833 de
4029 762 4237 849 Βορε-

2271 853 2581 927 nument,
2623 847 2957 914 ensemble
2996 847 3063 913 la
3104 848 3464 915 resolution
3507 848 3623 915 des
3662 851 3886 934 points
3972 871 4057 917 ue
4089 859 4240 917 tant

2274 953 2443 1000 nouz
2466 931 2787 1001 desirions
2807 934 3067 1000 seavoir
3088 955 3254 1018 pour
3274 935 3338 999 le
3358 955 3550 1019 repes
3571 944 3640 1001 et
3670 946 3864 1019 tranq
3916 936 3931 950 ⁶
3966 938 4054 1002 ‘te
4073 935 4239 1004 d’es-

2273 1019 2409 1102 prit
2432 1018 2514 1085 de
2534 1020 2866 1104 plusieurs
2900 1020 3213 1086 infirmes.
3278 1021 3372 1086 Bt
3406 1021 3587 1087 aussi
3609 1041 3778 1105 pour
3796 1042 3966 1088 nous
3998 1021 4241 1089 rendre

2274 1105 2575 1172 d’autant
2615 1104 2767 1190 plus
2809 1105 3062 1171 eertain
3105 1128 3191 1172 en
3234 1116 3456 1173 nostre
3497 1107 3876 1174 eonscienoe
3890 1158 3907 1186 ,
3966 1109 4023 1174 si
4066 1128 4237 1175 nous

2272 1193 2596 1275 pouvions
2628 1191 2792 1257 faire
2826 1212 2937 1258 ees
2969 1190 3202 1258 ohoses
3237 1211 3394 1258 sans
3429 1203 3607 1259 estre
3640 1213 3763 1277 par
3783 1203 3931 1277 trop
3953 1193 4237 1278 grande·

2273 1286 2460 1343 ment
2513 1277 2874 1344 contraires
2930 1296 2972 1342 a
3024 1277 3092 1342 la
3145 1278 3370 1361 parole
3428 1279 3510 1343 de
3563 1276 3742 1344 dieu:
3801 1277 4016 1362 lequel
4070 1300 4237 1346 nous

2272 1363 2497 1446 prions
2530 1364 2686 1446 jour
2729 1371 2800 1427 et
2841 1364 2991 1429 nuit
3031 1383 3161 1446 que
3203 1383 3325 1429 son
3364 1362 3591 1447 plaisir
3623 1364 3751 1430 soit
3784 1362 3869 1430 de
3900 1364 4241 1432 tellement

2273 1468 2444 1514 nous
2509 1446 2823 1514 eonduire
2888 1468 2969 1515 en
3035 1457 3260 1515 nostre
3312 1449 3556 1533 eharge
3611 1458 3683 1515 et
3737 1452 4043 1516 voeation
4106 1470 4238 1535 que

2275 1554 2442 1600 nous
2476 1555 2561 1601 ne
2596 1532 2899 1600 tendions
2934 1554 2975 1599 a
3009 1542 3197 1599 autre
3233 1535 3352 1601 but
3384 1538 3538 1617 qu’a
3571 1533 3863 1620 glorifier
3882 1555 4007 1602 son
4026 1538 4241 1602 sainot

2274 1640 2430 1685 nom
2476 1628 2544 1685 et
2577 1619 2902 1703 justi-nire
2945 1639 3021 1686 sa
3063 1641 3312 1704 pouvre
3356 1620 3584 1706 Eglise
3627 1641 3711 1685 en
3755 1642 3831 1687 sa
3873 1621 4129 1687 orainte
4176 1630 4245 1687 et

2275 1725 2511 1771 amour
2567 1706 2747 1772 selon
2802 1705 2870 1771 la
2926 1725 3121 1790 graue
3179 1706 3338 1790 qu'il
3396 1706 3516 1791 luy
3558 1728 3600 1772 a
3650 1706 3806 1792 pleu
3849 1726 4016 1773 nous
4058 1708 4244 1788 faire,

2275 1790 2339 1857 le
2392 1790 2735 1876 suppliant
2786 1791 3373 1858 affeetueusement
3407 1807 3590 1858 ‘nous
3648 1802 3953 1876 super-ter
3994 1814 4076 1859 en
4121 1815 4245 1860 nos

2272 1874 2585 1944 feblesses
2627 1886 2695 1943 et
2726 1877 3114 1960 jnfirmites:
3157 1898 3322 1943 vous
3361 1879 3589 1960 priant
3629 1887 3778 1944 tous
3813 1899 3902 1944 au
3951 1898 4109 1945 nom
4159 1878 4241 1946 de

2276 1980 2352 2026 ee
2409 1962 2619 2047 grand
2665 1961 2815 2028 dieu
2861 1963 3094 2028 vivant
3137 1962 3218 2028 de
3260 1962 3441 2046 prier
3482 1984 3649 2047 pour
3690 1984 3859 2030 nous
3909 1963 4093 2045 Qu’il
4123 1964 4243 2051 luy

2324 2047 2485 2114 laise
2539 2067 2708 2114 nous
2760 2047 3043 2114 fortifler
3107 2070 3192 2115 en
3263 2069 3393 2115 une
3463 2057 3809 2115 oonstenoe
3864 2049 4239 2119 invincible.

2275 2069 2412 2200 gar
2466 2141 2681 2200 eei-tes
2738 2152 2905 2199 nous
2959 2154 3170 2200 avons
3212 2134 3553 2218 beauooup
3597 2133 3959 2202 d'ennemis
4001 2157 4042 2202 a
4082 2137 4241 2204 l'en·

2276 2229 2428 2285 tour
2472 2219 2555 2285 de
2598 2239 2784 2285 nous.
2875 2219 3048 2287 Mais
3091 2227 3241 2285 tant
3296 2242 3344 2305 y
3400 2240 3442 2285 a
3484 2221 3640 2304 qu’il
3686 2219 3870 2287 benit
3914 2222 4241 2290 tousiours

2277 2305 2360 2372 de
2419 2303 2574 2389 plus
2627 2325 2713 2371 en
2767 2305 2917 2389 plus
2968 2313 3192 2372 nostre
3246 2307 3416 2390 petit
3484 2306 3734 2372 labeur.
3822 2307 4007 2373 Dont
4072 2328 4241 2376 nous

2274 2410 2572 2476 pouvons
2605 2391 2977 2476 eognoistre
3052 2412 3137 2457 ue
3169 2400 3396 2458 nostre
3430 2412 3627 2459 oause
3661 2396 3804 2458 s’en
3837 2413 3961 2477 yra
3994 2401 4242 2462 tantost

2273 2477 2553 2561 gaigner
2586 2478 2644 2543 si
2683 2481 2845 2543 e’est
2876 2497 2994 2543 son
3116 2499 3157 2542 n
3193 2477 3442 2562 plaisir.
3511 2478 3698 2544 Nous
3735 2498 4022 2561 prenons
4056 2489 4239 2547 tous-

2273 2565 2459 2628 iours
2500 2564 2709 2629 fianoe
2751 2584 2837 2629 en
2882 2571 3106 2630 nostre
3151 2563 3357 2640 Dieu‚
3415 2573 3639 2629 estans
3696 2567 3984 2631 oertains
4024 2574 4094 2631 et
4134 2586 4241 2633 as·

2273 2668 2503 2715 seurez
2524 2669 2650 2732 que
2684 2647 2878 2733 oeluy
2898 2648 3015 2732 qui
3048 2656 3154 2713 est
3276 2669 3361 2714 ur
3396 2669 3563 2715 nous
3595 2661 3701 2714 est
3733 2659 3879 2716 tout
3912 2651 4057 2717 seul
4087 2652 4240 2736 plus

2272 2733 2406 2799 fort
2445 2753 2619 2818 pour
2661 2753 2828 2800 nous
2860 2733 3148 2800 delivrer
3226 2755 3264 2800 e
3298 2755 3422 2801 nos
3464 2736 3762 2801 ennemis
3796 2757 3923 2819 que
3959 2757 4047 2803 ne
4089 2747 4242 2804 sont

2272 2839 2395 2885 nos
2428 2820 2726 2886 ennemis
2761 2818 3097 2887 ensemble
3130 2821 3436 2903 puissans
3473 2842 3641 2905 pour
3660 2840 3827 2887 nous
3849 2821 4239 2890 destourner

2275 2903 2356 2971 de
2399 2904 2516 2989 luy
2559 2925 2646 2971 ou
2689 2925 2856 2991 pour
2899 2925 3068 2972 nous
3109 2915 3559 2989 espouvanter.

2445 2991 2632 3057 Nous
2675 3011 2887 3058 avons
2929 3001 3068 3057 este
3110 3011 3220 3058 ces
3252 2993 3441 3078 jours
3480 3011 3705 3077 pasees
3748 2999 3902 3077 (par
3933 2994 3998 3060 le
4031 3015 4242 3081 oonge

2272 3078 2356 3146 de
2390 3087 2614 3145 nostre
2647 3077 2908 3164 Eglise)
2944 3099 3031 3145 en
3066 3085 3253 3163 troys
3286 3079 3524 3163 petitos
3557 3078 3781 3146 villes:
3825 3080 4241 3167 Montsegur‚

2273 3164 2540 3231 Gensao
2592 3172 2659 3230 et
2714 3163 3021 3316 W
3061 3163 3129 3229 la
3170 3183 3283 3264 ou·
3314 3185 3483 3232 nous
3525 3184 3736 3231 avons
3777 3186 4156 3234 oommenoe
4198 3189 4240 3233 a

2270 3249 2482 3317 bastir
2523 3259 2592 3316 et
2632 3270 2674 3315 a
2805 3250 2818 3265 ’
2896 3271 2972 3316 er
3012 3271 3105 3315 un
3146 3258 3318 3333 petit
3359 3250 3718 3318 bastiment
3758 3272 3875 3318 sur
3914 3252 3982 3317 le
4013 3252 4240 3320 fonde-

2271 3344 2460 3403 ment
2517 3335 2598 3402 de
2656 3344 2880 3402 nostre
2934 3336 3248 3421 seigneur
3301 3337 3504 3404 Jesus
3547 3335 3793 3404 christ.

2270 3431 2507 3488 trouve
2547 3421 2646 3487 les
2691 3441 2975 3505 pouvres
3017 3419 3246 3487 fideles
3280 3429 3348 3488 et
3380 3421 3750 3490 ehrestiens
3782 3423 3915 3489 fort
3947 3423 4240 3509 disposes

2356 3528 2441 3573 ur
2480 3508 2779 3574 reoevoir
2811 3515 2988 3573 eeste
3021 3517 3294 3592 pasture
3327 3508 3568 3575 oeleste
3601 3508 3695 3575 Et
3728 3517 3875 3575 tout
3905 3510 4076 3578 ainsi
4109 3531 4240 3596 que

2267 3527 3767 3746 imirffimfflmae
3786 3595 4238 3765 ssfflfflz

2268 3767 2490 3849 moJen
2548 3764 2630 3830 de
2681 3785 2853 3832 eeux
2910 3765 3023 3848 qui
3077 3763 3174 3830 les
3216 3776 3381 3831 vent
3433 3766 3678 3832 visitet.
3777 3766 3965 3833 Nous
4030 3788 4237 3836 avons

2269 3849 2440 3917 dono
2483 3870 2859 3917 oommenoe
2903 3869 2945 3914 a
2985 3849 3248 3933 planter
3280 3862 3349 3916 et-
3383 3871 3423 3917 a
3456 3869 3701 3918 semer:
3743 3850 3924 3918 Dieu
3958 3873 4081 3937 par
4113 3874 4238 3921 son

2268 3936 2484 4002 sainot
2524 3936 2757 4020 Esprit
2812 3957 2861 4020 y
2920 3935 3166 4003 venille
3217 3935 3474 4004 donner
3530 3935 3659 4003 bon
3711 3940 4234 4007 aeoroissement.

2267 4020 2330 4087 Il
2367 4043 2416 4106 y
2436 4042 2479 4087 a
2513 4043 2607 4087 un
2643 4020 2917 4106 dangier
2947 4029 3089 4089 oest
3121 4042 3248 4107 que
3282 4043 3437 4089 sous
3472 4031 3774 4108 pretexte
3807 4023 3892 4091 de
3924 4024 4237 4108 preseher

2268 4106 2598 4192 levangile
2660 4106 2995 4192 plusieurs
3058 4107 3250 4192 loups
3315 4109 3652 4175 ravissans
3716 4117 3985 4177 entrent
4039 4132 4126 4177 en
4168 4111 4236 4178 la

2266 4192 2593 4345 Ἡγίας
2640 4214 2894 4260 oomme
2936 4213 3104 4259 nous
3145 4212 3354 4260 avons
3387 4194 3572 4261 desis
3613 4214 3941 4279 apperoen
3975 4215 4017 4261 a
4040 4200 4102 4263 A

2267 4300 2309 4363 q
2361 4279 2376 4293 ‘
2504 4280 2772 4345 avoient
2829 4298 3022 4344 reoeu
3065 4278 3466 4365 legalement
3504 4301 3600 4345 un
3644 4301 3907 4347 nomme
3946 4282 4016 4347 la

2264 4384 2415 4449 says
2456 4364 2747 4449 parisien
2790 4385 2918 4448 que
2963 4364 3090 4431 Mr.
3133 4366 3222 4430 du
3250 4385 3372 4450 με
3413 4366 3710 4451 eognoist
3752 4387 3794 4432 a
3836 4385 3912 4432 oe
3954 4388 4083 4452 que
4113 4370 4234 4455 jay

2264 4471 2394 4533 peu
2451 4448 2799 4517 entendre:
2867 4450 3081 4534 lequel
3137 4450 3236 4516 les
3289 4450 3497 4518 freres
3548 4449 3709 4517 l'ont
3762 4449 4110 4521 desohasse
4165 4462 4234 4520 et

2265 4556 2535 4622 envoye.
2623 4535 2685 4601 Il
2729 4546 2833 4602 est
2876 4556 3043 4620 vray
3084 4555 3212 4648 que
3255 4544 3477 4603 nostre
3532 4537 3706 4602 frere
3738 4537 3867 4604 Mr.
3911 4539 3988 4605 de
4020 4538 4229 4625 Βουσ-

2263 4626 2560 4689 nomast
2599 4624 2731 4687 m’a
2767 4622 2966 4688 esurit
3007 4620 3163 4704 quil
3206 4623 3400 4687 estoit
3441 4642 3483 4688 a
3515 4622 3731 4689 Nerao
3767 4621 3834 4688 la
3864 4642 3950 4690 ou
3994 4624 4046 4690 il
4078 4646 4231 4710 pre-

2266 4707 2524 4774 tendeit
2579 4717 2755 4774 estre
2811 4709 2923 4791 ouj
2979 4727 3065 4773 en
3107 4726 3219 4774 ees
3263 4706 3747 4791 justificatione.
3834 4707 3898 4774 11
3953 4731 4000 4796 y
4065 4730 4107 4776 a
4145 4730 4229 4777 eu

2263 4794 2491 4945 gussiy
2507 4814 2618 4892 un·
2665 4793 2831 4876 petit
2847 4879 2861 4894 ο
2891 4793 3100 4944 notati?
3153 4791 3609 4962 (ιᾶθοῂέἑιογιιεὲι
3630 4813 3895 4944 ιιὲιιιιιιο
3957 4796 4028 4948 {1
4006 4816 4230 4863 erome

2478 4878 2690 4945 πᾶσαν
2796 4900 2863 4943 m
3380 4900 3466 4944 ue
3835 4900 3978 4949 reso
4028 4902 4067 4948 e
4143 4903 4228 4948 en

2265 4985 2357 5030 un
2408 4984 2527 5049 pre
2578 4984 2666 5030 ou
2724 4898 2792 5028 ilq
2828 4986 2876 5049 y
2918 4964 3100 5029 avoit
3142 4963 3294 5030 bien
3349 4965 3455 5031 six
3510 4983 3598 5029 on
3661 4899 3834 5050 septp
3866 4986 4024 5033 oens

2261 5071 2456 5116 sones
2520 5057 2589 5115 et
2652 5069 2843 5133 apres
2909 5049 3097 5115 avoir
3172 5048 3449 5133 presohe
3524 5050 3721 5117 {irent
3788 5051 3972 5117 mille
4039 5055 4226 5137 jnso-

2260 5135 2483 5204 lenoes
2496 5185 2514 5217 ,
2574 5155 2717 5202 rom
2762 5135 2935 5201 irent
2989 5136 3173 5201 croix
3225 5143 3295 5201 et
3339 5135 3567 5219 ydoles
3622 5134 3797 5220 quilz
3850 5139 4226 5205 trouvoient

2260 5242 2383 5306 par
2437 5222 2584 5289 leur
2639 5156 2878 5307 egfim
2934 5219 3066 5286 don
3122 5241 3240 5288 sen
3298 5221 3593 5288 ensuivit
3634 5228 3963 5290 meurtres
4017 5223 4224 5291 batte-

2262 5307 2394 5374 ries
2448 5316 2521 5375 et
2573 5304 2819 5393 grands
2874 5304 3247 5385 seandales,
3313 5306 3648 5391 plusieurs
3710 5306 3934 5373 furent
3993 5328 4225 5378 menes

3882 3337 3973 3404 Et
4034 3359 4240 3407 avons
