4900 6125
633 404 758 464 555

630 587 806 653 cium
847 593 978 664 est,
1024 590 1089 649 et
1132 583 1228 650 sic
1271 583 1453 650 iubet
1495 581 1810 649 Salomon
1856 588 1932 646 ut
1974 588 2200 664 pastor
2244 581 2600 666 diligenter

631 679 946 759 agnoscat
979 670 1240 736 vultum
1282 668 1532 753 pecoris
1588 668 1725 749 sui,
1783 675 1863 733 ιιι
1905 667 2173 733 noveris
2217 667 2599 734 eiusmodi*

633 758 964 825 hominem
1017 757 1139 823 sub
1183 765 1299 821 ιιιο
1354 754 1664 838 pastorali
1721 753 1938 820 officio
1997 754 2395 838 susceperis,
2457 755 2600 820 eius

632 846 835 910 vitam
904 863 1248 926 moresque
1320 842 1439 907 tibi
1517 838 1829 926 graphice
1897 839 2272 923 depingam.
2369 840 2599 905 Primo

631 952 787 998 cum
844 927 1017 1014 apud
1075 949 1196 994 nos
1254 937 1427 994 esset
1481 928 1728 992 mirum
1784 926 1857 990 in
1919 924 2185 990 modum
2245 924 2600 991 videbatur

631 1018 853 1083 favere
911 1015 1287 1098 evangelice
1332 1012 1657 1090 doctrine,
1722 1012 2066 1079 videbatur
2113 1011 2344 1077 ardere
2389 1013 2601 1096 gloria

634 1102 888 1169 Christi
947 1102 1243 1185 sacrique
1299 1100 1441 1165 eius
1495 1098 1841 1183 evangelii.
1936 1096 2073 1163 Sed
2127 1119 2333 1181 quum
2396 1118 2599 1163 evan-

632 1188 877 1275 gelium
925 1187 1213 1270 requirat
1257 1187 1462 1254 vitam
1518 1184 1965 1270 evangelicam
2022 1197 2088 1249 et
2132 1205 2346 1249 mores
2390 1183 2598 1250 chris-

633 1276 813 1340 tiano
874 1273 1140 1338 nomine
1194 1272 1457 1356 dignos,
1523 1271 1633 1337 hic
1689 1279 1954 1353 praeter
2002 1268 2202 1335 verba
2248 1279 2314 1333 et
2359 1290 2597 1334 nomen

633 1359 999 1428 Christiani
1045 1358 1149 1424 vel
1194 1357 1559 1442 evangelici
1617 1357 1901 1441 pectoris
1945 1356 2150 1423 nichil
2196 1354 2434 1421 habuit
2479 1377 2600 1419 un-

633 1467 859 1530 quam,
917 1445 1049 1510 imo
1091 1464 1307 1510 mores
1352 1453 1416 1508 et
1461 1443 1666 1508 vitam
1711 1463 1863 1508 cum
1907 1441 2251 1525 evangelio
2299 1463 2600 1527 pugnan-

635 1540 784 1597 tem.
859 1528 1140 1614 Sapiens
1175 1529 1440 1614 quidam
1475 1530 1941 1612 interogatus·
1983 1529 2171 1594 cuius
2214 1538 2408 1602 esset,
2444 1539 2602 1591 stol·

635 1640 750 1685 cus
814 1638 900 1681 an
956 1617 1295 1699 epicurrus
1317 1622 1368 1694 ⁴¹,
1424 1617 1564 1680 ioco
1632 1613 2003 1697 respondit:
2075 1615 2218 1697 Ego
2263 1614 2601 1677 Zenonem

634 1702 833 1769 laudo
893 1713 961 1766 at
1017 1703 1426 1785 epicurreum
1486 1702 1655 1766 vivo.
1742 1698 1936 1781 Quod
2001 1701 2110 1764 hic
2175 1700 2316 1766 ioco
2384 1698 2604 1765 dicere

635 1791 819 1855 visus
887 1798 1017 1866 est,
1087 1787 1209 1853 hoc
1266 1809 1442 1853 nunc
1496 1786 1690 1852 multi
1750 1787 1924 1851 serio
1981 1786 2315 1862 factitant,
2384 1785 2604 1850 verbis

635 1885 897 1940 tantum
933 1884 1001 1938 et
1042 1894 1154 1938 ore
1198 1873 1578 1957 evangelici,
1623 1872 1904 1955 pauliste
1939 1892 2016 1938 ac
2058 1872 2424 1948 christiani,
2466 1871 2605 1934 vita

639 1971 857 2027 autem
903 1969 972 2024 et
1013 1958 1304 2025 moribus
1348 1959 1652 2043 epicurri.
1723 1957 2022 2039 Quorum
2069 1978 2388 2022 numerus
2426 1955 2604 2040 apud

636 2070 757 2113 nos
800 2066 1197 2130 permagnus
1240 2053 1357 2110 est.
1448 2046 1555 2109 Ex
1601 2045 1837 2109 horum
1884 2064 2162 2108 numero
2221 2053 2324 2108 est
2366 2042 2478 2107 hic
2524 2042 2605 2107 de

639 2153 767 2218 quo
803 2132 1003 2196 michi
1060 2152 1290 2196 sermo.
1375 2130 1480 2195 Ex
1527 2131 1754 2195 multis
1811 2130 2120 2195 refferam
2174 2128 2420 2212 alliqua
2461 2129 2606 2194 eius

638 2217 1073 2302 praeclariora
1136 2238 1350 2301 opera.
1448 2216 1619 2282 Cum
1698 2224 1871 2281 esset
1952 2214 2278 2298 parochus
2355 2212 2603 2297 opiduli

638 2304 977 2371 cuiusdam
1007 2304 1307 2374 Astensis
1344 2302 1635 2378 diocesis,
1680 2310 1910 2384 captus
1944 2311 2087 2366 erat
2120 2322 2342 2366 amore
2385 2300 2605 2367 cuius·

640 2390 791 2456 dam
849 2388 1236 2455 iuvenculae
1295 2389 1605 2454 maritum
1662 2387 2000 2454 habentis:
2063 2388 2235 2453 hanc
2291 2386 2547 2469 puliare
2571 2384 2605 2422 *

640 2497 715 2542 ac
756 2475 1084 2542 solicitare
1126 2475 1297 2557 cepit
1340 2494 1463 2540 nec
1499 2473 1790 2539 deseruit
1829 2472 2037 2539 donec
2080 2495 2160 2538 ea
2193 2474 2440 2556 potitus
2485 2479 2603 2535 est.

642 2561 820 2644 Quid
865 2559 1119 2626 multa?
1206 2559 1404 2625 Illam
1447 2581 1488 2625 a
1529 2559 1827 2643 legitimo
1870 2560 2110 2625 marito
2156 2559 2495 2624 allienavit
2539 2566 2608 2622 et

641 2649 994 2726 abstraxit,
1040 2666 1261 2712 secum
1309 2645 1503 2711 duxit
1546 2645 1705 2725 huc,
1752 2645 2006 2729 prolem
2051 2667 2134 2711 ex
2179 2667 2258 2711 ea
2300 2643 2606 2726 suscepit.

641 2734 837 2800 Nunc
893 2751 1054 2798 vero
1111 2732 1485 2818 auffugiens
1541 2732 1849 2798 miseram
1909 2730 2399 2815 desolatamque
2452 2729 2606 2794 reli-

643 2821 787 2905 quit
845 2839 996 2885 cum
1057 2817 1220 2883 fillio
1278 2838 1365 2882 ex
1417 2839 1496 2883 ea
1554 2827 1858 2901 suscepto
1918 2816 2276 2883 admodum
2333 2813 2550 2881 aduch
2573 2818 2610 2854 ⁸

642 2903 903 2972 tenello.
966 2902 1146 2970 Audi
1181 2902 1386 2969 alliud
1419 2901 1591 2986 quod
1631 2902 2040 2988 dessignavit
2074 2902 2417 2987 egregium
2452 2901 2610 2966 faci-

640 3013 789 3059 nus.
860 2990 1034 3058 Oum
1075 2990 1211 3055 iam
1255 2990 1477 3055 animo
1520 2990 1661 3055 eius
1705 2988 2054 3055 insedisset
2094 2996 2432 3074 parentes,
2493 3006 2610 3072 pa-

644 3080 840 3144 triam
860 3129 876 3155 ‚
936 3076 1181 3142 amieos
1237 3076 1611 3160 relinquere
1665 3082 1734 3142 et
1776 3076 2123 3142 Genevam
2178 3096 2251 3141 se
2294 3074 2611 3154 conferre,

644 3173 723 3230 ιιι
763 3163 889 3230 sibi
925 3161 1007 3228 de
1041 3162 1282 3229 viatico
1318 3162 1740 3246 prospiceret,
1783 3163 2030 3246 partim
2065 3162 2265 3228 etiam
2304 3175 2378 3226 ut
2419 3158 2609 3226 adul-

646 3260 790 3316 tere
832 3270 967 3329 sue,
1010 3244 1093 3313 de
1136 3268 1263 3332 qua
1306 3248 1623 3331 preffatus
1665 3268 1833 3330 sum,
1877 3248 1989 3314 alli
2039 3247 2150 3313 uid
2193 3246 2609 3332 elargiretur,

649 3334 804 3402 dum
841 3354 1068 3400 omnes
1092 3335 1351 3400 monaci
1394 3353 1577 3401 sacre
1616 3334 1912 3401 concioni
1957 3269 2283 3409 adessent,
2328 3332 2612 3398 latenter

647 3423 716 3487 in
760 3420 993 3487 cellam
1025 3420 1399 3504 granariam
1435 3421 1504 3484 in
1541 3442 1671 3503 qua
1709 3441 1990 3488 comune
2026 3419 2440 3485 frumentum
2475 3438 2612 3483 ser-

649 3507 925 3575 vabatur
966 3506 1306 3591 ingressus
1351 3515 1471 3572 est.
1541 3505 1711 3572 Inde
1755 3526 1941 3572 saeos
1975 3505 2251 3588 alliquot
2292 3502 2616 3570 frumenti

648 3592 1017 3677 asportavit
1092 3592 1358 3657 nemine
1472 3592 1785 3675 uidquam
1865 3592 2129 3659 sciente.
2233 3589 2386 3656 Non
2465 3595 2617 3673 post

648 3680 894 3746 multos
930 3677 1068 3745 dies
1110 3699 1263 3744 cum
1307 3678 1442 3743 inte
1474 3678 1683 3763 'geret
1724 3679 1980 3744 furtum
2025 3697 2220 3744 suum
2264 3674 2468 3742 michi
2512 3696 2616 3740 re-

648 3764 977 3849 liquisque
1021 3763 1364 3830 monachis
1417 3785 1558 3830 esse
1603 3772 1865 3843 notum,
1925 3764 2170 3829 timens
2230 3762 2367 3828 suis
2413 3760 2617 3827 male-

646 3851 840 3919 factis
876 3848 1111 3934 dignas
1146 3849 1451 3915 exolvere
1486 3870 1709 3933 penas,
1746 3860 1949 3916 noctu
1982 3849 2151 3915 furis
2185 3867 2368 3913 more
2405 3847 2618 3912 auffu-

649 3938 767 4023 git.
861 3935 1273 4002 Vendiderat
1334 3937 1611 4019 pauperi
1676 3935 1935 4002 cuidam
2015 3954 2210 4001 servo
2275 3941 2344 3999 et
2406 3952 2618 4016 coquo

652 4030 882 4090 nostro
940 4021 1265 4106 optorium
1312 4021 1554 4089 cubilis
1588 4043 1795 4086 unum
1854 4041 2053 4086 aureo
2110 4039 2273 4086 uno:
2340 4025 2408 4084 et
2463 4039 2618 4086 cum

651 4108 903 4177 Paulus
950 4116 1130 4175 vetet
1170 4129 1255 4175 ne
1298 4107 1446 4192 quis
1500 4106 2040 4192 supergrediatur
2082 4125 2295 4189 neque
2339 4106 2619 4172 circnm-

653 4196 881 4261 veniat
921 4195 991 4259 in
1035 4194 1306 4278 negocio
1361 4194 1632 4258 fratrem
1686 4213 1915 4273 suum,
1973 4193 2081 4259 hic
2137 4200 2359 4257 tamen
2413 4190 2619 4257 falsus

654 4280 941 4365 paulista
963 4300 1321 4363 pauperem
1354 4279 1624 4344 fratrem
1661 4285 1730 4344 et
1751 4279 2124 4363 proximum
2149 4276 2615 4344 circumvenit:

653 4387 812 4432 nam
877 4367 1104 4432 abiens
1169 4373 1237 4430 et
1307 4364 1634 4448 optorium
1700 4373 1769 4430 et
1845 4365 2141 4448 precium
2219 4362 2616 4447 exportavit.

653 4450 886 4518 Alliud
943 4451 1095 4517 audi
1152 4451 1365 4517 simile
1423 4450 1699 4516 facinus.
1792 4450 2094 4516 Debebat
2136 4447 2334 4515 michi
2379 4448 2507 4532 ipsi
2552 4458 2621 4513 et

657 4538 828 4605 alliis
896 4536 1289 4621 quibusdam
1355 4536 1693 4602 monachis
1767 4537 1977 4602 nostri
2033 4535 2412 4600 monasterii
2483 4554 2619 4599 non

657 4622 1134 4707 aspernandam
1201 4623 1625 4707 pecuniarum
1693 4643 2021 4688 summam
2087 4629 2426 4687 scutorum
2493 4620 2619 4686 cir-

657 4711 820 4776 citer
864 4731 1002 4774 sex.
1083 4709 1172 4773 Et
1214 4730 1366 4774 cum
1411 4729 1543 4774 non
1599 4718 1934 4791 supeteret
1989 4716 2149 4773 tunc
2191 4705 2471 4771 facultas
2514 4727 2618 4770 ro-

548 4831 559 4844 ·
658 4797 845 4882 gavit
887 4814 1194 4860 monacos
1235 4794 1593 4860 creditores
1638 4804 1713 4859 ut
1754 4804 2101 4878 expectare
2151 4791 2341 4857 illum
2387 4791 2620 4875 digna-

658 4891 889 4946 rentur
934 4901 1140 4963 usque
1182 4879 1266 4944 ad
1307 4879 1584 4962 pascha:
1645 4889 1802 4946 tunc
1853 4881 2031 4946 enim
2076 4886 2145 4944 et
2198 4885 2618 4960 recepturum

662 4988 732 5031 se
766 4967 1077 5052 pecunias
1112 4964 1329 5030 aiebat
1362 4974 1430 5031 et
1465 4966 1854 5031 soluturum.
1915 4966 2055 5030 Nos
2091 4963 2263 5029 bona
2300 4961 2429 5027 fide
2465 4984 2618 5029 cum

662 5072 739 5117 eo
817 5060 1088 5136 agentes
1169 5072 1380 5134 neque
1458 5050 1705 5117 fraudis
1773 5050 2130 5134 quidquam
2210 5049 2620 5133 suspicantes

661 5136 945 5202 libenter
965 5136 1435 5203 consensimus.
1493 5136 1618 5202 Ille
1639 5145 1716 5201 ut
1738 5135 2194 5202 fraudulentus
2217 5156 2292 5202 ac
2313 5145 2619 5201 versutus

664 5224 976 5288 abscessit
1028 5220 1345 5287 fraudatis
1398 5222 1711 5288 fratribus
1765 5233 1832 5287 et
1875 5222 2190 5305 proximis
2243 5222 2396 5286 suis.
2488 5220 2620 5285 Hic

665 5307 975 5372 iudicium
1020 5316 1208 5372 tuum
1251 5305 1565 5386 desidero,
1613 5308 1716 5373 vir
1752 5307 2152 5374 doctissime:
2201 5308 2255 5372 si
2301 5307 2497 5386 enim,
2543 5316 2620 5373 ut

2145 391 2678 461 EPISTOLAE
2725 397 3147 460 4249—4251

4514 404 4605 462 556

2702 582 3010 649 sanciunt
3052 583 3202 650 iura
3245 590 3314 649 et
3357 585 3501 668 ipsa
3543 593 3781 651 nature
3824 586 3939 652 lex
3983 585 4207 666 dictat,
4266 584 4420 652 fides
4455 588 4609 652 em

2701 666 2877 734 hosti
2936 669 3263 735 servanda
3318 680 3450 748 est,
3513 671 3673 754 quid
3731 670 3914 739 hunc
3968 673 4209 737 mereri
4265 671 4497 738 iudicas
4530 677 4613 755 qni

2700 755 3015 820 fratribus
3058 755 3198 821 suis
3240 755 3313 821 in
3336 755 3607 823 Christo
3644 757 3843 823 fidem
3878 778 4014 823 non
4061 760 4341 823 servarit
4379 767 4442 822 et
4474 759 4614 823 frau-

2702 839 2855 906 dem
2914 839 3181 906 fecerit?
3254 841 3477 908 Nolim
3539 864 3724 921 vero,
3785 844 4347 926 praestantissime
4391 841 4617 920 Calvi-e,

2701 935 2778 990 ιιι
2821 926 3162 993 existimes
3197 948 3305 992 me
3346 929 3477 993 ista
3519 929 3922 1013 conffingere
3969 929 4072 994 vel
4117 950 4200 995 ex
4236 928 4443 996 cordis
4480 950 4617 994 am-

2702 1012 2993 1078 ritudine
3027 1010 3224 1096 loqui.
3284 1013 3657 1080 Veritatem
3695 1014 3839 1080 dico
3875 1015 3947 1080 in
3973 1014 4243 1082 Christo
4277 1015 4445 1093 Iesu,
4476 1017 4623 1080 testi-

2701 1098 3001 1163 monium
3037 1099 3241 1165 michi
3274 1100 3661 1182 perhibente
3698 1101 4096 1167 conscientia
4131 1121 4280 1166 mea
4321 1101 4393 1166 in
4430 1102 4623 1185 spiritu

2702 1192 2950 1263 sancto,
2977 1185 3431 1251 testimonium
3453 1185 3659 1252 michi
3680 1186 4129 1270 peribentibus
4166 1187 4417 1253 cunctis
4440 1207 4625 1252 monn-

2703 1269 2847 1335 chis
2883 1270 3129 1336 nostris
3152 1279 3220 1336 et
3253 1271 3397 1355 ipsa
3419 1272 3683 1355 publica·
3700 1273 3893 1337 fama.
3955 1273 4298 1356 Descripsi
4333 1273 4449 1337 tibi
4467 1272 4627 1337 huius

2707 1356 2992 1421 hominis
3037 1356 3239 1435 dotes,
3286 1379 3502 1422 mores
3547 1367 3614 1423 et
3658 1359 3897 1423 vitam:
3944 1367 4017 1424 ιιι
4063 1377 4240 1424 nunc
4283 1357 4367 1422 de
4410 1358 4627 1422 homino

2703 1441 3022 1508 iudicium
3082 1442 3296 1508 facito.
3386 1443 3538 1510 Uno
3596 1444 3857 1510 circiter
3910 1465 4140 1510 mense
4199 1455 4533 1528 postquam
4578 1465 4629 1508 ss

2704 1525 2789 1591 ad
2835 1539 2898 1593 te
2941 1529 3218 1594 contulit
3260 1528 3344 1593 ad
3387 1550 3495 1595 me
3537 1531 3801 1613 scripsit
3842 1550 3926 1595 ex
3972 1529 4253 1595 Geneva
4308 1529 4627 1612 epistolm.

2704 1612 2774 1676 in
2820 1634 2951 1696 qua
2994 1614 3086 1678 ita
3129 1635 3236 1679 me
3280 1615 3592 1681 conviciis
3646 1614 3921 1693 lacerat,
3981 1623 4057 1681 ut
4113 1614 4306 1680 facile
4364 1627 4631 1698 apparent

2704 1699 2922 1781 ipsum
2969 1698 3302 1765 hominem
3350 1722 3492 1767 esse
3536 1701 3952 1776 maledicum,
3997 1700 4319 1778 vaffrum,
4370 1702 4631 1784 imposto-

2705 1805 2846 1849 rem
2892 1796 2959 1848 et
3000 1785 3322 1851 malorum
3367 1786 3803 1852 inventorem.
3875 1788 4090 1853 Vocat
4131 1808 4239 1852 me
4287 1795 4633 1870 apostatam.

2705 1868 3165 1955 hipochritam,
3202 1872 3513 1939 rebellem
3550 1881 3618 1938 et
3653 1874 4121 1958 abnegatorem
4156 1872 4412 1950 christi,
4456 1873 4633 1936 insen·

2707 1968 2944 2034 satum,
3006 1958 3122 2040 qui
3165 1958 3237 2022 in
3282 1960 3561 2024 veritate
3605 1958 3869 2043 cognita
3912 1980 4047 2023 non
4092 1959 4425 2024 steterim:
4480 1976 4635 2022 vocor

2706 2043 2788 2108 ab
2833 2064 2910 2107 eo
2954 2042 3197 2126 absque
3242 2043 3517 2124 christo,
3576 2045 3720 2110 sine
3766 2044 3920 2122 deo,
3980 2042 4185 2110 tradit
4225 2064 4339 2108 me
4383 2042 4635 2116 sathsne,

2705 2140 2970 2194 accusat
3012 2149 3119 2193 me
3157 2129 3329 2212 quod
3374 2131 3900 2214 persecucionem
3946 2129 4046 2194 illi
4090 2130 4437 2195 intulerim
4478 2150 4637 2193 em·

2706 2214 2858 2298 gelii
2905 2234 3122 2280 causa.
3212 2215 3379 2299 Ego,
3425 2225 3505 2282 ιιι
3549 2216 3670 2281 tibi
3716 2231 3947 2281 verum
3991 2217 4219 2293 fatear,
4284 2216 4345 2280 si
4392 2215 4637 2280 stetisset

2705 2298 2883 2383 apud
2916 2321 3041 2378 me,
3080 2299 3501 2368 decreveram
3537 2304 3678 2366 eius
3711 2301 3973 2386 flagicia
3999 2300 4202 2385 digna
4235 2299 4639 2385 castig-acione

2706 2387 2961 2468 punire,
3003 2386 3119 2451 sed
3145 2386 3392 2453 Christi
3430 2389 3701 2471 eiusque
3736 2387 4063 2473 evangelii
4097 2408 4303 2453 causa
4339 2405 4639 2470 nunquan

2707 2470 2803 2535 illi
2848 2472 3117 2538 molitus
3153 2494 3299 2538 sum
3346 2471 3637 2539 insidias.
3707 2473 3953 2538 Petrus
3991 2472 4332 2557 apostolus
4369 2493 4500 2536 non
4532 2471 4639 2534 vult

2708 2566 2786 2621 ut
2843 2559 3190 2641 quisquam
3248 2559 3547 2642 paciatur
3604 2559 3791 2642 quasi
3847 2557 4177 2625 homicida
4235 2567 4361 2624 aut
4413 2558 4515 2623 fur
4559 2571 4643 2621 aut

2710 2642 3069 2710 maledicus
3134 2651 3252 2709 aut
3314 2644 3701 2709 allienorum
3770 2646 4128 2728 appetitor,
4194 2645 4251 2710 si
4323 2653 4539 2709 autem
4590 2653 4643 2705 ut

2710 2726 3126 2809 christianus,
3173 2749 3303 2795 non
3345 2731 3691 2796 erubescat
3732 2730 3802 2794 in
3858 2732 3986 2796 isto
4025 2731 4335 2795 nomine:
4385 2729 4490 2796 hic
4524 2746 4645 2794 vem

2712 2815 2813 2879 uti
2856 2814 3256 2881 christianus
3300 2816 3506 2881 nichil
3547 2837 3838 2899 unquam
3881 2836 3921 2880 a
3963 2836 4072 2881 me
4115 2836 4359 2965 passus
4405 2825 4521 2890 est,
4558 2812 4645 2878 sed

2713 2899 2813 2965 uti
2847 2900 2971 2979 fur,
3006 2902 3104 2965 uti
3141 2900 3533 2967 allienorum
3570 2912 3813 2985 raptor,
3859 2902 3957 2966 uti
3994 2902 4124 2967 adu
4155 2909 4280 2980 ter,
4328 2899 4646 2985 prophaete

2714 3006 3033 3070 passurus
3068 2995 3211 3052 erat
3245 2988 3315 3052 ni
3348 2989 3571 3073 fugam
3594 2988 4036 3054 accelerasset.
4097 2987 4272 3053 Mite
4311 2987 4438 3053 tibi
4464 3005 4647 3052 uem-

2714 3071 2861 3155 plar
2894 3073 2978 3139 ad
3013 3095 3121 3140 me
3157 3072 3483 3143 destinate
3524 3073 3821 3159 epistole,
3865 3075 4056 3140 mitto
4091 3075 4297 3140 etiam
4343 3093 4551 3140 meam
4586 3068 4645 3134 sd

2712 3160 2931 3243 ipsum
2973 3161 3439 3243 responsivam.
3505 3161 3595 3226 Et
3627 3160 3929 3244 quamvis
3971 3161 4179 3227 sciam
4226 3168 4296 3229 te
4344 3161 4419 3225 in
4460 3158 4647 3225 shrine

2712 3246 2984 3331 negocio
3018 3254 3086 3312 et
3118 3247 3341 3314 arduis
3377 3244 3570 3313 rebus
3603 3267 3865 3330 semper
3886 3247 4495 3330 occupatissimum,
4526 3262 4649 3326 rogo

2712 3337 2781 3397 te
2824 3340 3048 3399 tamen
3089 3339 3167 3398 ut
3209 3339 3557 3417 utramque
3608 3332 3793 3418 legas
3835 3340 3901 3397 et
3943 3352 4101 3397 cum
4156 3331 4415 3418 legeris
4466 3336 4651 3415 postu

2713 3415 3050 3485 diiudices.
3121 3418 3321 3498 Vale,
3384 3418 3491 3486 vir
3546 3418 3669 3484 dei.
3741 3418 3927 3484 Deus
3981 3426 4048 3483 te
4105 3416 4226 3484 din
4286 3428 4517 3483 sancte
4560 3433 4647 3480 m

2712 3503 3010 3570 Ecclesie
3032 3512 3254 3573 servet
3286 3504 3703 3572 incolumem.
3765 3502 4047 3571 Oaburri
4077 3507 4133 3585 ¹)
4170 3524 4261 3570 ex
4283 3500 4647 3570 monmrb

2715 3595 2940 3657 nostro
2982 3590 3192 3657 Beate
3236 3592 3445 3657 marie
3486 3589 3741 3657 ordinis
3786 3588 4209 3657 benedictini.

3539 3728 3852 3794 Nicolans
3894 3729 4351 3794 Lucernanus
4376 3730 4439 3805 ⁸)

3439 3815 3536 3878 tui
3579 3815 3650 3879 in
3694 3813 3966 3881 Christo
4010 3813 4537 3881 amantissimus.

3504 4112 3587 4117 ..-
3608 4110 3909 4117 ——ffl

3603 4358 3805 4428 425⁰.

3090 4527 3818 4611 MARRAQUIRIUS
3862 4526 4322 4597 GALVINO.

2894 4705 3051 4789 Ayit
3105 4703 3183 4769 de
3238 4703 3531 4769 ministro
3586 4701 3801 4785 aliquo
3856 4701 3971 4784 qui
4028 4700 4367 4769 maesiam
4410 4698 4649 4767 hund

3025 4875 3139 4943 (sx
3173 4873 3512 4945 autographo
3549 4872 3678 4928 eod.
3700 4872 3905 4927 scaev.
3942 4870 4195 4939 ios,r01.
4230 4871 4389 4941 149.)

2716 5117 2914 5199 42349.
2935 5116 2992 5185 1)
3033 5115 3348 5173 Gaburnun
3380 5112 3686 5183 (Cam).
3729 5128 3909 5181 prope
3942 5111 4233 5179 Ρὸσπσνοῐ.
4318 5111 4541 5167 aaut·
4582 5120 4647 5157 ⁸¹⁵

2714 5202 2999 5338 'emmam-
3022 5251 3601 5337 Nomen-ynam,
3632 5252 3873 5319 smum
3904 5249 4181 5315 fictitium,
4204 5265 4242 5305 a
4280 5242 4645 5319 γὼς-ὀ-

2734 5325 3085 5381 Valdensmm
3122 5324 3443 5379 demnatum.
