4900 6125
316 472 440 537 381

317 658 519 726 serim
577 658 755 744 quod
807 659 1077 745 quidem
1130 681 1259 745 quo
1317 662 1530 748 mag-is
1588 660 1711 728 tibi
1769 660 1967 728 credo
2010 661 2107 726 ita
2150 682 2294 728 esse

316 765 714 830 persuasum
772 767 851 813 eo
906 748 1130 813 minus
1184 745 1354 813 mihi
1396 746 1586 813 venit
1626 748 1698 813 in
1742 754 2034 814 mentem
2078 747 2293 832 suspi-

315 831 474 911 cari,
518 830 694 915 quod
737 831 909 898 nihil
952 832 1306 900 scriberem
1324 884 1341 913 ,
1401 853 1487 899 ne
1548 842 1624 900 tu
1666 831 1816 900 ideo
1859 832 1942 900 de
1983 853 2135 900 mea
2176 854 2292 899 vo·

313 914 576 983 luntate
639 937 829 985 secus
891 939 1093 1004 quam
1155 919 1397 986 vellem
1462 919 1899 987 existimares.
2005 919 2293 985 Animus

315 1022 507 1069 meus
562 1009 634 1070 et
686 1004 811 1071 fuit
863 1015 933 1071 et
989 1004 1117 1071 erit
1157 1026 1319 1090 erga
1361 1013 1430 1071 te
1471 1006 1583 1089 qui
1623 1024 1769 1072 esse
1808 1003 2020 1072 debet.
2109 1001 2290 1086 Quid

314 1108 424 1154 me
468 1088 577 1156 hic
619 1099 1008 1170 remoretur,
1050 1111 1221 1176 quae
1262 1092 1618 1158 necessitas
1651 1091 1941 1157 invitum
1978 1090 2289 1170 detineat,

313 1182 474 1258 puto
537 1174 730 1243 facile
795 1176 1120 1244 coniicere
1184 1184 1270 1244 te.
1358 1176 1504 1243 Iam
1569 1176 1822 1243 dudum
1879 1177 2096 1245 luctor
2136 1195 2288 1242 cum

312 1261 481 1328 meis
521 1258 606 1326 de
650 1284 724 1330 re
764 1283 941 1329 mea:
987 1263 1104 1331 vix
1138 1262 1493 1347 quidquam
1529 1263 1820 1347 proficio,
1864 1283 1988 1329 nec
2019 1282 2287 1346 possum

309 1354 539 1413 tamen
557 1397 575 1426 ‚
639 1347 815 1433 quod
855 1349 1136 1416 fortasse
1179 1348 1421 1429 velint,
1479 1351 1600 1412 τῶν
1632 1351 1872 1413 οἰκείου
1905 1350 2287 1429 ἐξίστασθαι.

305 1431 486 1498 Mihi
551 1433 733 1499 enim
797 1435 950 1501 istic
1013 1435 1283 1501 omnino
1350 1455 1494 1502 esse
1560 1455 1727 1520 opus
1790 1435 2007 1521 aliquo
2049 1434 2289 1500 viatico

299 1538 443 1584 non
509 1517 797 1603 ignoras.
888 1519 1110 1606 Cogor
1172 1521 1396 1604 itaque
1461 1520 1569 1588 hic
1633 1519 1805 1586 nihil
1870 1541 2003 1586 non
2047 1521 2283 1600 facere,

299 1602 488 1687 quod
531 1603 797 1690 quidem
842 1605 1029 1673 salvo
1073 1606 1287 1673 officio
1331 1625 1633 1691 possum,
1689 1615 1767 1673 ut
1809 1605 1986 1691 quod
2029 1605 2286 1672 actione

305 1689 687 1775 iudicioque
732 1713 865 1758 non
910 1713 1168 1776 possem
1215 1702 1365 1759 astu
1409 1692 1693 1776 quodam
1737 1693 2016 1759 honesto
2060 1700 2284 1758 extor-

305 1795 568 1858 queam.
660 1777 765 1843 'Pu
821 1799 928 1845 me
987 1779 1062 1844 in
1120 1779 1244 1845 hac
1304 1787 1445 1844 tam
1489 1779 1687 1864 longa
1730 1789 1997 1862 tamque
2041 1778 2288 1844 misera

303 1861 695 1941 iactatione,
762 1873 840 1930 ut
904 1863 1255 1948 aliquando
1299 1864 1571 1930 eluctari
1631 1865 1878 1948 possim
1900 1915 1917 1942 ,
1981 1864 2287 1950 precibus

303 1946 488 2030 apud
533 1949 900 2016 Dominum
962 1949 1307 2029 adiuvate,
1376 1961 1759 2032 certumque
1814 1949 2053 2016 habeto
2097 1949 2287 2014 facile

301 2054 423 2099 me
480 2033 767 2120 reliquas
822 2033 1225 2102 blandientis
1285 2033 1515 2102 mundi
1573 2035 1913 2102 illecebras
1978 2034 2284 2120 repudia-

299 2125 560 2186 turum·
577 2122 636 2199 ²)
1588 2206 1887 2275 Rochius
1935 2217 2106 2273 tuus.

1198 2718 1393 2790 4146.

839 2872 1251 2942 VIRETUS
1299 2871 1743 2941 OALVINO.

485 3046 792 3115 offanum
834 3047 1220 3115 commendat
1252 3047 1363 3129 qui
1387 3067 1512 3130 pro
1545 3050 1815 3127 tempore
1851 3044 2054 3112 locum
2088 3066 2276 3129 quac-

281 3134 392 3200 νᾶ
433 3154 556 3216 quo
586 3134 811 3217 pedem
849 3133 1024 3219 fiyat.

280 3304 412 3369 (Ex
449 3306 791 3376 autographo
825 3303 961 3358 Ood.
993 3305 1279 3439 ἰΒΞῗὲιῖοὶο
1293 3302 1632 3439 ἷξιιῐίῐέἒῗίοο
1667 3303 1935 3359 asservati
1952 3301 2097 3357 Add.
2118 3300 2273 3357 MSS.

472 3544 860 3611 Clarissimo
913 3544 1063 3610 viro
1107 3544 1191 3610 D.
1237 3542 1477 3609 Ioanni
1523 3541 1810 3609 Calvino
1855 3541 2277 3609 Genevensis

281 3630 611 3699 ecclesiae
653 3630 904 3714 pastori
950 3630 1460 3715 vigilantissimo
1545 3628 1701 3694 fatri
1739 3636 1808 3694 et
1864 3634 2275 3713 symmystae

281 3716 546 3803 plunm’
548 3738 664 3781 um
708 3715 1140 3783 observando.
1762 3799 2097 3866 Gonane·

471 3972 543 4040 S.
614 3974 817 4040 Mitto
860 3973 942 4038 ad
990 3982 1055 4038 te
1099 3972 1540 4039 facisculum·
1592 3970 1940 4037 literarum
1996 3968 2193 4037 sicuti
2232 3990 2274 4035 a

289 4060 584 4128 Fanesio
646 4068 716 4125 et
773 4058 1030 4125 Farello
1093 4058 1334 4158 accepi.
1424 4057 1693 4124 Literas
1749 4055 1994 4123 Bucari
2017 4057 2068 4136 ¹)
2135 4076 2272 4120 non

283 4148 458 4214 eatis
501 4144 834 4231 intellige,
893 4166 1057 4227 quas
1112 4143 1277 4210 mihi
1339 4142 1559 4209 reddit
1613 4142 2022 4209 obscuriores
2079 4142 2271 4225 igno·

281 4233 514 4299 tantia
555 4232 930 4316 argumenti
975 4239 1244 4296 tuarum
1288 4228 1374 4294 ad
1416 4250 1571 4295 cum
1631 4230 1976 4294 literarum
2034 4228 2274 4311 quibus

285 4316 667 4402 respondet.
726 4316 901 4382 Puto
935 4326 1277 4401 praeterea
1311 4336 1463 4381 eum
1502 4314 1727 4381 dedita
1761 4334 1962 4398 opera
1983 4314 2271 4381 voluisse

285 4404 641 4472 obscurius
682 4402 987 4469 scribere.

467 4488 575 4555 De
640 4488 1045 4555 Bemoerdino
1118 4487 1338 4553 nescio
1416 4507 1505 4552 an
1585 4484 2066 4553 Sardandmeas
2145 4484 2265 4551 tibi

285 4574 498 4643 verba
551 4574 799 4642 fecerit.
888 4573 1227 4655 Quantum
1284 4593 1368 4638 ex
1433 4572 1576 4638 eius
1621 4572 1918 4638 oratione
1959 4570 2269 4655 colligere

287 4662 515 4747 potui,
581 4660 778 4729 valde
835 4662 1016 4743 cupit
1077 4658 1162 4724 ad
1203 4680 1326 4725 vos
1368 4658 1619 4736 redire,
1685 4657 1862 4742 quod
1906 4664 1975 4722 et
2019 4658 2268 4740 apertis

289 4747 520 4815 verbis
561 4746 905 4813 indicavit.
985 4745 1157 4812 Nam
1199 4747 1574 4829 Augustam
1617 4744 1910 4821 redire¹)
1951 4742 2266 4826 quamdiu

289 4834 431 4901 illic
495 4854 718 4899 rerum
782 4832 1076 4917 potietur
1117 4831 1400 4911 Caesar,
1464 4850 1599 4896 non
1656 4831 1890 4896 statuit
1952 4828 2127 4912 apud
2171 4849 2263 4895 se.

291 4918 600 4987 Basileae
643 4939 878 5003 parum
923 4917 1049 4984 sibi
1088 4916 1385 5001 placet.⁸)
1455 4914 1735 4997 Quaerit
1776 4915 1991 4982 locum
2025 4915 2099 4979 in
2132 4936 2264 4998 quo

434 5196 447 5209 ⁸
503 5124 567 5195 2)
610 5124 777 5179 Vides
820 5122 1222 5206 diuturniorem
1266 5121 1573 5204 absentie·
1625 5118 1854 5175 Οοὶοὑιο
1895 5120 2263 5189 miciacus

295 5192 943 5331 mfelva
972 5190 1085 5260 w
1116 5196 1168 5245 et
1199 5196 1534 5246 mm

501 5330 541 5387 2
597 5330 747 5386 aaa
1341 5328 1352 5340 ·
1629 5325 1883 5383 caum.

504 5340 569 5469 εὖ
602 5400 688 5467 of.
723 5329 1610 5467 uw.wm‚
1645 5395 1806 5452 flav.
1832 5391 1970 5453 ιο.
2003 5393 2100 5450 m.
2135 5392 2256 5451 m.

1951 469 2742 542 SUPPLEMENTUM.

4238 476 4365 541 ³82

2395 666 2582 727 tutus
2625 680 2771 727 esse
2813 660 3020 745 possit
3062 668 3133 726 et
3172 659 3580 729 commodius
3621 661 3953 743 habitare,
4010 669 4081 729 et
4120 662 4368 730 habere

2392 744 2700 814 homines
2766 746 2981 831 magis
3060 746 3200 813 suis
3263 746 3557 813 moribus
3620 755 3810 833 aptos
3874 756 3945 814 et
4005 748 4223 834 magis
4277 771 4365 816 ex

2394 831 2601 898 animi
2666 832 3017 898 sententia.
3118 832 3320 916 Apud
3375 832 3724 900 Helvetios
3788 853 3924 899 non
3987 833 4179 901 video
4248 834 4365 900 ubi

2388 917 2698 985 invenire
2740 918 2949 1003 possit
2989 916 3161 1002 quod
3205 918 3406 1002 cupit.
3497 918 3687 986 Nosti
3732 918 4077 986 hominum
4126 940 4365 1001 mores,

2390 1012 2460 1070 et
2501 1023 2702 1087 quam
2744 1024 2983 1088 parum
3022 1003 3156 1071 illis
3201 1024 3352 1071 cum
3395 1002 3584 1071 Italis
3628 1003 3999 1089 conveniat,
4043 1013 4113 1072 et
4161 1025 4364 1091 quam

2436 1090 2583 1156 auci
2628 1097 2791 1156 sunt
2831 1091 2946 1173 qui
2986 1089 3215 1174 magni
3257 1089 3509 1155 faciant
3550 1090 3717 1158 tales
3761 1091 3962 1159 viros.
4052 1088 4235 1173 Quid
4283 1092 4366 1159 de

2454 1195 2617 1241 erna
2659 1195 2922 1259 sperem
2963 1175 3215 1254 neseio,
3275 1176 3401 1242 hoc
3463 1176 3857 1259 praesertim
3899 1185 4196 1261 tempore
4233 1197 4365 1262 quo

2394 1259 2644 1328 Coelius
2696 1259 2860 1326 adeo
2920 1260 3207 1327 reddidit
3262 1259 3571 1328 Italicum
3641 1281 3884 1328 nomen
3943 1261 4281 1330 foetidum.
4306 1268 4365 1343 ⁴)

2390 1347 2794 1413 Lausanuae
2857 1368 2991 1413 non
3058 1346 3320 1414 videtur
3382 1347 3549 1412 mihi
3617 1347 3781 1414 satis
3825 1355 4009 1416 tutus
4076 1348 4361 1416 futurus.

2391 1432 2594 1517 Apud
2638 1453 2761 1499 vos
2804 1432 3012 1498 tutior
3077 1442 3289 1513 esset,
3352 1443 3418 1500 et
3475 1432 3750 1500 haberet
3803 1432 4107 1501 homines
4148 1436 4364 1521 magis

2390 1539 2476 1584 ex
2541 1519 2746 1584 animi
2810 1519 3171 1585 sententia:
3259 1518 3376 1586 sed
3441 1528 3765 1603 quantum
3841 1519 4209 1606 intelligere
4276 1543 4362 1587 ex

2389 1604 2533 1671 eius
2577 1604 2800 1671 verbis
2888 1604 3051 1684 omi,
3095 1624 3248 1670 eum
3289 1625 3502 1689 paene
3537 1604 3743 1689 pudet
3786 1605 3871 1671 ad
3905 1625 4017 1673 eos
4060 1603 4278 1672 redire
4321 1626 4364 1671 a

2388 1687 2628 1774 quibus
2673 1625 2886 1756 seme?
2924 1689 3241 1757 discessit.
3329 1690 3623 1776 Ouperet
3666 1692 3963 1759 revocari
4006 1699 4122 1758 aut
4163 1713 4204 1757 a
4240 1713 4359 1759 vo·

2388 1776 2490 1842 bis
2534 1785 2652 1843 aut
2695 1777 2826 1842 alia
2868 1775 3092 1859 aliqua
3132 1775 3414 1842 honesta
3457 1778 3731 1843 ratione.
3821 1778 3938 1844 Me
3980 1778 4244 1863 rogavit
4284 1788 4361 1844 ut

2388 1862 2514 1929 hac
2557 1859 2639 1928 de
2682 1884 2756 1928 re
2799 1876 3022 1929 tecum
3067 1863 3434 1928 conferrem
3481 1872 3548 1928 et
3590 1884 3665 1929 se
3731 1874 3958 1929 nostro
4023 1863 4361 1947 acquietu-

2387 1967 2539 2013 rum
2603 1947 2875 2014 consilio
2954 1948 3220 2032 recepit.
3321 1949 3418 2014 'l'e
3508 1949 3719 2034 igitur
3784 1969 3902 2014 oro
3963 1957 4038 2013 ut
4101 1948 4187 2015 ad
4249 1970 4359 2015 me

2385 2041 2504 2099 aut
2547 2031 2630 2099 ad
2676 2033 2861 2099 illum
2910 2042 3092 2099 tuam
3136 2055 3336 2118 super
3382 2035 3506 2101 bac
3550 2056 3624 2101 re
3665 2032 4035 2118 perscribas
4089 2044 4359 2101 senten-

2386 2121 2565 2184 tiam.
2660 2118 2786 2185 Vir
2844 2120 3089 2205 dignus
3142 2132 3243 2187 est
3300 2121 3485 2186 cuius
3540 2121 3712 2186 ratio
3771 2119 4116 2187 habeatur.
4205 2119 4359 2187 Sal-

2383 2214 2519 2270 tem
2558 2215 2880 2271 testemur
2922 2205 3228 2273 omnibus
3273 2206 3511 2290 quibus
3554 2205 3919 2291 poterimus
3963 2206 4216 2286 officiis,
4260 2208 4359 2293 ip-

2382 2311 2534 2357 sum
2601 2301 2669 2357 et
2733 2292 2878 2357 eius
2931 2312 3201 2358 causam
3244 2292 3436 2359 nobis
3479 2312 3676 2358 curae
3719 2291 3941 2359 fuisse.
4032 2292 4360 2376 Exposuit

2381 2375 2548 2442 mihi
2630 2386 2834 2443 totam
2900 2377 3249 2444 historiam
3316 2378 3418 2444 sui
3484 2378 3773 2464 coniugii
3790 2379 3850 2458 ⁵)
3908 2398 4060 2444 cum
4118 2378 4359 2445 ancilla

2383 2483 2582 2549 quam
2618 2463 2769 2531 istic
2805 2463 3144 2543 habuerat,
3181 2462 3356 2548 quod
3376 2463 3648 2530 tandem
3683 2466 3754 2530 in
3780 2462 3998 2530 lucem
4021 2463 4354 2548 produxit.

2558 2547 2813 2633 Scripsi
2856 2570 3071 2634 nuper
3112 2550 3270 2634 quid
3312 2550 3665 2634 impediret
3706 2551 4057 2634 quominus
4100 2549 4185 2615 ad
4238 2570 4360 2617 vos

2383 2657 2491 2700 me
2535 2637 2918 2702 conferrem.
2988 2635 3349 2702 Praestabo
3374 2635 3548 2720 quod
3589 2637 3860 2703 iusseris
3903 2637 3961 2701 si
4005 2635 4162 2719 quid
4208 2657 4358 2701 mea

2380 2741 2582 2805 opera
2624 2720 2920 2787 conferre
2965 2742 3233 2805 possum
3280 2737 3428 2805 post
3470 2723 3810 2806 proximas
3854 2721 4072 2788 ferias.
4154 2720 4356 2788 Olau-

2379 2805 2531 2872 dius
2578 2805 2880 2873 Farellus
2894 2808 2953 2881 ⁶)
2995 2807 3207 2873 literis
3250 2829 3357 2874 me
3400 2808 3746 2875 admonuit
3789 2817 3867 2873 ut
3907 2807 4084 2873 istuc
4128 2808 4355 2874 remit-

2381 2903 2588 2958 terem
2634 2892 2863 2958 literas
2907 2892 2993 2958 ad
3035 2913 3106 2959 se
3150 2915 3314 2978 quas
3356 2915 3574 2977 nuper
3613 2893 3699 2960 ad
3742 2914 3849 2959 me
3893 2892 4150 2959 misisti.
4216 2891 4354 2959 Sed

2380 2979 2516 3044 iam
2561 2977 2968 3045 Neocomum
3024 2979 3267 3045 missae
3324 2988 3520 3045 erant
3562 3001 3767 3064 quum
3811 2980 3953 3045 eius
3996 2978 4161 3044 mihi
4205 2979 4352 3044 lite-

2379 3086 2497 3131 rae
2541 3064 2834 3131 redditae
2877 3075 3053 3132 sunt.
3127 3065 3203 3132 Si
3249 3064 3466 3132 adhuc
3507 3066 3685 3151 apud
3727 3086 3850 3133 vos
3891 3067 3996 3146 sit,
4041 3087 4190 3131 eum
4238 3088 4354 3133 cu-

2379 3151 2558 3218 rabis
2600 3149 2805 3216 huius
2850 3150 3276 3217 admonitum.

2553 3234 2869 3302 Salutant
2935 3245 2999 3303 te
3065 3239 3278 3303 nostri
3339 3258 3567 3304 omnes
3592 3290 3609 3317 ,
3704 3238 4095 3322 praesertim
4162 3259 4350 3317 uxor,

2379 3321 2570 3388 cuius
2614 3322 2885 3388 nomine
2927 3331 2995 3387 et
3038 3344 3185 3389 mco
3220 3332 3405 3389 tuam
3450 3343 3710 3408 quoque
3754 3323 4091 3389 salutabis.
4177 3323 4351 3389 Vale

2377 3406 2629 3491 optime
2680 3426 2831 3473 cum
2896 3407 3206 3475 omnibus
3251 3408 3519 3493 collegis
3563 3418 3630 3475 et
3672 3408 4079 3495 symmystis.
4166 3410 4351 3475 Lau·

2377 3514 2628 3559 sannae
2676 3498 2735 3559 2.
2786 3493 3038 3579 Aprilis
3090 3497 3353 3573 1547.⁷)

3370 3632 3556 3697 'Puus
3597 3631 3841 3698 Petrus
3888 3629 4172 3699 Viretus.

2581 3920 3616 4055 53Auudekocnfflaaecuratiun.
3670 3986 4353 4058 erathplffitacst.

2374 4057 2565 4183 ἔνηφι
2605 4058 2853 4114 Oche-us
2902 4061 2966 4112 in
3008 4058 3275 4128 Annaliun
3330 4075 3387 4115 sc
3438 4060 3670 4142 contulit
3720 4073 3950 4114 weron
4003 4071 4185 4111 secun·
4235 4072 4353 4110 non

2413 4136 2554 4195 m,
2583 4128 2689 4260 εἷα
2740 4143 2910 4279 σφάζε
2943 4126 3380 4267 magr-dut
3397 4135 3655 4280 fragat:-
3686 4196 3776 4252 Io.
3812 4194 4054 4275 Iacobus
4084 4189 4355 4269 phama-

2373 4269 2532 4321 senta
2572 4264 2932 4331 anneum,
2981 4264 3192 4321 Dan-cel
3236 4270 3334 4335 quo·
3384 4283 3445 4321 nn
3493 4280 3631 4336 coro
3679 4263 3924 4319 Vadam
3977 4259 4153 4313 sedem
4195 4257 4359 4325 fient,

2379 4332 2805 4389 auscherius-us
2850 4335 2952 4404 qui
2992 4350 3115 4389 cun
3151 4335 3357 4391 Gemite
3395 4334 3545 4389 θεοῖ.
3582 4335 3653 4389 ds
3690 4329 4084 4394 Funis-ubero
4119 4328 4275 4391 erat,
4308 4330 4363 4377 ct

2369 4400 2771 4459 106⁶OEde
2816 4406 2978 4458 cadus
3023 4420 3217 4459 nomen
3263 4406 3585 4473 mepiaesime
3625 4400 3876 4457 occurrit
3919 4392 4365 4450 inavarum·

2370 4488 2559 4528 sauro.
2633 4472 2786 4527 Civis
2807 4472 3137 4527 amoenus
3170 4489 3204 4527 r
3329 4480 3418 4528 m
3447 4472 3564 4537 fuit
3596 4486 3725 4526 cum
3762 4466 3969 4521 Iacobo
4002 4468 4055 4516 et
4082 4458 4368 4515 Gm‘lelno

2370 4558 2424 4597 a.
2470 4541 2527 4595 d.
2575 4539 2713 4595 711.
2750 4539 2897 4595 lau·
2934 4539 3109 4594 Mart.
3157 4539 3260 4594 163
3297 4580 3311 4593 .
3390 4541 3608 4608 (Hem.
3664 4538 3765 4591 lv.
3824 4533 3927 4588 103
3977 4534 4091 4585 not.
4143 4525 4199 4593 6,
4257 4522 4374 4577 145

2368 4617 2483 4666 not.
2518 4609 2572 4674 ὅ,
2608 4608 2713 4665 198
2745 4615 2857 4664 not.
2894 4606 2982 4680 10,
3012 4607 3120 4662 212
3152 4616 3263 4664 nor.
3300 4608 3379 4673 1.)

2578 4677 2639 4745 7)
2680 4676 2900 4734 Quini
2930 4691 3258 4747 responsum
3290 4677 3460 4733 habu
3492 4674 3559 4728 N.
3594 4672 3723 4728 892.
