4900 6125
627 335 758 397 415

1511 519 1708 590 4165.

951 672 1718 743 wmrnxenm
1720 673 1774 742 S
1819 673 2260 742 GALVINO.

803 845 1480 930 &abdesunt
1531 847 1816 914 eudesius
1867 847 2587 933 &Audiam

827 1016 2376 1089 (Βωμηιοαιῑηὴυιμμωωιιη)

663 1279 680 1290 .
797 1188 1240 1256 ornatissimo
1285 1188 1554 1256 viroD.
1597 1189 1882 1257 Calvino
1925 1190 2230 1277 theologo
2271 1192 2590 1260 illustris-

625 1299 810 1343 Μ
2079 1365 2412 1431 Genevae.

793 1535 1062 1600 Literas
1115 1535 1372 1616 must)
1431 1535 1850 1601 ornatissime
1905 1535 2044 1614 vir,
2100 1537 2339 1620 quibus
2395 1547 2593 1603 erant

619 1621 904 1705 scriptae
946 1641 1080 1704 qua
1135 1621 1316 1703 potui
1374 1620 1722 1706 diligentia
1761 1622 2056 1687 maxima
2111 1622 2404 1699 reddidi,
2469 1645 2591 1707 pro

621 1706 860 1791 quibus
913 1706 1208 1772 universi
1265 1707 1512 1790 gratias
1569 1719 1854 1792 egerunt
1917 1708 2248 1775 infinitas:
2315 1708 2589 1793 plurimi

620 1813 696 1859 se
737 1794 1166 1875 rescripturus
1218 1792 1490 1876 polliciti
1543 1803 1718 1859 sunt.
1809 1793 2187 1876 Quominns
2233 1817 2389 1862 vero
2432 1796 2592 1861 huic

617 1878 864 1945 nuncio
905 1877 1260 1954 dederunt,
1313 1879 1534 1944 nescio
1577 1901 1666 1944 an
1709 1901 1829 1963 per
1871 1901 2088 1946 meam
2133 1880 2590 1947 valetudinem

619 1965 896 2044 steterit,
941 1986 1108 2049 quae
1151 1985 1313 2030 sane
1355 1986 1442 2031 ex
1487 1964 1704 2031 reditu
1740 1989 1884 2032 meo
1927 1966 2058 2032 fnit
2100 1967 2591 2052 aliquantulum

619 2049 925 2128 adverse,
993 2048 1154 2116 adeo
1211 2059 1290 2116 ιιι
1347 2072 1469 2118 nec
1519 2051 1750 2118 literas
1809 2053 2141 2138 flagitare,
2203 2076 2325 2120 nec
2378 2054 2593 2138 Regis

616 2136 842 2202 aulam
885 2135 1071 2202 adire
1113 2136 1317 2204 licuit.

793 2223 900 2289 De
950 2221 1148 2288 rebus
1205 2225 1451 2289 nostris
1515 2245 1652 2289 non
1716 2224 1946 2290 dubito
2011 2227 2169 2309 quin
2227 2225 2593 2292 multorum

617 2307 831 2374 literis
872 2308 968 2375 sis
1009 2309 1224 2375 faetus
1265 2309 1523 2375 certior.
1589 2310 1768 2375 Nam
1801 2332 1970 2394 qnae
2005 2333 2221 2395 nuper
2255 2312 2436 2394 apud
2472 2335 2594 2379 nos

617 2393 882 2462 decreta
935 2403 1092 2460 sunt
1135 2392 1298 2461 adeo
1339 2395 1512 2464 nihil
1555 2397 1846 2462 afferunt
1901 2398 2202 2483 religioni
2245 2411 2316 2463 et
2356 2399 2595 2480 pietati

615 2478 1120 2565 promovendae,
1164 2490 1244 2545 ut
1282 2481 1650 2564 plurimum
1688 2482 2011 2568 derogent
2043 2493 2113 2550 et
2144 2484 2335 2568 quasi
2379 2486 2593 2569 turpi-

617 2566 850 2632 tudine
907 2567 1052 2650 ipsa
1107 2575 1405 2634 noceant.
1505 2567 1895 2652 Baptismus
1953 2580 2090 2635 tam
2145 2572 2225 2636 fit
2282 2570 2461 2636 domi
2520 2573 2593 2636 in

615 2651 890 2719 aedibus
947 2652 1224 2735 privatis
1281 2652 1364 2718 ab
1420 2652 1884 2722 obstetricibus
1928 2678 2130 2740 quam
2187 2658 2260 2721 in
2316 2656 2595 2723 ecclesia

614 2736 864 2823 absque
908 2747 1268 2822 praeeunte
1317 2738 1536 2806 verbo.
1600 2740 2026 2808 Eucharistia
2068 2742 2243 2826 apud
2290 2753 2596 2826 aegrotos

613 2823 690 2890 in
748 2824 1122 2892 monaculis
1178 2823 1697 2891 administratur.
1785 2828 2098 2894 Minister
2153 2829 2342 2896 verbi
2398 2850 2595 2895 nemo

615 2912 834 2978 creari
875 2919 1129 2994 potest,
1195 2912 1321 2978 nisi
1379 2933 1450 2978 se
1494 2912 1682 2995 prius
1726 2911 2081 2980 diaconatu
2137 2915 2398 2994 induat,
2469 2916 2595 2982 hoc

617 3005 742 3077 est,
787 2998 922 3063 ritu
960 3001 1068 3075 (ut
1108 3006 1269 3063 sunt
1301 3005 1533 3064 nostra
1567 3007 1868 3085 tempora
1901 3009 1970 3065 et
2004 3001 2328 3077 rationes)
2364 3022 2596 3085 super-

617 3084 872 3151 stitioso
917 3104 995 3150 ac
1041 3082 1232 3167 plane
1281 3085 1616 3170 papistico.
1706 3085 1988 3151 Nullum
2031 3088 2208 3152 enim
2254 3109 2462 3171 quum
2506 3089 2597 3154 sit

618 3190 861 3235 munus
905 3169 1361 3249 coniunctum,
1422 3180 1533 3237 tan
1583 3192 1740 3238 uam
1780 3171 1973 3239 larva
2027 3174 2125 3240 sio
2178 3174 2402 3257 inepto
2447 3184 2593 3238 tan-

617 3266 766 3321 tum
810 3254 1001 3321 titulo
1046 3262 1320 3323 ornatus
1372 3257 1446 3321 in
1607 3266 1638 3321 t
1678 3279 1944 3326 noeesse
1987 3268 2105 3324 est.
2193 3259 2431 3343 Itaque
2473 3281 2596 3326 nec

621 3361 746 3426 ego
788 3340 873 3407 ad
915 3341 1362 3408 ministerium
1419 3344 1564 3409 sine
1605 3342 1733 3411 hoc
1774 3343 1992 3410 medio
2048 3346 2400 3428 pervenire
2443 3365 2597 3428 po&

619 3448 800 3507 sum,
857 3448 979 3493 nec
1022 3426 1146 3495 hoc
1203 3428 1397 3494 modo
1440 3428 1606 3494 mihi
1660 3430 1758 3496 fas
1814 3451 1958 3497 esse
2015 3431 2319 3497 arbitror.
2409 3430 2598 3513 Qua·

619 3522 896 3597 propter
929 3514 1154 3593 statui,
1193 3514 1454 3581 reiectis
1488 3514 1594 3581 his
1629 3516 1903 3596 naeniis,
1941 3516 2028 3581 ad
2061 3518 2401 3600 episcopos
2444 3526 2597 3582 tan-

623 3619 822 3683 quam
868 3601 1077 3665 iustos
1122 3598 1421 3667 dominos
1467 3600 1645 3685 apud
1689 3623 1914 3685 regem
1960 3624 2189 3688 agere,
2234 3614 2314 3667 ιιι
2355 3602 2596 3669 saltem

624 3685 998 3751 concionari
1041 3684 1207 3750 mihi
1265 3685 1478 3753 liceat.
1567 3687 1843 3753 Nullum
1898 3690 2169 3754 omnino
2223 3689 2596 3772 praemium

625 3791 908 3922 girfiposco
950 3779 1069 3837 aut
1121 3770 1410 3872 lucrum-z
1472 3773 1666 3839 modo
1670 3782 1903 3926 egem
1947 3773 2209 3927 111)οοὶιῶ
2195 3774 2599 3925 ctolrnscietiiflissa

740 3879 912 3923 cmm
978 3878 1202 3922 meum
1267 3879 1431 3924 meis
1509 3880 1669 3942 prae
1773 3881 1846 3926 re
1924 3881 2048 3926 con
2335 3912 2352 3939 ‚
2425 3882 2471 3925 n

623 3964 862 4009 moror.
972 3944 1238 4009 Amicos
1304 3965 1487 4010 meos
1550 3966 1778 4011 omnes
1842 3946 1995 4012 licet
2057 3947 2140 4012 ab
2205 3945 2332 4013 hac
2397 3967 2598 4012 causa

623 4030 1152 4096 aversatiesimos
1197 4029 1474 4096 habeam
1493 4081 1508 4107 ,
1567 4053 1691 4116 ego
1747 4046 1968 4099 tamen
2013 4044 2192 4099 recto
2235 4031 2403 4116 pede
2444 4052 2596 4114 per-

623 4136 781 4199 gere
823 4123 892 4181 et
932 4115 1086 4181 totis
1127 4115 1380 4182 viribus
1425 4117 1496 4181 in
1541 4138 1682 4182 rem
1719 4126 1854 4184 tam
1891 4118 2298 4202 praeclaram
2339 4119 2598 4183 incum-

623 4202 782 4268 bere
825 4201 1045 4267 statui.
1113 4201 1221 4267 Ad
1255 4222 1456 4287 quam
1494 4224 1655 4269 sane
1691 4225 1833 4269 rem
1865 4213 1942 4270 ut
1977 4204 2173 4271 citius
2207 4205 2598 4287 perveniam

624 4289 758 4354 tuis
800 4288 1103 4371 precibus
1155 4286 1331 4372 apud
1376 4288 1596 4353 Deum
1655 4290 1872 4355 iuvari
1920 4291 2349 4355 vehementer
2403 4290 2598 4372 cupio

626 4382 694 4438 et
736 4393 867 4438 oro.
959 4372 1162 4453 Vale,
1222 4374 1637 4442 ornatissime
1680 4383 1746 4440 et
1802 4378 2046 4459 optime
2091 4376 2211 4440 vir.
2304 4374 2598 4442 Londini

628 4462 732 4523 2⁷.
778 4459 959 4524 nm
986 4463 1043 4535 ²)
1774 4547 1924 4613 Tibi
1969 4546 2413 4613 deditissimus

1675 4632 1856 4699 Guil.
1904 4633 2509 4716 whittinghamus.

628 4818 902 4952 “⁶³⁶ss
935 4835 1162 4943 An²m
1205 4859 1573 4945 aemes-sus
1620 4886 1776 4943 1553.
1848 4889 2001 4944 Nan·
2045 4903 2224 4958 rous·-
2258 4888 2602 4944 Eumae-

801 4958 982 5012 ἀίω-ι
1014 4957 1163 5013 aaut
1195 4957 1443 5027 opima,
1489 4963 1541 5013 et
1588 4956 2077 5026 mittin-alume·
2107 4972 2289 5013 oenoe
2323 4959 2603 5014 Ianuario

857 5026 1212 5095 Ammon-ato·
1244 5030 1662 5083 moranum
1696 5026 1981 5083 Haben-tue
2012 5025 2077 5080 N.
2115 5024 2270 5081 1698.

2133 330 2668 399 EPISmLAB
2708 336 3145 399 4165—4168
4492 335 4583 396 415

3568 522 3763 593 410⁸.

3178 674 3609 745 'I'OSSANU
3607 677 3660 744 S
3704 676 4172 744 FABELLO.

2864 847 4317 932 Ludi-umqumffiumetdootum
4381 849 4601 916 Edonus

2688 933 4602 1086 gpgfflreipiteimfflroetummpoeobreliyioeoe

3000 1192 3115 1258 (Ex
3149 1191 3492 1261 autographo
3526 1192 3657 1247 eod.
3696 1192 3904 1247 Genev.
3942 1190 4059 1258 197,
4096 1193 4191 1249 rol.
4229 1192 4343 1260 93.)

2751 1363 3173 1431 Fidelissimo
3215 1364 3471 1430 Christi
3511 1386 3706 1430 servo
3751 1364 3931 1431 Guil.
3976 1365 4249 1431 Farello
4292 1365 4569 1433 ecclesiae

3018 1450 3487 1517 Neoeomensis
3530 1452 3778 1534 pastori
3821 1450 4350 1536 vigilantissimo.

2873 1620 2947 1687 S.
3019 1620 3427 1706 Scripseram
3487 1621 3571 1687 ad
3632 1631 3697 1686 te
3753 1623 4098 1706 epistolam
4160 1624 4272 1690 hic
4338 1622 4609 1689 inclusam

2692 1708 3141 1790 superioribus
3196 1707 3460 1786 diebus,
3520 1729 3724 1791 quum
3783 1729 3906 1775 nos
3963 1708 4183 1774 adhuc
4240 1710 4444 1794 pestis
4491 1709 4612 1775 nti·

2693 1792 3050 1859 crudeliter
3112 1794 3454 1877 affligeret.
3484 1797 3535 1874 ¹)
3622 1792 3759 1860 Sed
3824 1817 4018 1873 nunc,
4084 1797 4312 1879 gratia
4376 1794 4611 1868 Christo.

2691 1878 2931 1946 melius
2974 1878 3311 1946 habemus.
3398 1880 3606 1945 Faxit
3648 1880 3975 1947 Dominus
4017 1881 4207 1947 Deus
4254 1891 4365 1960 ut,
4407 1877 4615 1965 quando

2693 1965 3023 2049 evangelii
3066 1964 3621 2048 praedicationem
3666 1964 3986 2033 hactenus
4028 1967 4286 2051 ingrati
4334 1979 4615 2050 contemp-

2694 2051 2937 2128 simus,
3000 2051 3127 2116 hac
3178 2051 3315 2116 levi
3370 2051 3795 2136 castigatione
3837 2052 4158 2118 admoniti
4206 2074 4367 2121 vere
4408 2053 4619 2136 resipis-

2694 2158 2938 2203 camus.
3031 2138 3177 2221 Ego
3232 2136 3448 2203 indies
3490 2140 3706 2222 magis
3749 2146 3945 2221 atque
4002 2138 4222 2223 magis
4280 2137 4421 2204 ludi
4460 2139 4621 2204 nuntii

2694 2223 3129 2289 moderatoris
3164 2222 3417 2288 obitum
3460 2224 3543 2289 ob
3587 2224 3991 2308 singularem
4024 2224 4324 2291 hominis
4358 2226 4619 2308 pietatem

2696 2318 2765 2374 et
2828 2308 3265 2375 eruditionem
3325 2308 3564 2388 defien,
3632 2310 3995 2375 Dominum
4041 2309 4271 2376 Deum
4340 2331 4521 2377 orans
4570 2323 4621 2372 ut

2698 2394 2885 2462 nobis
2920 2405 2989 2459 et
3021 2396 3333 2461 ecclesiae
3367 2394 3784 2462 commodum
3811 2394 4163 2478 aliquando
4186 2398 4619 2464 nanciscamur.

2696 2479 2805 2546 De
2863 2501 2992 2565 qua
3047 2503 3122 2546 re
3166 2479 3370 2546 velim
3424 2491 3493 2546 te
3535 2480 3619 2545 ad
3678 2481 3962 2547 Wretum
4005 2489 4318 2548 nostrum
4370 2480 4619 2556 scribare,

2697 2574 2775 2631 ιιι
2818 2567 2991 2633 clam
3033 2565 3338 2651 dispiciat
3393 2568 3455 2632 si
3497 2569 3644 2650 quis
3697 2566 3835 2632 illic
3891 2568 3977 2633 sit
4021 2567 4105 2632 ad
4161 2568 4345 2635 hanc
4402 2568 4619 2652 provin·

2700 2654 2868 2718 ciam
2904 2663 3120 2731 natus,
3151 2663 3348 2735 aptus
3380 2652 3465 2717 ad
3501 2652 3887 2732 docendum,
3923 2652 4092 2719 bene
4126 2653 4407 2734 latinus,
4440 2673 4621 2738 Μ

2700 2738 3116 2804 mediocriter
3171 2738 3434 2815 doctus,
3501 2741 3744 2822 quique
3797 2738 4070 2823 linguae
4128 2739 4481 2806 hebraicae
4526 2759 4621 2802 non

2699 2845 2972 2908 prorsus
3015 2824 3105 2889 sit
3146 2824 3440 2907 ignarus,
3483 2824 3597 2890 sed
3643 2825 3831 2890 cuius
3873 2825 4183 2909 inprimis
4230 2826 4467 2909 pietas,
4506 2843 4623 2890 nm

2702 2910 3031 2989 doctrina,
3096 2911 3511 2976 mortificatio
3566 2919 3633 2975 et
3693 2912 3873 2993 pacis
3938 2911 4241 2976 studium
4306 2913 4473 2978 bene
4518 2932 4623 2994 per-

2700 3005 2924 3079 specta
2988 2997 3127 3061 sint
3188 3007 3258 3060 et
3320 2996 3613 3083 cognita,
3678 3009 3754 3060 ut
3811 3017 4011 3080 quum
4066 2997 4357 3081 posthac
4414 2996 4623 3063 volum

2699 3082 2969 3149 Christo
3010 3082 3263 3148 homini
3306 3103 3387 3148 ea
3430 3083 3511 3148 de
3553 3103 3627 3148 re
3674 3083 3957 3149 scribam
4002 3082 4244 3150 melius
4290 3086 4481 3152 nobis
4513 3105 4625 3151 wn-

2699 3168 2918 3235 sulere
2952 3169 3174 3252 possit.
3240 3168 3417 3233 Nam
3460 3189 3600 3246 nos,
3644 3167 4199 3252 quemadmodum
4237 3170 4623 3236 erudiem-

2702 3275 2856 3322 oum
2897 3254 3143 3338 pietate
3187 3275 3345 3320 vera
3401 3264 3468 3320 et
3510 3255 4011 3320 mortificatione
4053 3256 4507 3335 coniunctam,
4554 3270 4625 3319 ιιι-

2701 3350 2854 3425 pote
2916 3339 3253 3424 singulare
3297 3340 3427 3405 Dei
3485 3338 3764 3419 donum,
3835 3340 4027 3406 unice
4080 3362 4511 3420 veneramur,
4561 3341 4625 3403 in

2702 3447 2910 3492 vanos
2973 3426 3135 3492 istos
3200 3437 3269 3490 et
3332 3425 3779 3493 intractabiles
3854 3425 4171 3493 felicitate
4241 3429 4493 3514 ingenii
4545 3440 4625 3490 ant

2702 3511 3091 3578 eruditionis
3146 3511 3574 3594 persuasione
3626 3512 3755 3577 sibi
3811 3510 4145 3594 placentes
4207 3536 4293 3581 ac
4352 3524 4625 3580 tumeam

2700 3599 3134 3663 vehementer
3176 3597 3523 3663 horremus
3578 3618 3653 3665 ac
3699 3597 4119 3664 detestamur.
4216 3599 4488 3685 Optime
4524 3594 4629 3663 nb

2701 3703 2855 3750 oum
2898 3684 3031 3749 tuis
3074 3683 3399 3749 omnibus.
3488 3684 3763 3768 Raptim
3811 3687 3909 3749 21.
3959 3682 4404 3767 Septembris.
4422 3691 4475 3763 ²)

2873 3768 3217 3853 Scriptum
3274 3780 3377 3835 est
3432 3769 3517 3834 ad
3575 3790 3683 3835 me
3728 3769 3989 3835 Basilea
4031 3769 4431 3854 Hispanum
4470 3789 4626 3855 quen·

2702 3853 2853 3920 dam
2880 3859 2937 3931 ⁸)
2973 3854 3290 3921 Genevae
3333 3856 3414 3921 ob
3454 3854 3843 3940 religionem
3884 3855 3954 3920 in
4000 3855 4277 3923 vincula
4319 3859 4625 3925 oonioetun

2701 3963 2846 4007 esse
2901 3941 2983 4005 de
3028 3942 3294 4024 vitaque
3352 3941 3726 4025 periclitari.
3818 3940 4014 4021 Quod
4052 3961 4141 4005 an
4186 3964 4431 4010 verum
4478 3944 4553 4009 sit
4582 3952 4625 4001 8

2702 4027 2849 4111 quis
2902 4030 2990 4092 sit
3046 4027 3215 4092 seire
3271 4027 3480 4111 cupio.
3569 4026 3968 4110 Quanquam
4011 4048 4144 4092 non
4209 4042 4447 4112 putem
4484 4026 4626 4093 noh?-

2746 4133 3101 4197 uemquam
3158 4111 3242 4177 ad
3301 4120 3582 4178 mortem
3636 4112 3977 4198 religionis
4029 4132 4239 4180 causa
4506 4133 4625 4177 ue·-

2703 4134 2892 4278 3um,
2951 4199 3083 4263 nisi
3140 4197 3374 4264 seditio
3430 4207 3549 4264 aut
3600 4199 3770 4265 aliae
3812 4219 4095 4283 magnae
4153 4136 4623 4267 cam

2701 4284 2784 4350 ob
2829 4305 2993 4368 quas
3035 4285 3465 4369 magistratus
3508 4286 3652 4350 iure
3698 4285 3911 4351 officio
3954 4305 4074 4351 suo
4118 4285 4459 4373 fungatur.
4526 4284 4622 4349 Ite-

2701 4390 2852 4435 rum
2897 4370 3060 4437 vale.

3915 4458 4097 4523 Tuus
4140 4458 4495 4526 rossanus

3117 4625 3420 4694 Farellus
3460 4629 3801 4710 adsmspsit
3815 4655 3835 4694 .-

2878 4711 3080 4777 Volui
3124 4713 3245 4779 has
3291 4710 3437 4806 [ud]
3496 4721 3563 4779 te
3589 4719 3644 4794 ⁴)
3704 4717 3965 4782 mittere
4008 4723 4083 4781 nt
4136 4717 4473 4803 intelligas
4508 4732 4623 4781 em·

2703 4796 2923 4863 silium
2976 4797 3247 4865 rossam·
3301 4820 3502 4883 super
3543 4799 3956 4868 moderatore
4009 4801 4415 4883 iuventutis,
4466 4812 4531 4868 nt
4572 4800 4619 4862 in

2701 4985 2889 5069 4108.
2920 4986 2975 5052 1)
3007 4984 3102 5067 De
3132 4985 3267 5111 83138
3266 4992 3441 5112 pte-eg
3435 4987 3905 5059 Monodamddae
3926 4992 4621 5053 nmmum

2703 5073 2769 5112 m

2910 5123 2975 5183 2)
3011 5121 3165 5186 1553,
3197 5132 3261 5178 a:
3290 5094 3544 5194 passiam
3577 5128 3936 5198 aqua-avus.

2912 5189 2976 5252 8)
3014 5191 3310 5248 Senatum

2912 5259 2975 5328 4)
3018 5259 3304 5317 Virmn?
