4900 6125
316 368 424 436 613

316 554 413 640 qui
442 561 582 619 sont
614 552 764 635 plus
800 553 1325 637 66’366661611166
1361 576 1444 621 66
1480 554 1659 622 16616
1692 575 2038 633 16666666,
2080 559 2244 622 6’66-

314 639 631 707 661(161666
691 640 1024 706 666616616
1067 651 1277 724 quant
1333 663 1474 726 ung
1531 662 1819 728 ennemy
1878 641 2245 708 troisiesme

310 749 374 795 se
446 745 636 790 ruera
712 746 831 790 sur
906 747 1056 792 eux.
1143 728 1333 792 Vous
1417 727 1657 793 n'estes
1735 731 1979 811 qu’une
2042 728 2246 811 petite

308 832 583 898 pongnee
626 809 708 876 de
751 832 918 895 genz
975 811 1145 897 hayz
1192 811 1274 879 de
1316 819 1466 880 tous
1509 835 1633 878 666
1676 814 1944 891 6616166,
1988 823 2059 879 66
2102 823 2247 878 tou-

310 897 508 965 tesfois
550 918 713 962 vous
757 919 840 962 ne
883 897 1113 966 laissez
1151 918 1320 982 pour
1361 899 1504 966 cela
1546 896 1627 964 de
1661 921 1829 966 vous
1869 908 2247 966 entreman-

308 1005 412 1070 ger
458 1003 705 1048 comme
763 984 994 1050 chiens
1052 994 1123 1050 et
1172 985 1383 1051 chatz.
1475 986 1655 1052 Vous
1712 1005 1942 1069 666666
2000 985 2159 1069 66’11
2201 1007 2247 1070 y

306 1092 381 1137 en
419 1090 459 1137 a
498 1079 641 1134 tant
682 1069 795 1152 qui
840 1069 981 1135 font
1038 1070 1101 1136 le
1144 1080 1309 1155 guet
1364 1092 1531 1154 pour
1587 1080 1858 1138 trouver
1902 1092 1943 1136 a
1984 1071 2248 1137 mordre

306 1177 409 1222 sur
450 1177 626 1232 vous,
680 1165 750 1220 et
803 1176 974 1222 vous
1027 1177 1313 1223 mesmes
1371 1157 1516 1223 leur
1586 1154 1839 1223 (166666
1904 1157 2244 1224 1’666661611

305 1241 481 1325 66’116
521 1239 901 1320 61161611666,
969 1262 1055 1307 66
1114 1263 1285 1308 6666
1331 1242 1681 1308 diffamant
1734 1242 1922 1327 l’ung
1964 1242 2244 1319 l'aultre,

304 1348 532 1394 comme
573 1328 630 1392 61
674 1348 841 1392 6666
882 1327 1069 1395 66166
1105 1326 1393 1394 (161111616
1437 1327 1807 1413 d’aiguyser
1839 1328 1903 1393 le
1936 1341 2246 1395 cousteau

299 1433 449 1497 6661·
490 1434 653 1479 6666
698 1414 860 1478 16116
902 1434 1186 1497 6666661
1229 1413 1295 1479 16
1339 1435 1557 1499 gorgo.

453 1497 515 1564 11
580 1518 621 1562 a
676 1498 838 1564 fallu
896 1520 1022 1582 666
1071 1501 1252 1584 j’aye
1310 1510 1429 1566 use
1487 1499 1568 1566 de
1630 1500 1786 1566 telle
1844 1500 2246 1566 vehemenoe

298 1606 446 1669 6661·
508 1604 676 1650 6666
741 1586 1096 1652 1666611161.
1201 1585 1335 1652 Oar
1394 1587 1453 1653 si
1509 1607 1677 1652 vous
1731 1587 2051 1652 n'eussiez
2107 1595 2246 1652 este

299 1692 406 1753 par
446 1681 593 1752 trop
639 1670 993 1749 endormiz,
1053 1693 1219 1739 vous
1275 1694 1360 1738 ne
1414 1693 1581 1738 vous
1624 1672 1889 1738 16166166
1935 1692 2054 1756 666
2098 1680 2249 1737 6666

296 1757 500 1822 flattez
537 1758 817 1840 jusques
882 1758 989 1842 icy
1045 1778 1128 1824 66
1190 1757 1306 1823 (166
1366 1759 1544 1824 61666
1603 1759 1659 1822 61
1704 1779 1922 1841 grans.
2012 1757 2075 1822 Il
2118 1781 2164 1844 y
2208 1778 2249 1822 a

296 1841 400 1906 (166
454 1842 804 1907 1661611666
858 1864 979 1925 661·
1035 1852 1197 1921 6666,
1275 1844 1445 1909 mais
1499 1853 1724 1909 vostre
1777 1843 1911 1909 mal
1969 1852 2071 1909 666
2128 1865 2247 1927 661·

295 1937 429 2010 6166
471 1929 766 1994 66666611.
847 1929 1185 1994 Τ66661616
1227 1950 1382 1995 1666
1420 1930 1759 2013 jntention
1804 1930 1973 1995 n’est
2011 1950 2131 2012 pas
2166 1928 2248 1994 de

293 2034 442 2078 vous
485 2012 950 2098 deseourager,
1017 2015 1185 2081 (6616
1240 2014 1390 2098 6166
1451 2027 1585 2080 6666
1643 2014 1725 2080 (16
1783 2036 1950 2080 6666
1996 2014 2249 2081 donner

293 2118 636 2181 esperanoe
702 2121 830 2183 que
878 2101 1049 2166 Dieu
1103 2110 1205 2166 est
1275 2109 1459 2184 prest
1515 2121 1556 2165 6
1598 2101 1892 2168 16666611
1936 2123 1977 2166 6
2020 2121 2248 2186 mercy

291 2205 445 2250 ceux
480 2186 596 2268 qui
632 2196 975 2252 retornent
1010 2207 1051 2251 6
1082 2186 1217 2272 luy.
1290 2186 1517 2267 96666
1552 2206 1687 2251 666
1722 2196 2248 2253 16616666166666

291 2291 404 2352 666
438 2274 508 2355 36
551 2293 723 2336 6666
766 2294 853 2356 ay
896 2273 1123 2340 faictes
1166 2270 1246 2339 de
1292 2294 1413 2338 666
1455 2272 1654 2349 61666,
1701 2272 1856 2339 c’est
1901 2293 2083 2338 assez
2121 2295 2247 2356 666

288 2367 501 2421 666616
547 2358 674 2436 616,
722 2360 835 2441 661
881 2379 967 2423 66
1013 2379 1179 2425 6666
1236 2358 1421 2441 66616
1478 2359 1895 2424 (6616666666
1937 2369 2247 2442 66661661·

285 2462 403 2524 666
448 2444 651 2508 116666
697 2455 765 2509 66
817 2445 1159 2527 opprobre,
1228 2465 1421 2510 serve
1465 2465 1504 2509 6
1559 2444 1627 2508 16
1669 2443 1878 2528 gloire
1923 2445 2004 2509 de
2047 2446 2244 2524 Dieu,

288 2527 620 2594 tellement
679 2549 807 2612 666
866 2552 1029 2598 6666
1081 2530 1219 2595 6166
1273 2529 1533 2614 dequoy
1587 2551 1754 2597 vous
1810 2530 2103 2614 glorifier
2162 2553 2242 2597 66

284 2611 395 2697 luy
434 2637 473 2679 a
520 2616 654 2679 bon
699 2614 892 2691 droit,
961 2626 1029 2681 et
1082 2637 1208 2699 que
1265 2637 1434 2681 6666
1493 2637 1579 2680 66
1637 2616 2015 2698 pretendiez
2060 2616 2249 2699 point

283 2719 393 2764 son
434 2721 593 2766 6661
640 2723 678 2766 6
715 2702 967 2768 1666666
1002 2704 1364 2782 enseignes.
1423 2701 1673 2769 Incitez
1713 2722 1880 2767 6666
1915 2701 2247 2786 (16666666

282 2803 316 2848 a
373 2787 671 2852 recevoir
719 2788 1122 2870 jnstruetion
1183 2787 1263 2853 de
1299 2786 1475 2852 Dieu
1521 2809 1686 2870 pour
1728 2809 1895 2854 6666
1939 2787 2243 2872 reduyre.

282 2868 463 2936 Soiez
506 2873 661 2956 6166
706 2872 989 2956 diligens
1035 2895 1074 2940 6
1118 2874 1184 2938 16
1230 2875 1475 2938 1666616
1520 2883 1589 2938 66
1632 2873 1882 2939 aultres
1919 2875 2246 2941 exercices

281 2975 396 3038 qne
460 2979 635 3024 6666
690 2963 916 3024 6’6666
973 2968 1129 3024 este.
1217 2959 1417 3024 06666
1485 2957 1574 3024 (16
1633 2959 1884 3024 61111166
1941 2959 2022 3026 (16
2079 2982 2246 3026 vous

282 3051 490 3110 tontes
558 3043 940 3128 pollutione.
1030 3045 1268 3111 Portez
1330 3045 1484 3110 telle
1538 3066 1894 3113 reverence
1948 3069 2034 3112 au
2088 3068 2242 3113 nom

280 3127 353 3193 de
393 3129 592 3210 Dieu,
664 3152 791 3214 que
836 3154 1003 3197 6666
1059 3132 1213 3197 6’66
1255 3132 1501 3215 6611166
1549 3133 1738 3197 61666
1786 3153 1953 3215 6661·
1998 3132 2245 3198 l'hono·

276 3235 393 3279 rer.
494 3216 653 3298 966
711 3217 969 3283 chacun
1032 3217 1454 3283 s'entretiene
1511 3218 1925 3284 chastement
1983 3240 2066 3283 66
2124 3240 2245 3284 666

274 3321 603 3386 mesnage,
669 3323 752 3367 66
815 3301 1113 3369 (1666666
1167 3303 1446 3368 6616666
1506 3304 1833 3386 suspition
1878 3304 2246 3370 maulvaise

277 3386 744 3471 d'jmpudicite.
856 3388 1004 3469 966
1072 3400 1295 3454 666666
1360 3389 1620 3454 6661666
1694 3401 1761 3455 66
1828 3390 2247 3457 dissolutione

278 3473 654 3540 ‘ndecentes
721 3494 762 3538 6
815 3474 1202 3541 Chrestiens
1263 3475 1480 3540 soient
1533 3476 1975 3541 retranchees.
2068 3477 2248 3542 Ρ661·

314 3560 412 3623 166
462 3558 844 3626 (1661661661
887 3560 985 3627 166
1031 3561 1286 3644 haynes
1329 3569 1399 3625 et
1443 3559 1695 3639 debatz,
1740 3572 1919 3627 66666
1963 3562 2247 3644 6166116-

274 3656 527 3710 rement
575 3647 677 3711 les
716 3665 972 3711 causes:
1054 3644 1235 3711 O'est
1277 3667 1404 3728 que
1449 3667 1612 3711 6666
1656 3647 1827 3711 66166
1873 3668 2119 3731 purgez
2165 3647 2246 3713 de

274 3736 447 3795 toute
471 3731 868 3797 desloiaulte
903 3742 969 3797 66
998 3732 1249 3797 (661166.
1320 3732 1413 3796 Et
1446 3753 1530 3796 66
1576 3742 1751 3797 16666
1787 3754 1913 3815 666
1948 3732 2244 3817 l'orgueil

270 3836 350 3879 ne
392 3817 668 3883 domine
708 3819 894 3900 point
936 3830 1081 3883 tant
1126 3838 1252 3900 que
1307 3817 1563 3883 chacun
1626 3818 1753 3883 tire
1798 3838 1838 3882 6
1883 3840 2018 3904 soy.
2110 3818 2247 3885 Sur

270 3908 408 3967 tout
468 3903 743 3969 6(161666
796 3902 877 3968 (16
934 3904 1113 3986 61161·
1167 3903 1346 3968 Dieu
1401 3903 1559 3987 66’11
1615 3903 1735 3989 luy
1795 3904 2001 3988 616166
2058 3906 2247 3971 66611·

268 3988 425 4068 61616
470 3990 557 4055 (16
602 4010 794 4067 6666,
841 3998 987 4054 tant
1030 4010 1196 4073 pour
1252 3988 1578 4055 ensevelir
1635 4011 1754 4056 voz
1811 3990 2051 4056 1661666
2095 4013 2245 4074 pas-

269 4093 427 4152 6666,
474 4097 609 4158 666
658 4096 824 4158 6661·
865 4095 1035 4141 6666
1069 4076 1222 4141 bien
1269 4075 1587 4140 1616111161
1630 4084 1698 4140 66
1732 4075 1994 4142 reduire
2032 4099 2072 4141 a
2107 4097 2244 4161 soy.

269 4157 398 4223 Car
432 4161 488 4245 jl
534 4160 713 4227 fault
756 4162 913 4244 66’11
957 4184 1003 4246 y
1042 4161 1375 4245 besongne
1421 4160 1502 4226 de
1545 4183 1619 4227 66
1675 4162 1875 4241 61616,
1941 4183 2025 4228 66
2061 4162 2118 4246 31
2162 4184 2250 4248 ya

268 4242 518 4331 danger
565 4268 697 4330 que
735 4269 896 4313 6666
932 4269 1016 4312 66
1052 4248 1223 4313 66166
1259 4267 1342 4311 66
1379 4246 1682 4330 66616616
1718 4268 1757 4312 6
1793 4256 1942 4315 6666
1978 4249 2246 4326 6616166,

354 4354 432 4397 61·
454 4342 800 4398 monstrer
823 4355 950 4415 que
990 4354 1064 4399 66
1101 4337 1270 4398 6’666
1306 4333 1495 4416 66166
1530 4354 1668 4418 ung
1704 4333 1975 4398 maistre
2011 4335 2247 4417 auquel

265 4415 313 4479 11
368 4438 442 4484 66
500 4418 691 4483 saille
737 4420 950 4501 jouer.
1041 4418 1133 4485 Et
1188 4419 1427 4502 gal-dez
1483 4416 1564 4483 de
1625 4439 1789 4485 vous
1845 4417 2154 4485 endurcir
2207 4442 2248 4486 a

268 4512 405 4569 cest
462 4504 1044 4584 advertissement,
1112 4505 1359 4588 depeur
1419 4503 1499 4569 de
1556 4505 1810 4571 tomber
1854 4527 1938 4571 66
1983 4504 2049 4571 16
2091 4527 2244 4573 eon-

269 4586 663 4655 damnation
701 4591 782 4656 de
826 4610 991 4656 ceux
1032 4590 1143 4673 qui
1189 4611 1382 4674 apres
1427 4590 1611 4656 avoir
1644 4592 1887 4658 reieote
1920 4612 1996 4656 sa
2030 4614 2244 4676 grace,

267 4686 383 4739 ont
426 4675 687 4741 allnme
731 4675 793 4741 16
836 4677 945 4741 166
1003 4697 1172 4759 6661
1227 4699 1300 4742 66
1355 4696 1793 4743 consummer.
1882 4678 2057 4743 Mais
2092 4678 2245 4761 j’es-

348 4782 419 4825 re
488 4763 725 4826 mieux
793 4761 875 4827 de
940 4783 1124 4842 6666,
1189 4760 1485 4827 (16611666
1547 4764 1692 4828 6611·
1758 4763 2102 4829 nouvelles
2159 4785 2243 4829 66

310 4846 447 4927 1161,
507 4867 774 4915 comme
819 4848 889 4930 je
942 4849 1080 4913 suis
1129 4848 1548 4913 maintenant
1594 4849 1927 4915 contriste.
2016 4850 2112 4914 Et
2164 4849 2244 4915 de

263 4930 401 4997 6616
430 4936 506 5017 36
554 4933 828 5018 prieray
873 4944 1097 5000 nostre
1155 4933 1282 4999 bon
1329 4934 1521 5008 Dieu.
1587 4935 1650 4999 le
1709 4935 2046 5018 suppliant
2088 4936 2245 5019 66’11

264 5038 347 5082 66
392 5030 739 5102 permecte
784 5020 973 5102 point
1014 5039 1140 5103 que
1184 5019 1248 5085 16
1292 5040 1487 5103 grace
1526 5020 1684 5104 66’11
1729 5022 1908 5088 66616
1950 5021 2115 5087 mise
2157 5042 2244 5087 en

263 5124 428 5170 6666
473 5106 610 5171 6616
657 5107 936 5171 66661666
979 5117 1047 5169 66
1090 5106 1414 5184 66666616,
1462 5117 1531 5171 66
1573 5107 1874 5173 combien
1911 5127 2037 5190 que
2072 5127 2243 5173 vous

263 5189 435 5255 66166
503 5189 818 5267 (16611666,
897 5190 1054 5274 66’11
1119 5212 1285 5257 6666
1350 5199 1648 5258 16666616
1712 5192 2055 5259 tellement
2116 5214 2243 5278 que

262 5296 427 5342 vous
473 5276 658 5342 66166
700 5298 952 5344 6661166
994 5278 1317 5344 (61166616
1371 5276 1452 5343 (16
1509 5299 1583 5345 66
1638 5279 1838 5345 116666
1873 5278 2130 5364 3611616,
2176 5288 2245 5347 66

2130 369 2292 434 1562
2339 387 2389 433 6.
2435 366 2498 433 d.

4191 374 4322 438 614

2348 576 2478 639 que
2542 575 2664 638 par
2726 576 2801 622 66
2857 554 3074 620 (66166
3139 575 3258 621 666
3323 575 3479 621 6616
3543 557 3674 623 6616
3735 556 3954 626 exalte
4018 579 4107 626 en
4148 579 4318 626 6666

2348 641 2575 708 611666
2618 640 2778 724 66’11
2821 661 2905 707 66
2947 640 3050 706 fut
3081 640 3343 725 3616616.
3369 645 3426 721 ³)

3106 931 3556 947 —

3228 1188 3422 1259 ³891.

2721 1359 3371 1428 MORELLANUS
3400 1365 3452 1443 ¹)
3498 1360 3939 1429 OALVINO.

2522 1548 2627 1617 Dc
2666 1550 3012 1632 disciplina
3070 1551 3414 1616 exercenda
3470 1555 3527 1616 et
3582 1549 3818 1615 iudicio
3872 1550 3950 1616 dc
3999 1548 4319 1616 Guisiano

2350 1635 2504 1702 duce
2560 1635 2639 1701 ab
2694 1637 2836 1718 ipso
2883 1636 3135 1719 prolato
3191 1656 3332 1701 cum
3380 1636 3640 1702 ducissa
3685 1634 4094 1702 Ferraricrwi
4131 1635 4320 1704 verba

2349 1722 2565 1787 minus
2587 1722 2795 1788 amica
2816 1721 2979 1788 ultro
3012 1723 3289 1803 citroque
3323 1722 3490 1788 dicta
3523 1726 3705 1787 sunt.-
3740 1720 3970 1805 quibus
3991 1727 4320 1806 permotus

2349 1807 2484 1873 iam
2526 1808 2853 1875 stationem
2894 1828 3080 1873 suam
3117 1807 3469 1891 relinquere
3511 1808 3701 1890 cupit.

2352 1996 2766 2065 (Anthenticum
2814 1995 3046 2050 babetur
3089 1997 3144 2050 in
3180 1996 3313 2052 Cod.
3351 1995 3555 2052 06666.
3604 1994 3721 2060 109,
3774 1995 3864 2050 sol.
3908 1993 4013 2050 221
4063 1996 4183 2050 6166
4233 1995 4318 2051 in·

2893 2065 3186 2135 scriptione
3222 2071 3280 2119 66
3314 2065 3762 2134 subscriptione.)

2523 2252 2594 2322 S.
2643 2254 2791 2321 Etsi
2859 2261 2923 2320 te
2966 2253 3384 2338 gravioribus
3438 2273 3700 2336 semper
3758 2250 3996 2318 studiis
4039 2273 4198 2319 6666
4249 2274 4324 2318 6-

2349 2346 2496 2405 6661
2541 2349 2658 2405 666
2700 2340 2928 2405 1661116
2985 2339 3382 2423 implicitum
3441 2360 3574 2404 non
3619 2338 3899 2404 libenter
3951 2339 4208 2421 interpe
4261 2360 4328 2418 o,

2351 2447 2435 2491 ne
2472 2424 2561 2492 ad
2596 2435 2889 2492 caeteras
2927 2426 3261 2491 molestias
3287 2426 3450 2491 haec
3468 2446 3724 2508 666666
3761 2423 4045 2501 6666(166,
4096 2433 4322 2489 661666

2350 2510 2475 2579 1166
2553 2522 2846 2595 66166616
2928 2512 3294 2578 6666666116
3373 2521 3441 2575 66
3529 2510 3880 2577 certiorem
3944 2508 4321 2576 faciendum

2352 2618 2495 2664 6666
2540 2596 2702 2663 (1661
2746 2596 2826 2662 (16
2867 2618 3015 2664 meo
3072 2596 3516 2679 ecclesiaeque
3576 2617 3761 2662 meae
3820 2603 4016 2661 statu.
4108 2597 4323 2661 Nemo

2351 2696 2454 2749 est
2520 2685 2696 2749 enim
2760 2683 2940 2766 apud
3007 2704 3203 2767 quem
3267 2683 3496 2748 malim
3564 2682 3761 2748 officii
3823 2682 3952 2747 mei
3997 2682 4321 2748 rationem

2349 2779 2652 2836 constare
2710 2790 2911 2853 quam
2965 2767 3141 2852 apud
3201 2777 3285 2847 te,
3355 2769 3542 2835 cuius
3601 2767 3944 2833 admonitu
3988 2768 4325 2850 missuque

2350 2857 2770 2938 potissimum
2849 2853 3044 2921 huius
3123 2856 3344 2940 gregis
3418 2854 3950 2937 procurationem
4040 2854 4322 2938 suscepi.

2354 2941 2553 3022 Quod
2598 2941 2657 3009 si
2700 2942 2930 3006 literae
2954 2961 3117 3023 quas
3141 2938 3226 3006 ad
3272 2950 3336 3005 66
3381 2938 3617 3006 (1611616
3664 2953 3818 3005 6666
3864 2937 4090 3005 (166616
4135 2960 4325 3004 men-

2349 3048 2454 3094 ses
2523 3026 2802 3095 Niverni
2867 3026 3271 3111 interceptae
3337 3047 3468 3093 666
3538 3027 3855 3104 16166666,
3937 3047 4072 3091 666
4152 3035 4327 3093 66666

2351 3124 2490 3179 6616
2533 3114 2665 3180 alte
2730 3112 3158 3197 repetendum
3222 3113 3620 3196 principium
3683 3112 3954 3177 huiusce
3998 3112 4326 3177 narratio-

2352 3200 2477 3265 nis.
2564 3200 2774 3267 Dabis
2818 3200 3023 3284 igitur
3078 3200 3340 3265 veniam
3398 3211 3467 3265 ct
3510 3219 3717 3283 aequo
3761 3199 3982 3264 animo
4026 3198 4326 3284 perleges

2351 3307 2518 3369 quae
2561 3285 2905 3369 scripsero.

2524 3370 2751 3454 96661
2818 3371 3130 3441 Ρ6661666
3201 3370 3544 3436 rediissem
3564 3372 3621 3445 ²)
3706 3390 3882 3435 anno
3963 3371 4324 3454 superiore,

2349 3457 2636 3524 multum
2684 3478 2836 3524 eum
2859 3457 3170 3540 Principe
3215 3464 3438 3521 nostra
3482 3455 3588 3539 egi
3622 3455 3701 3520 de
3725 3454 4074 3538 disciplina
4117 3456 4326 3523 eccle·

2348 3546 2633 3621 siastica,
2680 3543 2789 3608 cui
2833 3542 3332 3609 constituendae
3379 3541 3678 3607 volebam
3718 3542 4142 3608 autoritatem
4180 3543 4324 3608 eius

2349 3630 2780 3707 intercedere,
2837 3638 2914 3693 ut
2958 3629 3014 3693 si
3061 3631 3206 3711 quis
3267 3630 3500 3712 iugum
3545 3626 3957 3705 detrectaret,
4003 3627 4180 3712 quod
4225 3628 4327 3694 fu-

2349 3727 2578 3782 turum
2624 3713 3003 3798 suspicabar
3039 3715 3110 3778 in
3149 3713 3317 3791 aula,
3364 3722 3776 3780 coerceretur
3815 3714 3954 3779 eius
3991 3715 4325 3797 gravitate

2348 3800 2719 3869 insolentia.
2802 3799 2997 3882 Quod
3033 3821 3236 3882 quum
3282 3799 3562 3864 multum
3609 3799 3921 3882 probasse
3969 3799 4323 3881 videretur,

2350 3888 2715 3971 delegimus
2768 3885 3075 3951 diaconos
3134 3906 3209 3953 ac
3269 3885 3562 3951 seniores
3607 3884 3872 3967 aliquot,
3917 3884 4324 3971 feliciterque

2348 3973 2700 4059 procedere
2746 3972 3093 4038 videbatur
3132 3972 3493 4056 negotium,
3563 3968 3776 4053 quoad
3822 3968 4088 4053 quidam
4132 3972 4321 4038 fami·

2348 4060 2535 4126 liaris
2603 4057 2682 4123 de
2731 4058 3051 4123 rehensus
3107 4058 3175 4122 in
3234 4068 3462 4141 stupro
3529 4058 3771 4122 citatus
3827 4066 3931 4123 est
3988 4057 4072 4123 ad
4117 4059 4324 4124 eccle·

2350 4147 2537 4213 siam.
2624 4144 2684 4209 11
2714 4165 2749 4208 6
2794 4144 3239 4222 161166661166,
3287 4144 3406 4207 etsi
3453 4144 3784 4226 particeps
3828 4164 4067 4209 coenae
4111 4142 4323 4209 domi·

2351 4233 2538 4299 nicae
2581 4230 2818 4307 fuerat,
2867 4238 3088 4295 tamen
3133 4230 3437 4295 ferociter
3481 4236 3705 4294 nostra
3749 4229 3998 4295 monita
4033 4240 4327 4296 contem-

2351 4338 2539 4384 nere:
2587 4338 2709 4400 ego
2765 4324 2992 4380 contra
3049 4315 3297 4381 instare
3353 4324 3431 4379 ut
3473 4336 3544 4381 se
3588 4316 3876 4381 sisteret.
3967 4315 4138 4380 Tum
4183 4316 4325 4399 qui-

2351 4404 2504 4469 dam
2548 4424 2585 4467 6
2629 4401 2996 4468 senioribus
3040 4402 3229 4481 arcis,
3279 4410 3465 4476 (nam
3526 4408 3752 4465 ternos
3806 4423 3892 4466 ex
3936 4420 4103 4479 arce,
4163 4402 4320 4467 toti-

2349 4489 2500 4556 dem
2544 4488 2905 4573 oppidanos
2947 4484 3473 4572 institueramus)
3519 4485 3587 4551 id
3630 4484 3802 4569 quod
3838 4494 4064 4569 postea
4086 4484 4320 4571 depre-

2350 4573 2572 4655 hendi,
2632 4593 2868 4640 arcane
2926 4571 3104 4657 apud
3144 4572 3507 4639 Dominam
3565 4580 3861 4656 pastores
3918 4593 4147 4638 omnes
4190 4574 4319 4641 cri-

2345 4662 2645 4728 minatur
2727 4660 3073 4725 affeetatae
3139 4659 3208 4723 in
3275 4659 3686 4725 nobilitatem
3752 4665 3951 4742 atque
4018 4657 4181 4726 adeo
4243 4660 4320 4727 in

2555 4953 2617 5015 3)
2655 4952 2801 5007 Βὲιο
2831 4969 2871 5021 y
2906 4967 2944 5005 a
2971 4952 3076 5005 nis
3109 4950 3168 5004 la
3201 4950 3327 5004 date
3363 4949 3517 5004 1562.

2345 5021 2607 5087 3891.1)
2649 5022 2741 5075 Sic
2773 5037 2878 5075 nos
2928 5035 2995 5074 α
3031 5035 3182 5074 mera
3216 5018 3548 5074 coniectura.
3623 5017 3850 5073 Constat
3885 5018 4073 5072 saltem
4109 5034 4230 5073 eun
4267 5036 4326 5075 a.

2349 5090 2486 5145 1562
2530 5091 2590 5144 in
2631 5089 2824 5145 Monte
2858 5090 3001 5157 Ami
3033 5104 3124 5154 ap.
3167 5088 3440 5142 Renatam
3488 5086 3790 5141 ministerio
3832 5088 4083 5151 functum
4130 5089 4325 5150 fuisse.

2350 5159 2440 5214 De
2474 5159 2774 5227 disciplina
2810 5162 2972 5213 etiam
3007 5159 3068 5212 in
3104 5171 3225 5225 epp.
3263 5174 3331 5210 m.
3368 5156 3496 5210 Ian.
3531 5154 3669 5209 1563
3703 5155 3930 5224 scriptis
3963 5156 4183 5225 satayit,
4224 5158 4330 5214 etsi

2346 5230 2415 5285 dc
2439 5226 2665 5283 Bonam
2699 5229 2779 5283 ibo·
2811 5228 2973 5281 aliter
3007 5228 3279 5295 loquamur,
3314 5228 3477 5279 ctiam
3511 5232 3779 5295 quantun
3814 5224 3892 5277 ad
3925 5239 4014 5279 res
4087 5227 4328 5284 oliticas.

2559 5296 2621 5364 2)
2654 5297 2750 5353 ube·
2789 5296 3130 5353 Mor-alanus
3164 5294 3350 5361 adfuit
3383 5299 3512 5351 toste
3543 5293 3694 5349 Hist.
3730 5291 3855 5350 cccl.
3894 5292 3962 5349 11.
4108 5335 4120 5347 .

3790 5377 3902 5432 39*
