4900 6125
255 403 353 468 641

394 586 569 655 Dum
629 588 861 656 literae
924 590 1241 657 nuncium
1307 593 1707 673 exspectant,
1777 593 2008 653 exorta
2071 593 2175 654 est

248 675 399 740 fama
438 673 518 740 de
558 694 729 742 novo
787 676 1099 743 conflictu
1156 676 1229 741 in
1285 696 1413 759 quo
1471 693 1662 741 caesa
1715 673 1988 740 fuerunt
2042 672 2173 739 duo

250 758 466 825 vexilla
486 757 500 772 ’
542 759 849 826 hostium.
960 760 1127 827 Nam
1193 760 1368 845 quod
1433 758 1514 826 de
1579 766 1790 826 morte
1860 759 2174 826 Gai-viani

245 844 555 911 Oameraci
602 846 867 926 dicitur,
900 847 1064 913 mihi
1108 866 1244 912 non
1288 853 1390 913 est
1431 845 1806 913 verisimile.
1831 846 1924 927 ²²)
1988 845 2173 928 Lug·

247 928 402 995 duno
442 931 681 997 emissa
725 939 881 997 suut
934 934 1065 997 tria
1120 932 1457 1032 hominum
1523 930 1733 1033 millia
1784 950 1952 1030 quae
2009 931 2173 996 vici·

242 1036 520 1167 ἓΐὲωῳ
536 1037 670 1167 ”mfuit
686 1016 1214 1171 P‘t'fflu'ssffim‘si
1260 1014 2176 1183 {3343oessngaessssss

241 1187 411 1253 sicuti
452 1196 739 1271 sperant,
805 1189 968 1255 satis
1011 1190 1166 1255 laxa
1231 1190 1359 1254 erit
1421 1207 1686 1254 annona
1749 1185 1832 1254 ob
1896 1186 2173 1252 liberam

240 1272 707 1357 navigationem
773 1295 811 1340 e
880 1273 1289 1359 Burgundia.
1378 1277 1554 1340 Arar
1619 1275 1797 1339 enim
1855 1272 2172 1352 triticum,

241 1358 468 1436 vinum,
510 1358 768 1444 lignum
804 1367 873 1426 et
914 1360 1180 1426 foenum
1224 1360 1408 1444 large
1452 1357 1919 1443 suppeditabit.
1987 1356 2176 1435 Vale,

239 1442 578 1510 clarissime
622 1444 729 1511 vir
770 1456 839 1511 et
880 1445 1087 1512 frater
1127 1445 1292 1511 mihi
1337 1467 1422 1511 ex
1483 1444 1705 1510 animo
1749 1442 2176 1521 observande,

238 1549 369 1594 cum
410 1529 681 1613 reliquis
724 1532 1132 1617 symmystis.
1217 1531 1552 1596 Dominus
1596 1550 1715 1596 vos
1773 1550 2005 1595 omnes
2049 1549 2181 1594 ser-

238 1623 334 1679 vet
371 1615 747 1694 incolumes,
797 1618 1033 1702 spiritu
1079 1637 1199 1683 suo
1269 1636 1531 1700 semper
1572 1623 1763 1701 regat
1804 1622 1879 1681 ιιι
1921 1621 2181 1680 vestros

236 1697 469 1766 labores
514 1700 873 1769 benedicat.
966 1702 1283 1770 Genevae
1336 1706 1413 1764 16
1457 1701 1751 1767 Ianuarii
1804 1704 1987 1765 1663.

1136 1838 1422 1905 Ioannes
1461 1836 1783 1906 Calvinus
1828 1846 2000 1904 tuus.

386 2041 600 2108 Oitius
644 2041 766 2108 has
811 2043 1134 2109 missurus
1177 2063 1377 2122 eram,
1420 2044 1547 2109 nisi
1590 2043 2020 2108 vehementer
2067 2061 2172 2107 ro-

232 2134 434 2277 ffset
502 2129 767 2196 Procius
782 2131 875 2207 ²⁸)
954 2137 1031 2196 ut
1092 2129 1165 2193 in
1232 2148 1426 2194 suum
1499 2128 1753 2194 abitum
1818 2128 2171 2193 differrem.

324 2214 493 2277 tavit
536 2214 719 2279 enim
762 2235 955 2280 suum
1017 2213 1101 2280 ad
1159 2234 1273 2280 vos
1316 2212 1675 2280 adventum
1734 2214 1873 2279 fore
1928 2213 2171 2298 gratio-

230 2317 356 2362 rem
396 2299 455 2365 si
499 2300 642 2382 ipse
685 2301 1023 2382 perferret.
1090 2299 1242 2365 Non
1284 2306 1428 2366 erat
1469 2297 1732 2383 quidem
1777 2297 1862 2364 ad
1897 2318 2171 2364 manum

229 2382 381 2450 alius
421 2384 728 2464 nuncius,
774 2384 891 2452 sed
933 2387 1152 2469 potius
1206 2385 1279 2449 in
1339 2384 1560 2449 animo
1618 2392 1764 2450 erat
1805 2383 2171 2451 conducere

228 2469 325 2550 qui
363 2469 660 2536 Bernam
724 2492 931 2556 usque
991 2472 1135 2537 iret.
1224 2469 1426 2535 Forte
1492 2468 1671 2554 apud
1725 2490 1848 2536 vos
1912 2489 2171 2553 quoque

226 2552 509 2621 volitabit
573 2577 805 2623 rumor
860 2577 1055 2641 quem
1106 2556 1216 2622 hic
1270 2563 1661 2640 sparserunt
1704 2553 2029 2622 Germani
2086 2553 2169 2620 de

224 2639 437 2708 occisis
478 2642 557 2707 in
602 2640 972 2726 Campania
1013 2640 1269 2727 legatis,
1337 2660 1531 2724 quem
1586 2649 1809 2705 tamen
1858 2640 2168 2707 existimo

225 2745 455 2792 vanum
522 2747 667 2794 esse
731 2728 884 2811 quia
956 2728 1304 2794 consilium
1370 2724 1644 2792 dederat
1705 2724 1793 2791 D.
1845 2725 2169 2808 Spifameo

226 2808 541 2896 Rumpis
606 2814 827 2899 legato
891 2813 998 2878 111.
1062 2833 1280 2879 comes
1340 2810 1684 2878 Pakts‘nus
1750 2831 1833 2877 ne
1900 2819 2168 2897 urgeret

221 2894 293 2960 de
342 2899 671 2966 mittenda
730 2899 1076 2984 legatione.
1165 2898 1273 2964 Ita
1326 2918 1434 2962 res
1486 2897 1871 2980 interrupta
1927 2896 2163 2962 fuerat.

221 2979 399 3061 Quod
441 2991 664 3050 autem
711 2983 939 3052 dicunt
996 3005 1205 3051 unum
1262 2983 1467 3049 fuisse
1518 3003 1603 3048 ex
1659 2981 1910 3048 familia
1955 2982 2166 3048 Lune-

477 3070 846 3223 ssoglffilrum
884 3091 1040 3137 vero
1060 3070 1369 3139 comitem
1390 3068 1940 3153 Mausfeldensem,
1979 3068 2163 3135 nullo

218 3174 276 3218 ιιι
356 3176 395 3220 o
438 3178 475 3223 c
597 3157 622 3222 i
670 3157 685 3172 ”
714 3178 751 3223 e
794 3164 912 3223 est.

998 3447 1401 3458 ——--————-——

1086 3691 1282 3771 3⁹⁰1.

615 3851 1088 3922 OALVINUS
1135 3855 1265 3920 AD
1309 3848 1769 3920 POLONOS.

380 4024 835 4092 Testimonium
872 4044 990 4107 pro
1035 4024 1274 4091 Tre-cio.

213 4195 317 4263 (Ex
349 4195 707 4267 autographis
742 4178 875 4250 Cod.
910 4194 1113 4251 Gener.
1150 4193 1269 4260 108,
1304 4195 1396 4250 sol.
1436 4194 1536 4251 147
1570 4201 1630 4251 et
1664 4194 1812 4262 107⁸,
1843 4194 1938 4248 sol.
1972 4190 2077 4246 261
2112 4210 2166 4246 v.

624 4264 786 4319 Bern.
822 4263 920 4318 VI.
961 4262 1112 4317 1111.
1150 4293 1215 4304 -
1251 4264 1467 4320 Simler.
1503 4266 1569 4321 V.
1608 4262 1751 4331 106.)

377 4435 720 4518 Quamdiu
762 4433 938 4519 apud
982 4455 1102 4501 nos
1145 4435 1319 4501 vixit
1358 4433 1445 4499 D.
1469 4432 1990 4518 Christophorus
2016 4432 2168 4498 Tre-

211 4524 340 4587 a'us
372 4522 687 4596 Polonus,
733 4521 827 4587 ita
869 4541 941 4586 se
982 4520 1206 4605 gessit,
1274 4530 1342 4586 et
1384 4541 1463 4586 ea
1515 4517 1724 4585 edidit
1779 4518 2169 4586 documenta

212 4606 493 4689 pietatis,
540 4606 894 4674 modestiae
937 4617 1005 4671 et
1045 4606 1461 4691 integritatis,
1518 4613 1593 4670 ut
1649 4625 1829 4673 nunc
1887 4604 1971 4670 ad
2014 4624 2166 4670 suos

323 4968 335 4982 ·
376 4897 480 4968 22)
510 4898 701 4982 Neque
744 4912 930 4953 omn·
976 4901 1118 4979 qrat-
1179 4894 1369 4951 Nom's
1403 4894 1566 4951 Febr.
1610 4893 1842 4977 quisine
1877 4893 2166 4977 Aug-elfato

212 4973 370 5034 md,
403 4969 447 5022 n
481 4973 601 5022 unt
626 4982 695 5049 ‚⁸⁶
729 4982 948 5035 campei-
981 4965 1157 5020 aOliv
1237 4980 1394 5047 ⁶gros
1426 4965 1601 5035 bom-g
1635 4982 1669 5018 a
1701 4980 1807 5018 une
1842 4963 1989 5018 demi
2022 4964 2165 5017 heuc

214 5035 491 5091 ‘rm
521 5033 989 5174 ffifffl
996 5032 1195 5158 222²}st
1222 5032 1662 5157 Ἷὲῗεὲᾜώῗῗ
1677 5029 1868 5157 ‚¹3⁶2
1883 5030 2163 5166 Idyma,

212 5102 1034 5312 Ε’ᾶῗὲαὶωῳξορῆω
1068 5172 1421 5226 trandum-is
1464 5118 1680 5226 vagam
1711 5170 2164 5226 morimea-

224 5308 347 5367 m
376 5324 641 5453 ooo-*affl
663 5411 851 5468 opera.
926 5394 1051 5452 Vol.
1072 5391 1251 5449 xlx.

1074 5236 2165 5296 fractane-anomoeusion&

1925 401 2089 464 1563
2133 398 2516 468 IANUAR.

4100 402 4230 466 642

2276 586 2659 655 redeuntem
2707 588 2853 655 sine
2893 587 3267 655 testimonio
3323 587 3657 655 dimittere
3714 607 3927 674 neque
3968 593 4228 656 rectum

2274 674 2362 739 sit
2402 694 2614 758 neque
2658 673 3042 741 humanum.
3128 673 3342 758 quue
3384 695 3516 741 non
3572 675 3786 760 magis
3839 673 4048 759 ipsius
4136 674 4231 740 ri-

2274 759 2485 824 vatim
2519 779 2715 844 quam
2759 760 3071 827 ecclesiae
3110 760 3466 827 Polonicae
3504 761 3796 838 interest,
3853 781 4022 844 quae
4111 780 4230 825 um

2274 843 2591 928 quosdam
2637 866 2770 912 non
2816 845 2977 912 satis
3020 846 3220 928 probe
3275 847 3686 913 examinatos
3742 844 4036 912 admittit
4120 844 4232 912 lus

2275 931 2436 996 satis
2477 950 2714 1015 graves
2758 932 2888 997 iam
2932 932 3148 1014 coepit
3185 951 3343 998 suae
3382 931 3720 998 facilitatis
3763 950 4006 1014 poenas
4051 866 4229 998 ὀξυ-ο.

2280 1015 2546 1082 Trecius
2587 1038 2742 1084 vero
2785 1037 2963 1082 nunc
3004 1038 3210 1100 quum
3275 1016 3542 1083 aliunde
3582 1015 3749 1082 mihi
3790 1037 3922 1082 non
3965 1016 4232 1101 vulgari

2273 1101 2470 1167 modo
2534 1110 2707 1169 esset
2769 1101 3262 1169 commendatus
3315 1104 3513 1168 certis
3566 1101 4038 1187 experimentis
4079 1123 4232 1187 pro-

2275 1188 2463 1254 bavit
2503 1208 2574 1253 se
2618 1187 2892 1274 dignum
2953 1209 3095 1254 esse
3138 1189 3248 1273 qui
3301 1209 3342 1253 a
3395 1188 3522 1272 piis
3579 1187 3883 1254 omnibus
3925 1187 4088 1254 viris
4147 1186 4233 1253 ob

2276 1292 2429 1339 suas
2472 1274 2755 1341 virtutes
2809 1282 3084 1340 ametur.
3186 1273 3269 1339 In
3330 1275 3544 1357 patria
3594 1294 3755 1340 vero
3808 1293 3941 1339 non
3996 1293 4233 1358 parum

2276 1358 2510 1424 utilem
2553 1360 2692 1426 fore
2734 1357 3006 1427 confido.
3094 1359 3246 1425 Non
3291 1360 3537 1425 frustra
3599 1359 3786 1426 iubet
3826 1358 4081 1425 Paulus
4121 1358 4234 1424 ob-

2277 1444 2529 1510 servari
2574 1446 2686 1530 qui
2731 1443 2991 1511 laudem
3035 1451 3392 1511 merentur.
3457 1444 3524 1510 N
3525 1466 3654 1511 unc
3697 1446 3770 1510 in
3811 1450 3998 1510 tanta
4039 1445 4231 1511 vitio-

2275 1550 2426 1594 rum
2470 1531 2775 1617 congerie
2818 1538 2884 1596 et
2925 1530 3121 1596 rebus
3162 1530 3324 1597 adeo
3367 1530 3648 1597 turbatis
3691 1530 4045 1596 discrimen
4079 1530 4233 1615 plus

2276 1635 2476 1698 quam
2544 1616 2985 1683 necessarium
3051 1624 3168 1682 est.
3256 1613 3511 1683 Verum
3577 1637 3711 1682 non
3775 1615 4004 1682 dubito
4111 1615 4233 1680 uin

2276 1700 2403 1766 sibi
2446 1701 2606 1785 ipsc,
2653 1701 2897 1786 absque
2941 1722 3087 1767 meo
3145 1702 3354 1787 elogio
3406 1701 3605 1767 fidem
3647 1702 3965 1786 acquirat.
4054 1636 4234 1767 'gan-

2276 1792 2420 1851 tum
2464 1788 2752 1856 sinceros
2796 1787 2924 1853 Dei
2966 1786 3251 1855 cultores
3292 1786 3604 1853 hortabor
3645 1789 3702 1853 si
3744 1786 3858 1871 qui
3900 1786 4116 1853 adhuc
4159 1786 4232 1851 in

2275 1872 2557 1938 Polonia
2597 1873 2788 1940 nobis
2831 1879 2990 1939 sunt
3033 1874 3246 1953 amici,
3303 1880 3384 1938 ut
3442 1873 3778 1940 hominem
3833 1873 3959 1939 sibi
3992 1872 4231 1937 utilem

2274 1956 2613 2043 fidumque
2677 1959 3041 2025 adiutorem
3109 1957 3587 2043 amplexentur,
3665 1980 3750 2025 ne
3828 1958 4000 2025 dona
4064 1977 4234 2041 quae

2273 2043 2462 2194 Peus
2513 2043 2685 2130 apud
2741 2045 2958 2129 ipsum
3014 2044 3316 2129 deposuit
3369 2044 3709 2112 suffocent.
3797 2043 4113 2110 Genevae
4155 2046 4231 2108 16

2312 2130 2569 2196 anuarii
2626 2134 2809 2198 1563.

3384 2266 3672 2334 Ioannes
3714 2265 4058 2333 Calvinus.

3153 2812 3353 2883 3⁹02.

2723 2966 3198 3035 OALVINUS
3245 2963 3796 3034 FRATRIBUS.

2448 3139 2898 3225 Testimonium
2928 3159 3055 3223 pro
3096 3140 3316 3206 iuvene
3356 3139 3624 3221 quodam
3663 3138 3958 3206 studioso.

2270 3311 2501 3375 (Exstat
2532 3311 2591 3366 in
2625 3312 2793 3370 codd.
2828 3309 3036 3367 Genev.
3072 3309 3217 3376 107⁸,
3268 3310 3363 3366 fol.
3397 3308 3503 3364 261
3545 3314 3605 3364 et
3654 3307 3774 3377 108,
3809 3309 3905 3367 fol.
3955 3306 4054 3364 147
4088 3311 4223 3365 item

2872 3398 2959 3453 ap.
2994 3379 3285 3437 Simlemm
3320 3379 3444 3435 Vol.
3481 3377 3623 3447 106.)

2440 3553 2635 3620 Vixit
2710 3552 2799 3618 ali
2843 3550 3124 3619 uamdiu·
3184 3550 3360 3637 apud
3435 3572 3558 3618 nos
3631 3551 3780 3636 pius
3845 3549 4225 3618 adolescens

2268 3639 2709 3708 Wendelinus
2954 3639 2968 3652 '
3154 3635 3686 3716 Trarbachensis,
3729 3636 3839 3735 qui
3885 3634 4018 3701 huc
4070 3655 4225 3719 pro-

2265 3729 2479 3795 fectus
2522 3734 2684 3804 erat,
2728 3732 2805 3790 ut
2847 3724 3192 3808 ingenium
3234 3722 3497 3806 pietatis
3555 3721 3855 3788 doctrina
3905 3729 3972 3787 et
4030 3720 4225 3788 bonis

2267 3812 2481 3879 literis
2544 3810 2887 3879 excoleret.
2977 3809 3042 3876 N
3042 3829 3117 3875 ec
3182 3829 3341 3875 vero
3415 3808 3717 3891 partibus
3791 3809 3930 3874 suis
3993 3806 4223 3887 defuit,

2267 3898 2425 3982 quia
2465 3895 2730 3963 fidelem
2771 3903 2839 3962 et
2880 3893 3216 3961 assiduam
3253 3915 3293 3960 o
3377 3914 3520 3959 ram
3571 3891 3899 3977 impendit
3958 3892 4226 3976 pietatis

2268 3982 2623 4061 exercitiis,
2668 3982 3068 4064 honesteque
3112 3991 3191 4046 ut
3253 4001 3291 4047 c
3380 3980 3394 3994 '
3436 3979 3691 4049 tianum
3732 3977 4067 4044 hominem
4111 3977 4226 4045 de·

2269 4070 2458 4136 cebat
2500 4089 2651 4136 cum
2694 4065 3098 4134 scholasticis
3152 4073 3456 4133 versatus
3512 4074 3630 4144 est,
3698 4084 3899 4148 seque
3954 4063 4051 4130 ita
4091 4063 4224 4130 for-

2269 4176 2453 4221 mare
2496 4162 2568 4220 et
2606 4172 2988 4235 comparare
3053 4150 3310 4218 studuit
3365 4159 3442 4216 ut
3497 4171 3758 4235 sperem
3808 4148 3950 4216 fore
3991 4148 4225 4215 utilem

2268 4239 2580 4307 ecclesiae
2622 4238 3019 4316 ministrum,
3085 4238 3142 4304 si
3205 4236 3469 4321 quando
3525 4235 3610 4303 ad
3665 4257 3910 4302 munus
3949 4232 4225 4301 docendi
4263 4274 4272 4279 -

2268 4335 2548 4393 vocatus
2590 4325 2806 4390 fuerit.
2892 4323 3127 4407 Itaque
3168 4342 3553 4407 quocunque
3605 4322 3868 4389 venerit
3919 4320 4048 4405 piis
4087 4319 4226 4386 fra-

2269 4411 2483 4477 tribus
2538 4408 3071 4478 commendatum
3125 4429 3269 4475 esse
3326 4408 3519 4491 cupio
3574 4407 3772 4476 sicuti
3816 4405 4058 4492 dignus
4099 4416 4224 4471 est.

2269 4497 2587 4565 Genevae
2635 4499 2731 4561 16.
2776 4494 3077 4562 Ianuarii
3127 4497 3309 4559 1563.

3120 4629 3405 4699 Ioannes
3447 4583 3765 4699 Calvinus
3808 4627 4052 4696 dictavi

3142 4724 3212 4783 et
3243 4737 3446 4784 manu
3477 4737 3627 4784 mea
3659 4713 4034 4800 subscripsi.

3032 5060 3433 5073 —u———-

3739 5378 3809 5432 41
