4900 6125
303 379 399 441 401

441 561 664 644 Quum
710 585 746 628 e
789 561 1192 639 Pictonibus,
1258 560 1368 625 vir
1420 559 1844 643 amplissime,
1911 558 2227 643 postridie

297 668 476 717 nonas
517 647 764 732 Aprilis
808 647 1161 714 Tholosam
1211 645 1764 729 iurisprudentiae
1810 665 2009 712 causa
2051 666 2227 712 eom-

298 738 676 820 migrmsem,
719 733 888 799 nihil
935 734 1153 799 minus
1199 731 1666 817 prospiciebam
1714 751 1910 817 quam
1955 729 2230 798 insidias

296 821 693 907 papistariim.
763 818 898 886 Sed
936 818 1230 885 nondum
1274 818 1410 885 fere
1445 816 1676 884 urbem
1710 819 2053 902 ingressus
2095 825 2230 884 sta-

296 909 398 973 tim
437 907 623 972 nobis
669 904 755 971 lis
799 927 952 970 cum
999 905 1192 971 belua
1235 903 1598 970 multorum
1641 905 1931 986 capitum
1977 902 2230 982 incidit,

331 1015 439 1060 uae
481 1001 589 1069 (ut
631 1000 915 1058 testatur
936 991 1103 1068 Cic.)
1149 989 1402 1056 nullam
1447 990 1770 1055 rationem
1813 992 1919 1054 sui
1957 988 2232 1072 periculi

291 1017 478 1144 {ituri
523 1077 740 1144 habet.
831 1076 1041 1143 Ouius
1087 1075 1240 1142 belli
1297 1075 1516 1142 exitus
1575 1073 1819 1142 ducum
1856 1074 2229 1159 proditione

292 1178 350 1232 et
387 1165 661 1230 avaritia
701 1163 896 1248 longe
939 1166 1195 1229 faustus
1253 1161 1528 1239 exstitit,
1618 1159 1779 1227 adeo
1823 1173 1913 1238 nt,
2003 1160 2233 1227 relicta

291 1251 432 1318 urbe
473 1248 642 1315 nihil
685 1249 893 1316 tutius
938 1269 1057 1332 pro
1101 1249 1393 1313 omnium
1440 1246 1654 1314 salute
1695 1268 1896 1331 quam
1941 1248 2099 1331 fuga
2133 1247 2232 1312 vi-

292 1358 420 1403 sum
483 1337 627 1410 fuit,
715 1338 784 1401 in
851 1356 980 1418 qua
1042 1334 1336 1401 hostium
1405 1335 1672 1400 incursu
1739 1332 1901 1398 mihi
1967 1343 2232 1415 ereptae

289 1425 451 1489 fuere
492 1421 828 1505 pecuniae.
920 1420 1030 1485 Ex
1074 1441 1152 1486 eo
1195 1431 1489 1503 tempore
1533 1439 1793 1503 semper
1835 1439 1984 1486 cum
2028 1418 2231 1502 copiis

2032 371 2194 435 1562
2240 369 2550 437 APRIL.

4167 377 4297 441 «³02

2336 558 2716 644 enimam,
2759 559 2865 627 cui
2911 569 2977 627 ct
3019 560 3139 628 has
3183 562 3391 628 mitto.
3459 559 3749 627 Ultimae
3784 569 3937 626 tuae
3960 561 4062 626 25.
4090 561 4154 627 Δ
4202 562 4297 628 ri·

2330 643 2416 712 lis
2469 654 2626 712 sunt
2678 646 2981 730 scriptae.
3072 647 3218 731 Ego
3275 646 3398 716 has
3452 645 3662 712 scribo
3709 650 3765 710 3.
3811 646 3995 724 Maii,
4056 668 4168 731 qui
4214 667 4297 714 us

2330 753 2660 815 exponam
2705 731 3012 799 brevibus
3054 733 3211 817 quid
3256 745 3474 799 actum
3519 732 3607 798 sit
3661 732 3729 798 in
3775 732 4057 799 comitiis
4099 730 4297 800 Salo·

2332 816 2737 884 dorensibus.
2755 820 2812 894 ²)
2891 818 3226 902 Principio
3281 818 3489 886 lectae
3553 826 3713 884 sunt
3776 817 4006 884 literae
4070 821 4297 904 regiae

2331 902 2609 968 militem
2654 904 3073 987 postulantes.
3164 905 3485 989 Exposita
3541 917 3643 969 est
3700 913 3836 969 tota
3892 924 4108 981 causa,
4174 905 4297 971 sed

2332 990 2424 1054 ita
2486 1003 2559 1054 ut
2608 988 2952 1056 Guisianis
3005 992 3224 1057 visum
3281 999 3399 1057 est.
3486 989 3754 1073 Negant
3818 998 3888 1056 et
3928 997 4297 1075 pernegant

2332 1095 2557 1158 regem
2644 1075 2827 1141 velut
2904 1084 3168 1159 captum
3248 1077 3476 1142 teneri.
3577 1075 3844 1158 Negant
3930 1076 4139 1157 princi

2339 1159 2729 1226 Guisianum
2771 1162 3192 1246 peregrinum
3239 1159 3590 1227 adduxisse
3631 1161 3922 1241 militem,
3981 1171 4100 1226 aut.
4187 1183 4297 1228 os·

2334 1245 2435 1311 tili
2479 1248 2701 1313 animo
2756 1246 3005 1314 scilicet
3044 1248 3305 1314 venisse
3340 1247 3696 1313 Lutetiam.
3768 1247 4026 1331 Regem
4059 1256 4294 1331 sponte

2334 1341 2707 1415 sequutum.
2800 1331 3061 1399 Deinde
3116 1333 3324 1399 auditi
3382 1341 3539 1399 sunt
3582 1332 3783 1416 legati
3820 1333 4293 1418 Tigurinorum

2278 1395 2286 1494 Ῐ
2331 1431 2398 1483 et
2441 1418 2850 1497 Bernatium,
2917 1420 3029 1503 qui
3090 1419 3333 1504 alioqui
3392 1416 3475 1483 ad
3547 1419 3813 1484 comitia
3873 1438 3993 1485 sua
4058 1428 4293 1503 sponte

289 1509 400 1574 fui:
465 1505 778 1574 timebam
846 1508 1021 1573 enim
1081 1527 1165 1572 ne
1225 1528 1305 1570 ex
1367 1505 1514 1571 istis
1568 1503 1820 1588 laqueis
1855 1514 2102 1584 ,exutus
2160 1505 2231 1569 in
2279 1513 2284 1578 1
2332 1515 2682 1583 venerunt,
2728 1506 2942 1572 vocati
2983 1525 3118 1570 non
3154 1512 3329 1571 sunt.
3397 1504 3838 1572 Postularunt
3871 1524 3957 1570 ne
3990 1504 4295 1571 mittatur

288 1596 547 1660 maiores
607 1593 983 1658 inciderem.
1074 1592 1244 1658 Viae
1302 1591 1479 1656 enim
1539 1611 1657 1673 pro
1711 1589 1982 1657 aedibus
2040 1599 2233 1656 erant
2279 1587 2284 1624 ⁵

287 1682 412 1746 istis
454 1680 994 1755 coniuratoribus,
1032 1677 1327 1761 nullique
1372 1698 1408 1742 e
1452 1678 1695 1742 nostris
1730 1677 2012 1759 patriam
2048 1675 2232 1742 adire
2279 1699 2285 1772 ξ

285 1771 589 1850 poterant,
660 1774 804 1831 tum
868 1764 1157 1829 maxime
1209 1763 1481 1828 istorum
1550 1771 1750 1840 metu,
1818 1771 1962 1827 tum
2028 1762 2228 1828 etiam
2279 1785 2284 1854 3

286 1851 698 1936 pecuniarum
757 1851 978 1934 inopia
1031 1850 1257 1933 pressi,
1324 1856 1392 1913 et
1445 1848 1618 1931 quod
1664 1867 1770 1913 me
1814 1848 2066 1926 terruit,
2115 1868 2230 1931 pa-

285 1946 488 2003 rentes
533 1937 630 2001 ita
673 1936 1041 2020 pertinaces
1085 1935 1421 2002 sacrificiis

412 2045 572 2089 vero
617 2021 939 2088 abhorreo
986 2042 1118 2087 non
1161 2031 1444 2105 tantum,

1486 1952 1695 2086 mae
1739 1933 1955 2000 adhuc
1996 1931 2231 2012 fidunt,
2279 1951 2285 1988 ι

1648 2020 1796 2087 aliis
1818 2026 1991 2098 vete,
2036 2028 2102 2084 et
2135 2019 2234 2084 ita
2279 2027 2285 2114 j

2333 1590 2406 1655 in
2450 1588 2738 1655 Galliam
2798 1590 2987 1656 miles
3044 1601 3272 1657 contra
3314 1590 3626 1668 Galliam,
3682 1589 3797 1655 sed
3840 1589 4083 1675 legatio
4126 1611 4296 1673 quae

2333 1697 2465 1740 non
2515 1676 2581 1740 vi
2625 1685 2799 1760 agat,
2866 1676 2982 1743 sed
3048 1677 3406 1743 rationibus
3473 1675 3883 1761 persuadeat,
3949 1687 4018 1740 et
4071 1685 4291 1759 partes

2335 1771 2527 1828 vocet
2572 1761 2657 1827 ad
2701 1761 3137 1850 concordiam.
3226 1764 3533 1848 Egerunt
3596 1762 3845 1847 gratias
3892 1760 4143 1829 duabus
4187 1784 4297 1828 ur-

2335 1847 2528 1913 bibus
2571 1859 2639 1913 et
2702 1850 3151 1931 promiserunt
3190 1868 3264 1914 se
3307 1848 3629 1914 relaturos
3674 1847 3957 1913 dominis
4001 1849 4137 1914 suis
4181 1870 4295 1913 ur—

2336 1933 2518 1998 bium
2555 1933 2903 2017 postulata.
2971 1935 3428 2018 Responsuros
3464 1941 3687 1999 autem
3729 1938 3824 2000 18.
3846 1933 4030 2010 Maii,
4075 1935 4131 2000 si
4159 1953 4292 2000 non

2333 2019 2518 2102 prius
2564 2020 2713 2085 Rex
2757 2022 3002 2086 urserit
3041 2021 3448 2104 militemque
3494 2020 3563 2084 in
3606 2040 3866 2085 summa
3908 2021 4295 2086 necessitate

357 2110 418 2175 io
472 2129 626 2174 sum
685 2109 855 2191 patri
912 2107 1237 2190 matrique
1294 2106 1378 2172 ob
1445 2106 1616 2171 hanc
1659 2106 1901 2172 iustam
1946 2125 2229 2172 causam.
2279 2131 2286 2178 ι
2335 2104 2697 2187 postularit.
2789 2106 2977 2172 Tunc
3042 2107 3218 2171 enim
3294 2128 3364 2172 se
3408 2106 3622 2189 prima
3662 2124 3917 2190 quaque
3959 2107 4298 2172 occasione

283 2195 566 2260 Tandem
603 2196 888 2279 agitatus
931 2192 1241 2282 undique,
1284 2212 1570 2275 quonam
1613 2192 1709 2257 ire
1753 2191 2078 2268 deberem,
2124 2212 2231 2256 ac·
2279 2181 2285 2236 Ι
2333 2201 2791 2256 conventuros.
2881 2192 3313 2258 Arbitrantur
3388 2199 3611 2257 autem
3692 2189 4169 2274 prudentiores,
4237 2192 4295 2257 si

281 2281 410 2348 oedi
432 2284 466 2320 ‘⁸
530 2280 662 2347 huc
724 2291 1036 2364 tanquam
1083 2277 1166 2344 ad
1209 2285 1478 2362 portum
1545 2284 1636 2355 ut,
1704 2278 1762 2343 si
1804 2278 1946 2343 fieri
2003 2277 2229 2360 possit,
2278 2249 2286 2366 Ι
2334 2277 2651 2342 institerit
2698 2276 3061 2344 Guisianus
3117 2298 3254 2355 rex,
3314 2277 3609 2343 futurum
3670 2284 3743 2342 ut
3798 2279 4069 2342 mittant
4120 2279 4296 2344 mili-

277 2366 432 2432 mihi
488 2388 612 2451 pro
668 2366 882 2432 officio
941 2387 982 2430 a
1023 2364 1210 2430 vobis
1255 2363 1409 2448 quid
1455 2364 1854 2446 imponatur,
1919 2371 2036 2428 aut
2090 2371 2230 2428 stu·
2279 2373 2285 2438 ῐ
2334 2371 2489 2441 tem,
2535 2382 2739 2446 quum
2782 2363 2955 2446 quod
2998 2363 3398 2447 pauperrimi
3444 2373 3511 2429 ct

3662 2363 3857 2429 uniae
3889 2363 4297 2448 cupidissimi

279 2452 494 2554 dendo·
538 2473 766 2552 sacrae
824 2451 1203 2535 scripturae,
1268 2459 1386 2514 aut
1406 2535 1420 2550 ο
1445 2448 1734 2549 docendo
1789 2469 2075 2547 pueros&
2116 2457 2232 2514 aut
2278 2483 2285 2564 Ι
2334 2449 2489 2526 sint,
2545 2457 2689 2513 tum
2736 2446 2907 2532 quod
2950 2461 3244 2549 extreme
3284 2469 3542 2533 evange
3566 2449 3706 2548 ium
3749 2447 4009 2551 oderint
4049 2459 4116 2516 et
4158 2452 4296 2516 bel-

276 2538 418 2622 quid
441 2538 683 2616 simile,
729 2535 1082 2603 dummodo
1115 2533 1659 2619 praelectionibus
1693 2544 1758 2600 et
1793 2555 2079 2600 sermoni
2115 2533 2230 2600 ad-
2279 2595 2284 2618 ,
2334 2534 2475 2599 lum
2519 2554 2715 2617 quam
2760 2554 2986 2618 pacem
3044 2534 3299 2601 malint.
3394 2534 3717 2600 Dominus
3757 2535 3909 2600 illos
3950 2535 4295 2604 coherceat

273 2625 417 2722 sim:
464 2647 602 2689 non
629 2631 930 2706 parcetur
965 2622 1182 2705 aliquo
1227 2619 1418 2690 modo
1461 2619 1670 2686 labori
1708 2621 1871 2686 milii
1905 2621 2230 2703 imposito,
2279 2629 2287 2678 l
2333 2620 2691 2703 fraenoque
2732 2621 2976 2687 iniecto
3018 2629 3401 2703 compescat.
3490 2619 3949 2687 Illustrissimo
3990 2620 4297 2690 eoadem

274 2711 522 2776 etiamsi
589 2720 789 2775 noctu
853 2715 1112 2792 oportet
1176 2708 1485 2773 diurnum
1562 2707 1813 2772 victum
1871 2706 2228 2790 acquirere.

271 2794 453 2876 Vale,
479 2797 671 2862 Deus
691 2805 760 2860 te
783 2794 972 2861 nobis
996 2814 1236 2860 sanum
1277 2802 1344 2858 et
1377 2792 1769 2859 incolumem
1795 2791 2232 2876 ecclesiaeque

273 2879 374 2946 diu
414 2889 784 2949 conservet.

1183 2963 1614 3031 Mathurinus
1659 2962 2052 3030 Altoclarus.

1150 3476 1338 3545 3781.

664 3613 1337 3684 BULLINGERUS
1394 3612 1829 3679 GALVINO.

255 3872 1663 3958 dnmm‚etquidema1teraexparte
1718 3871 2228 3953 quatenuscon-

253 3962 955 4031 &emani-siano
997 3957 2230 4041 amisoenyreswusvidaeur,auem

251 4057 562 4134 quandum
649 4047 737 4113 ad
803 4045 1171 4127 principum
1220 4044 1677 4107 Ger-manorum
1748 4045 2229 4126 cooperationem

249 4308 356 4373 (Ex
408 4303 772 4376 autographo
811 4301 975 4355 Arcb.
1015 4299 1197 4353 Tui-ic.
1233 4299 1380 4352 Plut.
1421 4297 1513 4353 vl.
1550 4299 1669 4352 Vol.
1718 4298 1829 4361 129,
1873 4301 2003 4354 olim
2051 4300 2225 4354 Scrin.

474 4377 538 4429 B.
583 4372 734 4441 Epp.
771 4371 922 4425 Tom.
959 4368 1044 4433 30,
1082 4369 1171 4422 fol.
1208 4366 1327 4421 427.
1367 4396 1434 4406 —
1470 4369 1669 4421 simler
1704 4369 1824 4422 Vol.
1866 4368 2007 4432 10⁴.)

413 4545 824 4613 Clarissimo
886 4543 1026 4606 viro
1073 4540 1155 4605 D.
1203 4539 1434 4605 Ioanni
1485 4537 1765 4605 Calvino
1812 4539 2228 4607 Genevensis
2276 4522 2283 4577 '⁵
2335 4580 2364 4585 -

245 4634 566 4700 eeclesiae
609 4627 864 4712 pastori
907 4625 1206 4711 vigilanti
1244 4636 1312 4689 et
1349 4624 1526 4689 fideli
1560 4624 1824 4689 domino
1846 4624 2228 4692 honorando
2277 4604 2284 4745 ξ

245 4732 306 4785 et
350 4716 718 4785 carissimo
752 4734 889 4778 suo.
1834 4798 1898 4863 G
1987 4798 2048 4862 ff

1903 4818 1983 4863 en
2039 4850 2054 4863 .

413 4941 490 5008 S.
535 4938 631 5003 D.
728 4933 990 5000 Mature
1049 4944 1116 5000 et
1179 4932 1464 5001 fideliter
1539 4942 1707 5014 tuas,
1735 4937 1784 5005 ¹)
1853 4933 2230 5000 honorande

2278 4760 2285 4825 Ι
2332 4745 2409 4813 4.)
2493 4746 2805 4810 Rerum-ata·
2849 4750 3109 4801 cenwines

2333 2706 2614 2856 ffincipi
2659 2712 2699 2770 4
2742 2706 2937 2857 urbeSs
2979 2705 3387 2806 scripserunt
3428 2715 3496 2772 et
3537 2704 4013 2807 significarunt·
4030 2707 4187 2808 quid
4224 2710 4295 2773 in

2336 2799 2884 2943 Μῳὲἓῗωὲἱῗ.
2926 2791 3797 2961 sumamma.
3837 2793 4295 2945 *3:3²th

2335 2961 2578 3028 lienses
2617 2972 2687 3028 ct
2728 2961 3225 3029 Schaffhusiani
3278 2972 3436 3028 sunt
3492 2983 3642 3028 cum
3710 2983 3863 3047 rege
3905 2965 3973 3029 in
4017 2964 4292 3031 foedere.

2341 3047 2531 3113 Aliae
2551 3046 2720 3114 duae
2763 3047 2963 3115 urbes
2984 3050 3129 3135 Τίς.
3156 3058 3222 3114 et
3244 3048 3443 3115 Bern.
3468 3048 3943 3132 periclitantur.
4023 3050 4294 3118 'l'imen-

2280 3134 2287 3207 Ι
2335 3132 2494 3199 dum
2515 3135 2692 3200 enim
2730 3155 2815 3200 ne
2849 3157 2934 3202 ex
2954 3134 3410 3201 communibus
3429 3136 3860 3218 praefecturis
3891 3137 4107 3220 potior
4139 3159 4295 3223 pars

2335 3220 2627 3285 militum
2668 3220 3197 3286 abducendorum
3242 3221 3312 3285 in
3356 3220 3647 3287 Galliam
3690 3220 3977 3322 petenda
4019 3224 4128 3301 sit,

2279 3326 2286 3359 ι
2335 3306 2467 3371 tior
2531 3326 2768 3371 manus
2828 3312 2885 3370 7.
2932 3305 3309 3373 Cantonum
3368 3305 3545 3372 domi
3604 3307 3951 3373 retinenda
4001 3308 4087 3375 ab
4260 3345 4291 3362 -

2333 3392 2666 3457 montanis
2708 3402 2941 3458 contra
2995 3412 3115 3458 nos
3172 3393 3278 3471 sit,
3345 3391 3544 3458 simul
3602 3412 3680 3457 ac
3738 3413 3822 3459 ex
3863 3392 4062 3459 Italia
4102 3396 4297 3462 miles

2330 3478 2674 3543 accesserit
2717 3478 2867 3552 illis,
2912 3476 3265 3544 educenda.
3326 3477 3464 3543 Vix
3495 3477 3725 3544 credas
3767 3479 3986 3562 qualia
4018 3481 4292 3546 consilia

2332 3563 2414 3629 ab
2460 3563 2653 3628 annis
2695 3563 2942 3645 aliquot
2985 3563 3399 3630 instituerint
3438 3572 3665 3628 conti-a
3709 3584 3830 3630 nos
3873 3573 3996 3632 etc.
4088 3564 4290 3715 {Nec-

2330 3648 2490 3713 dum
2534 3649 2967 3730 compositum
3010 3657 3112 3715 cst
3156 3649 3561 3715 Olaronense
3624 3651 3964 3734 negotium
4167 3654 4294 3718 fer-

427 3793 566 3857 Res
625 3788 892 3874 qaam
938 3809 1102 3871 prae
1156 3787 1416 3853 cm
1463 3805 1585 3866 pro
1643 3791 1910 3870 We
1967 3789 2038 3850 in
2073 3807 2227 3868 Pm-
2277 3766 2282 3825 3
2333 3744 2443 3799 vet
2489 3733 3112 3821 vehementissime]
3134 3739 3192 3811 ⁸)
3256 3735 3349 3801 Et
3381 3732 3594 3800 indies
3638 3735 3920 3801 acriores
3965 3745 4034 3803 ct
4073 3740 4289 3823 magis

2330 3819 2558 3885 furiosi
2626 3830 2800 3884 sunt.
2890 3821 3214 3886 Dominus
3270 3820 3614 3887 coherceat
3670 3840 3782 3887 eos
3838 3832 3903 3887 ct
3946 3832 4290 3889 convertat

2330 3904 2414 3970 ad
2459 3925 2531 3971 se
2552 3925 2669 3989 per
2690 3906 2974 3990 gratiam
3017 3926 3223 3972 suam.
3290 3904 3599 3987 Quatuor
3638 3906 3838 3972 urbes
3880 3911 4288 3992 scripserunt

2331 3999 2399 4055 et
2436 3989 2756 4069 Palatino,
2799 3992 2960 4075 ipsis
3003 3989 3213 4057 videri
3258 4011 3398 4056 rem
3444 3999 3698 4057 tantam
3745 4013 3879 4058 non
3925 3993 4133 4061 literis
4176 3995 4293 4062 sed

2330 4074 2766 4160 legationibus
2809 4075 3176 4176 agendam..
3237 4076 3719 4178 &gnifica-runt
3760 4079 3921 4143 item
3966 4081 4141 4181 quid.
4166 4083 4293 4146 im-

2330 4172 2690 4313 &ma
2728 4163 4290 4335 {202⁰{⁰.3;.32.¹2d05323¹3³?3⁰ss}223¹32'31

2503 4332 2688 4399 Haec
2731 4334 2944 4399 scribo
2986 4342 3138 4400 tuae
3181 4333 3582 4400 humanitati
3615 4335 3809 4419 paulo
3844 4337 4166 4421 copiosius
4202 4359 4289 4403 ne

2331 4421 2593 4503 ignores
2650 4418 2804 4502 quid
2865 4420 3108 4485 factum
3154 4420 3243 4487 sit
3286 4417 3595 4486 Saloduri
3640 4430 3707 4485 et
3749 4441 3913 4504 quae
3957 4423 4092 4488 sint
4133 4444 4288 4489 con-

2538 4674 2601 4744 8)
2632 4677 2779 4732 Hm.
2812 4677 2935 4732 eccl.
2973 4676 3038 4729 11.
3072 4675 3157 4730 81.
3231 4674 3452 4758 Βκορᾳε
3492 4676 3590 4757 Yl.
3626 4675 3731 4730 489
3773 4678 3850 4757 (ᾳ.
3885 4675 3965 4731 Ν.
4000 4676 4141 4732 3774
4171 4684 4287 4735 not.

2695 4820 2703 4828 ·
2784 4816 2795 4827 .
3197 4816 3207 4827 ο
3433 4816 3443 4827 ι
3491 4762 3551 4799 m
3596 4760 3913 4799 matonam
3958 4753 4289 4829 revomi-unt

2333 4820 3087 4952 mamma..
3029 4814 3852 4952 ...:¹·t.·..f.·;⁶‘:.’·‘.;z:-.⁹;·:zt.⁸.
3865 4817 4292 4965 aaa&

2330 4953 2589 5022 pullicum
2626 4952 2870 5007 madere.
2934 4952 3228 5007 haemo
3262 4950 3513 5006 dicebant
3547 4957 3610 5005 ut
3642 4953 3932 5006 “naama

244 5026 514 5094 domine
566 5038 644 5091 et
693 5022 892 5087 frater
935 5020 1292 5097 carissime,
1359 5020 1524 5085 mihi
1592 5017 1778 5085 reddi
1842 5022 2100 5087 curavit
2143 5019 2228 5085 D.
2332 5023 2395 5104 iv!
2434 5020 2676 5075 Galliam
2711 5023 2982 5077 mitterem
3027 5021 3105 5075 ad
3186 5035 3333 5075 πω
3375 5019 3805 5087 &Dm-⁸
3847 4951 4291 5092 ifflkqm

243 5230 414 5317 ⁸7⁸}
446 5232 509 5297 1)
547 5226 893 5297 deperditas,
943 5232 1000 5280 ut
1046 5228 1206 5281 aiam
1253 5226 1380 5280 illae
1416 5240 1555 5294 quas
1601 5224 1652 5279 d.
1687 5222 1772 5278 25.
1813 5226 1951 5294 Apr.
1990 5228 2230 5296 scriptas

241 5302 388 5359 M·
451 5385 698 5441 Caluini
730 5398 914 5450 opera.
1005 5383 1108 5436 Vol.
1149 5380 1317 5434 XIX.

2332 5105 2481 5158 cipes
2532 5089 2800 5144 Germani
2839 5090 3054 5156 facturi
3093 5089 3133 5143 d
3323 5095 3429 5144 m.
3514 5088 3715 5158 Loyau‘
3755 5104 3945 5144 noem
3988 5097 4287 5148 matonam

2333 5175 2447 5214 ren
2482 5159 2560 5213 ad
2592 5159 2937 5224 referendam
2956 5165 3302 5226 sun-pserunt
3318 5164 3367 5212 ce
3401 5165 3888 5214 sommae-ras
3914 5158 3993 5212 ed
4028 5157 4108 5214 18.
4134 5161 4299 5217 Maia*

2331 5228 2578 5284 indiam
2607 5235 2703 5282 est.

2542 5295 2601 5361 3)
2637 5299 2770 5352 haec
2802 5300 2863 5350 dn
2902 5297 3159 5365 margine.
3234 5294 3517 5350 Caeterum
3550 5296 3623 5362 cf.
3660 5292 3737 5351 Ν.
3772 5293 3910 5431 Βέἓῖ
3945 5302 4055 5352 not.
4092 5296 4144 5352 8.
