4900 6125
293 416 422 480 889

294 602 413 670 sed
454 605 552 670 ita
593 613 947 689 occupatus
991 626 1170 672 eram
1216 616 1291 671 ut
1335 607 1450 672 vix
1497 607 1659 672 haec
1719 607 2064 690 potuerim.
2151 606 2262 670 Ex

296 688 612 757 Mando
651 692 982 776 intelliges
1046 692 1202 775 quid
1269 714 1388 759 nos
1452 712 1754 776 agamus,
1820 713 1948 776 quo
2006 694 2076 756 in
2120 691 2262 757 loco

293 797 471 844 nunc
514 779 603 842 sit
645 775 959 862 BiqotiuS.
989 782 1040 854 ¹)

468 862 608 929 Nos
665 864 736 928 in
796 863 917 929 hac
977 865 1244 930 civitate
1311 884 1350 930 a
1394 865 1958 931 concionatoribus
2012 862 2262 928 nullam

291 948 804 1015 consolationem
871 950 1219 1028 habemus,
1289 971 1494 1033 quum
1553 951 1783 1017 multis
1849 957 2002 1015 ante
2066 950 2264 1014 annis

291 1034 620 1119 evangelii
677 1035 1077 1119 praedicatio
1135 1037 1583 1120 maximopere
1627 1036 1942 1102 floruerit.
2032 1034 2264 1099 Domi-

290 1141 425 1185 nus
470 1142 591 1186 nos
635 1122 1043 1198 consoletur,
1116 1123 1315 1189 misso
1363 1123 1561 1189 verbo
1606 1122 1908 1189 veritatis
1951 1121 2263 1204 cultuque

289 1206 558 1289 pietatis
612 1206 811 1291 plane
864 1209 1191 1274 restituto.
1282 1208 1478 1275 Nunc
1522 1210 1593 1274 in
1650 1217 1839 1274 tanta
1880 1207 2263 1274 confusione

289 1312 522 1357 rerum
564 1296 858 1358 omnium
904 1294 1060 1377 quid
1105 1314 1458 1378 possumus
1501 1292 1679 1360 aliud
1739 1314 1934 1378 quam
1978 1313 2262 1378 gemere,

291 1385 368 1442 et
427 1378 636 1444 vicem
692 1388 987 1445 nostram
1047 1402 1123 1446 ac
1180 1380 1489 1446 ecclesiae
1557 1380 1913 1464 deplorare.
2003 1379 2263 1444 Horum

287 1464 621 1529 malorum
665 1473 1001 1530 tantorum
1038 1466 1296 1531 nullum
1342 1467 1545 1531 finem
1591 1486 1714 1551 ego
1748 1465 1956 1531 video.
2028 1464 2264 1548 Itaque

287 1550 749 1633 gratissimum
785 1551 953 1615 mihi
989 1552 1221 1617 feceris
1258 1554 1315 1616 si
1350 1552 1523 1618 hanc
1560 1561 1854 1618 nostram
1890 1550 2261 1617 molestiam

291 1635 433 1700 tuis
495 1637 760 1720 optimis
834 1636 1125 1703 consiliis
1214 1636 1594 1721 solatiisque
1660 1638 1985 1703 levaveris
2065 1636 2262 1719 idque

291 1730 372 1786 ut
411 1719 616 1788 facias
659 1737 724 1788 te
768 1744 944 1808 roge.
1019 1722 1189 1788 Vale
1228 1724 1296 1788 in
1326 1723 1620 1802 Domino,
1659 1724 1863 1788 frater
1904 1721 2258 1790 carissime.

470 1808 784 1876 Nemausi
828 1833 941 1875 xx.
987 1810 1157 1874 Mar.
1204 1809 1435 1875 subite.

1456 1946 1639 2012 Tuus
1683 1947 1810 2028 Ap.
1856 1944 2087 2011 Olaud.

1084 2241 1494 2250 ———

1183 2492 1374 2564 4151.

751 2645 1326 2715 BADUELLUS
1373 2644 1813 2712 OALVINO.

488 2820 777 2886 Vinalem
837 2819 1150 2902 quendam
1220 2817 1481 2884 Calvino
1545 2819 2077 2884 commendaverat
2150 2818 2265 2899 qui

287 2910 434 2974 iam
473 2907 591 2972 tali
631 2906 819 2971 laude
862 2906 1167 2989 indignus
1196 2905 1401 2986 fuisse
1434 2903 1696 2969 videtur.
1773 2904 2025 2970 Interea
2059 2901 2264 2968 alium

295 2993 722 3078 Caperonium
764 2992 1159 3056 commendat.

639 3164 750 3228 (Ex
788 3162 1127 3231 autographo
1163 3162 1297 3216 Cod.
1334 3160 1538 3215 Genev.
1577 3160 1692 3225 115,
1729 3162 1819 3215 sol.
1856 3160 1935 3230 4.)

286 3337 699 3403 Doctissimo
767 3334 910 3398 viro
973 3334 1487 3484 atqughoptlilmo
1554 3333 1810 3397 homini
1878 3334 1963 3398 D.
2026 3331 2265 3399 Oarolo

1233 3439 1342 3483 ase
1396 3438 1451 3482 o.

470 3592 578 3657 De
615 3591 835 3657 Vinali
878 3611 1070 3674 quem
1118 3589 1239 3654 tibi
1285 3588 1524 3673 hyeme
1557 3589 1897 3670 superiore
1932 3610 2265 3655 commen·

287 3679 455 3745 davi
499 3700 578 3744 ea
620 3677 784 3742 mihi
827 3684 1100 3741 narrata
1142 3677 1414 3740 fuerunt
1477 3694 1645 3758 quae
1690 3675 1854 3739 mihi
1901 3682 2154 3741 tantam
2199 3686 2268 3741 et

287 3764 803 3831 admirationem
865 3774 932 3827 et
983 3761 1352 3827 molestiam
1414 3759 1785 3825 attulerunt
1838 3768 2153 3843 quantam
2198 3769 2267 3827 et

285 3850 415 3917 illa
468 3850 767 3934 superior
823 3846 1304 3913 commendatio
1324 3897 1338 3920 ,
1419 3857 1488 3911 et
1546 3867 1754 3923 nunc,
1834 3849 1890 3912 si
1934 3846 2050 3911 illa
2103 3866 2266 3911 vera

285 3944 473 4013 eunt,
518 3936 740 4001 iudicii
786 3935 916 3998 mei
959 3933 1386 3998 commutatio
1427 3933 1665 3996 afferre
1709 3930 1952 3997 debuit.
2033 3932 2265 4013 Quan-

285 4042 494 4107 quam
537 4042 672 4086 non
732 4020 926 4103 plane
992 4020 1278 4084 sciebam
1335 4039 1419 4082 an
1469 4018 1630 4082 haec
1676 4017 1769 4081 ita
1811 4038 1883 4083 se
1924 4017 2261 4096 haberent,

284 4118 459 4175 sunt
501 4118 724 4172 tamen
768 4105 934 4169 mihi
968 4106 1418 4187 maximopere
1454 4103 1746 4169 molesta.
1829 4103 2063 4188 Itaque
2098 4105 2264 4169 mihi

286 4194 749 4279 gratissimum
831 4192 961 4256 erit
1023 4192 1082 4257 si
1149 4210 1266 4273 per
1331 4210 1482 4254 eum
1552 4191 1662 4272 qui
1728 4189 1891 4254 mihi
1966 4191 2266 4256 narravit

285 4280 457 4364 quid
520 4281 608 4344 sit
673 4277 756 4343 ad
823 4298 930 4341 me
993 4276 1352 4359 scripseris.
1439 4275 1627 4340 Haec
1680 4294 1878 4341 causa
1919 4276 2045 4340 fuit
2091 4275 2263 4359 quod

284 4374 367 4432 et
410 4368 533 4430 iste
575 4365 686 4447 qui
731 4384 913 4429 meas
978 4362 1095 4428 tibi
1164 4362 1296 4426 iam
1341 4358 1657 4439 reddidit,
1724 4382 1927 4444 quum
1973 4363 2141 4427 istuc
2181 4362 2264 4426 ad

281 4472 419 4516 vos
454 4450 657 4515 vellet
698 4450 1041 4532 proficisci,
1085 4468 1238 4513 cum
1282 4447 1530 4529 pudore
1574 4466 1651 4511 ac
1708 4458 1888 4512 metu
1944 4448 2073 4512 iter
2115 4468 2264 4513 sus-

283 4537 571 4620 ciperet,
640 4545 709 4600 et
774 4555 898 4619 ego
963 4555 1112 4599 enm
1181 4533 1301 4598 tibi
1367 4531 1586 4616 aliqua
1628 4552 1779 4597 cum
1824 4532 2265 4599 sollicitudine

283 4620 858 4690 commendarem:
927 4640 1059 4685 non
1119 4617 1290 4702 quod
1346 4628 1462 4684 aut
1514 4619 1656 4702 ipse
1719 4618 1977 4684 nullum
2022 4619 2104 4684 ad
2149 4641 2264 4684 vos

285 4707 672 4776 huiusmodi
752 4707 1218 4773 conscientiam
1285 4704 1538 4781 afferat,
1604 4714 1720 4770 aut
1784 4726 1906 4788 ego
1972 4704 2053 4770 de
2119 4706 2261 4771 eius

283 4794 589 4861 moribus
631 4812 708 4857 ao
749 4793 894 4858 vita
936 4813 1083 4857 eam
1151 4792 1527 4874 opinionem
1575 4789 1853 4855 habeam
1898 4811 2064 4874 quae
2108 4811 2260 4856 cum

287 4880 703 4946 dubitatione
759 4880 849 4944 sit
902 4879 1253 4944 coniuncta
1271 4928 1287 4955 ,
1351 4875 1467 4941 sed
1525 4884 1748 4942 tamen
1809 4897 1929 4943 nos
1993 4886 2265 4943 movent

293 5041 400 5049 .-——-
491 5039 708 5046 ---—-

283 5139 484 5194 4150.
510 5138 569 5208 1)
613 5137 763 5192 Tem
801 5134 1100 5217 Gaufrcsn‘o
1140 5134 1322 5204 (Bau.
1358 5133 1557 5189 XXIV.
1600 5147 1659 5202 ρ.
1694 5132 1800 5215 20..
1833 5131 1955 5199 194)
2003 5134 2266 5202 Biyou'u

287 5209 626 5265 οὸωιωιιι
670 5210 958 5261 nonem
1002 5202 2266 5272 medonivmmmrehnquerecoactuc

287 5276 581 5335 meaa-
615 5290 673 5329 οε
718 5274 1024 5329 mutarat
1089 5272 1187 5328 sed
1228 5288 1283 5325 α.
1327 5270 1457 5326 1547
1506 5271 1758 5326 Tolosa-⁸
1802 5271 2057 5327 redderet.
2111 5271 2266 5328 Hinc

287 5316 1520 5413 ammadmmnfm.

1923 416 2715 485 SUPPLEMENTUM.

4210 423 4343 487 390

2366 627 2594 672 eorum
2641 604 2944 687 exempla
3006 605 3080 670 in
3123 627 3285 689 quos
3330 606 3515 672 nulla
3554 606 4004 674 huiuscemodi
4050 610 4337 691 suspicio

2365 693 2598 760 cadere
2642 712 2833 775 posse
2877 691 3245 758 videbatur.
3334 693 3570 775 Itaque
3628 695 3917 776 primum
3974 715 4014 758 a
4071 706 4136 759 te
4183 705 4337 778 peto

2366 787 2442 843 ut
2486 779 2541 842 si
2587 777 2743 860 quid
2786 776 2901 842 ille
2945 777 3075 843 tale
3120 778 3366 861 aliquid
3413 779 3760 857 commisit,
3808 778 3973 846 mihi
4034 801 4154 864 pro
4210 780 4339 846 hu·

2367 863 2683 929 manitate
2728 873 2846 929 tua
2887 862 3192 947 ignoscas
3210 915 3225 942 ,
3292 885 3528 947 meque
3588 864 3846 948 lapsum
3892 865 4198 948 opinione
4242 868 4342 932 ita

2367 957 2592 1033 putes,
2661 959 2736 1014 ut
2781 957 3070 1033 potestas
3114 958 3335 1014 tamen
3382 959 3449 1015 et
3488 971 3643 1015 vere
3688 949 3769 1015 de
3811 950 3959 1018 aliis
4000 951 4343 1018 iudicandi

2365 1045 2434 1100 et
2498 1055 2611 1101 eos
2670 1034 2788 1099 tibi
2844 1034 3346 1101 commendandi
3409 1035 3593 1101 nullo
3639 1036 3831 1102 modo
3874 1037 4183 1121 adempta
4226 1039 4336 1104 sit.

2367 1121 2541 1186 Nam
2612 1121 2791 1187 hunc
2852 1120 3113 1204 quidem
3160 1121 3475 1186 Ioannem
3524 1121 3943 1202 Caper-onium
3973 1125 4022 1203 ¹)
4090 1122 4339 1189 iamdiu

2365 1209 2463 1272 ita
2505 1207 2798 1289 cognovi,
2846 1215 2988 1272 tum
3031 1207 3104 1271 in
3148 1206 3429 1289 publicis
3483 1208 3910 1274 concionibus
3974 1211 4046 1274 in
4101 1210 4341 1292 quibus

2366 1301 2544 1359 caste
2589 1294 2977 1377 integreque
3019 1301 3124 1358 est
3165 1303 3494 1372 versatus,
3558 1303 3703 1358 tum
3748 1295 3814 1359 in
3863 1295 4140 1377 privatis
4183 1316 4342 1361 nos-

2367 1380 2491 1445 tris
2555 1377 3149 1463 colloquutionibus
3213 1379 3519 1463 vitaeque
3563 1381 3767 1445 totius
3845 1380 4340 1460 consuetudine,

2368 1472 2446 1529 ut
2511 1462 2631 1528 tibi
2697 1475 2764 1529 et
2821 1465 3153 1530 affirmare
3197 1475 3261 1529 et
3305 1464 3630 1548 spondere
3675 1466 3919 1547 possim
3938 1517 3953 1544 ‚
4022 1487 4171 1532 eum
4215 1487 4342 1534 nec

2366 1571 2440 1616 re
2508 1571 2628 1616 nec
2707 1552 3003 1616 oratione
3082 1552 3590 1617 commissurum
3670 1552 3840 1634 quod
3920 1552 4341 1619 sanctissimo

2368 1643 2588 1702 vestro
2647 1645 2833 1701 coetu
2890 1636 3238 1720 indignum
3302 1638 3405 1702 sit.
3497 1637 3567 1702 Is
3612 1637 4057 1720 Monspessuli
4105 1659 4343 1704 coeno-

2367 1722 2474 1788 bio
2519 1722 3112 1788 Dominicanorum
3155 1724 3250 1788 ita
3293 1722 3405 1787 diu
3451 1724 3734 1805 praefuit
3778 1735 3851 1788 ut
3896 1744 3973 1788 ea
4017 1725 4085 1789 in
4131 1724 4343 1788 admi-

2366 1808 2757 1874 nistratione
2801 1808 2944 1873 eius
2986 1818 3053 1874 et
3095 1808 3447 1891 prudentia
3489 1817 3557 1873 et
3598 1809 3891 1892 probitas
3936 1817 4006 1875 et
4043 1811 4339 1893 gravitas

2365 1905 2712 1978 perspecta
2773 1893 2976 1959 fuerit
3040 1895 3472 1977 omnibusque
3538 1896 3985 1978 maximopere
4045 1894 4337 1978 probata.

2365 1980 2611 2046 Postea
2656 2000 2812 2045 vero
2857 2001 3053 2064 quam
3100 2001 3140 2045 a
3184 1981 3469 2045 Domino
3514 1987 3615 2046 est
3658 1979 4072 2046 illuminatus
4125 2003 4189 2045 m
4284 1982 4298 1995 “

2366 2065 2493 2131 hae
2532 2066 2814 2132 virtutes
2855 2066 2925 2130 in
2974 2065 3084 2130 illo
3130 2067 3506 2145 eluxerunt,
3552 2075 3627 2131 ut
3676 2087 3810 2131 non
3854 2068 3940 2132 eit
3989 2003 4337 2132 nobisff

2365 2151 2712 2217 bitandum
2757 2151 2919 2234 quin
2971 2154 3043 2215 in
3088 2152 3361 2218 Domini
3407 2152 3641 2216 timore
3686 2153 4077 2235 pietatisque
4120 2153 4341 2220 studio

2365 2235 2491 2301 sibi
2536 2235 2712 2320 apud
2758 2258 2873 2303 vos
2915 2245 3189 2303 constet.
3263 2237 3433 2302 Nam
3479 2245 3803 2320 quantum
3839 2238 3910 2303 in
3954 2259 4031 2303 eo
4077 2238 4343 2322 religio-

2369 2323 2475 2387 nis
2541 2325 2628 2387 sit
2693 2322 2987 2388 studium
3057 2333 3252 2406 atque
3317 2344 3533 2401 amor,
3600 2324 3762 2389 satis
3829 2323 4121 2390 declarat
4164 2325 4342 2390 vitae

2367 2417 2715 2491 susceptae
2780 2430 2857 2474 ac
2911 2407 3037 2473 diu.
3072 2409 3384 2492 probatae
3428 2411 3885 2488 commutatio,
3944 2410 4018 2474 in
4063 2430 4224 2493 qua,
4282 2412 4340 2475 si

2370 2492 2694 2559 voluisset
2747 2494 2860 2559 otii
2923 2495 3308 2577 ventrisque
3361 2506 3479 2560 aut
3532 2497 3729 2560 etiam
3791 2496 4070 2562 alicuius
4114 2497 4343 2561 existi·

2370 2580 2681 2646 mationis
2724 2580 3046 2645 rationem
3091 2580 3336 2646 habere
3359 2632 3375 2659 ,
3418 2602 3571 2647 cum
3617 2602 3860 2665 magna
3901 2593 3971 2646 et
4014 2582 4231 2666 gratia
4274 2591 4345 2646 et

2368 2664 2566 2731 laude
2633 2665 2976 2731 hominum
3052 2667 3409 2731 multorum
3487 2687 3759 2732 manere
3822 2675 4096 2751 poterat.
4204 2665 4343 2733 Sed

2367 2749 2580 2833 pluris
2636 2752 2792 2817 facit
2848 2753 3045 2818 unius
3086 2751 3337 2818 Ohristi
3397 2752 3833 2819 excellentem
3891 2754 4339 2836 cognitionem

2370 2845 2784 2921 vestramque
2827 2838 3387 2917 consuetudinem,
3432 2858 3633 2920 quam
3669 2849 4075 2904 caeterarum
4114 2840 4344 2905 huius·

2370 2921 2549 2986 modi
2590 2923 3090 3005 perfruitionem
3132 2945 3374 2999 rerum,
3421 2944 3589 3008 quae
3624 2946 3775 2990 cum
3810 2925 4152 3008 impietate
4187 2945 4345 2990 con-

2368 3008 2635 3075 iunctae
2678 3021 2851 3075 sunt.
2941 3008 3177 3094 Itaque
3235 3032 3274 3075 a
3329 3018 3395 3074 te
3451 3019 3601 3093 peto
3661 3023 3859 3094 atque
3902 3009 4227 3077 contendo
4272 3018 4348 3076 ut

2372 3094 2554 3161 hunc
2613 3117 2653 3160 a
2709 3116 2817 3161 me
2875 3096 2993 3161 tibi
3051 3096 3586 3163 commendatum
3645 3097 3741 3162 ita
3795 3119 3969 3163 nunc
4044 3098 4343 3181 accipias,

2377 3199 2588 3263 eoque
2631 3181 2870 3246 iudicio
2914 3193 3113 3265 atque
3158 3185 3377 3247 animo
3434 3181 3985 3266 comprehendas,
4045 3191 4119 3247 ut
4163 3183 4345 3248 omni

2379 3274 2707 3349 tempore,
2774 3287 2901 3349 quo
2942 3268 3093 3334 istic
3136 3268 3476 3334 vobiscum
3518 3267 3785 3334 futurus
3830 3280 3961 3347 est,
4021 3269 4347 3352 optimum

2374 3353 2613 3428 virum,
2661 3352 3236 3433 modestissimum,
3283 3354 3752 3438 gravissimum
3796 3354 4151 3434 hominem,
4197 3375 4345 3419 ves-

2368 3437 2458 3501 tri
2496 3437 3070 3517 studiosissimum,
3093 3440 3638 3517 amantissimum,
3663 3439 4341 3517 observantissimum,

2375 3530 2600 3588 vestra
2642 3524 2917 3590 ecclesia
2959 3524 3354 3609 perdignum
3395 3526 3489 3590 sis
3546 3527 3948 3609 cogniturus.
4038 3526 4185 3610 Ego
4223 3546 4344 3609 pro

2372 3629 2449 3673 eo
2517 3609 2715 3675 fidem
2794 3631 3009 3676 meam
3088 3611 3456 3695 interpono.
3565 3611 3893 3677 Dominus
3957 3613 4043 3677 sit
4107 3622 4343 3678 tecum.

2366 3693 2681 3760 Nemausi
2725 3718 2840 3779 mJ.
2888 3718 2992 3762 no.
3042 3697 3173 3763 Ma.

3491 3817 3673 3882 Tuus
3717 3820 3887 3901 App.
3933 3815 4169 3882 Claud.

3248 4360 3442 4431 4152.

2839 4513 3392 4595 BOSQUETUS
3440 4516 3880 4584 CALVINO.

2546 4687 2782 4754 Italiae
2809 4692 3144 4767 pertaesus
3185 4689 3262 4753 de
3304 4688 3515 4754 reditu
3558 4688 3800 4773 coyitat.

2366 4858 2478 4927 (nx
2515 4858 2855 4929 autographo
2895 4858 3026 4912 cod.
3064 4858 3233 4914 Goth.
3266 4856 3386 4923 404,
3424 4858 3516 4912 sol.
3557 4856 3672 4911 762.
3729 4858 3921 4913 Edidit
3943 4861 4114 4915 Liebe
4148 4879 4202 4931 p.
4230 4860 4342 4931 ⁷5.)

2365 5132 2543 5187 41³1.
2585 5134 2640 5199 1)
2680 5132 2937 5188 Men·
2979 5133 3165 5216 5¹⁶⁹?
3198 5132 3507 5215 Badnclluo
3552 5134 3894 5189 commendat
3930 5134 4005 5189 N.
4046 5133 4182 5189 1348
4215 5136 4266 5217 ι’.ο
4292 5150 4342 5189 c.

2367 5199 2600 5283 031550
2649 5217 2875 5272 umque
2925 5201 3062 5257 dcent
3112 5216 3229 5256 tom
3281 5200 3409 5283 olan
3461 5202 3891 5258 commendatam
3927 5220 3966 5258 a
3999 5218 4058 5259 ce
4107 5203 4341 5259 camo

2361 5270 3076 5406 Ῑυωροᾳεκοεῗτὰιὴᾶο
3116 5269 3901 5337 Gaufrmccxconicctnra
3935 5272 4341 5329 Mummio

3814 5425 3928 5481 2⁶·
