4900 6125
299 420 410 485 493

303 603 450 674 nihil
485 623 842 690 ageremus,
914 614 982 672 et
1035 605 1329 692 gratuler
1372 606 1434 673 ei
1477 626 1874 688 successum,
1920 608 2034 691 qui
2078 606 2236 673 dum

303 690 583 758 recordor
645 691 802 759 facit
864 701 941 758 ut
997 690 1364 760 desiderem
1431 692 1501 759 in
1567 713 1763 777 opere
1817 714 1961 760 esse
2016 701 2091 759 ut
2142 693 2240 758 fui

304 776 458 861 spud
491 783 764 844 nosti-os.
832 776 1007 844 Nam
1043 787 1205 845 tunc
1240 776 1407 844 mihi
1441 775 1718 845 videbar
1751 779 1989 846 vivere.
2058 776 2240 861 Quid

300 870 504 929 nostro
561 882 697 929 non
756 865 977 930 evenit
1034 864 1245 931 Vireto
1295 864 1367 930 in
1422 873 1561 930 tam
1614 864 1864 951 insigni
1919 875 1988 931 et
2038 866 2241 932 ubere

300 945 540 1015 fluctu?
625 946 762 1015 Sed
805 958 881 1015 tu
924 956 995 1015 et
1036 948 1213 1016 domi
1268 970 1358 1029 es,
1425 949 1602 1017 domi
1645 959 1716 1016 et
1756 950 1917 1017 foris
1957 951 2057 1016 ita
2097 951 2241 1035 agis

301 1034 668 1100 utteetiam
703 1033 917 1102 indies
951 1036 1198 1104 vincas.
1266 1034 1581 1103 Christus
1613 1038 1830 1123 magis
1862 1038 2076 1122 magis
2096 1035 2134 1075 ³⁸¹
2167 1036 2238 1101 in

300 1120 583 1186 cunibus
637 1140 804 1204 opus
859 1141 1054 1187 suum
1117 1121 1429 1188 absolvat.
1509 1122 1662 1208 Ego
1713 1123 1892 1190 solus
1946 1143 2106 1207 repo
2169 1130 2243 1188 et

297 1212 536 1271 tantum
601 1227 734 1272 non
793 1208 1256 1293 retrogredior.
1347 1206 1725 1274 Oonfioerer
1781 1228 2053 1292 prorsus
2107 1208 2241 1275 nisi

298 1290 555 1357 aliorum
599 1291 770 1358 bona
813 1294 1150 1359 efficerent
1205 1303 1282 1360 ut
1336 1314 1488 1359 mea
1538 1315 1671 1360 non
1718 1295 2001 1361 sentiam
2044 1293 2238 1373 mala,

298 1385 361 1443 ot
393 1377 486 1442 ita
522 1377 778 1461 gaudeo
821 1399 1022 1529 quer
1065 1388 1254 1446 tanta
1297 1377 1753 1446 benedictione
1796 1379 2089 1457 Domini,
2162 1388 2242 1445 ut

297 1482 486 1547 paene
529 1462 656 1529 sim
700 1465 846 1530 sine
930 1464 1109 1531 olore
1163 1486 1362 1549 super
1425 1466 1509 1532 iis
1552 1486 1720 1549 quae
1764 1486 1871 1533 me
1913 1464 2240 1532 hostiliter

300 1557 361 1614 et
407 1548 615 1614 multa
666 1550 738 1616 vi
793 1560 1040 1634 cogunt
1089 1549 1516 1618 retrocedere.
1608 1550 1821 1635 Spero
1873 1551 2237 1618 Dominum

295 1632 606 1700 facturum
649 1645 741 1712 ut,
787 1634 1338 1719 quemadmodum
1380 1636 1529 1703 istic
1571 1658 1724 1705 suos
1769 1637 1988 1704 hostes
2011 1635 2240 1704 Domi·

297 1740 409 1786 nus
448 1721 745 1799 confecit,
781 1722 877 1786 ita
910 1731 977 1788 et
1013 1723 1121 1789 hic
1155 1723 1245 1789 sit
1279 1722 1591 1790 facturus.
1657 1723 1990 1807 Principis
2024 1733 2239 1790 mater

295 1803 467 1872 nobis
525 1804 756 1888 aderit,
818 1817 895 1874 ut
951 1809 1216 1892 recepit,
1275 1816 1343 1873 et
1398 1817 1470 1875 tu
1528 1831 1663 1875 non
1719 1809 1947 1876 deeris.
2045 1808 2236 1889 Vale,

295 1891 381 1955 mi
417 1890 622 1957 stater
675 1893 975 1958 omnium
1031 1894 1383 1975 carissime,
1441 1901 1512 1961 et
1554 1893 1730 1978 quod
1772 1916 2035 1978 semper
2074 1895 2237 1962 facis

426 1978 629 2045 ectius
658 1977 943 2045 absolve.
1024 1978 1273 2046 Omnia
1314 1979 1384 2044 in
1433 1988 1498 2045 to
1531 1978 1861 2047 Dominus
1913 1979 2237 2064 adaugeat

331 2082 450 2127 ona
490 2073 556 2129 et
601 2085 801 2148 quam
847 2064 1327 2132 absolutissime
1372 2067 1595 2131 omnia
1636 2067 1936 2151 perficiat
1977 2067 2046 2132 in
2093 2066 2235 2151 glo-

289 2147 444 2213 riam
504 2149 607 2217 sui
674 2150 958 2217 nominis
1024 2163 1091 2216 et
1154 2152 1449 2218 omnium
1507 2152 1927 2219 ecclesiarum
1971 2152 2235 2238 plenam

289 2234 819 2301 instaurationem
862 2245 931 2303 et
971 2248 1492 2304 consummatam
1550 2237 2090 2319 aedificationem,
2150 2237 2236 2303 ad

288 2339 437 2403 quae
470 2330 537 2386 te
572 2319 689 2387 diu
724 2333 947 2388 servet
980 2321 1394 2389 incolumem.
1461 2322 1674 2408 Cupio
1696 2324 1983 2410 collegas
2006 2343 2237 2390 omnes

287 2403 501 2487 salvos
551 2416 622 2473 et
664 2406 983 2492 quidquid
1025 2418 1129 2474 est
1162 2408 1440 2494 piorum.
1510 2409 1789 2477 Fratres
1823 2421 1891 2476 te
1926 2409 2232 2476 salutant.

290 2487 491 2573 Quam
557 2493 912 2578 expetierit
958 2515 1131 2560 uxor
1178 2505 1253 2560 ut
1300 2503 1367 2561 te
1413 2493 1673 2562 salvum
1731 2516 1876 2562 esse
1919 2494 2233 2576 iuberem,

283 2596 408 2642 non
464 2590 663 2646 vacat
715 2600 840 2647 nec
894 2601 1162 2665 possum
1220 2581 1524 2647 scribere.
1615 2580 1841 2663 Quid?
1908 2580 2080 2646 nihil
2133 2589 2235 2647 est

284 2657 445 2729 domi
486 2664 664 2749 quod
728 2673 797 2732 te
853 2687 990 2732 non
1043 2674 1228 2752 optet
1279 2665 1560 2734 salvum.
1645 2667 1958 2735 Neocomi
2001 2671 2040 2732 3
2085 2670 2231 2734 Au-

279 2748 444 2833 gusti
497 2753 684 2817 1562.

1277 2890 1463 2957 'Puus
1505 2898 1687 2957 totus
1727 2889 2073 2992 Farellus3

1112 3488 1319 3561 3882.

659 3642 1338 3713 BULLINGERUS
1383 3643 1824 3712 OALVINO.

438 3812 771 3882 Οοηᾶαοαε
809 3835 853 3880 a
901 3815 1352 3882 Turiomsv‘bus
1383 3816 1694 3898 pecuniae
1732 3836 2050 3884 summam
2086 3838 2231 3884 mu·

277 3900 443 3965 ham
479 3902 741 3985 cuapiens
781 3902 1101 3983 suscipere
1141 3902 1463 3984 repulsam
1521 3903 1686 3968 aazia
1776 3903 2047 3971 Interim
2089 3905 2232 3989 ipse

277 3984 426 4051 siloa
460 3987 639 4071 facit,
683 3987 1045 4054 adwsarii
1078 3993 1289 4054 autem
1326 4008 1451 4054 non
1492 3988 1853 4055 dormitant.

280 4154 384 4222 22
416 4157 1392 4298 22ε9ιεε9-..92...
1440 4158 1686 4284 ffl-
1721 4159 1844 4224 29
1882 4162 2018 4287 a,
2051 4161 2229 4217 922·

431 4399 820 4467 Olarissimo
853 4400 1001 4466 viro
1032 4398 1111 4466 D.
1135 4398 1419 4466 Calvino
1453 4399 1873 4468 Genevensis
1915 4401 2228 4469 ecclesiae

273 4484 567 4552 ministro
599 4485 786 4552 fideli
806 4484 1071 4552 domino
1097 4484 1369 4553 colendo
1403 4493 1472 4552 et
1505 4485 1694 4551 fratri
1716 4489 2056 4640 caridsgiffi
2085 4508 2223 4555 suo.

431 4742 502 4810 S.
547 4744 638 4810 D.
727 4743 1019 4810 Tristem
1062 4741 1414 4809 admodum
1458 4765 1566 4811 me
1603 4743 2034 4811 reddiderunt
2071 4744 2219 4812 lite-

276 4844 380 4893 rne
417 4837 594 4913 tuae,
621 4833 671 4909 ¹)
718 4850 839 4914 per
883 4828 1262 4896 conradum
1311 4826 1641 4897 Sulcerum
1680 4831 1927 4896 Alberti
1969 4851 2218 4898 merca-

276 4914 424 4980 toris
464 4915 848 4982 ministrum
902 4916 1162 4982 missae.
1252 4915 1588 5002 Principio
1648 4916 1909 5001 quidem
1949 4928 2221 5002 propter

271 5198 334 5257 de
370 5205 487 5260 eins
525 5206 868 5276 profectione
907 5212 959 5262 st
1003 5212 1187 5262 nmen
1229 5207 1348 5275 ipse
1385 5204 1668 5276 proficisci
1698 5208 1868 5279 cupit,
1902 5206 2013 5264 ino
2045 5208 2224 5281 nuper

265 5273 531 5410 ‘gea-eng
561 5282 680 5330 orat
713 5277 804 5331 m'r
834 5280 1106 5347 quictem
1136 5276 1369 5332 nescium

1993 421 2155 485 1562
2200 413 2597 487 AUGUST.

4174 422 4309 486 494

2339 604 2674 691 pecunias,
2694 602 2754 691 ²)
2842 624 2962 672 uas
3002 604 3308 688 princeps
3351 624 3392 669 a
3431 605 3677 671 nostris
3720 609 3956 671 mutuo
3996 605 4125 674 sibi
4159 603 4304 675 dari

2339 690 2718 776 postulavit.
2872 711 2959 756 on
3013 690 3191 757 enim
3252 688 3479 756 dubito
3523 690 3696 758 male
3730 691 4301 775 interpretaturos,

2338 777 2453 861 qui
2497 776 2785 860 inopiam
2827 785 3123 842 nostram
3166 775 3497 861 ignorant,
3558 775 3729 860 quod
3773 797 4038 844 summa
4078 786 4303 863 postu·

2339 863 2478 928 lata
2540 883 2677 928 non
2731 870 2835 929 est
2892 861 3346 928 adnumerata.
3436 866 3530 927 At
3584 862 3867 929 rationes
3910 872 4107 930 antea
4147 885 4305 932 vere

2340 948 2463 1015 tibi
2507 949 2802 1031 exposui,
2846 969 2971 1015 cur
3011 947 3223 1013 nostri
3265 967 3404 1014 non
3448 949 3723 1032 possint,
3812 947 4018 1014 Aliud
4062 947 4304 1018 addere

2339 1054 2474 1100 non
2517 1054 2802 1118 possum.
2869 1032 3131 1100 Deinde
3175 1034 3412 1117 affligit
3452 1054 3560 1100 me
3603 1054 3806 1118 supra
3847 1035 4117 1102 modum
4152 1057 4305 1122 gra-

2341 1121 2532 1199 viter,
2611 1119 2784 1203 quod
2850 1118 3085 1186 scribis
3145 1119 3225 1184 de
3271 1119 3689 1187 Bernatibus.
3716 1123 3769 1200 ⁸)
3859 1118 4304 1204 speraveram

2338 1205 2490 1272 illos
2527 1206 2650 1271 sibi
2695 1206 2939 1273 amicos
2982 1213 3329 1288 paraturos
3370 1203 3487 1270 illa
3529 1203 3964 1291 expeditione,
4011 1227 4142 1291 qua
4185 1206 4304 1273 bo·

2340 1310 2497 1357 nam
2556 1289 2907 1357 Helvetiae
2970 1300 3229 1376 partem
3375 1291 3590 1357 aviter
3640 1291 4076 1358 offenderunt.
4165 1291 4304 1360 Sed

2340 1376 2661 1462 intelligo,
2706 1376 2956 1443 nullam
3002 1397 3114 1442 eos
3149 1395 3276 1460 apu
3370 1397 3487 1443 vos
3523 1385 3722 1460 atque
3746 1377 3977 1445 Gallos
4019 1382 4304 1463 gratiam

2338 1462 2565 1529 iniisse
2610 1471 2733 1529 etc.
2821 1462 2933 1527 Ex
2990 1461 3292 1528 ministro
3351 1463 3510 1528 item
3552 1463 3939 1530 mercatoris
3982 1464 4303 1547 intellexi,

2337 1549 2662 1615 maximas
2721 1547 3065 1616 Oondensis
3127 1549 3346 1632 copias
3405 1548 3709 1615 Aureliae
3781 1548 4068 1616 inclusas
4133 1550 4304 1617 nihil

2339 1635 2570 1714 facere,
2615 1642 2684 1700 et
2725 1634 3062 1719 impensas
3103 1632 3580 1717 conduplicare.
3650 1635 3866 1700 Aiunt
3886 1634 3999 1701 alii
4023 1635 4302 1703 militem

2338 1720 2579 1787 fessum
2625 1728 2695 1786 et
2739 1719 2935 1806 longa
2978 1739 3163 1786 mora
3205 1719 3484 1786 fractum
3530 1740 3602 1785 se
3636 1719 3996 1787 subducere
4035 1723 4303 1789 sensim.

2337 1806 2702 1872 Dominum
2747 1826 2880 1885 oro,
2941 1813 3016 1870 ut
3054 1806 3198 1890 ipse
3242 1807 3580 1890 negotium
3624 1803 3809 1873 recte‘
3847 1806 4109 1892 dirigat.
4199 1807 4303 1874 'l'u

2335 1892 2677 1959 existimas
2741 1892 2996 1974 Papam
3063 1899 3377 1957 vexatum
3441 1911 3481 1956 a
3544 1892 3837 1959 'turcicis
3921 1893 4304 1961 triremibus

2338 1998 2469 2044 non
2514 1998 2706 2063 posse
2749 1976 2999 2043 bellum
3045 1997 3275 2061 gerere
3318 1977 3389 2042 in
3413 1976 3652 2043 Gallia.
3721 1977 3867 2063 Ego
3906 1999 4067 2045 vero
4104 1978 4301 2048 hodie

2337 2063 2566 2130 literas
2609 2063 2832 2148 accepi
2875 2085 2915 2129 a
2954 2062 3040 2127 D.
3080 2061 3374 2128 Hercule
3416 2083 3460 2128 a
3486 2062 3679 2143 Salis,
3699 2066 3758 2144 ⁴)
3805 2064 3917 2149 qui
3959 2083 4079 2148 pro
4122 2085 4300 2132 com-

2334 2160 2523 2234 perto
2587 2159 2833 2227 narrat,
2898 2147 3289 2215 Pontificem
3401 2149 3691 2216 aravisse
3754 2149 4048 2233 peditum
4109 2155 4299 2232 ⁷000,

2336 2237 2630 2319 equitum
2687 2238 2863 2301 1000.
2930 2234 3287 2301 Praeterea
3425 2234 3656 2300 mitem
3701 2234 4016 2301 Ioannem
4057 2237 4135 2303 de
4154 2238 4299 2303 An-

2329 2320 2602 2405 yosciola
2622 2324 2676 2400 ⁸)
2735 2323 2905 2387 3000
2969 2318 3264 2404 peditum
3326 2320 3596 2387 duxisse
3653 2342 3739 2387 ex
3803 2320 4169 2388 Mediolano
4232 2330 4301 2389 et

2334 2406 2679 2473 Placentia
2718 2404 3017 2486 Ienuam,
3083 2404 3240 2471 inde
3298 2407 3621 2492 proficisci
3677 2415 3859 2473 recta
3898 2408 3968 2473 in
4012 2407 4300 2474 Provin-

2336 2493 2525 2572 ciam,
2571 2501 2768 2576 atque
2810 2492 2901 2558 ibi
2946 2498 3482 2576 exspectaturum
3526 2493 3871 2560 Pontificis
3915 2494 4300 2575 exercitum,

2337 2578 2450 2662 qui
2495 2597 2651 2643 mox
2696 2578 2787 2643 sit
2827 2587 3245 2662 sequuturus.
3331 2576 3517 2644 Haec
3559 2578 3741 2644 nolui
3785 2579 4092 2646 nescires.

2509 2663 2797 2729 Comitia
2836 2663 3272 2730 Heremitana
3337 2670 3496 2730 sunt
3554 2665 3759 2743 finita,
3826 2685 3902 2731 ac
3954 2686 4062 2731 res
4120 2686 4299 2732 nunc

2332 2749 2835 2833 periculosiores
2878 2770 2955 2816 ac
2999 2749 3358 2816 deteriores
3402 2757 3575 2830 sunt,
3620 2771 3817 2834 quam
3861 2759 4072 2816 antea.
4156 2752 4298 2817 Do-

2333 2835 2556 2901 minus
2622 2843 2929 2920 protegat
2978 2834 3207 2901 fideles
3260 2856 3301 2901 a
3358 2835 3549 2914 malo,
3616 2847 3684 2901 et
3734 2835 3998 2902 roboret
4059 2837 4299 2920 spiritu

2335 2940 2454 2986 suo
2530 2929 2774 2986 sancto.
2883 2919 3055 2986 Vale
3118 2941 3253 2986 una
3315 2941 3468 2987 cum
3545 2921 3847 2988 omnibus
3911 2922 4299 3009 symmystis

2334 3013 2403 3074 et
2441 3006 2775 3073 fratribus.
2861 3006 3195 3073 Dominus
3239 3004 3411 3073 adsit
3451 3007 3643 3074 nobis
3683 3007 3999 3075 omnibus.
4072 3008 4299 3076 Nostri

2335 3100 2403 3160 te
2447 3092 2758 3161 salutant.
2840 3094 3130 3179 Augusti
3176 3096 3233 3157 7.
3286 3096 3469 3159 1562.

3474 3230 3910 3316 Bullingerus
3950 3238 4121 3299 tuus.

3217 3775 3419 3847 3833.

2820 3929 3270 3998 ΑΝΒΕΒΟΤ
3322 3933 3386 3996 A
3430 3930 3800 3999 GALVIN.

2508 4100 2669 4169 Note
2701 4121 2818 4169 sur
2858 4122 2961 4170 ses
3000 4101 3419 4187 neyociations
3460 4122 3537 4168 en
3577 4101 3966 4188 Allemayne.
4002 4104 4055 4181 ¹)

2333 4272 3054 4344 (Bibliothequeffironchin.
3090 4272 3336 4356 ‘orginal
3373 4289 3507 4328 avec
3540 4274 3907 4344 somoription
3942 4272 4298 4344 autographo.

3006 4343 3247 4397 Bulletm
3281 4341 3433 4397 xvl.
3471 4340 3623 4410 162.)

2737 4515 2803 4581 A
2842 4512 3187 4581 Monsieur
3233 4512 3475 4582 Oalvin
3518 4535 3558 4580 a
3602 4514 3895 4582 Geneve.

2527 4786 2809 4856 2)q‘.N.
2858 4785 2999 4842 3823
3048 4787 3374 4870 etDareape
3418 4784 3709 4842 inRemoe
3757 4784 3885 4841 hist.
3937 4783 4076 4840 1876
4122 4785 4291 4855 11.p.

2319 4858 2407 4915 87.
2486 4857 2859 4925 Hotomanus,
2895 4855 3120 4925 Dalm,
3158 4857 3493 4925 Porciam,
3534 4855 3588 4910 S.
3627 4854 3854 4936 Margus
3898 4858 3952 4909 et
3986 4852 4296 4936 Δπᾴοῑοῡιω

2318 4929 2384 4984 in
2425 4924 4292 5006 Gmmmsimutmamapqoemasmffiuqm.

2322 4996 2718 5079 Centiesm'lle
2857 4993 4297 5119 Qm·dmidmpumapww

2319 5082 2562 5123 mamm
2836 5079 2964 5120 avio
2999 5070 3052 5120 et
3095 5064 3588 5132 Wcrtembcryenss.
3648 5060 3918 5129 (Kluekh.
3956 5062 3997 5117 Ι.
4155 5063 4181 5132 )

2529 5135 2591 5199 8)
2630 5136 2705 5190 N.
2741 5133 2896 5188 3824.
2932 5131 3069 5206 Req.
3108 5134 3190 5191 du
3224 5132 3446 5190 Comes?
3478 5130 3528 5186 9.
3565 5130 3678 5187 Iul.
3714 5136 3768 5188 st
3800 5146 3945 5201 seqq.

2526 5201 3081 5341 {wama-01,

2322 5341 2589 5411 8888.1)
2632 5340 2809 5411 Voyu
2839 5339 2993 5397 ΗΜ.
3025 5341 3148 5397 coel.
3184 5340 3262 5396 11.
3302 5338 3403 5394 186
3434 5339 3581 5397 suiv.
