4900 6125
538 459 667 518 711
2000 448 2382 517 INDICES
2426 447 3121 516 EPISTOLARUM.
4465 451 4588 511 '112

813 638 1217 724 singularem
1262 645 1446 703 tuam
1495 641 1680 701 1126.

809 724 948 792 sola
980 723 1144 791 fides
1195 728 1375 789 1169.

809 810 1053 878 soleam
1097 809 1427 877 interdum
1483 812 1666 874 1667.

810 896 1049 963 solutio
1093 897 1551 980 quaestionum
1594 898 1777 961 1206.

809 1003 1108 1049 summus
1150 982 1445 1066 pontifex
1493 986 1678 1048 3333.

809 1068 1144 1152 superiore
1187 1088 1364 1133 anno
1410 1070 1597 1133 3120.

808 1154 1145 1237 superiore
1187 1173 1415 1221 mense
1460 1157 1645 1216 2540.

809 1239 1258 1325 superioribus
1302 1239 1532 1306 diebus
1582 1243 1764 1304 1939.

811 1325 1260 1410 superioribus
1303 1325 1639 1393 mensibus
1686 1328 1873 1388 3739.

810 1411 1089 1497 Sylvius
1131 1412 1442 1479 Perottus
1490 1415 1675 1477 3190.

802 1505 942 1564 tam
986 1497 1297 1564 familiari
1342 1501 1535 1561 2568.Ἰ

805 1591 944 1649 tam
987 1583 1184 1649 multi
1227 1582 1425 1649 hodie
1475 1588 1659 1646 1195.

809 1679 949 1735 tam
995 1669 1226 1736 sedulo
1269 1668 1639 1753 perscribat
1684 1671 1827 1732 255.

808 1765 949 1820 tam
992 1754 1197 1822 variis
1236 1777 1314 1821 ae
1348 1754 1719 1839 multiiugis
1766 1756 1955 1818 2059.

808 1849 877 1906 te
923 1862 1138 1907 amem
1182 1842 1240 1907 si
1283 1842 1430 1925 quis
1473 1840 1642 1907 alius
1688 1844 1877 1903 3349.

804 1935 870 1992 te
914 1927 987 1991 in
1032 1927 1196 1993 artis
1238 1933 1391 1993 tuae
1443 1931 1627 1990 1383.

807 2012 930 2077 tibi
974 2010 1291 2079 adversus
1334 2011 1677 2078 illecebras
1724 2014 1909 2074 3031.

806 2095 926 2162 tibi
969 2118 1190 2164 coram
1232 2097 1547 2165 dixissem
1585 2101 1774 2162 2958.

806 2183 929 2254 tibi
971 2183 1200 2249 multis
1237 2183 1618 2251 nominibus
1668 2186 1853 2246 1385.

808 2277 908 2335 tot
949 2269 1284 2337 molestias
1327 2270 1697 2353 susceperis
1743 2270 1928 2330 2484.

806 2356 1000 2422 toties
1042 2364 1314 2422 vocatus
1357 2376 1572 2422 essem
1610 2358 1757 2418 276.

803 2450 959 2507 ωηο
1001 2441 1232 2507 literae
1275 2441 1542 2526 collegis
1588 2443 1774 2504 3276.

807 2533 961 2593 ωηο
1007 2527 1172 2593 mihi
1214 2526 1447 2593 literae
1492 2530 1635 2590 706.

804 2621 958 2679 ωηο
1002 2613 1191 2679 nobis
1235 2611 1530 2679 redditae
1572 2616 1755 2676 1015.

808 2707 955 2765 ωηο
1000 2698 1265 2765 domum
1310 2703 1499 2763 3707.

800 2784 1194 2851 tumultuari
1237 2805 1374 2849 non
1418 2782 1724 2851 desinant
1772 2787 1954 2847 1996.

808 2877 1029 2935 turma
1071 2891 1207 2936 una
1249 2872 1514 2954 piorum
1561 2875 1705 2933 695.

806 2976 974 3022 uxor
1017 2977 1099 3039 ap
1147 2956 1274 3022 ulit
1319 2959 1462 3021 363.

806 3041 1100 3109 Valeran
1147 3043 1170 3107 i
1213 3043 1438 3109 ftatris
1487 3044 1677 3106 2520.

809 3127 1235 3195 vehementer
1278 3129 1362 3195 ad
1407 3137 1475 3194 te
1516 3148 1823 3212 cuperem
1870 3132 2017 3191 544.

806 3215 1141 3280 venissem
1181 3214 1730 3281 Francofurdiam
1778 3216 1965 3277 2475.

807 3311 1064 3367 vestras
1106 3300 1332 3367 literas
1377 3301 1600 3366 attulit
1647 3304 1833 3364 2956.

804 3387 1198 3452 vestratium
1244 3388 1429 3449 2914.

808 3471 1183 3538 videremus
1225 3471 1621 3538 Michaelem
1674 3474 1853 3535 1546.

807 3558 927 3622 vix
963 3556 1140 3623 aliud
1185 3557 1272 3623 sit
1317 3559 1504 3622 2422.

808 3664 927 3710 vos
970 3644 1258 3709 maxime
1302 3664 1613 3728 cuperem
1657 3646 1850 3705 2710.

1469 3783 1566 3851 R.

537 3899 979 3967 Rambuletus
1024 3899 1186 3964 mihi
1235 3901 1423 3965 3298.

535 3986 756 4052 Rarus
797 3984 1060 4070 quidem
1103 4005 1211 4051 me
1255 3983 1338 4050 ad
1383 3993 1449 4051 te
1486 3988 1675 4052 3267.

535 4072 785 4138 Rarius
827 4070 911 4137 ad
954 4079 1023 4136 te
1067 4070 1281 4137 scribo
1324 4072 1458 4136 imo
1502 4073 1671 4140 nihil
1712 4076 1899 4138 2698.

536 4158 785 4225 Rarius
830 4156 913 4222 ad
956 4164 1024 4224 te
1064 4156 1280 4223 scribo
1324 4177 1458 4221 non
1504 4159 1677 4242 quod
1721 4164 1901 4223 1131.

538 4244 787 4310 Rarius
825 4243 1037 4327 fateor
1078 4261 1280 4327 quam
1324 4247 1470 4306 456.

540 4331 788 4397 Rarius
832 4329 1044 4396 scribo
1087 4350 1286 4413 quam
1329 4328 1533 4395 velim
1577 4334 1766 4393 4091.

540 4417 725 4482 Raro
768 4414 852 4480 ad
893 4422 958 4481 te
1000 4414 1216 4482 scribo
1262 4418 1447 4478 2981.

538 4502 719 4568 Raro
762 4500 932 4566 mihi
974 4501 1129 4566 licet
1170 4522 1290 4584 per
1334 4501 1790 4584 occupationes
1836 4506 2020 4567 3137.

540 4588 723 4653 Raro
767 4586 1030 4671 quidem
1070 4585 1153 4652 ad
1197 4595 1264 4651 te
1308 4588 1496 4651 4205.

540 4673 725 4739 Raro
772 4680 847 4738 tu
889 4672 1155 4757 quidem
1199 4671 1285 4737 ad
1327 4693 1433 4738 me
1478 4676 1658 4738 1906.

540 4760 646 4825 Re
688 4759 835 4842 ipsa
877 4758 1183 4843 experior
1227 4763 1412 4859 4)33.

541 4845 788 4927 Recepi
828 4844 1017 4910 binas
1061 4866 1145 4910 ex
1189 4853 1255 4908 te
1300 4848 1401 4908 98.

544 4931 791 5013 Recepi
835 4929 1029 4995 hodie
1072 4931 1362 5014 primum
1410 4935 1508 4991 41.

544 5017 793 5100 Recepi
837 5015 1064 5081 literas
1107 5017 1254 5081 illas
1296 5026 1443 5081 tuas
1490 5021 1590 5078 71.

544 5102 793 5186 Recepi
835 5101 1062 5168 literas
1098 5111 1247 5167 tuas
1281 5101 1532 5167 decimo
1566 5112 1756 5168 sexto
1794 5104 1914 5163 208
1932 5102 2052 5169 bis.

546 5189 793 5271 Recepi
835 5186 1064 5253 literas
1097 5195 1246 5253 tuas
1288 5209 1410 5253 nec
1453 5196 1645 5253 vacat
1692 5193 1831 5253 364.

547 5275 792 5357 Recepi
837 5294 1225 5358 responsum
1268 5280 1457 5339 tuum
1506 5278 1691 5339 3112.

546 5359 945 5443 Recepimus
982 5368 1128 5426 tuas
1169 5358 1393 5425 literas
1438 5363 1582 5422 487.

2608 637 2956 704 Recreasti
3000 656 3107 702 me
3150 637 3508 721 plurimum
3559 639 3743 698 1273.

2609 724 2817 789 Recte
2862 721 3106 790 alicubi
3148 722 3471 806 scripsisti
3517 725 3703 786 2303.

2609 811 2816 875 Recte
2861 808 2943 875 de
2986 808 3400 894 aegritudine
3447 811 3590 872 529.

2606 896 2816 962 Recte
2856 896 3019 961 faeis
3061 894 3236 980 quod
3279 895 3348 960 in
3395 902 3690 977 tempore
3739 898 3922 958 1945.

2607 983 2816 1047 Recte
2859 981 3112 1047 factum
3155 990 3257 1047 est
3300 1000 3341 1045 a
3383 990 3449 1046 te
3501 984 3683 1045 1831.

2608 1068 2814 1132 Recte
2857 1067 3106 1134 factum
3148 1067 3321 1152 quod
3365 1066 3698 1132 latinitate
3744 1071 3888 1129 825.

2607 1154 2814 1219 Recte
2857 1153 3087 1218 feceris
3130 1154 3189 1219 si
3230 1159 3464 1220 octava
3513 1155 3695 1215 1406.

2606 1241 2815 1305 Recte
2858 1238 3122 1323 quidem
3163 1246 3233 1305 et
3266 1238 3628 1321 prudenter
3663 1240 3850 1302 2278.

2607 1323 2926 1391 Reddidit
2966 1323 3133 1390 mihi
3175 1323 3401 1390 literas
3444 1333 3594 1390 tuas
3637 1324 3743 1390 vir
3788 1327 3972 1389 2296.

2607 1408 2923 1477 Reddidit
2966 1409 3133 1475 mihi
3177 1419 3327 1476 tuas
3361 1408 3734 1476 Immanuel
3788 1413 3970 1474 1968.

2607 1495 2927 1563 Reddidit
2970 1496 3136 1562 mihi
3180 1505 3297 1562 tuo
3343 1498 3611 1562 nomine
3659 1499 3802 1561 775.

2605 1581 2893 1648 Reddita
2936 1590 3039 1647 est
3081 1582 3248 1647 mihi
3291 1582 3569 1666 epistola
3608 1581 3727 1647 illa
3777 1585 3957 1644 1942.

2607 1666 2896 1734 Reddita
2939 1669 3104 1734 mihi
3149 1677 3250 1734 est
3291 1666 3568 1752 epistola
3613 1677 3727 1732 tua
3772 1672 3919 1732 433.

2606 1749 2932 1819 Redditae
2977 1753 3169 1819 hodie
3212 1754 3375 1819 mihi
3418 1764 3575 1820 sunt
3625 1757 3807 1819 1850.

2606 1838 2930 1905 Redditae
2972 1840 3138 1904 mihi
3181 1847 3340 1905 sunt
3383 1839 3614 1906 literae
3661 1849 3922 1906 vestrae
3967 1844 4112 1906 993.

2606 1922 2931 2002 Redditae
2974 1924 3138 1990 mihi
3182 1935 3339 1990 sunt
3382 1935 3536 1992 ωηο
3580 1926 4014 1992 suavissimae
4063 1929 4252 1991 2436.

2605 2009 2929 2076 Redditae
2974 2018 3133 2077 sunt
3174 2011 3339 2076 mihi
3383 2011 3757 2095 Bullingeri
3806 2016 3993 2076 3894.

2605 2095 2932 2163 Redditae
2976 2103 3135 2162 sunt
3175 2096 3344 2161 mihi
3387 2097 3482 2164 lit.
3530 2108 3681 2163 tuae
3726 2097 3977 2164 decimo
4011 2107 4244 2165 octavo
4293 2103 4498 2162 3938.

2604 2180 2932 2249 Redditae
2971 2191 3129 2248 sunt
3170 2183 3335 2248 mihi
3380 2183 3476 2248 lit.
3523 2195 3679 2250 tuae
3721 2203 3889 2266 qnae
3931 2205 4039 2248 me
4077 2187 4265 2249 2458.

2605 2266 2933 2334 Redditae
2978 2275 3135 2334 sunt
3176 2269 3338 2334 mihi
3383 2269 3481 2335 lit.
3528 2278 3683 2335 tuae
3726 2269 3964 2352 quibus
4009 2274 4196 2334 3551.

2606 2352 2932 2420 Redditae
2973 2363 3130 2420 sunt
3171 2354 3338 2419 mihi
3386 2355 3479 2420 lit.
3525 2367 3679 2420 ωηο
3725 2376 3859 2419 una
3904 2359 4048 2420 466.

2605 2436 2932 2505 Redditae
2977 2449 3138 2506 sunt
3182 2440 3348 2506 mihi
3395 2453 3548 2508 tuae
3591 2441 3688 2506 lit.
3735 2463 3887 2508 cum
3932 2463 4083 2507 exx.
4135 2446 4282 2505 614.

2606 2523 2933 2591 Redditae
2978 2533 3136 2592 sunt
3172 2527 3335 2591 mihi
3372 2536 3689 2611 utraeque
3738 2533 3834 2592 14.

2607 2609 2936 2677 Redditae
2976 2621 3131 2677 sunt
3176 2613 3366 2678 nobis
3409 2613 3508 2677 lit.
3559 2621 3819 2680 vestrae
3859 2612 3942 2679 ad
3988 2633 4158 2696 quae
4205 2616 4358 2677 872.

2607 2694 2932 2762 Redditae
2975 2706 3134 2763 sunt
3174 2698 3362 2765 nobis
3404 2699 3502 2763 lit.
3542 2707 3800 2766 vestrae
3845 2718 3930 2764 ex
3974 2697 4214 2784 quibus
4267 2706 4462 2763 1197.

2605 2781 2933 2848 Redditae
2975 2791 3131 2849 sunt
3173 2804 3337 2867 quas
3382 2784 3632 2852 decimo
3675 2784 3872 2852 tertio
3917 2788 4103 2848 2419.

2607 2866 2927 2935 Redditae
2970 2870 3086 2935 tibi
3132 2891 3323 2952 spero
3367 2871 3570 2938 fuisse
3618 2874 3806 2936 2416.

2608 2953 2970 3020 Redditum
3016 2956 3205 3024 nobis
3249 2965 3351 3022 est
3393 2976 3433 3020 a
3476 2957 3717 3023 nuncio
3764 2961 3949 3019 3815.

2545 3068 2552 3097 w
2608 3039 2808 3107 Redii
2842 3040 3071 3107 Berna
3113 3043 3310 3109 rebus
3351 3043 3654 3111 omnibus
3703 3047 3846 3109 731.

2609 3127 2807 3193 Redii
2851 3126 2997 3193 heri
3042 3128 3323 3195 Geneva
3373 3134 3553 3195 1499.

2609 3213 2837 3279 Rediit
2880 3211 2963 3278 ad
3007 3234 3127 3281 nos
3169 3224 3498 3284 mercator
3544 3222 3729 3281 3454.

2608 3298 2839 3366 Rediit
2882 3299 2967 3364 ad
3013 3309 3078 3365 te
3122 3299 3324 3367 vidua
3370 3306 3514 3367 760.

2607 3384 2836 3452 Rediit
2878 3384 3106 3451 Berna
3148 3386 3469 3453 Claudius
3517 3390 3705 3452 2092.

2608 3470 2835 3538 Rediit
2877 3492 3105 3537 cursor
3147 3472 3262 3537 ille
3306 3472 3723 3540 Genevensis
3775 3480 3954 3542 1568.

2606 3556 2836 3622 Rediit
2867 3556 3123 3641 legatus
3166 3566 3390 3624 noster
3436 3562 3622 3625 2672.

2607 3641 2837 3709 Rediit
2870 3643 3137 3709 tandem
3183 3664 3270 3710 ex
3314 3646 3562 3730 Anglia
3605 3650 3786 3708 1500.

2606 3727 2998 3793 Redivimus
3031 3728 3174 3795 heri
3212 3735 3397 3797 4261.

2606 3814 2895 3897 Regium
2936 3823 3035 3880 est
3080 3815 3294 3898 inquit
3335 3816 3447 3881 ille
3496 3820 3682 3879 3722.

2609 3899 2868 3984 Regula
2911 3901 3206 3985 vulgaris
3251 3911 3354 3967 est
3400 3905 3588 3964 2219.

2607 3984 3023 4069 Reliquimus
3057 3987 3370 4053 Neocomi
3417 3993 3604 4052 2499.

2607 4072 2780 4136 Rem
2826 4077 3034 4136 totam
3079 4072 3276 4138 credo
3323 4078 3512 4137 3331.

2608 4157 2907 4221 Remitto
2953 4156 3035 4221 ad
3072 4166 3138 4223 te
3180 4158 3372 4224 binas
3424 4163 3605 4224 1010.

2608 4243 2910 4307 Remitto
2957 4242 3038 4307 ad
3084 4249 3150 4309 te
3193 4243 3565 4330 Bullingeri
3616 4250 3799 4310 1955.

2608 4328 2905 4393 Remitto
2949 4328 3031 4393 ad
3077 4337 3143 4394 te
3186 4327 3490 4397 Danielis
3529 4334 3714 4395 2828.

2607 4414 2901 4479 Remitto
2945 4413 3027 4479 ad
3073 4424 3140 4479 te
3181 4415 3405 4482 fratris
3451 4421 3639 4478 4072.

2607 4499 2907 4565 Remitto
2951 4500 3034 4565 ad
3079 4512 3145 4565 te
3187 4501 3413 4566 literas
3449 4501 3530 4567 de
3574 4503 3812 4585 quibus
3859 4508 4042 4568 2063.

2606 4585 2901 4650 Remitto
2945 4586 3027 4651 ad
3074 4596 3139 4652 te
3182 4587 3506 4672 Martyris
3552 4592 3740 4654 2083.

2606 4670 2901 4736 Remitto
2942 4671 3026 4736 ad
3072 4686 3136 4737 te
3179 4675 3406 4738 omnia
3450 4677 3634 4738 2880.

2608 4757 2899 4821 Remitto
2943 4758 3208 4823 Calvini
3253 4758 3551 4824 libellum
3597 4766 3780 4823 3355.

2605 4842 2900 4908 Remitto
2944 4843 3231 4908 libellum
3279 4845 3543 4911 Calvini
3590 4849 3778 4912 2784.

2607 4929 2901 4995 Remitto
2944 4929 3176 4996 literas
3220 4930 3483 4998 Sulceri
3523 4938 3666 4996 939.

2605 5015 2900 5080 Remitto
2945 5016 3062 5081 tibi
3107 5038 3223 5099 per
3259 5017 3543 5083 eundem
3595 5022 3773 5084 1435.

2605 5101 2955 5183 Rependat
2996 5100 3116 5166 tibi
3161 5104 3488 5168 Dominus
3545 5109 3720 5168 1635.

2603 5187 2856 5253 Rerum
2900 5196 3267 5254 nostratum
3303 5198 3547 5255 statum
3597 5194 3740 5255 602.

2606 5276 2745 5341 Res
2791 5285 3050 5340 nostrae
3085 5276 3158 5339 in
3201 5276 3468 5359 ancipiti
3508 5281 3652 5339 583.

2609 5361 2746 5428 Res
2789 5370 3050 5426 nostrae
3095 5362 3189 5428 sic
3227 5384 3297 5428 se
3342 5360 3587 5428 habent
3639 5366 3816 5424 1481.
