4900 6125
317 423 401 486 41
2085 421 2247 488 1³61
2292 417 2624 491 Oo‘l'oB.
4250 420 4337 486 42

316 613 513 675 catus
546 613 649 674 est
680 629 768 673 ne
790 606 949 692 quid
968 606 1294 675 accideret
1312 608 1672 677 molestiae.
1729 608 1988 677 Exorta
2009 615 2111 675 est
2132 629 2280 675 rur-

315 713 436 760 sus
479 713 654 761 nova
673 693 1084 777 querimonia
1102 692 1379 762 Italicae
1410 694 1742 775 ecclesiae,
1778 694 1953 779 quod
1985 694 2280 762 clandes-

312 780 485 846 tinis
533 779 788 847 artibus
836 778 1165 863 simplices
1205 801 1245 846 e
1286 780 1489 866 vulgo
1528 781 1985 848 imbuerentur
2010 802 2279 865 perver-

316 864 417 932 sis
470 865 606 932 illis
657 864 927 932 deliriis.
1025 864 1261 933 Vocati
1281 870 1334 947 ⁷)
1391 867 1600 952 igitur
1641 873 1801 935 sunt
1842 866 1927 932 ad
1970 868 2280 934 consisto-

314 951 497 1017 rium
538 949 906 1018 mandram
949 958 1017 1017 et
1054 950 1170 1017 alii
1211 951 1494 1036 quidam.
1573 952 1756 1019 Satis
1790 951 2036 1020 habere
2068 952 2280 1033 debet,

320 1036 498 1120 quod
560 1037 766 1103 fuerit
827 1036 1072 1121 absque
1132 1037 1503 1123 ignominia
1545 1036 1871 1105 dimissus.
1977 1037 2283 1107 deinus

316 1122 523 1189 etiam
546 1141 663 1189 ore
698 1143 817 1190 suo
851 1123 1042 1189 iussit
1074 1124 1290 1208 ipsum
1326 1144 1473 1191 esse
1506 1145 1843 1192 securum:
1879 1144 1956 1190 ac
1978 1124 2282 1209 promisit

316 1228 393 1275 se
416 1206 727 1275 daturum
747 1228 1014 1293 operam
1035 1230 1121 1276 ne
1154 1208 1369 1275 fraudi
1392 1218 1614 1278 esseut
1637 1229 2065 1296 quacunque
2087 1220 2282 1276 antea

317 1303 671 1378 peccasset.
729 1294 1079 1379 Aliquanto
1098 1302 1251 1378 post
1281 1307 1579 1380 tempore
1601 1300 1657 1381 ⁸)
1691 1317 1897 1381 quum
1932 1296 2001 1363 in
2025 1296 2279 1362 audito-

316 1381 501 1446 rium
546 1378 803 1446 C'alm‘ni
843 1381 1183 1465 ingressus
1228 1389 1404 1449 esset
1436 1403 1611 1449 unus
1656 1405 1743 1448 ex
1776 1389 2059 1467 quatuor
2090 1403 2280 1468 prae·

318 1464 573 1533 sidibus
605 1473 878 1532 senatus
921 1473 1113 1551 (quos
1146 1476 1392 1534 vocant
1425 1467 1764 1553 syndicos)
1796 1468 1997 1551 idque
2030 1478 2105 1534 ut
2138 1477 2281 1534 tum

315 1550 651 1637 legentem
699 1550 1037 1619 Calvinum
1076 1551 1351 1633 audiret,
1375 1557 1429 1628 ⁰)
1462 1552 1828 1621 Blandmta
1868 1555 1979 1639 qui
2016 1553 2280 1622 lectioni

316 1637 661 1712 intererat.
697 1657 851 1704 mox
888 1637 1153 1705 sudario
1186 1639 1456 1706 naribus
1489 1640 1790 1726 opposito
1824 1660 1901 1706 ac
1933 1641 1989 1706 si
2013 1640 2282 1725 sanguis

316 1724 576 1802 flueret,
620 1744 693 1791 se
735 1724 807 1789 in
850 1722 1079 1809 fugam
1122 1723 1470 1810 proripuit,
1516 1747 1637 1793 nec
1679 1733 1906 1810 postea
1937 1727 2011 1791 in
2045 1725 2282 1791 urbem

316 1828 633 1876 reversus
673 1817 793 1875 est.
883 1809 1072 1876 Haec
1113 1818 1216 1876 est
1261 1810 1513 1878 Caluini
1553 1812 1927 1891 crudelitas,
1974 1808 2089 1896 qui
2131 1832 2280 1895 per-

316 1915 583 1961 versum
638 1894 972 1962 hominem
1026 1905 1095 1962 et
1151 1896 1609 1964 turbulentum
1664 1898 1891 1964 fovere
1946 1905 2168 1964 tamen
2197 1896 2282 1983 ¹⁰)

316 1978 591 2047 studuit.
660 1980 847 2048 Haec
882 1989 985 2048 est
1014 1982 1391 2049 innocentia
1410 1982 1824 2063 Bzanaratae,
1861 2003 2057 2067 quem
2091 2003 2281 2068 prae·

316 2067 779 2219 ,mm
804 2067 997 2219 ..⁸423ss
1018 2069 1780 2223 meratus?
1804 2068 1924 2220 ἓξ
1965 2068 2281 2220 ⁰²13&ss

319 2238 336 2253 ⁶
397 2238 413 2252 ’
497 2259 569 2304 se
613 2240 858 2305 rectius
901 2240 1202 2324 gesserit,
1245 2248 1575 2307 testantur
1607 2242 1693 2307 D.
1744 2176 2284 2324 Petffiartyris

314 2322 573 2390 literae.
600 2324 688 2409 ¹¹)
772 2325 884 2391 Ex
919 2325 1197 2391 Polonia
1229 2325 1475 2393 multas
1509 2327 1684 2393 faces
1727 2326 2040 2393 ialulatus
2075 2336 2175 2392 est
2197 2326 2279 2392 ad

314 2409 775 2477 renovandum
809 2411 1208 2477 incendium.
1267 2410 1560 2478 Onustus
1594 2421 1697 2479 est
1727 2411 1938 2479 modis
1974 2412 2281 2479 omnibus

310 2494 708 2562 labefactare
784 2496 1181 2580 simplicium
1258 2497 1475 2564 fidem.
1567 2499 1661 2564 Et
1739 2498 1997 2565 cuidam
2067 2497 2282 2566 amico

312 2579 889 2734 ffffss’evffdssp
934 2584 1372 2735 seat-negetis&
1416 2585 1486 2649 in
1529 2584 1661 2650 illis
1704 2583 2047 2670 profundis
2091 2583 2280 2668 aquis

517 2689 563 2733 n
723 2689 768 2733 u
814 2690 915 2734 ius
960 2690 1005 2733 n
1230 2720 1245 2735 .

488 2753 599 2818 En
639 2773 759 2818 cur
793 2752 1092 2820 debuerit
1123 2757 1470 2838 quisquam
1498 2758 1586 2836 ¹²)
1619 2756 1955 2841 suscipere
1992 2755 2281 2821 hominis

312 2838 781 2923 patrocinium,
849 2848 917 2905 et
980 2840 1278 2923 privatas
1344 2861 1527 2907 meas
1590 2842 1985 2908 monitiones
2048 2840 2279 2925 procul

312 2925 627 3078 reiicffiss
672 2926 910 3077 ῗιέἒῑὶιιε
973 2926 1226 2992 malum
1290 2925 1541 3010 placide
1607 2928 1831 2995 sanari
1885 2934 2159 3013 poterat.
2219 2931 2277 2993 9.

1197 3660 1398 3736 3564.

766 3833 1241 3903 OALVINUS
1284 3833 1650 3903 LISMAN
1651 3834 1753 3902 IN
1754 3834 1836 3902 Ο.

483 4007 745 4074 Acriter
784 4006 845 4072 ei
886 4006 1222 4090 exprobrat
1252 4011 1668 4088 patronatum
1707 4027 1829 4091 quo
1849 4006 2281 4075 Blandratam

308 4094 731 4192 prosequitur,
774 4090 1082 4158 hominem
1113 4092 1435 4193 pessimae
1475 4096 1674 4172 notae,
1717 4094 1868 4159 dum
1910 4094 2048 4194 {pse
2094 4093 2282 4161 Stan-

315 4178 818 4332 carumkamvhmam·
817 4199 961 4244 mm
1016 4178 1454 4245 adver-smum
1505 4198 1708 4245 severe
1758 4200 2098 4262 repo-tmere
2154 4201 2281 4247 non

316 4452 791 4577 ffixrigpffiapho
836 4469 1000 4506 manu
1034 4451 1105 4506 H.
1142 4453 1447 4523 Bullingeri
1494 4453 1724 4508 iunioris
1768 4454 1976 4524 scripto
2020 4455 2078 4509 in
2113 4456 2277 4512 Arch.

724 4521 821 4577 V1.
867 4521 988 4577 Vol.
1027 4518 1147 4603 1338,
1200 4521 1332 4576 olim
1384 4523 1533 4644 Es&
1574 4522 1726 4577 Tom.
1775 4522 1862 4593 25,
1914 4524 2005 4579 fol.
2056 4523 2173 4580 134.
2212 4554 2279 4567 --

1017 4590 1234 4646 Simler.
1270 4591 1393 4646 Vol.
1534 4592 1576 4657 .)

519 4863 583 5001 {3
620 4932 734 4989 Pro
766 4864 1015 4988 gmmre
1044 4930 1230 4988 Oodeae
1259 4933 1513 5015 praebet:
1546 4933 1680 5003 ipse.
1740 4932 2021 4991 Gestorum
2058 4935 2128 5004 cs.
2160 4935 2276 4993 001-

320 5000 483 5058 hdon
514 5018 574 5124 g.
608 5000 696 5068 84,
734 5001 811 5057 Ν.
846 4949 1003 5057 2838.
1071 5001 1322 5084 Besa-m
1359 5001 1469 5071 Ep.
1647 5016 1684 5057 a
1718 5002 1965 5060 laudata

560 5074 586 5137 )
620 5071 789 5140 idque
825 5078 888 5124 ut
924 5109 1085 5127 .....
1119 5071 1351 5139 audiret,
1387 5087 1491 5126 om.
1717 5113 1730 5128 .

486 5138 584 5273 {33
621 5145 946 5264 ῗέῧιῗ
987 5138 1120 5196 0οὼ
1454 5222 1463 5231 ·

487 5276 585 5343 12)
628 5276 814 5333 Codex
865 5277 1089 5334 dicertis
1138 5278 1319 5334 verbio
1370 5279 1436 5334 D.
1490 5279 1833 5334 Lismaninns
1886 5280 2077 5337 scribit
2127 5280 2277 5350 quod

326 5346 930 5403 &mucidam

2374 5217 2578 5268 rantur

2556 609 2820 678 Literas
2865 609 2982 677 abs
3024 621 3093 674 te
3150 608 3429 693 scriptas
3479 612 3578 674 15.
3623 606 3792 674 Maii
3822 612 3874 685 ¹)
3918 608 4027 674 hic
4071 607 4339 675 demum

2380 697 2663 762 nuncius
2717 696 2883 761 mihi
2936 692 3251 774 reddidit,
3310 715 3394 761 ex
3437 694 3674 778 quibus
3728 692 4026 780 intelligo
4070 713 4251 760 meas
4278 696 4337 770 ²)

2380 788 2542 848 tunc
2577 803 2710 848 non
2754 782 2958 848 fuisse
3001 779 3121 846 tibi
3167 779 3475 847 redditas.
3545 780 3952 846 Posteriores
3987 801 4142 847 vero
4174 799 4340 863 quas

2379 867 2582 935 simul
2624 868 2842 952 accepi
2886 867 3102 952 prima
3145 864 3558 950 Septembris
3610 864 3801 931 datae
3844 865 4197 931 ostendunt
4237 867 4338 931 in·

2380 954 2737 1020 tercidisse.
2807 953 2981 1020 Nam
3036 972 3242 1037 quum
3294 960 3528 1018 octavo
3585 951 3848 1018 demum
3892 971 4120 1017 mense
4170 972 4339 1017 non-

2379 1037 2548 1140 (¹⁰¹9.
2594 1039 2690 1140 ‘ad
2761 1060 2994 1105 manus
3073 1046 3223 1104 tuas
3300 1038 3724 1122 pervenerint
3801 1037 4073 1121 periisse
4149 1036 4340 1104 facile

2380 1144 2670 1192 conucio.

2554 1209 2765 1278 Porro
2807 1211 2998 1278 sicuti
3040 1211 3229 1275 initio
3271 1209 3394 1276 tibi
3441 1216 3756 1275 testatum
3798 1229 3940 1274 esse
3986 1208 4163 1274 volui
4206 1228 4340 1274 non

2380 1296 2577 1363 video
2638 1318 2758 1363 cur
2818 1304 2955 1362 tam
3019 1297 3216 1362 anxie
3258 1293 3340 1362 de
3397 1293 3770 1361 Blando-ata
3826 1293 3994 1358 mihi
4049 1294 4340 1362 reconci-

2380 1381 2606 1448 liando
2685 1382 2958 1449 labores.
3032 1382 3359 1467 Magnum
3462 1402 3604 1447 esse
3679 1380 3895 1445 virum
3979 1380 4338 1446 existimas.

2382 1467 2640 1535 Fruere
2683 1469 2888 1552 igitur
2932 1476 3048 1534 tuo
3089 1466 3367 1533 iudicio:
3409 1466 3601 1532 modo
3649 1466 3938 1531 vicissim
3976 1465 4142 1530 mihi
4186 1485 4341 1532 con·

2383 1553 2579 1620 cedas
2623 1553 2868 1620 sentire
2890 1554 3059 1638 quod
3105 1554 3337 1620 sentio.
3411 1551 3757 1619 Sincerum
3803 1571 3946 1618 esse
3967 1551 4338 1634 praedicas:

2384 1640 2520 1706 scio
2572 1639 2742 1706 nihil
2796 1640 3009 1723 magis
3073 1646 3414 1706 versutum
3481 1658 3624 1704 esse
3682 1658 3757 1703 ac
3821 1636 4003 1703 omni
4066 1634 4342 1721 perfidia

2384 1726 2720 1791 refertum.
2790 1724 3058 1790 Nullam
3115 1725 3461 1791 haereseos
3504 1731 3729 1789 notam
3787 1721 4042 1788 homini
4086 1722 4188 1789 vis
4233 1743 4340 1788 as-

2381 1812 2589 1896 pergi.
2664 1811 2868 1895 Atqui
2923 1810 3099 1896 apud
3158 1831 3277 1876 nos
3335 1810 3720 1876 manifestae
3776 1808 4135 1892 impietatis
4180 1809 4340 1874 satis

2384 1916 2712 1980 superque
2773 1895 2903 1962 fuit
2959 1896 3316 1963 convictus.
3401 1896 3707 1978 Denique
3771 1895 3829 1960 si
3894 1894 4013 1959 tibi
4069 1893 4341 1978 obsequi

2386 1982 2584 2048 velim
2650 2002 3004 2067 puerorum
3070 2002 3327 2067 quoque
3388 1980 3674 2048 ludibrio
3738 2001 3846 2046 me
3925 2000 4341 2064 exponerem.

2383 2068 2563 2135 Male
2606 2089 2713 2135 me
2756 2068 2949 2146 nosti,
2999 2065 3086 2133 D.
3124 2068 3513 2146 Lismam‘ne,
3559 2068 3669 2150 qui
3714 2068 3783 2131 in
3833 2067 3980 2132 enio
4025 2073 4160 2131 tam
4203 2086 4343 2133 ser-

2381 2155 2501 2221 vili
2562 2162 2630 2221 et
2684 2153 3052 2220 adulatorio
3108 2174 3252 2220 esse
3306 2153 3572 2237 putasti.
3664 2153 3776 2219 Un
3824 2173 3860 2218 e
3924 2171 4123 2236 porro
4181 2150 4344 2218 haec

2381 2239 2626 2307 fiducia
2668 2247 2746 2306 ut
2788 2240 2860 2305 in
2903 2239 3188 2325 gratiam
3232 2248 3414 2304 tuam
3460 2258 3593 2303 non
3632 2237 3824 2304 modo
3868 2238 4138 2303 subeam
4180 2237 4344 2303 levi-

2382 2327 2541 2393 tatis
2585 2332 2655 2393 et
2688 2323 3015 2392 mendacii
3051 2324 3349 2404 dedecus,
3387 2322 3504 2390 sed
3540 2333 3617 2390 ut
3652 2324 3932 2407 turpiter
3965 2321 4344 2389 mentiendo

2383 2410 2675 2479 Satanae
2749 2412 3018 2476 ianuam
3097 2411 3382 2494 aperiam
3454 2408 3537 2475 ad
3619 2408 4035 2476 nocendum?
4127 2408 4343 2492 Cupio

2381 2497 2739 2564 amicitiam
2805 2505 3095 2563 nostram
3161 2505 3480 2580 perpetuo
3542 2515 3812 2562 manere
3877 2494 4161 2575 salvam,
4226 2492 4345 2561 sed

2383 2605 2518 2651 non
2552 2583 2677 2649 hac
2699 2581 3019 2649 mercede.
3092 2581 3324 2665 Itaque
3368 2582 3426 2648 si
3456 2584 3693 2667 pergis,
3740 2600 3978 2664 quaere
4021 2579 4141 2646 tibi
4180 2580 4343 2646 alios

2337 2701 2343 2723 ι
2384 2670 2653 2749 amicos,
2716 2669 2952 2752 quibus
3008 2676 3077 2733 et
3132 2668 3430 2735 veritatis
3484 2675 3548 2733 et
3603 2666 3915 2733 ecclesiae
3971 2665 4346 2749 prodendae

2381 2755 2564 2841 leges
2620 2752 3046 2840 praescribas.
3134 2753 3467 2837 Georgius
3510 2751 3891 2832 Blandum,
3935 2751 4183 2816 nullius
4228 2772 4343 2816 ex-

2382 2841 2803 2908 istimationis
2848 2839 3065 2919 homo,
3110 2839 3386 2922 vulpina
3419 2837 3650 2904 fraude
3685 2844 3755 2904 et
3787 2834 4121 2904 blanditiis
4155 2834 4344 2903 nobis

2384 2927 2714 3011 persuasit
2767 2947 2839 2993 se
2882 2927 3143 2992 venisse
3188 2924 3527 2991 Genevam
3572 2932 3651 2989 ut
3705 2925 3777 2989 iu
3821 2922 4048 2989 schola
4090 2921 4347 2988 Christi

2384 3014 2748 3099 proficeret.
2819 3012 3063 3079 Postea
3116 3008 3563 3095 deprehensus
3620 3018 3719 3076 est
3764 3007 3981 3094 qualis
4022 3017 4179 3075 erat.
4251 3007 4346 3077 Et

2384 3121 2589 3185 quum
2631 3099 2863 3183 pravis
2920 3096 3061 3164 suis
3113 3096 3449 3163 erroribus
3502 3096 3845 3163 involvere
3887 3116 3964 3162 ac
4019 3094 4344 3162 fascinare

2383 3185 2631 3251 multos
2684 3189 3023 3263 tentasset,
3079 3184 3459 3266 increpatus
3499 3183 3644 3261 fuit,
3705 3192 3771 3248 et
3812 3190 4038 3248 tamen
4082 3201 4160 3247 ea
4200 3200 4344 3246 mo-

2386 3269 2723 3338 deratione
2758 3278 2837 3336 ut
2878 3270 3214 3354 integrum
3255 3270 3453 3335 fuerit
3495 3269 3666 3335 inter
3706 3287 3829 3333 nos
3872 3268 4160 3333 fraterne
4192 3288 4343 3334 ver-

2384 3358 2536 3423 sari.
2611 3354 2788 3438 Quia
2840 3376 2976 3421 non
3033 3352 3406 3434 desistebat,
3463 3362 3736 3419 vocatus
3791 3352 3916 3419 fuit
3967 3350 4051 3418 ad
4097 3352 4344 3419 consis-

2384 3443 2663 3509 torium:
2709 3440 2824 3508 ubi
2866 3443 3109 3508 iterum
3152 3461 3380 3507 severe
3415 3438 3790 3506 admonitus
3825 3439 3920 3506 sic
3954 3446 4175 3504 tamen
4211 3438 4344 3505 dis-

2383 3528 2583 3595 cessit
2645 3534 2725 3593 ut
2785 3534 3080 3594 nostram
3152 3526 3636 3593 humanitatem
3703 3524 4022 3591 laudaret.
4114 3523 4345 3606 Quum

2382 3634 2580 3681 nemo
2621 3622 2877 3680 crearet
2928 3612 3028 3678 illi
3080 3612 3463 3697 periculum,
3520 3611 3739 3678 furore
3782 3610 4174 3694 perterritus
4219 3610 4347 3692 (sic

2384 3720 2537 3766 eum
2583 3700 2867 3768 vexabat
2907 3698 3085 3765 mala
3137 3696 3564 3784 conscientia)
3606 3696 3824 3764 subito
3875 3696 3947 3761 in
3999 3696 4224 3781 fugam
4274 3716 4346 3762 se

2382 3785 2729 3871 proripuit.
2800 3783 3021 3866 Quam
3078 3784 3387 3867 pertinax
3444 3790 3618 3850 esset
3669 3782 4042 3849 haereticus
4084 3802 4168 3848 ex
4211 3788 4344 3849 tes-

2383 3870 2664 3937 timonio
2698 3872 2784 3937 D.
2826 3868 3006 3937 Pom·
3042 3868 3364 3954 Martyris
3396 3889 3786 3955 cognoscere
3829 3869 4073 3948 licet.⁸)
4137 3866 4347 3934 Venit

2380 3958 2456 4023 in
2499 3957 2863 4023 Poloniam.
2933 3955 3196 4022 Favere
3237 3956 3323 4021 D.
3365 3954 3705 4022 Francisci
3749 3954 4121 4020 Liemanivti
4162 3973 4345 4020 crea-

2382 4053 2496 4110 tur
2538 4042 3090 4127 archipresbyter.
3112 4047 3166 4121 ⁴)
3252 4040 3555 4107 Gabm‘m
3597 4041 3707 4125 pia
3750 4038 4191 4105 sollicitudine
4236 4061 4343 4107 oc·

2382 4149 2650 4197 currere
2693 4128 2926 4195 volens
2983 4126 3279 4211 periculo
3322 4126 3491 4209 quod
3533 4126 3865 4193 Polonicis
3910 4125 4198 4192 ecclesiis
4242 4126 4344 4190 in-

2382 4215 2620 4294 stabat,
2680 4213 3011 4281 occultum
3068 4234 3401 4279 venenum
3460 4211 3723 4296 detegit.
3796 4212 3880 4278 D.
3929 4211 4346 4277 Lismaninus

2383 4322 2454 4369 se
2495 4300 2824 4367 arbitrum
2880 4299 3020 4365 inte
3141 4299 3242 4364 nit
3285 4306 3353 4363 et
3408 4296 3762 4364 denunciat
3805 4305 4103 4363 extrema
4145 4317 4343 4380 quae-

2381 4406 2510 4472 que
2574 4386 2752 4452 mala
2827 4386 2960 4451 nisi
3022 4320 3422 4452 Ἔῑῗιηάναιαε
3498 4383 3907 4467 impietatem
3985 4382 4342 4467 praeclaris

2382 4471 2615 4557 elogiis
2658 4479 2919 4537 mature
2962 4469 3253 4554 sepeliat.
3327 4469 3403 4536 Si
3448 4478 3514 4535 te
3551 4468 3633 4535 ad
3668 4478 3931 4553 tempus
3967 4469 4345 4536 excaecavit

2381 4558 2784 4625 Blando-atae
2824 4576 3025 4635 amor,
3083 4555 3421 4641 paulisper
3462 4576 3643 4622 nunc
3685 4563 3753 4620 te
3796 4555 4047 4707 collige,
4109 4564 4180 4620 ut
4222 4573 4344 4638 pro

2381 4652 2502 4710 tua
2534 4643 2886 4728 prudentia
2927 4660 3280 4728 agnoscere
3322 4641 3618 4726 incipias,
3664 4662 3797 4707 non
3833 4661 3899 4705 m
3984 4662 4024 4706 o
4067 4647 4132 4705 te
4174 4638 4344 4706 mihi

2379 4731 2584 4797 fuisse
2639 4730 2961 4813 iniquum,
3020 4727 3135 4795 sed
3190 4729 3313 4793 toti
3358 4725 3611 4794 Christi
3664 4726 3976 4794 ecclesiae
4015 4748 4145 4791 non
4191 4724 4340 4790 vul-

2376 5002 2662 5198 Ξδοιζὲἐ,
2677 5002 3116 5153 mambae
3148 5070 3380 5136 fuerunt
3412 5070 3541 5125 illae
3573 5085 3715 5151 quae
3748 5069 3848 5125 nub
3867 5061 3946 5169 ’ἒξ
3970 5066 4104 5123 2981
4144 5068 4336 5151 legisti,

2418 5182 2433 5195 .
2553 5180 2567 5194 .
2655 5158 2737 5196 ov.
2776 5138 2915 5195 1568
2961 5145 3213 5209 scrupeae.
3287 5137 3434 5195 Sane
3479 5145 3807 5195 memnone
3857 5152 4080 5207 adquae
4131 5138 4338 5194 demde·

2580 5248 2647 5417 '23
2682 5276 3077 5403 113ῗῶρέοΜ
3108 5276 3172 5333 en
3210 5276 3359 5348 Epp.
3396 5275 3475 5331 aa
3512 5274 3816 5331 wama
3850 5281 3900 5332 et
3940 5274 4363 5332 naama-acum.-
