4900 6125
299 399 420 462 237

298 606 380 651 88
439 585 787 653 ministare
843 586 923 654 de
982 587 1046 652 la
1100 587 1349 671 parolle
1408 588 1490 653 de
1534 588 1710 654 Dieu
1754 600 1822 668 (a
1870 611 1975 655 res
2020 611 2095 657 ce
2138 612 2265 674 que

297 672 426 737 1011
484 672 614 738 bon
671 682 939 757 rapport
994 673 1132 739 fust
1196 674 1355 740 faict
1406 694 1530 757 par
1580 674 1825 740 lassam
1870 675 1972 742 188
2033 675 2116 742 (18
2159 698 2265 744 808

299 757 553 824 bonnes
618 759 722 825 vie
786 768 854 825 et
918 760 1407 837 conversation)
1474 760 1796 844 Laquelle
1861 764 2266 846 proposition

295 842 492 909 181010
547 842 688 910 fust
744 845 961 911 resolu
1015 846 1151 929 quil
1198 845 1393 912 allast
1437 845 1732 912 estudier
1775 867 2043 914 encores
2089 848 2264 914 deux

295 949 378 995 ou
425 929 593 995 trois
635 950 842 1015 moys.
918 935 1028 997 Au
1072 950 1312 1015 moyen
1358 930 1439 996 de
1482 952 1657 1017 quoy
1696 931 1745 997 il
1789 954 1906 999 808
1951 954 2039 1000 va
2081 953 2121 998 a
2155 954 2264 999 008

294 1017 424 1082 1188
512 1014 579 1080 18
653 1016 845 1084 118811
912 1036 1070 1083 avec
1135 1039 1274 1102 ung
1366 1018 1505 1083 sien
1587 1037 1994 1103 compagnon
2071 1040 2266 1086 nome

296 1101 567 1185 Gaspar
628 1103 706 1169 de
768 1102 836 1169 la
902 1102 1070 1180 Mer,
1137 1103 1313 1168 natif
1371 1103 1451 1169 de
1510 1103 1816 1170 Cisteron
1876 1105 2265 1171 demeurant

296 1208 464 1271 pour
522 1186 906 1274 pedagogus
963 1188 1148 1254 audit
1203 1188 1356 1275 Dye
1408 1188 1556 1256 bien
1602 1189 1895 1256 modeste
1938 1191 2264 1276 morigine

295 1282 360 1339 et
420 1273 504 1339 de
565 1274 890 1341 mediocre
935 1275 1198 1341 scavoir
1242 1283 1388 1340 tant
1430 1296 1512 1341 en
1560 1276 1786 1342 lettres
1831 1276 2090 1343 divines
2134 1299 2264 1362 que

296 1359 646 1425 humaines
706 1362 816 1444 qui
877 1361 1359 1445 pareilhement
1418 1373 1518 1426 est
1578 1362 1760 1428 esleu
1805 1381 1926 1444 por
1960 1364 2264 1429 ministre

295 1467 377 1511 en
446 1445 712 1530 lesglise
777 1445 858 1512 de
921 1446 1314 1513 Chastilhon
1382 1447 1625 1532 village
1693 1448 1936 1531 proche
1993 1449 2082 1516 du
2127 1448 2262 1515 dict

296 1531 449 1614 Dye
508 1529 589 1596 de
648 1529 821 1598 deux
881 1533 1105 1599 118808.
1197 1532 1581 1616 Lesquelles
1626 1534 1796 1599 deux
1840 1534 2135 1620 Esglises
2181 1534 2263 1600 de

296 1615 660 1683 Valdrome
692 1629 758 1684 et
793 1618 874 1684 de
907 1617 1302 1685 Chastilhon
1344 1621 1655 1686 envoient
1691 1642 1731 1685 a
1765 1620 1947 1687 leurs
1984 1620 2263 1704 despens

298 1701 587 1769 estudier
631 1702 726 1770 les
770 1703 940 1770 dictz
988 1704 1298 1789 Mal-sang)
1340 1715 1406 1771 et
1447 1705 1526 1771 de
1568 1706 1634 1771 la
1680 1705 1825 1771 Mer
1868 1705 2155 1790 lesquelz
2192 1715 2263 1783 (a

299 1809 369 1855 00
413 1809 543 1871 que
586 1790 648 1855 ie
691 1792 962 1874 cognois
996 1800 1064 1856 et
1099 1812 1223 1875 que
1261 1803 1450 1856 mont
1483 1792 1756 1874 promis)
1793 1792 2263 1878 diligent-eront

298 1875 732 1958 grandement
787 1899 828 1941 a
883 1877 1025 1942 leur
1082 1877 1329 1943 estude.
1420 1878 1733 1961 Parquoy
1779 1899 1947 1944 vous
1992 1879 2133 1962 prie
2177 1900 2261 1944 88

299 1960 703 2043 partioullier
736 1982 918 2027 come
963 1965 1140 2029 aussi
1178 1964 1668 2047 generalement
1702 1964 1846 2029 font
1885 1965 2076 2031 ceulx
2114 1964 2259 2030 des-

299 2046 502 2113 dictes
547 2047 787 2130 eglises
823 2048 971 2115 leur
1007 2048 1292 2114 voulloir
1327 2048 1535 2134 ayder
1569 2057 1637 2115 et
1671 2070 1834 2116 vous
1871 2071 1956 2115 en
1977 2050 2261 2134 prendre

297 2132 500 2215 garde
543 2152 826 2199 mesmes
873 2155 1006 2199 aux
1044 2134 1276 2201 choses
1312 2157 1439 2219 que
1472 2146 1872 2202 conseruent
1906 2136 1972 2201 la
2006 2156 2261 2203 correc-

299 2218 432 2283 tion
459 2228 530 2282 et
551 2217 894 2302 discipline
914 2220 1370 2304 scholastique.
1416 2221 1605 2307 Puys
1619 2231 1830 2303 quant
1845 2222 1989 2287 leur
2003 2222 2262 2288 scavoir

297 2312 605 2453 pourtera
648 2302 867 2371 destre
911 2328 1137 2372 receuz
1193 2304 1412 2373 audiet
1457 2309 1797 2372 1818181010
1841 2329 2008 2373 vous
2052 2307 2264 2391 plaira

321 2410 390 2455 es
455 2390 592 2455 1818
647 2402 987 2473 presenter
1052 2392 1296 2458 devant
1340 2394 1705 2459 Messieurs
1749 2403 1818 2458 01
1861 2404 2035 2460 88110
2080 2394 2261 2477 quilz

298 2484 521 2541 serent
588 2497 816 2543 receuz
878 2479 1097 2545 audiet
1140 2480 1480 2544 ministere
1539 2479 1634 2545 les
1681 2499 1973 2563 envoyer
2017 2478 2097 2544 de
2142 2500 2262 2563 par

300 2560 454 2629 deca
499 2560 559 2626 10
604 2561 858 2629 0118088
900 2565 1448 2646 respectivement
1490 2587 1574 2630 08
1600 2586 1719 2630 808
1744 2565 1983 2649 esglise
2026 2576 2095 2630 et
2131 2585 2260 2631 non

300 2647 592 2713 alhieurs
627 2648 907 2714 actendu
943 2647 1176 2715 ladicte
1220 2650 1518 2716 ellection
1545 2660 1611 2715 et
1631 2649 1882 2733 quelles
1918 2651 2015 2717 les
2050 2661 2261 2716 entre-

300 2734 552 2798 tienent
611 2736 897 2815 (comme
941 2757 1054 2801 sus
1110 2744 1213 2801 est
1257 2736 1420 2813 dict)
1465 2737 1530 2802 la
1576 2736 1763 2801 hault
1805 2758 1844 2800 a
1887 2737 2064 2803 leurs
2111 2736 2257 2803 des·

421 2840 474 2885 s.
583 2818 809 2886 Joinct
885 2841 1018 2886 880
1097 2821 1308 2886 881110
1387 2824 1606 2887 181808
1675 2822 1922 2905 (1801108
1986 2831 2138 2889 8081
2202 2824 2259 2888 81

299 2839 681 2988 meliques
747 2904 828 2970 de
892 2905 959 2971 la
1022 2907 1270 2990 parolle
1334 2908 1414 2973 de
1474 2909 1646 2973 Dieu
1711 2929 1837 2991 que
1893 2912 2036 2974 rien
2091 2909 2258 2993 plus,

300 3010 477 3057 come
521 3011 703 3057 asses
745 2991 807 3057 18
852 2992 1007 3059 18101
1050 2992 1114 3058 10
1159 2993 1553 3059 8018088110.
1633 2994 1725 3059 Et
1770 3016 1851 3058 en
1899 3014 1972 3061 00
2015 2994 2259 3061 faisant

299 3098 462 3143 nous
520 3086 670 3144 tous
731 3098 891 3144 vous
946 3100 1172 3146 serons
1230 3081 1670 3165 grandement
1718 3078 2144 3147 redebvables
2190 3089 2260 3145 et

297 3165 594 3246 prierons
623 3173 846 3231 nostre
879 3165 1009 3231 bon
1034 3164 1208 3232 Dieu
1233 3167 1295 3231 le
1337 3188 1501 3232 vous
1545 3164 1802 3243 rendre,
1853 3186 2016 3232 vous
2037 3168 2261 3250 priant

299 3248 375 3314 de
419 3249 666 3316 salluer
725 3271 848 3316 808
905 3252 1111 3317 freres
1168 3273 1252 3317 08
1307 3272 1462 3318 1808
1523 3273 1676 3318 80111
1735 3263 1802 3317 et
1847 3251 1928 3318 de
1968 3253 2115 3317 leur
2155 3273 2257 3318 re-

297 3333 717 3402 commander
759 3336 856 3402 les
900 3337 1069 3405 81018
1116 3337 1420 3423 Maisany
1460 3349 1530 3404 et
1561 3339 1638 3405 de
1672 3337 1939 3417 lor-‘Mer²
1978 3337 2259 3422 lesquelz

297 3440 461 3488 vous
504 3431 828 3506 pourront
873 3433 1261 3507 rappourter
1304 3424 1385 3490 (10
1421 3424 1486 3490 18
1519 3426 1882 3508 prosperite
1919 3423 2000 3489 de
2035 3434 2260 3489 nostre

295 3507 530 3592 esglise
574 3516 642 3572 01
698 3527 951 3574 comme
997 3509 1485 3576 dernierement
1528 3530 1697 3575 nous
1732 3531 1936 3576 avons
1981 3510 2260 3577 cellebre

296 3591 356 3656 18
419 3613 600 3659 cene.
703 3593 821 3658 Ma
889 3595 1061 3660 seme
1128 3616 1297 3662 vous
1384 3595 1592 3662 881180
1679 3595 2010 3662 ensemble
2077 3605 2262 3661 toute

297 3689 516 3744 nostre
602 3678 800 3745 chere
864 3679 1128 3764 Esglise
1195 3701 1361 3747 nous
1428 3680 1972 3749 recommendans
2034 3700 2074 3745 a
2143 3702 2261 3747 voz

375 3765 542 3830 'eres
574 3775 640 3829 et
686 3763 766 3830 de
813 3775 994 3832 toute
1018 3777 1241 3833 vostre
1401 3766 1524 3833 lise
1569 3776 1637 3833 et
1679 3767 1935 3832 aultant
1980 3788 2064 3832 08
2112 3787 2262 3833 8018

297 3784 467 4000 gule}
496 3850 577 3916 de
641 3861 863 3916 nostre
918 3863 1086 3934 part.
1199 3853 1304 3917 De
1415 3872 1500 3939 ye
1545 3873 1617 3917 00
1665 3854 1758 3935 vj⁰
1803 3851 1884 3918 de
1942 3851 2260 3920 Janvrier

977 4022 1078 4087 Le
1123 4033 1269 4088 tout
1314 4031 1534 4089 vostre
1579 4023 1751 4090 frere
1796 4034 1862 4089 01
1904 4021 2172 4090 humble

816 4107 1143 4174 obeissant
1209 4108 1437 4175 Guille.
1494 4109 1804 4186 Bermen.
1870 4111 2173 4176 ministre

819 4193 899 4258 de
943 4193 1008 4258 18
1053 4195 1296 4277 parolle
1341 4195 1421 4260 (10
1467 4195 1639 4261 Dieu
1692 4217 1732 4260 8
1777 4195 1946 4280 Dye.

1151 4724 1352 4794 8688.

899 4879 1140 4944 BEZA
1187 4879 1627 4946 CALVINO.

467 5051 596 5117 Res
654 5050 943 5116 omibus
998 5073 1076 5116 ea:
1125 5051 1424 5132 partibus
1465 5053 1786 5134 ancipites,
1879 5055 2030 5137 Ipse
2063 5057 2256 5124 nescit

303 5152 408 5200 m
437 5137 679 5203 (11111188
711 5143 882 5202 stare
915 5138 1124 5203 debeat
1157 5136 1266 5202 ubi
1301 5137 1465 5204 nihil
1496 5141 1769 5219 effectum
1805 5140 1896 5205 iri
1903 5143 2253 5223 praevidet,

303 5221 447 5287 eliis
479 5228 701 5305 aperta
743 5223 1086 5289 inimicitia
1120 5222 1513 5303 obstantibus,
1551 5224 1706 5290 aliis
1740 5228 1929 5292 etiam
1952 5227 2110 5307 plus
2147 5248 2251 5294 no-

302 5308 562 5374 semibus
599 5309 773 5388 falsa
815 5310 1112 5375 amicitia.

2020 404 2183 468 1562
2229 400 2612 468 IANUAR.

4203 406 4330 469 238

2374 590 2489 655 (Ex
2537 590 2881 661 autographo
2918 590 3048 646 Ood.
3086 589 3290 645 Genev.
3342 588 3459 653 117,
3504 590 3595 644 101.
3641 588 3712 645 58
3776 590 3897 644 coll.
3946 606 3990 643 0.
4038 589 4169 645 008.
4210 591 4328 658 119,

2369 659 2462 713 (οι.
2501 657 2584 724 77,
2621 660 2766 729 npp.
2794 660 2959 713 som.
2998 659 3086 713 w.
3166 657 3321 725 eu,
3356 666 3415 713 et
3450 659 3667 713 simui
3706 633 3831 712 von.
3861 657 3976 712 108.
4032 660 4331 730 metipso

2621 728 2979 784 desideratur.
3017 759 3081 767 —
3171 727 3314 781 didit
3350 729 3523 782 Baum
3562 726 3626 781 11.
3666 729 3809 797 App.
3846 745 3899 797 p.
3937 726 4083 795 155.)

2544 897 2614 964 S.
2663 898 3022 982 Nunquam
3067 921 3172 964 me
3218 900 3430 985 magis
3474 908 3788 965 vexatum
3818 900 4087 963 memini
4129 921 4329 984 quam

2370 985 2711 1067 superiore
2747 983 3170 1052 hebdomade.
3254 986 3477 1051 Tertio
3515 982 3849 1056 Calendas
3883 983 4179 1051 Ianuarii
4216 987 4332 1052 vix

2369 1070 2645 1135 Lutetia
2722 1091 3031 1137 reversus
3098 1073 3322 1136 statim
3402 1071 3485 1136 ad
3551 1068 3928 1137 Meldenses
3993 1073 4256 1138 excurri
4278 1077 4329 1150 ¹)
4400 1132 4405 1139 .

2367 1156 2611 1239 partim
2657 1164 2732 1221 81
2775 1177 2886 1221 008
2929 1158 3001 1220 18
3044 1158 3256 1223 officio
3299 1158 3726 1235 continerem,
3771 1158 4012 1241 partim
4057 1166 4132 1222 ut
4174 1177 4329 1224 oum

2369 1242 2622 1327 synodo
2688 1242 3099 1324 provinciali,
3168 1262 3336 1326 quae
3398 1264 3579 1309 8880
3644 1242 3733 1308 ibi
3790 1242 4121 1321 convenit,
4188 1264 4329 1309 rem

2367 1328 2639 1393 maximi
2706 1329 3023 1394 momenti
3082 1329 3657 1395 communicarem.
3758 1327 4088 1409 Quoniam
4150 1331 4330 1395 enim

2365 1413 2498 1478 iam
2543 1412 2801 1498 pridem
2847 1413 3187 1496 Hispanus
3203 1416 3261 1497 ²)
3304 1436 3437 1480 808
3483 1414 3727 1481 8081811
3762 1413 3954 1479 nobis
3990 1416 4226 1481 minari
4263 1424 4330 1480 et

2367 1499 2539 1564 nihil
2595 1520 2800 1583 aeque
2859 1508 3230 1566 remoratur
3274 1509 3573 1567 nostram
3619 1500 4044 1585 αὐτοκράτορα,
4067 1502 4124 1582 ⁸)
4169 1522 4329 1584 quo-

2367 1586 2590 1650 minus
2630 1586 2701 1650 in
2738 1596 2997 1651 nostras
3032 1595 3255 1670 partes
3290 1598 3514 1670 aperte
3550 1586 3841 1664 inclinet,
3879 1596 4075 1670 atque
4112 1596 4330 1653 metus

2367 1691 2450 1735 80
2510 1691 2644 1736 808
2703 1672 2865 1736 88118
2924 1673 3097 1736 firmi
3160 1673 3396 1739 simus:
3454 1672 3691 1739 idcirco
3734 1672 3952 1739 visum
4001 1682 4101 1738 est
4148 1671 4330 1739 Posi·

2362 1757 2551 1823 deuio
2570 1761 2627 1833 ⁴)
2650 1756 2868 1841 palam
2894 1757 3342 1824 admonendas
3385 1759 3693 1825 ecclesias
3736 1769 3811 1822 ut
3853 1757 4083 1824 sedulo
4127 1757 4331 1842 dispi-

2365 1842 2547 1907 ciant
2634 1841 2869 1926 quibus
2946 1853 3088 1908 tum
3155 1843 3486 1927 peditum,
3555 1853 3697 1909 tum
3765 1845 4061 1927 equitum
4126 1846 4330 1929 copiis

2363 1929 2622 2013 possint
2669 1928 2790 1994 hoc
2835 1950 3115 2013 regnum
3160 1932 3332 1996 tueri
3378 1929 3696 1996 adversus
3739 1939 4018 2007 exteros,
4072 1931 4129 1997 si
4174 1930 4328 1997 reli-

2364 2014 2587 2097 gionis
2633 2034 2830 2079 causa
2874 2014 3117 2080 bellum
3163 2016 3332 2082 forte
3374 2015 3563 2082 nobis
3606 2016 3948 2081 inferatur.
3975 2020 4027 2095 ⁶)
4114 2015 4335 2081 Multa

2367 2099 2475 2165 hic
2520 2099 2684 2167 mihi
2730 2109 2795 2164 et
2857 2100 3041 2165 varia
3097 2103 3165 2165 in
3227 2112 3516 2167 mentem
3581 2111 3927 2179 venerunt,
3995 2123 4160 2185 quae
4203 2123 4327 2168 nos

2364 2184 2890 2261 dehortarentur,
2971 2184 3085 2252 sed
3153 2188 3312 2253 vicit
3378 2186 3712 2254 Posidonii
3777 2189 4123 2265 sententia,
4203 2208 4326 2254 nec

2363 2269 2753 2336 metuendae
2797 2281 2956 2338 sunt
2999 2271 3385 2349 calumniae,
3423 2293 3628 2356 quum
3665 2273 3835 2338 nihil
3874 2273 4040 2339 clam
4079 2282 4145 2338 et
4180 2273 4325 2339 sine

2363 2358 2673 2440 auspiciis
2717 2367 3005 2441 geratur,
3073 2360 3372 2441 quamvis
3429 2358 3545 2423 illa
3587 2359 3917 2424 nominari
3965 2359 4145 2424 nolit.
4235 2359 4329 2424 Et

2365 2444 2493 2508 nisi
2534 2463 2645 2507 me
2695 2443 2933 2509 fallunt
2975 2446 3386 2510 coniecturae
3441 2454 3603 2527 puto
3644 2443 3759 2509 illa
3802 2446 4024 2511 omnia
4066 2454 4327 2511 extero·

2365 2550 2512 2593 rum
2564 2529 3103 2595 terriculamenta
3142 2530 3366 2595 inania
3408 2531 3565 2607 1010,
3608 2532 3664 2595 81
3707 2530 3815 2597 vel
3860 2530 4171 2597 mediocri
4207 2531 4326 2597 ali-

2568 2787 2631 2921 23
2664 2854 2922 2923 Lanffioet
2954 2854 3037 2909 11.
3058 2852 3191 2910 Dec.
3233 2854 3330 2921 (11.
3368 2854 3516 2923 186).·
3549 2855 3612 2910 In
3648 2857 3773 2909 8818
3807 2857 3986 2926 agitur
4022 2864 4085 2909 ut
4118 2857 4322 2927 stipen-

2363 2924 2457 2977 dia
2491 2925 2853 2978 restituantur
2888 2924 3180 2993 praefectis
3215 2925 3540 2994 germanicis
3583 2926 3783 2994 quibus
3825 2925 4078 2994 proxima
4112 2931 4323 2980 aestate

2363 2993 2585 3046 1801881
2619 2992 2890 3063 adempta.
2979 2993 3180 3047 Nescio
3216 3010 3286 3048 an
3321 2993 3456 3047 11800
3488 2994 3625 3047 fiant
3658 3000 3808 3048 metu
3843 2993 4075 3064 Hispani
4112 2995 4207 3076 qui
4242 2994 4323 3048 di·

2363 3063 2508 3115 citur
2543 3077 2734 3116 180888
2770 3064 2882 3116 8818
2918 3078 3232 3117 numerasse
3266 3063 3618 3133 stipendium.
3662 3064 3770 3118 Sed
3805 3070 3996 3118 tamen
4027 3063 4148 3118 11811
4184 3064 4321 3120 mihi

2363 3138 2449 3184 est
2485 3130 2689 3184 dietum
2726 3131 2782 3185 iu
2817 3131 2944 3185 aula
2976 3133 3047 3184 ab
3084 3131 3301 3186 11018180
3346 3133 3539 3186 talium
3575 3149 3759 3186 rerum
3794 3150 3904 3187 1108
3939 3133 4145 3202 ignaro,
4193 3150 4317 3203 pos·

2363 3199 2594 3253 teriores
2630 3200 2776 3268 regis
2812 3199 3052 3269 Philippi
3097 3200 3287 3254 literas
3332 3201 3403 3254 88
3450 3207 3666 3256 8081108
3712 3202 3878 3255 181888
3924 3202 4098 3255 188110
4144 3205 4323 3256 minus

2365 3269 2603 3349 minaces
2640 3284 2806 3350 quam
2842 3284 2955 3350 eae·
2976 3285 3112 3339 quas
3145 3269 3409 3323 hactenus
3444 3271 3761 3353 scripserat.
3843 3272 4019 3336 Quum
4054 3287 4230 3352 nuper
4262 3272 4323 3324 in

2365 3353 2533 3487 3⁸23,
2555 3336 3725 3490 sztzstsffzzsgtss‘xtfflzffis
3749 3339 4122 3490 ...⁶¹³⁶...ssss‘0
4155 3340 4324 3491 ‘fw-

2363 3475 2503 3544 Regi
2539 3480 2690 3528 certo
2724 3481 3051 3543 promittere
3086 3478 3427 3558 evangelicos
3475 3477 3581 3548 ipsi
3628 3477 4074 3548 supped1tsturos
4119 3483 4190 3532 811
4264 3493 4324 3532 n·

2362 3544 2512 3598 dium
2558 3551 2774 3597 centum
2822 3545 3051 3597 millium
3099 3545 3378 3600 hommum
3421 3546 3491 3599 88
3538 3547 3810 3616 integrum
3861 3563 4076 3600 annum.
4202 3545 4324 3601 des·

2366 3611 2448 3665 10.
2494 3610 2649 3666 Ian„-
2696 3611 2758 3666 In
2795 3613 2897 3666 Bel
2940 3613 3021 3666 ‘oo
3068 3619 3127 3667 et
3167 3613 3257 3668 1110
3290 3614 3541 3684 plerique
3576 3615 3894 3669 existimant
3926 3625 4079 3669 certo
4116 3616 4324 3670 instare

2364 3680 2536 3735 Gallis
2572 3680 2777 3734 bellum
2813 3682 2885 3734 ab
2973 3681 3166 3751 ispano
3202 3699 3347 3753 rege.
3419 3683 3771 3738 Consideravi
3807 3689 4009 3738 statum
4046 3684 4192 3737 illius
4227 3702 4321 3737 au·

2363 3751 2448 3804 180
2485 3757 2543 3802 81
2578 3749 2870 3818 diligenter
2904 3751 3240 3821 interrogavi
3277 3769 3387 3816 eos,
3464 3754 3521 3805 ui
3565 3752 3695 3806 inde
3743 3754 3988 3818 veniunt,
4036 3753 4133 3807 sed
4184 3753 4321 3807 nihil

2364 3819 2476 3872 tale
2512 3817 2689 3871 881180
2725 3820 2990 3888 suspicari
3025 3836 3261 3889 possum.
3345 3820 3440 3874 Mu
3461 3822 3506 3874 ti
3542 3822 3730 3876 dicunt
3764 3822 3931 3875 etiam
3966 3822 4185 3876 Guisios
4218 3824 4319 3876 ali·

2362 3887 2495 3957 quid
2529 3887 2731 3955 moliri,
2765 3887 2911 3956 quod
2948 3890 3167 3943 omnino
3203 3889 3368 3943 oredo
3414 3907 3534 3943 8880
3576 3891 3769 3944 falsum
3820 3892 3915 3956 (l):
3963 3908 4089 3944 nam
4135 3907 4323 3946 omnes

2361 3973 2488 4010 suas
2525 3971 2657 4025 opes
2692 3955 2900 4010 habent
2944 3957 3000 4010 in
3048 3974 3217 4027 regno
3254 3958 3481 4024 Galliae,
3567 3976 3665 4014 uas
3718 3975 3904 4014 omnes
3953 3967 4140 4030 posset
4188 3961 4322 4029 ipsis

2363 4025 2578 4093 eripere
2612 4041 2755 4154 {11:32
2830 4041 2989 4107 raeco
3024 4027 3223 4108 missus
3258 4045 3292 4080 a
3326 4037 3519 4082 senatu
3603 4029 3870 4083 arisiensi.

2854 4110 3037 4148 nuans
3070 4112 3102 4150 r
3229 4112 3336 4150 aas.

2568 4161 2630 4228 4)
2665 4159 2915 4233 Coliqny.
3103 4111 3226 4164 m

2567 4229 2629 4295 5)
2667 4230 2815 4285 Hm.
2851 4233 2972 4286 «σοι.
3012 4233 3055 4286 1.
3094 4231 3227 4285 668.-
3266 4233 3354 4288 un
3394 4234 3543 4287 broit
3579 4233 3740 4303 qu‘on
3776 4235 3959 4289 (81011
3994 4239 4177 4290 oourir
4213 4255 4319 4307 qne
4440 4225 4449 4234 ’

2364 4299 2413 4353 10
2469 4298 2588 4367 Roy
2639 4298 2960 4370 d'Espsgne,
3016 4302 3068 4355 18
3118 4302 3268 4371 Pape
3321 4309 3381 4356 et
3431 4304 3511 4356 108
3563 4302 3913 4372 Catholiques
3971 4305 4321 4371 d'Alemsgne

2360 4369 2584 4421 avoient
2634 4368 2870 4436 grandes
2920 4370 3294 4440 intelligenees
3359 4387 3429 4426 08
3483 4371 3695 4426 Renes
3748 4381 3806 4426 et
3855 4390 3915 4426 88
3967 4376 4322 4442 preparoient

2361 4451 2501 4558 pour
2535 4436 2853 4507 empeecher
2885 4438 3281 4494 l'avaneement
3324 4440 3395 4493 de
3428 4440 3483 4495 la
3516 4441 3766 4512 religion.
3849 4442 3921 4496 Oe
3970 4443 4063 4511 qui
4109 4455 4320 4498 esmeut

2380 4522 2414 4557 8
2448 4504 2638 4575 Royue
2673 4504 2742 4560 88
2776 4506 3078 4576 s'enquerir
3113 4509 3322 4578 quelles
3357 4510 3681 4578 pourroient
3714 4515 3860 4564 estre
3894 4512 3977 4565 les
4010 4511 4185 4566 101008
4221 4513 4318 4566 (108

2361 4574 2573 4644 Eglises
2610 4576 2903 4629 1010181888
2939 4585 2997 4630 ot
3030 4578 3100 4631 de
3136 4579 3263 4647 quel
3308 4593 3526 4632 seeours
3573 4578 3705 4633 01108
3742 4580 4060 4649 pourroient
4092 4582 4319 4636 assister

2362 4645 2416 4695 S.
2454 4643 2527 4696 Μ.
2610 4643 2686 4696 Et
2720 4644 2789 4697 de
2825 4645 2969 4710 18101,
3007 4647 3227 4700 suivant
3262 4661 3362 4700 son
3395 4647 3867 4702 commendement
3913 4649 4109 4717 qu’elle
4152 4651 4319 4706 baille

2360 4727 2488 4766 8088
2524 4713 2667 4765 main
2705 4712 2738 4765 8
2771 4713 3038 4780 l’Amiral‚
3076 4715 3114 4768 11
3163 4715 3246 4768 fut
3280 4717 3447 4769 escrit
3481 4717 3514 4769 8
3548 4723 3731 4770 tontes
3779 4717 3858 4771 les
3893 4719 4182 4786 provinces
4216 4736 4319 4789 par

2359 4781 2440 4835 188
2476 4781 2753 4835 ministres
2788 4788 2847 4835 et
2880 4780 3111 4852 deputes
3146 4784 3243 4838 des
3280 4784 3492 4855 Eglises
3528 4793 3740 4840 restans
3774 4785 3810 4840 8
3844 4786 4054 4856 Poissy,
4100 4788 4182 4841 les
4217 4805 4315 4842 ex-

2359 4849 2586 4904 hortent
2637 4849 2932 4921 d’envoyer
2985 4869 3087 4922 par
3141 4854 3309 4907 escrit
3366 4854 3518 4924 signe
3568 4856 3648 4908 les
3701 4871 3857 4908 80188
3904 4855 3973 4908 80
4019 4863 4200 4910 108108
4236 4857 4315 4910 108

2359 4917 2577 4987 Eglises
2612 4918 2813 5000 1818881
2846 4921 3149 4989 profession
3197 4922 3264 4976 de
3300 4923 3355 5005 18
3398 4923 3626 5005 religion
3676 4923 3985 5006 18101180οκ
4008 4941 4147 4993 pour
4190 4929 4314 4994 puis

2357 4987 3529 5130 affit‘lssff‘n'tdmxessfflwffgfiz‘zt
3556 4992 3873 5130 ‘23’3112'0'502
3894 4991 4151 5128 Βῗὲὶῗῗ..
4168 5001 4315 5118 ῗέἳέ

2355 5125 2664 5194 desquelles
2722 5125 2801 5179 les
2846 5128 3051 5182 susdits
3101 5129 3331 5198 deputes
3374 5135 3755 5198 presentereut
3802 5146 3871 5184 88
4003 5149 4039 5202 y
4087 5149 4193 5186 une
4230 5151 4313 5187 10-

2356 5201 2567 5263 080810,
2601 5194 2804 5248 1818888
2839 5197 3012 5266 grand
3049 5198 3293 5252 instance
3328 5197 3535 5251 d’avoir
3581 5198 3679 5251 des
3722 5199 3954 5267 temples
4007 5209 4066 5254 et
4112 5201 4313 5256 ofl'rans

2353 5264 2752 5388 {exe-serastes
2789 5282 2857 5317 88
2878 5265 2995 5335 Roy
3032 5266 3100 5319 de
3138 5269 3283 5320 leurs
3318 5268 3474 5319 biens
3513 5274 3569 5319 et
3606 5282 3900 5334 personnes
3936 5269 4021 5323 s’il
4058 5287 4125 5324 en
4163 5272 4313 5325 avoit

2451 5347 2545 5386 018
2630 5346 2675 5387 e.
