4900 6125
288 425 404 489 369

284 609 519 678 Ooncel
564 631 728 676 vous
772 610 1071 678 hombles
1116 612 1753 680 recommandations
1801 622 1869 680 et
1909 613 2074 680 effre
2117 632 2245 697 (133

283 696 425 762 lour
490 703 611 781 ayt
668 697 796 763 fect
851 707 970 765 aut
1022 699 1247 765 mieux
1310 718 1437 782 que
1485 700 1604 785 jay
1660 720 1777 766 333
1835 700 1917 767 (13
1973 698 2041 763 13
2095 706 2246 782 3311

285 782 360 848 de
402 802 564 848 vous
609 781 998 869 Signiories.
1087 785 1271 851 Pour
1313 786 1381 851 la
1422 785 1801 852 conclusion
1838 784 2030 851 dudit
2065 784 2246 850 033-

283 868 370 935 331
424 869 765 934 monsieur
818 869 1069 936 lavoier
1106 878 1250 938 mat
1305 871 1551 936 refferu
1602 871 1737 937 fort
1778 871 2249 938 amiablemant

282 975 401 1038 (133
442 976 572 1020 133
631 974 756 1038 (133
814 956 879 1021 13
942 956 1140 1022 311333
1200 955 1559 1023 demandee
1615 965 1716 1023 est
1772 957 1907 1025 fort
1970 957 2247 1023 honeste

281 1041 596 1106 critienne
651 1049 721 1106 et
786 1042 1129 1108 1333331113
1232 1042 1298 1107 31
1367 1043 1610 1108 3331311
1673 1045 1945 1110 31331131
2003 1041 2247 1107 (131331

282 1134 462 1191 33113
526 1125 791 1192 3(113333
846 1125 928 1191 (13
993 1149 1124 1193 eux
1236 1130 1374 1194 isan
1437 1129 1550 1211 qui
1609 1129 1869 1195 saivent
1933 1149 2104 1196 ceux
2164 1125 2246 1192 de

280 1209 600 1277 Strabour
643 1233 677 1276 3
770 1210 1154 1300 [favorables
1195 1212 1266 1301 3]
1298 1216 1348 1296 ¹)
1397 1235 1558 1280 vous
1593 1213 1961 1300 Segniours
2002 1214 2117 1297 qui
2162 1232 2246 1277 ne

280 1296 490 1362 ferent
555 1319 648 1362 nu
701 1319 738 1363 e
801 1297 1121 1365 difficulte
1188 1299 1275 1365 du
1342 1308 1510 1366 cast:
1593 1299 1812 1368 disant
1887 1321 2056 1384 3331
2120 1318 2245 1383 que

280 1402 404 1448 eux
464 1390 689 1449 estana
746 1394 863 1449 aut
919 1385 1052 1449 lieu
1110 1384 1191 1449 de
1237 1384 1601 1452 Strabourc
1665 1388 1776 1471 qui
1846 1408 1933 1452 ne
1987 1392 2243 1453 contre-

281 1467 452 1533 dires
505 1467 889 1535 nullemant.
985 1473 1044 1535 A
1101 1469 1168 1534 13
1229 1480 1404 1537 13313
1450 1469 1613 1571 [j’ay
1653 1469 1858 1558 recen]
1910 1481 2025 1536 tan
2083 1469 2244 1535 don·

278 1575 445 1620 nour
488 1563 557 1618 et
609 1553 826 1621 bonne
882 1557 1271 1641 compagnie
1315 1557 1401 1623 du
1458 1566 1628 1640 petit
1671 1557 1917 1625 Ooncel
1962 1577 2120 1623 3133
2165 1555 2245 1621 (13

279 1638 437 1705 bons
484 1642 598 1705 113
641 1643 754 1725 (131
799 1644 1001 1708 331311
1042 1641 1177 1707 fort
1217 1644 1376 1728 long
1419 1663 1459 1710 3
1503 1644 1800 1710 13331113.

446 1724 602 1791 1)33
663 1748 819 1793 3333
878 1728 1026 1811 3133
1093 1748 1245 1794 11133
1293 1730 1429 1795 3313
1470 1750 1720 1795 131333
1766 1750 1805 1793 3
1851 1726 2247 1794 Neufehatel

280 1831 391 1875 ver
436 1820 682 1877 mestre
726 1813 1135 1880 Guilliaume
1183 1812 1376 1880 Farcl
1435 1813 1566 1879 don
1627 1836 1710 1881 ne
1755 1815 1957 1880 331311
1999 1813 2248 1898 33311113

279 1917 317 1962 3
378 1918 538 1981 moy
604 1897 686 1963 de
752 1901 1077 1985 rescripte
1135 1900 1198 1966 le
1245 1900 1369 1966 bon
1418 1901 1665 1968 volloer
1710 1922 1836 1984 que
1872 1901 1966 1984 jai
2012 1909 2249 1965 trouve

278 2002 360 2047 33
416 1984 515 2047 131
577 2005 816 2051 331313
871 2008 1000 2051 333
1045 1986 1378 2071 Signiorie
1437 1985 1519 2053 de
1564 1985 1866 2054 Genefve
1920 1986 2110 2051 disan
2169 2007 2246 2070 sy

280 2071 450 2134 voict
519 2071 787 2136 mestier
851 2081 918 2136 et
975 2073 1202 2138 besoin
1272 2073 1352 2138 de
1422 2074 1572 2138 veni
1621 2094 1781 2138 avec
1827 2094 1979 2157 moy
2026 2072 2139 2155 qui
2185 2070 2248 2135 13

277 2154 433 2221 ferei
493 2159 650 2240 jour
715 2166 781 2222 et
826 2159 1003 2224 nuit:
1087 2180 1161 2224 33
1227 2160 1614 2224 3333313133
1682 2180 1924 2224 causan
1991 2156 2053 2223 13
2119 2158 2248 2223 bon

277 2241 540 2307 chemin
598 2250 666 2307 31
725 2245 942 2310 1113133
1000 2245 1109 2328 qui
1167 2245 1266 2309 lat
1319 2245 1410 2310 fet
1477 2251 1624 2310 1331
1669 2267 1791 2329 331
1834 2245 2080 2327 3331131
2123 2264 2249 2326 que

279 2328 728 2394 verbalement
783 2338 900 2395 aut
964 2331 1142 2397 sieur
1190 2330 1417 2397 Calvia
1461 2338 1530 2394 et
1573 2342 1798 2397 autres
1842 2331 2026 2396 aiant
2066 2329 2247 2412 puis·

277 2434 474 2479 sance
541 2436 624 2479 33
697 2415 924 2483 laffere
987 2416 1099 2500 qui
1166 2417 1395 2483 sofirat
1460 2437 1589 2481 une
1655 2417 1924 2482 missive
1979 2417 2091 2498 qui
2139 2435 2250 2479 ma

274 2498 484 2565 111133
538 2499 886 2566 adressant
951 2501 1135 2568 audit
1205 2500 1430 2568 Galvm
1496 2503 1626 2567 don
1694 2501 1944 2588 aydant
2022 2510 2248 2566 nostre

277 2583 608 2669 Seigneur
643 2589 781 2652 suis
816 2609 968 2671 pres
1005 2609 1164 2654 avec
1200 2587 1262 2652 13
1284 2586 1485 2654 81331
1510 2586 1774 2653 Michiel
1808 2589 1871 2652 le
1893 2587 2159 2652 libraire
2186 2587 2245 2666 ²)

280 2669 493 2754 lequel
553 2673 708 2737 vien
771 2693 932 2739 avec
987 2694 1142 2759 moy
1203 2672 1282 2739 de
1347 2672 1520 2757 parti
1583 2694 1750 2756 pour
1825 2681 2009 2739 trove
2085 2670 2248 2738 ledit

276 2756 453 2822 sieur
503 2757 725 2824 Calvia
792 2759 872 2824 de
938 2779 1251 2842 presence
1319 2759 1470 2825 bien
1536 2779 1661 2841 que
1727 2763 1856 2825 soit
1909 2757 2026 2843 luy
2087 2777 2248 2823 3133

280 2841 559 2908 Grincus
591 2852 661 2909 31
695 2854 917 2910 autres
953 2846 1048 2911 les
1083 2845 1234 2929 3133
1256 2865 1500 2912 331333
1523 2866 1564 2910 3
1586 2844 1783 2911 Ulme
1805 2848 1861 2920 ³)
1900 2852 1939 2908 4
1966 2847 2247 2929 journee

276 2927 355 2994 de
409 2928 480 2994 13
523 2928 832 2996 811311311
891 2953 975 2996 33
1038 2953 1168 2997 333
1218 2933 1494 3016 journee
1554 2952 1625 2996 33
1684 2930 1853 2995 11331
1910 2929 1977 2995 13
2019 2949 2141 3013 331
2180 2927 2248 2993 13

273 3014 403 3102 foy.
495 3016 964 3102 Magniffiques
1009 3017 1372 3103 Segniours
1415 3016 1623 3083 croies
1682 3017 2076 3083 fermemant
2119 3035 2248 3100 que

263 3101 381 3186 jay
427 3101 557 3167 bon
602 3123 759 3169 3331
803 3104 1046 3170 1131331
1091 3104 1178 3170 131
1224 3124 1589 3188 personage
1632 3124 1754 3186 331
1793 3123 1925 3168 333
1973 3102 2127 3168 11113
2166 3101 2248 3166 (13

277 3187 578 3255 Genefve
634 3210 709 3256 ce
763 3197 915 3275 sayt
961 3190 1135 3256 Dieu
1196 3188 1434 3273 auquel
1484 3190 1556 3272 je
1616 3188 1756 3271 prie
1816 3208 1983 3253 vous
2049 3207 2249 3253 avoer

274 3293 357 3338 33
403 3295 481 3340 33
524 3277 774 3342 saincte
814 3275 1036 3360 garde.

941 3411 1233 3478 Voustre
1280 3411 1546 3479 humble
1589 3411 1920 3477 servitour
1964 3422 2031 3476 31
2073 3412 2249 3493 33131

1319 3498 1503 3583 Loys
1545 3499 1850 3564 Dufourt.

1071 3792 1484 3802 -----

1173 4043 1364 4114 4137.

787 4198 1260 4265 zwmeS
1306 4198 1749 4265 OAJNINO.

454 4373 716 4453 Quaerit
759 4376 1065 4453 quatenus
1107 4370 1374 4436 statibus
1407 4370 1896 4452 protestantibus
1951 4373 2132 4438 liccat
2173 4373 2245 4438 in

271 4457 426 4523 bollo
500 4457 763 4524 Turcico
828 4459 1099 4523 instante
1161 4457 1442 4522 militare
1505 4457 1827 4521 auxilium
1895 4457 2246 4539 pontificiis

267 4548 621 4623 praestare.

310 4715 424 4779 (Ex
462 4715 804 4785 autographo
841 4714 970 4769 Cod.
1010 4714 1212 4769 Genev.
1242 4713 1355 4781 109,
1392 4716 1480 4769 sol.
1521 4714 1620 4769 135
1657 4718 1772 4769 3133
1808 4717 2211 4784 133311311333.)

449 4887 520 4952 8.
581 4887 733 4953 Non
771 4886 1019 4954 excidit
1053 4887 1192 4965 tibi,
1228 4889 1480 4971 opinor,
1518 4886 1880 4953 clarissime
1903 4888 2028 4965 vir,
2063 4887 2239 4971 quod

277 4973 726 5054 superioribus
780 4972 1011 5039 diebus
1067 4975 1134 5037 in
1195 4993 1426 5038 aurem
1471 4973 1587 5038 tibi
1634 4973 1944 5052 dixerim,
2005 4994 2110 5039 me
2168 4976 2238 5038 in

267 5214 458 5269 41⁸0.
478 5213 540 5353 ἐς
569 5215 682 5337 Iba
711 5219 857 5338 gome:
891 5219 1041 5268 entre
1062 5213 1306 5268 crocum
1341 5218 1464 5267 sont
1488 5211 1704 5280 ajout&
1723 5229 1834 5282 331·
1867 5213 1944 5268 len
1977 5212 2236 5269 e'dn‘tcurs.

638 5300 675 5337 11
853 5324 865 5337 .

479 5352 934 5509 wa
999 5438 1115 5494 Vol.
1153 5436 1286 5493 XX.

1909 422 2702 492 SUPPLEMEN'I'UM.

4188 428 4331 492 ’370

2349 631 2547 678 33333
2647 609 2885 676 uadam
2942 608 3217 676 consilio
3270 616 3466 693 atque
3523 608 3762 676 iudicio
3820 617 3933 677 tuo
3989 630 4158 696 3333
4199 612 4323 679 113-

2348 698 2525 765 bere.
2658 718 2694 761 e
2738 696 2761 761 i
2813 696 2945 760 ’131
2986 702 3181 782 33133
3223 695 3350 761 1133
3386 717 3425 762 3
3459 716 3568 761 me
3604 695 3709 763 131
3749 696 3988 764 leviter
4029 698 4139 763 vol
4182 717 4320 764 non

2350 803 2436 848 ex
2479 782 2701 847 animo
2792 785 3018 859 ictum,
3066 780 3250 848 volui
3295 789 3361 846 13
3403 781 3545 848 3133
3584 782 3680 847 131
3721 781 4066 850 certiorem
4103 784 4321 851 facere

2394 888 2517 935 uae
2573 869 2671 934 113
2712 888 2784 933 33
2827 866 3058 933 habet:
3126 865 3407 931 Domini
3459 867 3593 933 mei
3648 867 3720 933 in
3765 867 4094 935 mandatis
4151 869 4323 936 mihi

2396 953 2680 1020 ederunt
2738 961 2811 1018 ut
2869 954 2939 1018 in
2984 953 3361 1036 quaestione
3405 951 3486 1018 (13
3530 952 3703 1018 bello
3765 956 4015 1022 turcico
4057 957 4322 1022 eonfoe-

2350 1040 2597 1106 (1313113
2662 1038 2906 1110 3331113
2969 1039 3146 1105 31313
3189 1046 3256 1104 31
3313 1038 3556 1104 diserte
3609 1059 3934 1125 exponam
3981 1041 4136 1124 qnid
4191 1042 4321 1126 ipsi

2349 1147 2426 1192 33
2491 1126 2561 1190 13
2622 1145 2693 1191 13
2760 1123 3143 1190 faciundum
3202 1145 3346 1191 esse
3409 1132 3676 1209 putent,
3745 1125 4085 1193 videlicet:
4154 1127 4325 1193 nulli

2349 1212 2709 1277 christiano
2753 1210 2957 1276 313131
3002 1211 3201 1276 113313
3244 1219 3321 1276 31
3363 1232 3435 1276 33
3479 1210 3649 1277 bello
3703 1211 3831 1276 isto
3873 1213 4153 1296 papistis
4199 1213 4323 1279 im·-

2350 1296 2653 1363 misceat:
2711 1317 2845 1362 non
2888 1296 3097 1382 igitur
3138 1295 3347 1361 milite
3390 1296 3663 1362 ferenda
3705 1317 3848 1363 esse
3892 1299 4160 1377 auxilia,
4205 1297 4326 1367 sed

2351 1404 2436 1448 ne
2502 1382 2761 1449 invidia
2815 1390 2884 1448 31
2942 1382 3120 1448 mala
3184 1381 3558 1466 3333131333
3622 1404 3694 1448 33
3760 1393 4045 1468 gravent
4109 1392 4324 1451 313133

2352 1470 2592 1544 333111,
2637 1469 2813 1553 Regi
2858 1475 3109 1534 tantam
3152 1468 3499 1552 pecuniam
3548 1468 3959 1552 largiendam
4003 1479 4325 1554 quantam

2349 1555 2530 1636 ipsos
2573 1555 2647 1619 in
2704 1553 3150 1621 conducendis
3208 1553 3534 1619 militibus
3591 1575 3925 1637 exponere
3968 1565 4321 1642 oporteret.

2351 1640 2578 1721 Quum
2615 1661 2772 1706 vero
2808 1640 3160 1708 consilium
3194 1639 3324 1706 hoc
3358 1639 3587 1705 multis
3620 1641 3941 1724 ineptum,
3984 1642 4326 1710 nonnullis

2351 1747 2580 1791 rarum
2604 1730 2640 1763 ⁴*
2687 1735 2755 1792 et
2807 1727 3182 1806 infirmum,
3242 1725 3571 1809 plerisque
3614 1747 3775 1791 1313
3829 1749 4037 1811 grave
4095 1736 4163 1794 31
4219 1729 4325 1793 in-

2353 1812 2719 1879 humanum
2765 1811 2971 1878 videri
3018 1814 3259 1894 possit,
3318 1812 3536 1878 visum
3594 1821 3697 1877 331
3740 1813 3904 1877 311111
3964 1813 4142 1880 1313(1
4200 1814 4326 1880 tibi

2352 1900 2873 1975 communicare,
2939 1899 3125 1964 cuius
3182 1905 3488 1964 sanctum
3534 1905 3602 1962 31
3655 1897 3949 1982 313(1333
4006 1900 4329 1967 iudicium

2355 1991 2491 2050 tam
2551 1984 2715 2049 mihi
2774 1994 3197 2068 perspectum
3254 1991 3356 2049 est
3414 1991 3489 2048 ut
3545 1983 3714 2048 nihil
3781 1985 4048 2051 omnino
4110 1985 4192 2052 de
4248 2007 4327 2053 33

2353 2069 2655 2136 (131111313
2690 2070 2956 2153 3333113.
3026 2070 3217 2154 Rogo
3261 2070 3472 2153 igitur
3506 2069 3719 2135 modis
3763 2071 4089 2151 omnibus,
4137 2094 4328 2156 prae-

2353 2158 2761 2222 stantissime
2806 2157 2940 2233 vir,
3003 2163 3079 2219 31
3122 2155 3471 2221 consilium
3531 2166 3799 2222 senatus
3846 2159 3976 2223 mei
4035 2158 4220 2243 legas
4264 2166 4332 2224 31

2353 2242 2707 2327 diligenter
2757 2239 3127 2325 perpendas
3181 2249 3280 2320 et,
3338 2241 3396 2305 si
3450 2241 3584 2306 tale
3640 2262 3785 2307 3333
3844 2243 4331 2312 existimaveris

2351 2327 2531 2411 quod
2572 2326 2921 2413 indignum
2959 2328 3048 2394 sit
3088 2328 3163 2391 in
3204 2334 3389 2392 tanto
3432 2346 3742 2393 consessu
3780 2331 4077 2413 proponi,
4123 2329 4329 2397 libere

2352 2413 2477 2480 hoc
2522 2413 2687 2479 mihi
2733 2415 3000 2479 referas.
3074 2412 3245 2479 Volo
3289 2420 3514 2478 autem
3560 2413 3683 2480 tibi
3728 2435 4121 2497 persuasum
4167 2437 4334 2496 3333,

2354 2499 2656 2566 dominos
2700 2520 2881 2565 meos
2925 2500 3053 2565 1313
3107 2520 3239 2565 333
3286 2507 3535 2565 temere
3591 2500 3685 2565 sic
3728 2498 4160 2576 deliberasse,
4215 2502 4333 2569 sed

2352 2586 2572 2651 animo
2616 2585 2785 2652 bono
2845 2605 2922 2651 33
2981 2584 3270 2663 3133313,
3333 2592 3562 2668 313313
3607 2584 3724 2669 (131
3769 2609 3974 2652 33313
4022 2587 4149 2655 1133
4193 2597 4333 2655 313-

2354 2670 2513 2736 dent
2571 2681 2638 2737 et
2703 2669 3006 2737 omnibus
3064 2671 3240 2735 13113
3299 2680 3562 2754 331331,
3632 2692 3716 2736 33
3775 2673 3845 2737 13
3901 2694 4146 2758 magna
4203 2673 4335 2739 1313

2353 2776 2554 2822 33333
2597 2754 2878 2824 subinde
2922 2776 3286 2840 peccemus,
3335 2756 3452 2822 sed
3496 2757 3566 2821 in
3615 2757 3922 2824 omnibus
3966 2759 4333 2826 actionibus

2352 2843 2542 2909 salva
2593 2843 2682 2909 sit
2738 2849 2806 2908 31
2860 2844 3054 2908 firma
3111 2841 3517 2909 conscientia
3573 2853 3819 2909 333113.
3920 2844 4172 2930 Ingens
4231 2853 4335 2912 est

2353 2928 2608 2994 malum
2647 2948 2806 3012 prae
2850 2927 3105 2993 foribus
3140 2927 3313 3010 quod
3339 2926 3746 2995 Germaniae
3789 2930 4110 3012 imminet,
4156 2931 4335 3015 quod

2354 3014 2482 3081 nisi
2529 3024 2793 3081 maturo
2837 3023 2903 3080 et
2946 3013 3056 3098 pio
3102 3012 3376 3081 consilio
3415 3013 3840 3099 propellatur,
3886 3015 4045 3101 quid
4087 3037 4331 3104 (133333

2354 3099 2538 3165 311311
2596 3100 2895 3166 futurum
2942 3121 3085 3167 3333
3129 3101 3372 3184 3313111
3415 3122 3613 3184 quam
3670 3108 3745 3166 ut
3799 3103 4113 3170 universa
4157 3103 4333 3171 Ger-

2353 3186 2579 3251 mania
2623 3185 3026 3253 devastetur.
3099 3186 3354 3251 Mirum
3400 3207 3560 3253 vero
3603 3187 3662 3253 si
3704 3187 3831 3254 hoc
3874 3188 4096 3273 ipsum
4138 3188 4333 3257 nobis

2354 3271 2709 3356 aliquando
2775 3270 3029 3339 accidat
3095 3269 3268 3355 quod
3333 3273 3666 3356 scriptura
3740 3282 3877 3339 tam
3951 3283 4332 3343 constanter

2355 3358 2674 3441 praedicit
2727 3365 2797 3423 et
2839 3376 2963 3423 vos
3018 3377 3375 3440 praecones
3428 3359 3614 3425 verbi
3675 3361 4145 3443 praemonetis,
4203 3361 4331 3430 1133

2354 3444 2621 3527 inquam
2668 3443 2839 3526 quod
2885 3464 2958 3509 re
3022 3444 3168 3528 ipsa
3227 3442 3520 3526 quotidie
3588 3446 4002 3529 experimur,
4070 3455 4138 3513 et
4194 3448 4330 3514 iam

2353 3541 2551 3595 antea
2617 3529 2922 3595 omnibus
2984 3529 3067 3593 iis
3135 3530 3357 3593 313311
3421 3531 3537 3613 (131
3603 3538 3754 3614 3331
3817 3531 4085 3616 longam
4145 3533 4335 3602 verbi

2353 3614 2905 3697 praedicationem
2987 3615 3372 3699 resipiscere
3454 3615 3829 3682 noluerunt.
3937 3617 4333 3685 Curandum

2352 3704 2575 3785 itaque
2620 3712 2694 3766 ut
2738 3708 2918 3767 recta
2962 3709 3029 3766 et
3072 3700 3360 3767 salubria
3407 3700 3701 3767 remedia
3736 3701 3894 3769 huic
3941 3705 4168 3771 morbo
4213 3705 4332 3772 ad-

2354 3787 2727 3853 hibeantur.
2818 3786 3189 3853 Consilium
3239 3807 3393 3851 vero
3451 3787 3628 3853 istud
3688 3788 3807 3854 tibi
3867 3788 3988 3855 soli
4033 3811 4333 3857 commu·-

2352 3873 2517 3952 3133,
2589 3893 2668 3938 33
2731 3871 2880 3958 lege
2936 3884 3013 3938 ut
3067 3872 3318 3937 nemini
3372 3874 3660 3956 aperias:
3732 3895 3855 3959 ego
3921 3884 4099 3943 certe
4160 3876 4331 3944 nulli

2352 3958 2698 4025 hominum
2742 3959 3036 4041 exposui.
3123 3957 3319 4038 Quod
3362 3958 3419 4023 31
3466 3979 3701 4043 rogare
3744 3959 4085 4041 auderem,
4147 3969 4333 4048 pete-

2351 4065 2513 4122 rem,
2559 4045 2809 4129 optime
2846 4044 2985 4120 vir,
3045 4051 3121 4110 ut
3177 4064 3567 4128 responsum
3615 4053 3805 4111 tuum
3853 4047 4041 4113 brevi
4085 4048 4336 4133 3311313

2350 4130 2517 4195 mihi
2562 4129 2892 4197 redderes.
2951 4130 3067 4196 Sic
3102 4131 3278 4195 enim
3318 4130 3625 4214 exempla
3660 4141 3728 4197 31
3767 4132 4136 4216 scripturae
4171 4134 4336 4215 loca,

2347 4216 2587 4300 quibus
2652 4216 3059 4282 sententiam
3124 4216 3319 4281 istam
3387 4215 3758 4284 illustrares
3816 4219 3921 4283 vel
3982 4219 4336 4301 refelleres,

2350 4302 2595 4368 rectius
2640 4300 3014 4385 expendere
3059 4309 3125 4366 et
3182 4303 3481 4367 conferre
3528 4323 3807 4387 possem.
3904 4302 4059 4371 8313
4104 4315 4339 4374 333313

2349 4397 2467 4453 133
2526 4393 2791 4472 negotia
2844 4387 3083 4471 quibus
3140 4386 3432 4472 quotidie
3492 4391 3867 4472 occuparis,
3940 4391 4055 4455 sed
4123 4390 4340 4458 fretus

2347 4474 2670 4558 singulari
2714 4474 3131 4539 humanitate
3177 4482 3244 4538 31
3290 4474 3756 4540 benevolentia
3793 4483 3915 4540 tua
3953 4475 4077 4543 1133
4113 4479 4232 4545 3113
4267 4486 4336 4544 13

2395 4572 2499 4625 313
2543 4570 2608 4625 31
2653 4560 2885 4627 scribo.
2957 4559 3126 4624 Vale
3172 4568 3240 4624 et
3283 4559 3672 4625 commenda
3708 4581 3816 4625 me
3852 4562 4159 4645 precibus
4199 4565 4336 4632 tuis

2346 4581 2700 4731 3111333131
2746 4645 3036 4711 Domino
3078 4654 3156 4710 ut
3200 4643 3446 4730 dirigat
3487 4666 3756 4730 gressus
3802 4667 4006 4714 meos.
4036 4654 4088 4726 ¹)

3491 4781 3843 4883 Gom-adue
3879 4785 4211 4854 Zwiccius

3556 4890 3640 4933 ex
3686 4890 3908 4936 ammo
3957 4880 4135 4939 1333.

2338 5022 2517 5077 4187.
2541 5022 2599 5091 1)
2638 5023 2928 5078 Fortassis
2976 5022 3111 5079 11333
3156 5022 3388 5089 epistola
3436 5023 3647 5087 scripta
3693 5027 3774 5077 est
3807 5025 3911 5080 sub
3965 5026 4134 5092 finem
4166 5031 4337 5085 coni·

2337 5094 2541 5147 tiorum
2595 5091 3080 5148 Batisboneasium
3125 5106 3177 5146 3.
3226 5089 3387 5157 1541,
3424 5108 3591 5162 quum
3641 5090 3911 5147 Calvinus
3963 5096 4082 5150 iau·
4127 5097 4331 5154 disces·

2338 5159 3277 5287 ..1011131111
3288 5159 3685 5299 {ffoisfffl
3765 5164 4329 5297 3111311111·

3834 5433 3907 5487 24
