4900 6125
291 365 396 432 525

289 572 426 638 pore
465 558 529 615 et
568 549 709 615 loco
754 570 956 633 quum
1003 548 1348 616 christiani
1405 548 1692 616 hominis
1737 549 2025 615 officium
2116 570 2221 617 os-

287 637 436 703 tulat
474 643 696 718 aperte
739 635 1204 720 profitentibus
1262 657 1338 702 ac
1393 636 1801 719 corruptelas
1844 637 2058 720 impro
2103 656 2223 701 an-

287 722 443 788 tibus
481 721 674 788 liceat
726 741 927 805 opera
981 720 1213 787 talium
1256 721 1715 788 ministrorum
1767 722 1840 787 in
1894 721 2224 806 baptismo

287 809 591 874 infantum
633 806 799 874 citra
840 818 1184 890 peccatum
1225 806 1326 872 uti
1369 829 1492 874 nec
1534 806 1666 873 ne?

439 892 571 973 Qui
610 892 772 960 haec
809 901 1131 974 asserunt,
1177 893 1491 960 nimirum
1532 903 1598 958 et
1624 894 2043 960 Francofurti
2081 914 2225 960 esse

285 979 514 1047 Christi
560 979 917 1056 ecclesiam,
975 987 1041 1044 et
1083 978 1359 1062 proinde
1402 979 1681 1045 liberum
1725 979 2109 1064 licitumque
2153 982 2224 1046 16

281 1086 351 1130 66
389 1085 524 1131 6666
566 1064 873 1148 baptismi
918 1086 1130 1142 usum,
1176 1067 1346 1131 ferre
1379 1066 1748 1148 potuissent
1782 1075 1859 1132 ut
1892 1067 2225 1150 praefatae

283 1158 522 1216 tantum
588 1149 757 1216 duae
823 1150 1238 1234 quaestiones
1305 1150 1388 1216 ad
1445 1173 1595 1229 vos,
1660 1152 1791 1217 viri
1856 1152 2222 1231 clarissimi,

280 1237 542 1301 fuissent
601 1237 870 1302 missae:
947 1237 1061 1301 sed
1127 1237 1282 1320 quia
1346 1237 1458 1301 alii
1523 1239 1758 1303 fratres
1824 1239 2224 1304 sententiam

283 1342 449 1387 suam
484 1323 740 1405 copiose
777 1323 1206 1406 explicarunt,
1246 1343 1322 1389 ac
1356 1324 1836 1389 contrariorum
1872 1343 2226 1408 argumen-

279 1419 478 1472 torum
536 1409 1052 1474 confutationem
1112 1409 1563 1489 instituerunt,
1632 1421 1961 1494 coguntur
2027 1411 2226 1474 etiam

278 1491 366 1558 illi
416 1515 624 1578 pauca
681 1494 1054 1560 declarandi
1114 1495 1209 1560 rei
1271 1505 1515 1561 statum
1570 1515 1767 1560 causa
1821 1494 2225 1576 subnectere,

278 1598 345 1645 ac
384 1589 570 1644 orant
616 1589 691 1645 ut
734 1580 895 1647 haec
940 1579 1291 1664 diligenter
1333 1581 1796 1646 observentur:

432 1665 769 1750 Principio
827 1669 1227 1731 controverti
1290 1666 1396 1731 hic
1453 1688 1590 1732 non
1646 1677 1906 1732 tantum
1966 1667 2048 1732 de
2102 1689 2226 1733 usu

279 1749 566 1833 baptismi
619 1763 767 1834 post
807 1750 1169 1817 Flandriae
1229 1752 1539 1818 ecclesiae
1595 1754 2226 1837 commigrationem,

277 1855 427 1918 quae
467 1837 605 1901 iam
651 1839 941 1902 maxima
983 1859 1068 1903 ex
1112 1849 1300 1921 parte
1344 1839 1414 1902 in
1449 1838 1902 1903 Palatinatum
1947 1839 2229 1919 transiit,

276 1920 379 1986 sed
421 1921 500 1987 de
545 1943 626 1987 ea
666 1924 866 1987 etiam
911 1922 1220 2006 baptismi
1255 1926 1668 2008 perceptione
1704 1945 1870 2007 quae
1913 1925 2029 1990 lite
2063 1946 2229 2008 pen-

275 2004 473 2085 dente,
520 2016 599 2072 ut
638 2007 886 2074 dictum
931 2019 1050 2089 661,
1096 2031 1314 2075 coram
1360 2019 1597 2075 senatu
1640 2011 1977 2076 mensibus
2022 2010 2228 2076 unde-

273 2093 389 2158 cim
445 2094 619 2160 facta
662 2107 793 2159 est:
855 2116 1019 2159 num
1078 2097 1170 2179 pii
1217 2097 1360 2173 viri,
1420 2097 1530 2179 qui
1590 2097 1895 2179 superius
1951 2100 2228 2163 recitato

271 2178 449 2243 modo
509 2180 618 2328 6261
680 2189 840 2247 6661
905 2180 1035 2247 6116
1089 2182 1454 2247 ministerio
1513 2181 1829 2262 destituti,
1897 2183 2229 2266 peccarint

272 2284 380 2329 nec
423 2286 508 2330 ne

431 2354 487 2414 2.
542 2349 950 2418 Observetur
972 2363 1330 2436 praeterea,
1365 2353 1867 2438 peregrinorum
1891 2353 2227 2418 neminem

267 2437 414 2502 urbe
480 2436 770 2502 eiectum
838 2459 1013 2505 esse:
1080 2459 1236 2504 nam
1282 2438 1630 2505 Gallorum
1685 2440 1896 2504 maior
1950 2460 2103 2522 pars
2158 2449 2227 2505 et

265 2520 702 2588 Flandrorum
749 2525 940 2588 multi
996 2524 1357 2590 etiamnum
1399 2525 1828 2591 Francofurti
1873 2524 2226 2608 tranquille

266 2605 614 2674 admodum
659 2610 916 2688 vivunt,
975 2620 1044 2676 et
1099 2611 1212 2693 qui
1267 2620 1606 2676 cesserunt
1649 2611 1826 2675 ultro
1872 2631 1948 2675 66
1991 2621 2224 2694 666616

265 2714 372 2758 sua
406 2705 771 2775 cesserunt,
814 2703 886 2760 ut
920 2695 1077 2762 alibi
1112 2697 1479 2762 ministerio
1517 2696 1855 2764 vernaculi
1888 2695 2224 2762 idiomatis

263 2779 591 2847 efficacius
650 2781 1147 2848 consolarentur
1167 2782 1202 2820 *
1258 2803 1335 2849 ac
1393 2781 1915 2850 aedificarentur.
1999 2783 2223 2864 Quare

264 2866 420 2947 quod
467 2867 588 2934 alii
633 2864 714 2932 de
767 2869 1274 2951 persequutione
1321 2869 1553 2935 dicunt
1608 2891 1682 2935 ac
1743 2869 2095 2945 inculcant,
2141 2868 2223 2935 de

262 2951 389 3016 sola
433 2952 671 3036 templi
734 2953 946 3018 nostri
1001 2953 1366 3020 occlusione
1421 2965 1489 3020 et
1529 2954 1951 3038 particularis
1994 2956 2221 3021 minis-

261 3038 398 3103 terii
444 3040 662 3105 nostri
722 3038 1162 3123 prohibitione
1218 3041 1502 3126 intelligi
1560 3041 1767 3120 debet,
1825 3063 1960 3107 non
2004 3051 2224 3108 autem

262 3122 334 3188 de
395 3125 536 3191 alia.
602 3125 985 3211 tyrannide,
1067 3126 1147 3192 de
1214 3150 1342 3211 qua
1407 3129 1580 3212 quod
1645 3136 1961 3212 queratur
2027 3129 2225 3193 habet

259 3231 460 3276 nemo.

423 3300 482 3363 3.
536 3297 733 3379 Quod
768 3318 929 3364 vero
973 3298 1413 3365 ministerium
1457 3300 1632 3383 apud
1677 3298 2090 3366 adversarios
2126 3310 2225 3366 est

258 3382 372 3463 piis
427 3405 572 3449 non
629 3394 823 3450 nocet
865 3384 978 3468 qui
1023 3384 1108 3450 ad
1169 3386 1569 3469 baptismum
1628 3385 1803 3452 edita
1858 3384 2010 3452 fidei
2069 3406 2226 3451 suae

257 3488 419 3619 Eam
461 3470 874 3536 confessione
915 3471 1080 3537 citra
1124 3492 1385 3539 omnem
1431 3471 1953 3556 corruptelarum
1992 3492 2228 3555 appro-

333 3556 589 3621 tionem
631 3555 1091 3622 admittuntur.
1180 3556 1362 3623 Sunt
1405 3558 1585 3622 enim
1624 3557 1912 3623 ministri
1968 3557 2067 3622 illi
2112 3579 2227 3623 ex-

263 3648 445 3706 terne
480 3641 722 3708 saltem
759 3640 1117 3721 domestici,
1162 3662 1239 3708 ac
1276 3642 1504 3709 eodem
1548 3643 1853 3708 nituntur
1887 3642 2230 3710 nobiscum

263 3724 728 3793 fundamento:
789 3736 947 3793 sunt
991 3729 1170 3793 enim
1214 3729 1503 3794 ministri
1548 3729 1864 3794 ordinarii
1909 3751 2029 3795 nec
2074 3729 2230 3794 hac-

265 3822 450 3877 tenus
513 3813 809 3913 legitime
876 3815 1146 3879 fuerunt
1201 3815 1502 3893 convicti,
1569 3814 1780 3879 multo
1833 3816 2059 3880 minus
2115 3837 2231 3879 ex-

261 3914 749 3965 communicati.

427 3992 493 4052 4.
544 3985 848 4051 Dicimus
889 4006 1067 4065 vero,
1126 4008 1265 4051 non
1307 3992 1569 4051 tantum
1613 3985 1861 4069 optima
1905 3986 2082 4051 illius
2127 4007 2232 4053 66-

263 4068 496 4137 6166166
543 4070 859 4149 166161116,
914 4071 1029 4137 sed
1085 4092 1197 4138 eos
1251 4072 1451 4136 etiam
1509 4092 1738 4138 omnes
1797 4072 1913 4155 qui
1955 4074 2231 4137 verbum

262 4156 545 4222 audiunt
591 4167 657 4223 et
702 4159 1132 4224 sacramentis
1176 4165 1454 4223 utuntur
1493 4167 1773 4224 externa
1807 4158 2083 4224 visibilis
2127 4178 2232 4225 ec-

262 4240 498 4309 clesiae
547 4244 844 4309 membra
887 4265 1050 4321 esse,
1107 4245 1297 4308 iuxta
1338 4244 1686 4326 parabolas
1731 4243 1971 4310 Matth.
2022 4249 2121 4323 13,
2167 4254 2235 4309 et

262 4331 666 4395 sententiam
711 4329 996 4395 Christi:
1056 4329 1255 4395 Multi
1300 4331 1514 4396 vocati
1571 4330 1764 4413 pauci
1805 4351 1965 4394 vero
2022 4330 2232 4396 electi.

265 4412 370 4478 Illi
416 4436 581 4482 vero
626 4416 736 4499 qui
783 4417 1132 4481 veritatem
1176 4424 1406 4481 amant
1447 4436 1524 4482 ac
1565 4416 1972 4499 impietatem
2018 4414 2233 4481 detes-

261 4509 511 4581 tantur,
559 4521 696 4567 666
740 4512 1001 4567 1661661
1048 4500 1320 4567 visibilis
1361 4501 1691 4581 ecclesiae,
1736 4501 1851 4568 sed
1893 4512 1962 4568 et
2004 4502 2234 4568 invisi-

262 4586 413 4651 bilis
450 4586 766 4654 ecclesiae
799 4587 1099 4654 membra
1139 4596 1315 4654 sunt.
1375 4587 1997 4654 Denominationem
2033 4587 2233 4653 etiam

262 4672 582 4740 ecclesiae
636 4695 774 4739 non
829 4694 870 4739 a
925 4674 1192 4752 maiore,
1259 4671 1376 4739 sed
1418 4695 1458 4739 a
1514 4673 1766 4757 potiore
1823 4694 1900 4741 66
1964 4672 2235 4739 16611616

265 4758 564 4825 eiusdem
628 4766 814 4843 parte
878 4759 1118 4825 debere
1174 4759 1321 4825 fieri
1378 4765 1706 4844 putamus.
1793 4757 1969 4826 Nam
2019 4758 2236 4825 Isaiae

265 4852 332 4909 et
373 4844 716 4912 Simeonis
759 4854 878 4911 etc.
923 4845 1183 4912 saeculo
1242 4844 1586 4911 ecclesiam
1645 4850 1991 4911 externam
2033 4847 2234 4911 etiam

263 4928 473 4997 fuisse
521 4931 687 4997 nihil
729 4932 1149 5016 ambigimus,
1205 4932 1464 4997 etiamsi
1507 4941 1573 4998 et
1615 4932 1825 4997 maior
1867 4952 2021 5015 pars
2064 4942 2236 4997 esset

263 5016 493 5101 impia,
554 5028 622 5082 et
679 5016 985 5084 ccclesiae
1042 5018 1484 5083 ministerium
1528 5023 1703 5084 esset
1744 5015 1920 5101 apud
1976 5016 2233 5101 impios.

441 5110 506 5169 5.
551 5102 855 5171 Dicimus
874 5106 1212 5170 Donatum
1246 5125 1381 5170 non
1423 5105 1492 5169 in
1538 5122 1615 5169 eo
1649 5110 1909 5169 tantum
1933 5124 2237 5188 peccasse

263 5188 442 5269 qnod
489 5200 1050 5256 sacramentorum
1102 5189 1463 5256 efficaciam
1507 5210 1548 5254 a
1587 5190 1906 5275 dignitate
1949 5189 2238 5256 ministri

259 5274 562 5357 pendere
603 5274 867 5357 diceret,
925 5274 1043 5343 sed
1095 5277 1292 5344 etiam
1348 5276 1418 5341 in
1476 5295 1553 5341 eo
1595 5275 1768 5359 quod
1810 5276 1954 5361 pios
2003 5276 2238 5361 impio-

1949 363 2113 426 1562
2159 358 2617 430 SEPTEMB.

4165 360 4291 423 526

2322 571 2474 616 rum
2529 550 2600 614 in
2656 569 2784 616 usu
2842 552 3406 613 sacramentorum
3471 545 3796 613 consortio
3858 546 4294 612 contaminari

2324 643 2607 720 putaret,
2667 643 2745 700 ut
2788 655 2873 700 ex
2915 633 3027 698 lib.
3075 632 3436 718 Augustini
3490 640 3641 716 post
3682 632 4096 699 collationem
4140 654 4292 699 cum

2322 721 2696 788 Donatistis
2739 731 2807 786 et
2860 719 3135 804 epistola
3191 715 3641 803 praeliminari
3683 726 3838 803 post
3879 716 4293 785 collationem

2324 815 2394 873 et
2435 806 2584 875 aliis
2626 808 2766 874 eius
2810 805 2944 872 viri
2999 806 3262 888 scriptis
3315 811 3515 889 patet.
3584 803 3696 870 Illi
3750 804 3957 890 igitur
3999 805 4114 887 qui
4171 803 4296 870 hoc

2326 892 2563 958 docent
2605 892 2855 958 Donati
2899 912 3188 957 errorem
3231 898 3563 957 revocant.

2504 983 2561 1046 6.
2608 979 2760 1045 Non
2804 977 3001 1043 licere
3043 978 3150 1061 pio
3192 985 3269 1042 ut
3313 976 3470 1042 111116
3529 975 3745 1042 666161
3801 995 3873 1041 66
3916 974 4158 1040 666166
4208 984 4293 1055 61,

2326 1065 2397 1129 16
2441 1085 2569 1148 (166
2613 1065 2825 1129 1116161
2881 1085 3036 1147 6616
3088 1063 3290 1145 116616
3333 1061 3667 1127 meliorem
3715 1070 4000 1144 superat,
4058 1082 4176 1144 pro
4224 1083 4296 1128 a

2327 1151 2505 1216 tione
2549 1170 2713 1233 opus
2755 1148 2973 1226 habet,
3032 1148 3324 1213 maxime
3379 1168 3583 1231 quum
3627 1145 3816 1213 Deus
3878 1146 3970 1211 ibi
4015 1146 4297 1213 verbum

2328 1246 2394 1302 et
2437 1236 2879 1302 ministerium
2936 1256 3128 1300 suum
3188 1240 3456 1317 propter
3508 1233 3747 1299 electos
3800 1234 4182 1310 servaverit,
4229 1243 4298 1299 et

2326 1321 2422 1405 pii
2468 1322 2818 1406 impiorum
2866 1321 3219 1387 sceleribus
3262 1340 3398 1384 non
3441 1317 3948 1397 communicent,
3993 1317 4108 1386 sed
4151 1318 4298 1384 illo

2329 1429 2478 1473 rum
2526 1416 2785 1473 tantum
2828 1427 3027 1489 opera
3069 1407 3140 1470 in
3185 1403 3504 1488 baptismo
3549 1403 3802 1470 Christi
3847 1413 4123 1470 utantur
4166 1404 4295 1469 alio

2328 1494 2697 1559 ministerio
2742 1493 3059 1571 destituti,
3121 1513 3196 1557 ac
3240 1491 3392 1556 fidei
3450 1511 3605 1557 suae
3661 1489 4065 1556 confessione
4107 1491 4297 1574 prius

2328 1579 2522 1646 edita.

2504 1669 2561 1729 7.
2609 1664 2761 1729 Non
2787 1664 3298 1730 controvertitur
3318 1670 3730 1728 sacramenta
3761 1660 3853 1726 ibi
3876 1660 4299 1744 percipienda

2330 1771 2472 1817 esse
2508 1750 2622 1815 ubi
2644 1768 2836 1832 quam
2861 1751 3212 1833 purissime
3248 1748 3809 1827 administrantur,
3855 1769 4056 1830 quum
4103 1745 4300 1812 datur

2329 1837 2458 1920 piis
2503 1837 2699 1919 optio.
2779 1835 2949 1916 Quis
2994 1836 3117 1902 hoc
3161 1832 3467 1918 ignorat?
3551 1832 3686 1900 Sed
3731 1832 4088 1917 quaeritur,
4134 1854 4299 1898 num

2330 1922 2664 2007 peregrini
2718 1940 2914 1987 66666
2970 1943 3090 1986 sua
3134 1921 3461 2005 pendente
3505 1940 3728 1986 coram
3774 1926 4009 1984 senatu
4053 1920 4299 1984 mensi-

2335 2009 2456 2074 bus
2513 2006 2847 2084 undecim,
2910 2027 3114 2090 quum
3170 2006 3349 2071 aliud
3405 2005 3848 2071 ministerium
3903 2026 4036 2070 non
4096 2005 4300 2070 habe-

2331 2102 2502 2175 rent,
2548 2092 3099 2177 quemadmodum
3139 2113 3353 2175 neque
3398 2092 3530 2156 iam
3575 2091 3777 2157 etiam
3821 2091 4087 2168 habent,
4134 2090 4300 2155 bene

2330 2180 2632 2256 fecerint,
2705 2200 2780 2244 ac
2845 2180 3210 2244 etiamnum
3280 2179 3447 2243 bene
3509 2177 3782 2255 faciant,
3847 2177 4172 2259 baptismo
4231 2176 4301 2241 in

2331 2265 2702 2330 lutheranis
2760 2264 3051 2330 ecclesiis
3096 2273 3378 2344 utentes,
3437 2263 3821 2346 praesertim
3867 2283 4069 2345 quum
4117 2283 4303 2345 aper

2329 2361 2467 2417 tam
2506 2350 2980 2417 confessionem
3018 2348 3168 2414 fidei
3205 2369 3363 2415 suae
3398 2347 3745 2427 ediderint,
3790 2369 4003 2430 neque
4037 2348 4120 2413 ad
4156 2349 4302 2413 eius

2331 2436 2835 2521 abnegationem
2881 2445 2997 2500 aut
3047 2435 3567 2518 corruptelarum
3610 2434 4149 2518 approbationem
4194 2433 4302 2502 vel

2330 2524 2601 2589 tacitam
2646 2522 2751 2589 vel
2797 2533 3092 2603 apertam
3132 2521 3504 2605 adigantur.

2503 2613 2563 2673 8.
2610 2608 2716 2672 Ad
2763 2617 2898 2673 tres
2940 2607 3091 2673 illas
3132 2608 3442 2684 rationes,
3496 2613 3766 2690 propter
3809 2626 3971 2689 quas
4017 2605 4130 2670 alii
4173 2605 4303 2670 illi-

2330 2697 2531 2762 citum
2587 2713 2729 2760 esse
2787 2693 2966 2759 hunc
3019 2691 3328 2777 baptismi
3384 2714 3577 2758 usum
3632 2701 3888 2775 putant,
3949 2690 4303 2775 responde-

2329 2802 2510 2847 mus:
2562 2782 2634 2845 1
2670 2779 2911 2845 Nullus
2956 2779 3322 2862 scripturae
3357 2798 3527 2862 apex
3560 2777 3867 2861 prohibet
3900 2776 4301 2860 baptismum

2330 2868 2399 2932 in
2466 2865 2740 2933 ecclesia
2805 2866 3174 2950 percipere,
3240 2863 3724 2948 qualescunque
3790 2864 3928 2929 sint
3991 2862 4297 2929 ministri.

2329 2954 2481 3019 Non
2528 2952 2705 3018 enim
2752 2950 2938 3017 nobis
2981 2951 3138 3017 licet
3172 2957 3439 3034 propter
3480 2949 3551 3015 id
3594 2947 3768 3034 quod
3810 2948 4157 3014 hominum
4201 2958 4304 3014 est

2331 3038 2612 3106 abiicere
2655 3037 2828 3121 quod
2886 3036 3094 3121 ipsius
3138 3035 3391 3103 Christi
3448 3044 3567 3102 est.
3679 3038 3758 3099 2
3798 3034 3908 3101 Ad
3953 3034 4167 3100 locum
4214 3056 4302 3101 ex

2336 3130 2412 3192 16
2473 3127 2633 3208 Cap.
2680 3123 2764 3189 ad
2809 3124 2933 3190 Ro.
2989 3123 3410 3206 desumptum
3464 3120 3638 3206 quod
3695 3122 3951 3201 attinet,
4011 3142 4164 3187 eum
4220 3120 4303 3187 de

2328 3213 2481 3289 illis,
2541 3211 2657 3295 qui
2710 3210 2939 3275 eodem
2994 3208 3338 3275 nobiscum
3393 3207 3831 3274 fundamento
3874 3207 4183 3272 nituntur
4226 3229 4303 3273 ac

2330 3297 2671 3365 Christum
2729 3296 3070 3362 nobiscum
3127 3293 3531 3378 praedicant,
3592 3314 3726 3359 non
3770 3314 3962 3377 posse
4019 3292 4302 3377 intelligi

2330 3382 2540 3468 (aliud
2581 3390 2684 3449 est
2726 3391 2938 3448 sectas
2996 3381 3230 3460 facere,
3290 3379 3471 3445 aliud
3531 3378 3810 3463 stipulas
3855 3399 4014 3445 auro
4058 3378 4303 3443 admis-

2330 3470 2527 3553 cere),
2574 3468 2689 3534 sed
2731 3467 2813 3533 de
2856 3466 3099 3533 talibus
3143 3466 3367 3550 quales
3405 3466 3552 3532 Act.
3607 3470 3682 3528 15
3730 3474 3798 3529 61
3841 3464 3991 3531 Gal.
4044 3470 4073 3528 1
4124 3484 4301 3529 oom-

2330 3563 2806 3633 memorantur,
2861 3555 3098 3639 quibus
3151 3573 3275 3618 nec
3319 3553 3466 3616 Ave
3525 3550 3875 3617 dicendum
3920 3559 4037 3615 est.
4129 3550 4305 3615 Nam

2333 3643 2389 3706 si
2449 3641 2632 3705 locus
2688 3640 2800 3704 ille
2852 3637 2934 3704 de
2989 3639 3294 3704 omnibus
3358 3638 3444 3702 iis
3501 3638 3613 3720 qui
3679 3637 3900 3719 aliqua
3964 3659 4049 3701 ex
4117 3644 4305 3719 parte

2331 3734 2565 3793 contra
2598 3725 2793 3791 Pauli
2829 3725 3195 3791 doctrinam
3242 3730 3532 3802 (servato
3576 3732 3801 3787 tamen
3838 3721 4302 3799 fundamento)

2334 3813 2494 3895 quid
2538 3810 2772 3878 docent
2813 3810 3096 3895 intelligi
3142 3808 3351 3890 debet,
3397 3809 3712 3875 alteruter
3747 3814 4049 3874 nostrum
4095 3815 4306 3873 secta-

2333 3900 2477 3964 rius
2534 3906 2651 3977 est,
2709 3919 2785 3963 ac
2845 3896 3119 3980 proinde
3175 3895 3558 3980 fugiendus:
3620 3915 3779 3960 nam
3833 3894 4152 3959 alteruter
4196 3893 4306 3960 hic

2334 3983 2489 4069 quid
2557 3983 2748 4050 docet
2811 4000 2863 4048 a
2917 3980 3216 4048 doctrina
3280 3982 3475 4047 Pauli
3554 3980 3862 4045 alienum.
3972 3978 4304 4064 Fugiendi

2336 4077 2555 4137 essent
2621 4067 2901 4152 denique
2967 4069 3078 4152 qui
3143 4068 3212 4132 in
3281 4065 3572 4133 ecclesiis
3632 4065 3878 4132 nostris
3937 4063 4304 4130 doctrinam

2334 4154 2950 4241 praedestinationis
2984 4154 3401 4220 labefactant.
3459 4152 3714 4219 Docent
3733 4153 3908 4218 enim
3945 4150 4115 4233 quod
4152 4172 4305 4215 cum

2335 4241 2588 4309 Christi
2633 4247 2700 4306 et
2741 4241 2937 4306 Pauli
2982 4238 3281 4307 doctrina
3321 4248 3592 4323 pugnat.
3673 4237 3822 4302 Hac
3864 4238 4121 4303 ratione
4164 4256 4304 4302 sec-

2337 4329 2659 4393 tariorum
2702 4326 2926 4392 nullus
2971 4337 3144 4392 esset
3184 4324 3356 4390 finis.
3441 4325 3624 4408 Ergo
3668 4322 3749 4388 de
3805 4321 3939 4389 illis
3983 4323 4097 4405 qui
4152 4323 4301 4386 fun

2338 4413 2719 4479 damentum
2758 4411 3143 4478 convellunt
3195 4411 3733 4494 labefactantque,
3788 4407 4007 4474 locum
4051 4407 4134 4473 ad
4177 4407 4302 4473 Ro.

2344 4504 2420 4565 16
2464 4497 2968 4582 intelligendum
3011 4506 3340 4581 putamus,
3400 4504 3467 4561 et
3511 4496 3603 4560 ita
3645 4493 4023 4562 schismatis
4065 4514 4304 4560 causae

2338 4594 2512 4653 sunt.
2616 4588 2691 4649 3
2735 4584 2843 4651 Ad
2887 4584 3103 4649 locum
3154 4589 3207 4648 l.
3253 4582 3404 4649 Cor.
3453 4587 3490 4645 5
3533 4579 3812 4648 dicimus
3853 4580 4304 4647 excommuni-

2336 4674 2662 4739 cationem
2741 4671 3219 4755 separationem
3286 4667 3522 4734 debore
3586 4665 4012 4751 praecedere:
4103 4684 4303 4749 quare

2336 4758 2519 4825 locus
2561 4755 2671 4822 hic
2715 4764 2944 4821 contra
2986 4775 3107 4822 nos
3150 4775 3285 4820 non
3330 4754 3586 4819 militat.
3675 4750 3936 4818 Deinde
3978 4753 4305 4835 separatio

2335 4844 2487 4909 fieri
2528 4840 2741 4922 debet,
2783 4853 3104 4926 quatenus
3147 4842 3499 4908 necessitas
3543 4839 3667 4904 hoc
3709 4838 3842 4903 fert
3884 4843 3952 4903 et
3992 4837 4301 4921 postulat.

2337 4930 2513 4996 Nam
2557 4928 2740 4994 iubet
2772 4928 3028 4995 Paulus
3063 4925 3703 4994 excommunicatum
3748 4927 3809 4988 2.
3833 4922 4063 4990 Thess.
4101 4925 4140 4987 3
4187 4921 4302 4989 ad-

2337 5035 2608 5081 monere
2683 5022 2999 5098 tanquam
3077 5015 3368 5081 fratrem.
3476 5011 3836 5077 Praeterea
3897 5007 4200 5077 facienda
4263 5027 4304 5073 a

2338 5100 2533 5181 malo,
2598 5121 2733 5167 non
2793 5107 3013 5167 autem
3057 5122 3098 5166 a
3152 5106 3377 5167 sancto
3436 5104 3504 5162 et
3558 5093 3928 5163 necessario
3992 5094 4304 5179 baptismi

2339 5208 2484 5253 usu.
2572 5187 2664 5254 Et
2707 5185 2862 5253 huic
2919 5193 3265 5270 praecepto
3307 5182 3505 5250 Pauli
3563 5181 3913 5267 diligenter
3968 5181 4303 5265 obtempe-

2339 5281 2495 5339 rant
2535 5273 2764 5351 nostri,
2809 5273 3047 5356 quibus
3089 5292 3239 5338 cum
3283 5270 3504 5354 impiis
3537 5268 3705 5335 nihil
3749 5267 4123 5336 commercii
4166 5274 4300 5335 est:
