<?xml version="1.0" encoding="UTF-8"?>
<!DOCTYPE html PUBLIC "-//W3C//DTD XHTML 1.0 Transitional//EN"
    "http://www.w3.org/TR/xhtml1/DTD/xhtml1-transitional.dtd">
<html xmlns="http://www.w3.org/1999/xhtml" xml:lang="en" lang="en">
 <head>
  <title>
</title>
<meta http-equiv="Content-Type" content="text/html;charset=utf-8" />
  <meta name='ocr-system' content='tesseract 3.04.00' />
  <meta name='ocr-capabilities' content='ocr_page ocr_carea ocr_par ocr_line ocrx_word'/>
</head>
<body>
  <div class='ocr_page' id='page_1' title='image "./ioanniscalvinio12unkngoog/ioanniscalvinio12unkngoog_0392.png"; bbox 0 0 4900 6125; ppageno 0'>
   <div class='ocr_carea' id='block_1_1' title="bbox 612 383 742 450">
    <p class='ocr_par' dir='ltr' id='par_1_1' title="bbox 612 383 742 450">
     <span class='ocr_line' id='line_1_1' title="bbox 612 383 742 450; baseline 0.015 -2"><span class='ocrx_word' id='word_1_1' title='bbox 612 383 742 450; x_wconf 78' lang='lat'>⁷23</span> 
     </span>
    </p>
   </div>
   <div class='ocr_carea' id='block_1_2' title="bbox 617 570 2587 4259">
    <p class='ocr_par' dir='ltr' id='par_1_2' title="bbox 621 570 2587 1686">
     <span class='ocr_line' id='line_1_2' title="bbox 622 570 2584 723; baseline -0.002 -84"><span class='ocrx_word' id='word_1_2' title='bbox 622 573 733 651; x_wconf 86' lang='lat' dir='ltr'>tis,</span> <span class='ocrx_word' id='word_1_3' title='bbox 750 573 806 654; x_wconf 84' lang='lat'>⁴)</span> <span class='ocrx_word' id='word_1_4' title='bbox 858 572 1211 723; x_wconf 58' lang='lat' dir='ltr'>Grffon&#39;us</span> <span class='ocrx_word' id='word_1_5' title='bbox 1250 571 1540 640; x_wconf 85' lang='lat' dir='ltr'>vicissim</span> <span class='ocrx_word' id='word_1_6' title='bbox 1587 572 1669 638; x_wconf 92' lang='lat' dir='ltr'>ab</span> <span class='ocrx_word' id='word_1_7' title='bbox 1713 570 1941 638; x_wconf 92' lang='lat' dir='ltr'>eodem</span> <span class='ocrx_word' id='word_1_8' title='bbox 1988 579 2333 637; x_wconf 89' lang='lat' dir='ltr'>accusatur</span> <span class='ocrx_word' id='word_1_9' title='bbox 2377 576 2584 636; x_wconf 87' lang='lat' dir='ltr'>teme-</span> 
     </span>
     <span class='ocr_line' id='line_1_3' title="bbox 624 656 2587 743; baseline -0.003 -19"><span class='ocrx_word' id='word_1_10' title='bbox 624 659 859 724; x_wconf 88' lang='lat' dir='ltr'>ritatis.</span> <span class='ocrx_word' id='word_1_11' title='bbox 1020 660 1040 723; x_wconf 95' lang='lat' dir='ltr'>i</span> <span class='ocrx_word' id='word_1_12' title='bbox 1122 656 1289 738; x_wconf 91' lang='lat' dir='ltr'>ideo,</span> <span class='ocrx_word' id='word_1_13' title='bbox 1344 658 1515 743; x_wconf 89' lang='lat' dir='ltr'>quod</span> <span class='ocrx_word' id='word_1_14' title='bbox 1560 665 1713 724; x_wconf 86' lang='lat' dir='ltr'>ante</span> <span class='ocrx_word' id='word_1_15' title='bbox 1757 667 2016 740; x_wconf 91' lang='lat' dir='ltr'>tempus</span> <span class='ocrx_word' id='word_1_16' title='bbox 2056 677 2441 742; x_wconf 88' lang='lat' dir='ltr'>progressus</span> <span class='ocrx_word' id='word_1_17' title='bbox 2484 663 2587 721; x_wconf 89' lang='lat' dir='ltr'>est</span> 
     </span>
     <span class='ocr_line' id='line_1_4' title="bbox 626 742 2581 830; baseline -0.002 -20"><span class='ocrx_word' id='word_1_18' title='bbox 626 755 763 810; x_wconf 84' lang='lat' dir='ltr'>tam</span> <span class='ocrx_word' id='word_1_19' title='bbox 830 743 1025 828; x_wconf 87' lang='lat' dir='ltr'>longe</span> <span class='ocrx_word' id='word_1_20' title='bbox 1080 744 1150 809; x_wconf 91' lang='lat' dir='ltr'>in</span> <span class='ocrx_word' id='word_1_21' title='bbox 1210 765 1286 810; x_wconf 92' lang='lat' dir='ltr'>eo</span> <span class='ocrx_word' id='word_1_22' title='bbox 1331 744 1667 830; x_wconf 80' lang='lat' dir='ltr'><strong>dogmate:</strong></span> <span class='ocrx_word' id='word_1_23' title='bbox 1738 742 1851 809; x_wconf 90' lang='lat' dir='ltr'>ille</span> <span class='ocrx_word' id='word_1_24' title='bbox 1895 763 2054 809; x_wconf 87' lang='lat' dir='ltr'>vero</span> <span class='ocrx_word' id='word_1_25' title='bbox 2120 742 2308 826; x_wconf 91' lang='lat' dir='ltr'>quod,</span> <span class='ocrx_word' id='word_1_26' title='bbox 2378 761 2581 826; x_wconf 89' lang='lat' dir='ltr'>quum</span> 
     </span>
     <span class='ocr_line' id='line_1_5' title="bbox 624 825 2582 915; baseline -0.002 -20"><span class='ocrx_word' id='word_1_27' title='bbox 624 851 746 915; x_wconf 90' lang='lat' dir='ltr'>per</span> <span class='ocrx_word' id='word_1_28' title='bbox 807 851 1046 896; x_wconf 90' lang='lat' dir='ltr'>manus</span> <span class='ocrx_word' id='word_1_29' title='bbox 1110 828 1192 895; x_wconf 92' lang='lat' dir='ltr'>ab</span> <span class='ocrx_word' id='word_1_30' title='bbox 1258 850 1336 895; x_wconf 92' lang='lat' dir='ltr'>eo</span> <span class='ocrx_word' id='word_1_31' title='bbox 1393 830 1517 895; x_wconf 91' lang='lat' dir='ltr'>hoc</span> <span class='ocrx_word' id='word_1_32' title='bbox 1558 829 1640 895; x_wconf 93' lang='lat' dir='ltr'>do</span> <span class='ocrx_word' id='word_1_33' title='bbox 1689 849 1796 894; x_wconf 89' lang='lat' dir='ltr'>ma</span> <span class='ocrx_word' id='word_1_34' title='bbox 1839 829 2182 912; x_wconf 88' lang='lat' dir='ltr'>acceperit,</span> <span class='ocrx_word' id='word_1_35' title='bbox 2229 828 2312 894; x_wconf 89' lang='lat' dir='ltr'>ab</span> <span class='ocrx_word' id='word_1_36' title='bbox 2355 825 2582 894; x_wconf 91' lang='lat' dir='ltr'>eodem</span> 
     </span>
     <span class='ocr_line' id='line_1_6' title="bbox 628 913 2584 998; baseline -0.001 -17"><span class='ocrx_word' id='word_1_37' title='bbox 628 936 699 982; x_wconf 91' lang='lat' dir='ltr'>se</span> <span class='ocrx_word' id='word_1_38' title='bbox 762 915 971 981; x_wconf 89' lang='lat' dir='ltr'>veluti</span> <span class='ocrx_word' id='word_1_39' title='bbox 1039 914 1273 993; x_wconf 90' lang='lat' dir='ltr'>deseri,</span> <span class='ocrx_word' id='word_1_40' title='bbox 1341 915 1496 981; x_wconf 92' lang='lat' dir='ltr'>dum</span> <span class='ocrx_word' id='word_1_41' title='bbox 1566 917 1632 982; x_wconf 93' lang='lat' dir='ltr'>ni</span> <span class='ocrx_word' id='word_1_42' title='bbox 1686 914 1732 980; x_wconf 92' lang='lat' dir='ltr'>il</span> <span class='ocrx_word' id='word_1_43' title='bbox 1798 913 2043 980; x_wconf 91' lang='lat' dir='ltr'>diserte</span> <span class='ocrx_word' id='word_1_44' title='bbox 2100 913 2584 998; x_wconf 78' lang='lat' dir='ltr'>requirentibus</span> 
     </span>
     <span class='ocr_line' id='line_1_7' title="bbox 625 998 2585 1085; baseline -0.001 -18"><span class='ocrx_word' id='word_1_45' title='bbox 625 1000 1002 1085; x_wconf 78' lang='lat' dir='ltr'><strong>respondet,</strong></span> <span class='ocrx_word' id='word_1_46' title='bbox 1082 1001 1524 1085; x_wconf 75' lang='lat' dir='ltr'><strong>conqueritur.</strong></span> <span class='ocrx_word' id='word_1_47' title='bbox 1637 1001 1878 1067; x_wconf 82' lang='lat' dir='ltr'>Merito</span> <span class='ocrx_word' id='word_1_48' title='bbox 1941 999 2147 1083; x_wconf 88' lang='lat' dir='ltr'>igitur</span> <span class='ocrx_word' id='word_1_49' title='bbox 2208 1007 2421 1084; x_wconf 87' lang='lat' dir='ltr'>potest</span> <span class='ocrx_word' id='word_1_50' title='bbox 2488 998 2585 1065; x_wconf 89' lang='lat' dir='ltr'>eis</span> 
     </span>
     <span class='ocr_line' id='line_1_8' title="bbox 622 1083 2586 1172; baseline -0.002 -19"><span class='ocrx_word' id='word_1_51' title='bbox 622 1086 787 1153; x_wconf 91' lang='lat' dir='ltr'>illud</span> <span class='ocrx_word' id='word_1_52' title='bbox 833 1087 1141 1172; x_wconf 85' lang='lat' dir='ltr'>impingi:</span> <span class='ocrx_word' id='word_1_53' title='bbox 1232 1088 1341 1153; x_wconf 86' lang='lat' dir='ltr'>En</span> <span class='ocrx_word' id='word_1_54' title='bbox 1385 1107 1514 1171; x_wconf 92' lang='lat' dir='ltr'>quo</span> <span class='ocrx_word' id='word_1_55' title='bbox 1571 1087 1848 1153; x_wconf 91' lang='lat' dir='ltr'>miseros</span> <span class='ocrx_word' id='word_1_56' title='bbox 1904 1084 2217 1170; x_wconf 88' lang='lat' dir='ltr'>perduxit</span> <span class='ocrx_word' id='word_1_57' title='bbox 2259 1083 2586 1152; x_wconf 88' lang='lat' dir='ltr'>discordia</span> 
     </span>
     <span class='ocr_line' id='line_1_9' title="bbox 624 1168 2585 1255; baseline -0.004 -15"><span class='ocrx_word' id='word_1_58' title='bbox 624 1174 822 1240; x_wconf 89' lang='lat' dir='ltr'>cives.</span> <span class='ocrx_word' id='word_1_59' title='bbox 848 1176 901 1252; x_wconf 78' lang='lat'>⁵)</span> <span class='ocrx_word' id='word_1_60' title='bbox 989 1172 1194 1239; x_wconf 89' lang='lat' dir='ltr'>Parat</span> <span class='ocrx_word' id='word_1_61' title='bbox 1236 1193 1417 1240; x_wconf 90' lang='lat' dir='ltr'>nunc</span> <span class='ocrx_word' id='word_1_62' title='bbox 1460 1174 1586 1237; x_wconf 88' lang='lat' dir='ltr'>iter</span> <span class='ocrx_word' id='word_1_63' title='bbox 1629 1171 1710 1238; x_wconf 91' lang='lat' dir='ltr'>ad</span> <span class='ocrx_word' id='word_1_64' title='bbox 1755 1170 2140 1255; x_wconf 89' lang='lat' dir='ltr'>Despotam,</span> <span class='ocrx_word' id='word_1_65' title='bbox 2161 1174 2215 1247; x_wconf 83' lang='lat'>⁸)</span> <span class='ocrx_word' id='word_1_66' title='bbox 2274 1191 2393 1238; x_wconf 90' lang='lat' dir='ltr'>nec</span> <span class='ocrx_word' id='word_1_67' title='bbox 2435 1168 2585 1235; x_wconf 84' lang='lat' dir='ltr'>vult</span> 
     </span>
     <span class='ocr_line' id='line_1_10' title="bbox 626 1255 2582 1343; baseline -0.002 -18"><span class='ocrx_word' id='word_1_68' title='bbox 626 1267 922 1325; x_wconf 88' lang='lat' dir='ltr'>nostram</span> <span class='ocrx_word' id='word_1_69' title='bbox 991 1265 1374 1342; x_wconf 87' lang='lat' dir='ltr'>exspectare</span> <span class='ocrx_word' id='word_1_70' title='bbox 1438 1257 1763 1343; x_wconf 76' lang='lat' dir='ltr'><strong>synodum</strong></span> <span class='ocrx_word' id='word_1_71' title='bbox 1833 1277 1998 1340; x_wconf 90' lang='lat' dir='ltr'>quae</span> <span class='ocrx_word' id='word_1_72' title='bbox 2064 1265 2167 1323; x_wconf 92' lang='lat' dir='ltr'>est</span> <span class='ocrx_word' id='word_1_73' title='bbox 2207 1255 2457 1323; x_wconf 91' lang='lat' dir='ltr'>indicta</span> <span class='ocrx_word' id='word_1_74' title='bbox 2499 1255 2582 1321; x_wconf 92' lang='lat' dir='ltr'>ad</span> 
     </span>
     <span class='ocr_line' id='line_1_11' title="bbox 626 1341 2581 1421; baseline -0.002 -11"><span class='ocrx_word' id='word_1_75' title='bbox 626 1343 799 1410; x_wconf 91' lang='lat' dir='ltr'>diem</span> <span class='ocrx_word' id='word_1_76' title='bbox 854 1347 929 1407; x_wconf 84' lang='lat'>14</span> <span class='ocrx_word' id='word_1_77' title='bbox 976 1344 1237 1421; x_wconf 82' lang='lat' dir='ltr'>Maii.&#39;¹)</span> <span class='ocrx_word' id='word_1_78' title='bbox 1303 1343 1438 1411; x_wconf 83' lang='lat' dir='ltr'>Sed</span> <span class='ocrx_word' id='word_1_79' title='bbox 1476 1343 1556 1409; x_wconf 92' lang='lat' dir='ltr'>de</span> <span class='ocrx_word' id='word_1_80' title='bbox 1581 1344 1955 1409; x_wconf 72' lang='lat' dir='ltr'>Lismanino</span> <span class='ocrx_word' id='word_1_81' title='bbox 1997 1343 2188 1408; x_wconf 88' lang='lat' dir='ltr'>satis:</span> <span class='ocrx_word' id='word_1_82' title='bbox 2245 1343 2419 1409; x_wconf 89' lang='lat' dir='ltr'>nosti</span> <span class='ocrx_word' id='word_1_83' title='bbox 2463 1341 2581 1407; x_wconf 90' lang='lat' dir='ltr'>ho·</span> 
     </span>
     <span class='ocr_line' id='line_1_12' title="bbox 625 1428 2580 1514; baseline -0.002 -18"><span class='ocrx_word' id='word_1_84' title='bbox 625 1429 828 1496; x_wconf 88' lang='lat' dir='ltr'>minis</span> <span class='ocrx_word' id='word_1_85' title='bbox 898 1430 1260 1514; x_wconf 80' lang='lat' dir='ltr'>ingenium.</span> <span class='ocrx_word' id='word_1_86' title='bbox 1350 1429 1647 1497; x_wconf 84' lang='lat' dir='ltr'>Graecus</span> <span class='ocrx_word' id='word_1_87' title='bbox 1691 1440 1808 1507; x_wconf 88' lang='lat' dir='ltr'>est,</span> <span class='ocrx_word' id='word_1_88' title='bbox 1861 1429 1969 1494; x_wconf 89' lang='lat' dir='ltr'>vel</span> <span class='ocrx_word' id='word_1_89' title='bbox 2028 1428 2244 1512; x_wconf 91' lang='lat' dir='ltr'>potius</span> <span class='ocrx_word' id='word_1_90' title='bbox 2290 1428 2580 1495; x_wconf 85' lang='lat' dir='ltr'>Graeco·</span> 
     </span>
     <span class='ocr_line' id='line_1_13' title="bbox 624 1512 2579 1600; baseline -0.003 -17"><span class='ocrx_word' id='word_1_91' title='bbox 624 1515 851 1583; x_wconf 91' lang='lat' dir='ltr'>Italus.</span> <span class='ocrx_word' id='word_1_92' title='bbox 921 1515 1214 1598; x_wconf 89' lang='lat' dir='ltr'>Utraque</span> <span class='ocrx_word' id='word_1_93' title='bbox 1258 1537 1419 1600; x_wconf 88' lang='lat' dir='ltr'>gens</span> <span class='ocrx_word' id='word_1_94' title='bbox 1464 1537 1593 1582; x_wconf 91' lang='lat' dir='ltr'>non</span> <span class='ocrx_word' id='word_1_95' title='bbox 1629 1525 1809 1582; x_wconf 86' lang='lat' dir='ltr'>caret</span> <span class='ocrx_word' id='word_1_96' title='bbox 1844 1515 2087 1581; x_wconf 66' lang='lat' dir='ltr'>fflibus</span> <span class='ocrx_word' id='word_1_97' title='bbox 2124 1514 2319 1581; x_wconf 86' lang='lat' dir='ltr'>vitiis.</span> <span class='ocrx_word' id='word_1_98' title='bbox 2388 1512 2579 1580; x_wconf 83' lang='lat' dir='ltr'>Sem-</span> 
     </span>
     <span class='ocr_line' id='line_1_14' title="bbox 621 1599 2183 1686; baseline -0.001 -19"><span class='ocrx_word' id='word_1_99' title='bbox 621 1621 745 1686; x_wconf 91' lang='lat' dir='ltr'>per</span> <span class='ocrx_word' id='word_1_100' title='bbox 787 1610 1007 1666; x_wconf 90' lang='lat' dir='ltr'>autem</span> <span class='ocrx_word' id='word_1_101' title='bbox 1052 1602 1197 1668; x_wconf 90' lang='lat' dir='ltr'>exci</span> <span class='ocrx_word' id='word_1_102' title='bbox 1245 1603 1304 1666; x_wconf 92' lang='lat' dir='ltr'>io</span> <span class='ocrx_word' id='word_1_103' title='bbox 1348 1603 1523 1668; x_wconf 89' lang='lat' dir='ltr'>viros</span> <span class='ocrx_word' id='word_1_104' title='bbox 1568 1602 1707 1685; x_wconf 93' lang='lat' dir='ltr'>pios</span> <span class='ocrx_word' id='word_1_105' title='bbox 1750 1607 1819 1666; x_wconf 89' lang='lat' dir='ltr'>et</span> <span class='ocrx_word' id='word_1_106' title='bbox 1858 1599 2183 1667; x_wconf 88' lang='lat' dir='ltr'>honestos.</span> 
     </span>
    </p>

    <p class='ocr_par' dir='ltr' id='par_1_3' title="bbox 617 1622 2581 3314">
     <span class='ocr_line' id='line_1_15' title="bbox 799 1622 2581 1772; baseline -0.001 -21"><span class='ocrx_word' id='word_1_107' title='bbox 799 1686 998 1752; x_wconf 81' lang='lat' dir='ltr'>Felix</span> <span class='ocrx_word' id='word_1_108' title='bbox 1026 1686 1136 1752; x_wconf 94' lang='lat' dir='ltr'>ille</span> <span class='ocrx_word' id='word_1_109' title='bbox 1166 1622 1460 1772; x_wconf 49' lang='grc' dir='ltr'>(ἔπειρεν</span> <span class='ocrx_word' id='word_1_110' title='bbox 1478 1687 1866 1765; x_wconf 78' lang='lat' dir='ltr'>occubuit,⁸)</span> <span class='ocrx_word' id='word_1_111' title='bbox 1913 1695 1981 1753; x_wconf 90' lang='lat' dir='ltr'>et</span> <span class='ocrx_word' id='word_1_112' title='bbox 2012 1684 2273 1770; x_wconf 91' lang='lat' dir='ltr'>quidem</span> <span class='ocrx_word' id='word_1_113' title='bbox 2318 1685 2581 1751; x_wconf 91' lang='lat' dir='ltr'>insueto</span> 
     </span>
     <span class='ocr_line' id='line_1_16' title="bbox 625 1770 2580 1858; baseline -0.002 -20"><span class='ocrx_word' id='word_1_114' title='bbox 625 1792 869 1858; x_wconf 88' lang='lat' dir='ltr'>genere</span> <span class='ocrx_word' id='word_1_115' title='bbox 934 1774 1181 1838; x_wconf 90' lang='lat' dir='ltr'>mortis.</span> <span class='ocrx_word' id='word_1_116' title='bbox 1285 1771 1369 1838; x_wconf 92' lang='lat' dir='ltr'>D.</span> <span class='ocrx_word' id='word_1_117' title='bbox 1434 1772 1899 1855; x_wconf 69' lang='lat' dir='ltr'>SzafraneciuS,</span> <span class='ocrx_word' id='word_1_118' title='bbox 1954 1773 2062 1837; x_wconf 85' lang='lat' dir='ltr'>vir</span> <span class='ocrx_word' id='word_1_119' title='bbox 2110 1771 2407 1851; x_wconf 87' lang='lat' dir='ltr'>illustris,</span> <span class='ocrx_word' id='word_1_120' title='bbox 2465 1770 2580 1837; x_wconf 90' lang='lat' dir='ltr'>ubi</span> 
     </span>
     <span class='ocr_line' id='line_1_17' title="bbox 626 1855 2579 1941; baseline -0.001 -18"><span class='ocrx_word' id='word_1_121' title='bbox 626 1879 777 1923; x_wconf 87' lang='lat' dir='ltr'>eum</span> <span class='ocrx_word' id='word_1_122' title='bbox 822 1858 1154 1924; x_wconf 84' lang='lat' dir='ltr'>intellexit</span> <span class='ocrx_word' id='word_1_123' title='bbox 1196 1857 1524 1924; x_wconf 88' lang='lat' dir='ltr'>labascere</span> <span class='ocrx_word' id='word_1_124' title='bbox 1567 1858 1960 1941; x_wconf 90' lang='lat' dir='ltr'>iamiamque</span> <span class='ocrx_word' id='word_1_125' title='bbox 2002 1858 2072 1923; x_wconf 91' lang='lat' dir='ltr'>in</span> <span class='ocrx_word' id='word_1_126' title='bbox 2117 1855 2391 1923; x_wconf 91' lang='lat' dir='ltr'>candem</span> <span class='ocrx_word' id='word_1_127' title='bbox 2430 1877 2579 1923; x_wconf 91' lang='lat' dir='ltr'>sen·</span> 
     </span>
     <span class='ocr_line' id='line_1_18' title="bbox 623 1942 2578 2028; baseline -0.001 -19"><span class='ocrx_word' id='word_1_128' title='bbox 623 1945 898 2009; x_wconf 87' lang='lat' dir='ltr'>tentiam</span> <span class='ocrx_word' id='word_1_129' title='bbox 944 1945 1163 2010; x_wconf 90' lang='lat' dir='ltr'>animo</span> <span class='ocrx_word' id='word_1_130' title='bbox 1210 1944 1631 2028; x_wconf 87' lang='lat' dir='ltr'>propendere,</span> <span class='ocrx_word' id='word_1_131' title='bbox 1679 1942 1850 2009; x_wconf 88' lang='lat' dir='ltr'>dixit</span> <span class='ocrx_word' id='word_1_132' title='bbox 1891 1954 1967 2009; x_wconf 98' lang='grc' dir='ltr'>ιιι</span> <span class='ocrx_word' id='word_1_133' title='bbox 2008 1943 2128 2010; x_wconf 91' lang='lat' dir='ltr'>sibi</span> <span class='ocrx_word' id='word_1_134' title='bbox 2181 1942 2380 2009; x_wconf 86' lang='lat' dir='ltr'>aliam</span> <span class='ocrx_word' id='word_1_135' title='bbox 2423 1963 2578 2008; x_wconf 88' lang='lat' dir='ltr'>con·</span> 
     </span>
     <span class='ocr_line' id='line_1_19' title="bbox 622 2029 2576 2113; baseline -0.002 -18"><span class='ocrx_word' id='word_1_136' title='bbox 622 2029 938 2096; x_wconf 84' lang='lat' dir='ltr'>ditionem</span> <span class='ocrx_word' id='word_1_137' title='bbox 1005 2039 1380 2113; x_wconf 88' lang='lat' dir='ltr'>quaereret:</span> <span class='ocrx_word' id='word_1_138' title='bbox 1451 2051 1522 2095; x_wconf 92' lang='lat' dir='ltr'>se</span> <span class='ocrx_word' id='word_1_139' title='bbox 1580 2032 1757 2095; x_wconf 89' lang='lat' dir='ltr'>enim</span> <span class='ocrx_word' id='word_1_140' title='bbox 1811 2030 1982 2095; x_wconf 91' lang='lat' dir='ltr'>nolle</span> <span class='ocrx_word' id='word_1_141' title='bbox 2040 2049 2180 2095; x_wconf 91' lang='lat' dir='ltr'>esse</span> <span class='ocrx_word' id='word_1_142' title='bbox 2225 2037 2576 2113; x_wconf 89' lang='lat' dir='ltr'>patronum</span> 
     </span>
     <span class='ocr_line' id='line_1_20' title="bbox 622 2113 2577 2199; baseline 0 -19"><span class='ocrx_word' id='word_1_143' title='bbox 622 2122 758 2180; x_wconf 91' lang='lat' dir='ltr'>tam</span> <span class='ocrx_word' id='word_1_144' title='bbox 826 2114 1052 2181; x_wconf 84' lang='lat' dir='ltr'>foedae</span> <span class='ocrx_word' id='word_1_145' title='bbox 1109 2113 1459 2181; x_wconf 88' lang='lat' dir='ltr'>doctrinae.</span> <span class='ocrx_word' id='word_1_146' title='bbox 1550 2115 1697 2182; x_wconf 89' lang='lat' dir='ltr'>Hoc</span> <span class='ocrx_word' id='word_1_147' title='bbox 1753 2136 2061 2199; x_wconf 88' lang='lat' dir='ltr'>responso</span> <span class='ocrx_word' id='word_1_148' title='bbox 2106 2123 2372 2198; x_wconf 92' lang='lat' dir='ltr'>accepto</span> <span class='ocrx_word' id='word_1_149' title='bbox 2415 2114 2577 2180; x_wconf 91' lang='lat' dir='ltr'>Pin·</span> 
     </span>
     <span class='ocr_line' id='line_1_21' title="bbox 620 2199 2578 2286; baseline -0.002 -18"><span class='ocrx_word' id='word_1_150' title='bbox 620 2201 875 2268; x_wconf 84' lang='lat' dir='ltr'>coviam</span> <span class='ocrx_word' id='word_1_151' title='bbox 956 2203 1388 2286; x_wconf 75' lang='lat' dir='ltr'>commigrare</span> <span class='ocrx_word' id='word_1_152' title='bbox 1469 2199 1870 2280; x_wconf 88' lang='lat' dir='ltr'>decreverat,</span> <span class='ocrx_word' id='word_1_153' title='bbox 1936 2202 2194 2284; x_wconf 86' lang='lat' dir='ltr'>iamque</span> <span class='ocrx_word' id='word_1_154' title='bbox 2260 2201 2401 2284; x_wconf 89' lang='lat' dir='ltr'>ipso</span> <span class='ocrx_word' id='word_1_155' title='bbox 2472 2199 2578 2264; x_wconf 93' lang='lat' dir='ltr'>die</span> 
     </span>
     <span class='ocr_line' id='line_1_22' title="bbox 622 2285 2577 2354; baseline -0.001 -3"><span class='ocrx_word' id='word_1_156' title='bbox 622 2286 963 2354; x_wconf 89' lang='lat' dir='ltr'>Paschatis</span> <span class='ocrx_word' id='word_1_157' title='bbox 1004 2287 1217 2352; x_wconf 91' lang='lat' dir='ltr'>coetui</span> <span class='ocrx_word' id='word_1_158' title='bbox 1260 2308 1376 2353; x_wconf 91' lang='lat' dir='ltr'>suo</span> <span class='ocrx_word' id='word_1_159' title='bbox 1420 2285 1844 2352; x_wconf 79' lang='lat' dir='ltr'>valedicebat.</span> <span class='ocrx_word' id='word_1_160' title='bbox 1913 2287 2233 2352; x_wconf 79' lang='lat' dir='ltr'>Absoluta</span> <span class='ocrx_word' id='word_1_161' title='bbox 2266 2286 2577 2354; x_wconf 78' lang='lat' dir='ltr'>concione</span> 
     </span>
     <span class='ocr_line' id='line_1_23' title="bbox 622 2372 2575 2457; baseline -0.002 -18"><span class='ocrx_word' id='word_1_162' title='bbox 622 2372 974 2456; x_wconf 86' lang='lat' dir='ltr'>derepente</span> <span class='ocrx_word' id='word_1_163' title='bbox 1035 2372 1336 2449; x_wconf 85' lang='lat' dir='ltr'>concidit,</span> <span class='ocrx_word' id='word_1_164' title='bbox 1394 2373 1485 2437; x_wconf 87' lang='lat' dir='ltr'>ita</span> <span class='ocrx_word' id='word_1_165' title='bbox 1538 2383 1615 2437; x_wconf 92' lang='lat' dir='ltr'>ut</span> <span class='ocrx_word' id='word_1_166' title='bbox 1672 2393 1758 2438; x_wconf 91' lang='lat' dir='ltr'>ne</span> <span class='ocrx_word' id='word_1_167' title='bbox 1812 2373 2109 2457; x_wconf 91' lang='lat' dir='ltr'>proloqui</span> <span class='ocrx_word' id='word_1_168' title='bbox 2153 2372 2416 2456; x_wconf 91' lang='lat' dir='ltr'>quidem</span> <span class='ocrx_word' id='word_1_169' title='bbox 2462 2392 2575 2455; x_wconf 94' lang='lat' dir='ltr'>po-</span> 
     </span>
     <span class='ocr_line' id='line_1_24' title="bbox 620 2456 2573 2542; baseline -0.001 -18"><span class='ocrx_word' id='word_1_170' title='bbox 620 2460 842 2538; x_wconf 89' lang='lat' dir='ltr'>tuerit,</span> <span class='ocrx_word' id='word_1_171' title='bbox 908 2479 984 2524; x_wconf 92' lang='lat' dir='ltr'>ac</span> <span class='ocrx_word' id='word_1_172' title='bbox 1047 2458 1145 2523; x_wconf 86' lang='lat' dir='ltr'>ita</span> <span class='ocrx_word' id='word_1_173' title='bbox 1213 2456 1477 2523; x_wconf 90' lang='lat' dir='ltr'>tandem</span> <span class='ocrx_word' id='word_1_174' title='bbox 1559 2460 1855 2542; x_wconf 81' lang='lat' dir='ltr'>sequenti</span> <span class='ocrx_word' id='word_1_175' title='bbox 1921 2457 2025 2523; x_wconf 92' lang='lat' dir='ltr'>die</span> <span class='ocrx_word' id='word_1_176' title='bbox 2090 2470 2389 2524; x_wconf 91' lang='lat' dir='ltr'>mortuus</span> <span class='ocrx_word' id='word_1_177' title='bbox 2454 2464 2573 2522; x_wconf 91' lang='lat' dir='ltr'>est.</span> 
     </span>
     <span class='ocr_line' id='line_1_25' title="bbox 622 2542 2573 2627; baseline -0.002 -17"><span class='ocrx_word' id='word_1_178' title='bbox 622 2542 816 2626; x_wconf 81' lang='lat' dir='ltr'>Quae</span> <span class='ocrx_word' id='word_1_179' title='bbox 874 2567 979 2610; x_wconf 90' lang='lat' dir='ltr'>res</span> <span class='ocrx_word' id='word_1_180' title='bbox 1048 2546 1247 2609; x_wconf 87' lang='lat' dir='ltr'>etiam</span> <span class='ocrx_word' id='word_1_181' title='bbox 1315 2543 1629 2627; x_wconf 88' lang='lat' dir='ltr'>plurimos</span> <span class='ocrx_word' id='word_1_182' title='bbox 1695 2544 1919 2609; x_wconf 87' lang='lat' dir='ltr'>movit.</span> <span class='ocrx_word' id='word_1_183' title='bbox 2022 2545 2188 2610; x_wconf 92' lang='lat' dir='ltr'>Dico</span> <span class='ocrx_word' id='word_1_184' title='bbox 2255 2545 2449 2622; x_wconf 91' lang='lat' dir='ltr'>enim,</span> <span class='ocrx_word' id='word_1_185' title='bbox 2518 2543 2573 2608; x_wconf 91' lang='lat' dir='ltr'>si</span> 
     </span>
     <span class='ocr_line' id='line_1_26' title="bbox 662 2629 2574 2714; baseline -0.001 -20"><span class='ocrx_word' id='word_1_186' title='bbox 662 2632 766 2697; x_wconf 90' lang='lat' dir='ltr'>uis</span> <span class='ocrx_word' id='word_1_187' title='bbox 822 2631 1099 2697; x_wconf 89' lang='lat' dir='ltr'>istorum</span> <span class='ocrx_word' id='word_1_188' title='bbox 1159 2630 1373 2714; x_wconf 89' lang='lat' dir='ltr'>potuit</span> <span class='ocrx_word' id='word_1_189' title='bbox 1425 2650 1696 2695; x_wconf 89' lang='lat' dir='ltr'>cursum</span> <span class='ocrx_word' id='word_1_190' title='bbox 1751 2650 1947 2696; x_wconf 91' lang='lat' dir='ltr'>verae</span> <span class='ocrx_word' id='word_1_191' title='bbox 1991 2629 2325 2696; x_wconf 91' lang='lat' dir='ltr'>doctrinae</span> <span class='ocrx_word' id='word_1_192' title='bbox 2367 2631 2574 2711; x_wconf 91' lang='lat' dir='ltr'>impe-</span> 
     </span>
     <span class='ocr_line' id='line_1_27' title="bbox 670 2715 2577 2800; baseline -0.001 -19"><span class='ocrx_word' id='word_1_193' title='bbox 670 2717 781 2792; x_wconf 85' lang='lat' dir='ltr'>&#39;re,</span> <span class='ocrx_word' id='word_1_194' title='bbox 856 2716 969 2781; x_wconf 93' lang='lat' dir='ltr'>ille</span> <span class='ocrx_word' id='word_1_195' title='bbox 1027 2725 1201 2781; x_wconf 91' lang='lat' dir='ltr'>certe</span> <span class='ocrx_word' id='word_1_196' title='bbox 1242 2716 1393 2780; x_wconf 89' lang='lat' dir='ltr'>talis</span> <span class='ocrx_word' id='word_1_197' title='bbox 1435 2723 1596 2782; x_wconf 79' lang='lat' dir='ltr'>erat.</span> <span class='ocrx_word' id='word_1_198' title='bbox 1691 2715 2036 2800; x_wconf 74' lang='lat' dir='ltr'>Greqorius</span> <span class='ocrx_word' id='word_1_199' title='bbox 2100 2723 2220 2793; x_wconf 91' lang='lat' dir='ltr'>est,</span> <span class='ocrx_word' id='word_1_200' title='bbox 2277 2723 2351 2780; x_wconf 91' lang='lat' dir='ltr'>ut</span> <span class='ocrx_word' id='word_1_201' title='bbox 2402 2715 2577 2780; x_wconf 87' lang='lat' dir='ltr'>nosti</span> 
     </span>
     <span class='ocr_line' id='line_1_28' title="bbox 617 2801 2574 2886; baseline -0.001 -19"><span class='ocrx_word' id='word_1_202' title='bbox 617 2801 975 2879; x_wconf 86' lang='lat' dir='ltr'>hominem,</span> <span class='ocrx_word' id='word_1_203' title='bbox 1035 2803 1147 2886; x_wconf 91' lang='lat' dir='ltr'>qui</span> <span class='ocrx_word' id='word_1_204' title='bbox 1213 2802 1426 2886; x_wconf 90' lang='lat' dir='ltr'>magis</span> <span class='ocrx_word' id='word_1_205' title='bbox 1481 2801 1754 2867; x_wconf 87' lang='lat' dir='ltr'>audacia</span> <span class='ocrx_word' id='word_1_206' title='bbox 1820 2822 1936 2885; x_wconf 93' lang='lat' dir='ltr'>pro</span> <span class='ocrx_word' id='word_1_207' title='bbox 1978 2802 2301 2885; x_wconf 88' lang='lat' dir='ltr'>sapientia</span> <span class='ocrx_word' id='word_1_208' title='bbox 2343 2801 2574 2865; x_wconf 87' lang='lat' dir='ltr'>utitur.</span> 
     </span>
     <span class='ocr_line' id='line_1_29' title="bbox 620 2886 2575 2971; baseline -0.002 -18"><span class='ocrx_word' id='word_1_209' title='bbox 620 2888 1020 2954; x_wconf 66' lang='lat' dir='ltr'>Latomirius</span> <span class='ocrx_word' id='word_1_210' title='bbox 1037 2891 1092 2963; x_wconf 81' lang='lat'>⁹)</span> <span class='ocrx_word' id='word_1_211' title='bbox 1159 2909 1314 2953; x_wconf 88' lang='lat' dir='ltr'>vero</span> <span class='ocrx_word' id='word_1_212' title='bbox 1359 2886 1660 2953; x_wconf 91' lang='lat' dir='ltr'>indoctus</span> <span class='ocrx_word' id='word_1_213' title='bbox 1705 2895 1804 2953; x_wconf 89' lang='lat' dir='ltr'>est</span> <span class='ocrx_word' id='word_1_214' title='bbox 1847 2895 1914 2952; x_wconf 93' lang='lat' dir='ltr'>et</span> <span class='ocrx_word' id='word_1_215' title='bbox 1955 2887 2347 2953; x_wconf 87' lang='lat' dir='ltr'>tumultuosi</span> <span class='ocrx_word' id='word_1_216' title='bbox 2392 2888 2575 2971; x_wconf 90' lang='lat' dir='ltr'>inge-</span> 
     </span>
     <span class='ocr_line' id='line_1_30' title="bbox 620 2971 2577 3057; baseline -0.002 -17"><span class='ocrx_word' id='word_1_217' title='bbox 620 2974 736 3040; x_wconf 91' lang='lat' dir='ltr'>nii.</span> <span class='ocrx_word' id='word_1_218' title='bbox 806 2974 937 3040; x_wconf 89' lang='lat' dir='ltr'>Hic</span> <span class='ocrx_word' id='word_1_219' title='bbox 983 2995 1138 3039; x_wconf 91' lang='lat' dir='ltr'>vero</span> <span class='ocrx_word' id='word_1_220' title='bbox 1182 2974 1264 3038; x_wconf 91' lang='lat' dir='ltr'>ab</span> <span class='ocrx_word' id='word_1_221' title='bbox 1307 2981 1587 3056; x_wconf 89' lang='lat' dir='ltr'>utroque</span> <span class='ocrx_word' id='word_1_222' title='bbox 1631 2973 1793 3038; x_wconf 90' lang='lat' dir='ltr'>vitio</span> <span class='ocrx_word' id='word_1_223' title='bbox 1837 2972 2062 3057; x_wconf 90' lang='lat' dir='ltr'>procul</span> <span class='ocrx_word' id='word_1_224' title='bbox 2098 2982 2238 3038; x_wconf 89' lang='lat' dir='ltr'>erat</span> <span class='ocrx_word' id='word_1_225' title='bbox 2273 2981 2359 3051; x_wconf 88' lang='lat' dir='ltr'>et,</span> <span class='ocrx_word' id='word_1_226' title='bbox 2404 2971 2577 3056; x_wconf 90' lang='lat' dir='ltr'>quod</span> 
     </span>
     <span class='ocr_line' id='line_1_31' title="bbox 618 3057 2579 3145; baseline -0.002 -19"><span class='ocrx_word' id='word_1_227' title='bbox 618 3082 936 3145; x_wconf 86' lang='lat' dir='ltr'>magnum</span> <span class='ocrx_word' id='word_1_228' title='bbox 1002 3070 1121 3137; x_wconf 89' lang='lat' dir='ltr'>est,</span> <span class='ocrx_word' id='word_1_229' title='bbox 1190 3059 1539 3126; x_wconf 87' lang='lat' dir='ltr'>autoritate</span> <span class='ocrx_word' id='word_1_230' title='bbox 1602 3059 1864 3126; x_wconf 87' lang='lat' dir='ltr'>valebat</span> <span class='ocrx_word' id='word_1_231' title='bbox 1927 3068 1996 3124; x_wconf 91' lang='lat' dir='ltr'>et</span> <span class='ocrx_word' id='word_1_232' title='bbox 2049 3060 2277 3144; x_wconf 88' lang='lat' dir='ltr'>gratia.</span> <span class='ocrx_word' id='word_1_233' title='bbox 2367 3057 2579 3124; x_wconf 92' lang='lat' dir='ltr'>Doleo</span> 
     </span>
     <span class='ocr_line' id='line_1_32' title="bbox 619 3144 2579 3230; baseline -0.001 -19"><span class='ocrx_word' id='word_1_234' title='bbox 619 3145 909 3213; x_wconf 87' lang='lat' dir='ltr'>hominis</span> <span class='ocrx_word' id='word_1_235' title='bbox 952 3147 1182 3223; x_wconf 89' lang='lat' dir='ltr'>vicem,</span> <span class='ocrx_word' id='word_1_236' title='bbox 1249 3165 1327 3211; x_wconf 92' lang='lat' dir='ltr'>eo</span> <span class='ocrx_word' id='word_1_237' title='bbox 1374 3147 1585 3230; x_wconf 90' lang='lat' dir='ltr'>magis</span> <span class='ocrx_word' id='word_1_238' title='bbox 1646 3155 1863 3210; x_wconf 91' lang='lat' dir='ltr'>autem</span> <span class='ocrx_word' id='word_1_239' title='bbox 1919 3144 2090 3229; x_wconf 91' lang='lat' dir='ltr'>quod</span> <span class='ocrx_word' id='word_1_240' title='bbox 2157 3165 2197 3210; x_wconf 92' lang='lat' dir='ltr'>a</span> <span class='ocrx_word' id='word_1_241' title='bbox 2242 3164 2400 3210; x_wconf 89' lang='lat' dir='ltr'>vero</span> <span class='ocrx_word' id='word_1_242' title='bbox 2445 3154 2579 3209; x_wconf 89' lang='lat' dir='ltr'>tra-</span> 
     </span>
     <span class='ocr_line' id='line_1_33' title="bbox 619 3227 2578 3314; baseline -0.002 -17"><span class='ocrx_word' id='word_1_243' title='bbox 619 3234 784 3298; x_wconf 89' lang='lat' dir='ltr'>mite</span> <span class='ocrx_word' id='word_1_244' title='bbox 828 3232 1245 3297; x_wconf 85' lang='lat' dir='ltr'>exorbitavit.</span> <span class='ocrx_word' id='word_1_245' title='bbox 1333 3227 1443 3296; x_wconf 80' lang='lat' dir='ltr'>Sit</span> <span class='ocrx_word' id='word_1_246' title='bbox 1507 3238 1726 3296; x_wconf 87' lang='lat' dir='ltr'>autem</span> <span class='ocrx_word' id='word_1_247' title='bbox 1771 3233 1831 3298; x_wconf 93' lang='lat' dir='ltr'>ei</span> <span class='ocrx_word' id='word_1_248' title='bbox 1876 3229 2203 3297; x_wconf 87' lang='lat' dir='ltr'>Dominus</span> <span class='ocrx_word' id='word_1_249' title='bbox 2237 3230 2578 3314; x_wconf 87' lang='lat' dir='ltr'>propitius.</span> 
     </span>
    </p>

    <p class='ocr_par' dir='ltr' id='par_1_4' title="bbox 621 3316 2586 4259">
     <span class='ocr_line' id='line_1_34' title="bbox 798 3316 2579 3401; baseline -0.002 -17"><span class='ocrx_word' id='word_1_250' title='bbox 798 3317 881 3384; x_wconf 91' lang='lat' dir='ltr'>In</span> <span class='ocrx_word' id='word_1_251' title='bbox 940 3318 1078 3384; x_wconf 91' lang='lat' dir='ltr'>dies</span> <span class='ocrx_word' id='word_1_252' title='bbox 1138 3317 1411 3383; x_wconf 89' lang='lat' dir='ltr'>laetiora</span> <span class='ocrx_word' id='word_1_253' title='bbox 1459 3326 1526 3382; x_wconf 88' lang='lat' dir='ltr'>et</span> <span class='ocrx_word' id='word_1_254' title='bbox 1562 3338 1669 3381; x_wconf 91' lang='lat' dir='ltr'>ma</span> <span class='ocrx_word' id='word_1_255' title='bbox 1719 3317 1734 3332; x_wconf 77' lang='lat'><strong>⁹</strong></span> <span class='ocrx_word' id='word_1_256' title='bbox 1829 3316 2045 3382; x_wconf 89' lang='lat' dir='ltr'>fausta</span> <span class='ocrx_word' id='word_1_257' title='bbox 2101 3325 2579 3401; x_wconf 89' lang='lat' dir='ltr'>exspectamus,</span> 
     </span>
     <span class='ocr_line' id='line_1_35' title="bbox 621 3401 2579 3486; baseline -0.002 -15"><span class='ocrx_word' id='word_1_258' title='bbox 621 3406 912 3471; x_wconf 88' lang='lat' dir='ltr'>maxime</span> <span class='ocrx_word' id='word_1_259' title='bbox 977 3424 1134 3469; x_wconf 89' lang='lat' dir='ltr'>vero</span> <span class='ocrx_word' id='word_1_260' title='bbox 1195 3425 1279 3468; x_wconf 88' lang='lat' dir='ltr'>ex</span> <span class='ocrx_word' id='word_1_261' title='bbox 1337 3423 1417 3467; x_wconf 90' lang='lat' dir='ltr'>ea</span> <span class='ocrx_word' id='word_1_262' title='bbox 1480 3422 1648 3486; x_wconf 81' lang='lat' dir='ltr'>syno</span> <span class='ocrx_word' id='word_1_263' title='bbox 1695 3424 1733 3468; x_wconf 97' lang='lat' dir='ltr'>o</span> <span class='ocrx_word' id='word_1_264' title='bbox 1797 3402 1878 3469; x_wconf 92' lang='lat' dir='ltr'>de</span> <span class='ocrx_word' id='word_1_265' title='bbox 1943 3424 2071 3486; x_wconf 92' lang='lat' dir='ltr'>qua</span> <span class='ocrx_word' id='word_1_266' title='bbox 2127 3404 2259 3468; x_wconf 91' lang='lat' dir='ltr'>iam</span> <span class='ocrx_word' id='word_1_267' title='bbox 2305 3401 2464 3468; x_wconf 89' lang='lat' dir='ltr'>dixi.</span> <span class='ocrx_word' id='word_1_268' title='bbox 2492 3404 2579 3479; x_wconf 86' lang='lat'>¹⁰)</span> 
     </span>
     <span class='ocr_line' id='line_1_36' title="bbox 627 3488 2584 3572; baseline -0.002 -17"><span class='ocrx_word' id='word_1_269' title='bbox 627 3490 1039 3557; x_wconf 87' lang='lat' dir='ltr'>Convocatur</span> <span class='ocrx_word' id='word_1_270' title='bbox 1104 3489 1269 3554; x_wconf 90' lang='lat' dir='ltr'>haec</span> <span class='ocrx_word' id='word_1_271' title='bbox 1333 3488 1642 3572; x_wconf 89' lang='lat' dir='ltr'>auspiciis</span> <span class='ocrx_word' id='word_1_272' title='bbox 1706 3509 2098 3571; x_wconf 85' lang='lat' dir='ltr'>magnorum</span> <span class='ocrx_word' id='word_1_273' title='bbox 2152 3488 2467 3567; x_wconf 85' lang='lat' dir='ltr'>virorum,</span> <span class='ocrx_word' id='word_1_274' title='bbox 2515 3495 2584 3553; x_wconf 91' lang='lat' dir='ltr'>et</span> 
     </span>
     <span class='ocr_line' id='line_1_37' title="bbox 624 3572 2582 3661; baseline -0.003 -18"><span class='ocrx_word' id='word_1_275' title='bbox 624 3575 885 3661; x_wconf 89' lang='lat' dir='ltr'>quidem</span> <span class='ocrx_word' id='word_1_276' title='bbox 933 3574 1463 3651; x_wconf 88' lang='lat' dir='ltr'>orthodoxorum,</span> <span class='ocrx_word' id='word_1_277' title='bbox 1510 3595 1748 3657; x_wconf 90' lang='lat' dir='ltr'>nempe</span> <span class='ocrx_word' id='word_1_278' title='bbox 1792 3573 2153 3640; x_wconf 83' lang='lat' dir='ltr'>Oastellani</span> <span class='ocrx_word' id='word_1_279' title='bbox 2188 3572 2582 3659; x_wconf 84' lang='lat' dir='ltr'>Gracovien·</span> 
     </span>
     <span class='ocr_line' id='line_1_38' title="bbox 624 3658 2583 3743; baseline -0.003 -14"><span class='ocrx_word' id='word_1_280' title='bbox 624 3665 843 3743; x_wconf 88' lang='lat' dir='ltr'>sis,¹¹)</span> <span class='ocrx_word' id='word_1_281' title='bbox 886 3662 1177 3729; x_wconf 89' lang='lat' dir='ltr'>Palatini</span> <span class='ocrx_word' id='word_1_282' title='bbox 1222 3659 1668 3737; x_wconf 89' lang='lat' dir='ltr'>Lublinensis,</span> <span class='ocrx_word' id='word_1_283' title='bbox 1707 3659 2067 3726; x_wconf 86' lang='lat' dir='ltr'>Castellani</span> <span class='ocrx_word' id='word_1_284' title='bbox 2091 3658 2583 3725; x_wconf 83' lang='lat' dir='ltr'>Sendomirien·</span> 
     </span>
     <span class='ocr_line' id='line_1_39' title="bbox 625 3744 2583 3833; baseline -0.002 -19"><span class='ocrx_word' id='word_1_285' title='bbox 625 3751 716 3814; x_wconf 91' lang='lat' dir='ltr'>sis</span> <span class='ocrx_word' id='word_1_286' title='bbox 747 3753 825 3833; x_wconf 69' lang='grc'>12)</span> <span class='ocrx_word' id='word_1_287' title='bbox 879 3750 1030 3827; x_wconf 92' lang='lat' dir='ltr'>(hoc</span> <span class='ocrx_word' id='word_1_288' title='bbox 1087 3756 1191 3813; x_wconf 90' lang='lat' dir='ltr'>est</span> <span class='ocrx_word' id='word_1_289' title='bbox 1244 3745 1593 3829; x_wconf 72' lang='lat' dir='ltr'>capitanei</span> <span class='ocrx_word' id='word_1_290' title='bbox 1635 3746 2302 3830; x_wconf 84' lang='lat' dir='ltr'>Margenborgensis).</span> <span class='ocrx_word' id='word_1_291' title='bbox 2403 3744 2583 3810; x_wconf 89' lang='lat' dir='ltr'>Huic</span> 
     </span>
     <span class='ocr_line' id='line_1_40' title="bbox 626 3830 2583 3916; baseline -0.002 -17"><span class='ocrx_word' id='word_1_292' title='bbox 626 3838 809 3901; x_wconf 91' lang='lat' dir='ltr'>enim</span> <span class='ocrx_word' id='word_1_293' title='bbox 853 3835 1048 3902; x_wconf 85' lang='lat' dir='ltr'>cessit</span> <span class='ocrx_word' id='word_1_294' title='bbox 1092 3832 1255 3897; x_wconf 91' lang='lat' dir='ltr'>haec</span> <span class='ocrx_word' id='word_1_295' title='bbox 1305 3830 1730 3915; x_wconf 90' lang='lat' dir='ltr'>praefectura.</span> <span class='ocrx_word' id='word_1_296' title='bbox 1822 3832 1949 3896; x_wconf 85' lang='lat' dir='ltr'>Vir</span> <span class='ocrx_word' id='word_1_297' title='bbox 2007 3831 2367 3916; x_wconf 88' lang='lat' dir='ltr'>singularis</span> <span class='ocrx_word' id='word_1_298' title='bbox 2423 3853 2583 3916; x_wconf 90' lang='lat' dir='ltr'>pru-</span> 
     </span>
     <span class='ocr_line' id='line_1_41' title="bbox 624 3915 2586 4003; baseline -0.004 -14"><span class='ocrx_word' id='word_1_299' title='bbox 624 3923 885 3990; x_wconf 90' lang='lat' dir='ltr'>dentiae</span> <span class='ocrx_word' id='word_1_300' title='bbox 932 3930 999 3985; x_wconf 90' lang='lat' dir='ltr'>et</span> <span class='ocrx_word' id='word_1_301' title='bbox 1041 3918 1321 4003; x_wconf 91' lang='lat' dir='ltr'>pietatis.</span> <span class='ocrx_word' id='word_1_302' title='bbox 1392 3915 1571 3982; x_wconf 79' lang='lat' dir='ltr'>Sunt</span> <span class='ocrx_word' id='word_1_303' title='bbox 1614 3927 1681 3981; x_wconf 87' lang='lat' dir='ltr'>et</span> <span class='ocrx_word' id='word_1_304' title='bbox 1725 3917 1833 3982; x_wconf 87' lang='lat' dir='ltr'>alii</span> <span class='ocrx_word' id='word_1_305' title='bbox 1893 3917 2160 4001; x_wconf 87' lang='lat' dir='ltr'>plurimi</span> <span class='ocrx_word' id='word_1_306' title='bbox 2219 3917 2330 4000; x_wconf 92' lang='lat' dir='ltr'>qui</span> <span class='ocrx_word' id='word_1_307' title='bbox 2373 3916 2586 3982; x_wconf 89' lang='lat' dir='ltr'>literis</span> 
     </span>
     <span class='ocr_line' id='line_1_42' title="bbox 624 4003 2586 4096; baseline -0.004 -21"><span class='ocrx_word' id='word_1_308' title='bbox 624 4007 1074 4096; x_wconf 81' lang='lat' dir='ltr'>synodalibus,</span> <span class='ocrx_word' id='word_1_309' title='bbox 1121 4025 1290 4087; x_wconf 89' lang='lat' dir='ltr'>quae</span> <span class='ocrx_word' id='word_1_310' title='bbox 1331 4003 1465 4068; x_wconf 86' lang='lat' dir='ltr'>iam</span> <span class='ocrx_word' id='word_1_311' title='bbox 1510 4011 1668 4067; x_wconf 89' lang='lat' dir='ltr'>sunt</span> <span class='ocrx_word' id='word_1_312' title='bbox 1710 4003 2097 4086; x_wconf 87' lang='lat' dir='ltr'>publicatae,</span> <span class='ocrx_word' id='word_1_313' title='bbox 2150 4003 2423 4068; x_wconf 90' lang='lat' dir='ltr'>nomina</span> <span class='ocrx_word' id='word_1_314' title='bbox 2466 4022 2586 4068; x_wconf 88' lang='lat' dir='ltr'>sua</span> 
     </span>
     <span class='ocr_line' id='line_1_43' title="bbox 624 4087 2586 4177; baseline -0.006 -15"><span class='ocrx_word' id='word_1_315' title='bbox 624 4095 1156 4177; x_wconf 90' lang='lat' dir='ltr'>subscripserunt</span> <span class='ocrx_word' id='word_1_316' title='bbox 1195 4099 1263 4155; x_wconf 87' lang='lat' dir='ltr'>et</span> <span class='ocrx_word' id='word_1_317' title='bbox 1307 4087 1524 4172; x_wconf 89' lang='lat' dir='ltr'>sigilla</span> <span class='ocrx_word' id='word_1_318' title='bbox 1568 4100 2039 4171; x_wconf 86' lang='lat' dir='ltr'>apposuerunt,</span> <span class='ocrx_word' id='word_1_319' title='bbox 2095 4098 2162 4154; x_wconf 91' lang='lat' dir='ltr'>et</span> <span class='ocrx_word' id='word_1_320' title='bbox 2205 4110 2430 4154; x_wconf 89' lang='lat' dir='ltr'>omnes</span> <span class='ocrx_word' id='word_1_321' title='bbox 2474 4087 2586 4153; x_wconf 91' lang='lat' dir='ltr'>isti</span> 
     </span>
     <span class='ocr_line' id='line_1_44' title="bbox 626 4173 2584 4259; baseline -0.005 -12"><span class='ocrx_word' id='word_1_322' title='bbox 626 4179 979 4247; x_wconf 86' lang='lat' dir='ltr'>orthodoxi</span> <span class='ocrx_word' id='word_1_323' title='bbox 1023 4186 1195 4243; x_wconf 87' lang='lat' dir='ltr'>sunt.</span> <span class='ocrx_word' id='word_1_324' title='bbox 1266 4174 1598 4258; x_wconf 89' lang='lat' dir='ltr'>Optabam</span> <span class='ocrx_word' id='word_1_325' title='bbox 1642 4195 1763 4259; x_wconf 89' lang='lat' dir='ltr'>ego</span> <span class='ocrx_word' id='word_1_326' title='bbox 1803 4173 2107 4259; x_wconf 90' lang='lat' dir='ltr'>equidem</span> <span class='ocrx_word' id='word_1_327' title='bbox 2151 4182 2217 4239; x_wconf 90' lang='lat' dir='ltr'>et</span> <span class='ocrx_word' id='word_1_328' title='bbox 2262 4174 2371 4240; x_wconf 91' lang='lat' dir='ltr'>alii</span> <span class='ocrx_word' id='word_1_329' title='bbox 2408 4195 2584 4240; x_wconf 90' lang='lat' dir='ltr'>com-</span> 
     </span>
    </p>
   </div>
   <div class='ocr_carea' id='block_1_3' title="bbox 637 4369 1043 4385">
    <p class='ocr_par' dir='ltr' id='par_1_5' title="bbox 637 4369 1043 4385">
     <span class='ocr_line' id='line_1_45' title="bbox 637 4369 1043 4385; baseline 0 1740"><span class='ocrx_word' id='word_1_330' title='bbox 637 4369 1043 4385; x_wconf 95' lang='lat' dir='ltr'> </span> 
     </span>
    </p>
   </div>
   <div class='ocr_carea' id='block_1_4' title="bbox 624 4482 2586 5375">
    <p class='ocr_par' dir='ltr' id='par_1_6' title="bbox 829 4482 2297 4565">
     <span class='ocr_line' id='line_1_46' title="bbox 829 4482 2297 4565; baseline -0.003 -26"><span class='ocrx_word' id='word_1_331' title='bbox 829 4484 892 4550; x_wconf 77' lang='lat'>4)</span> <span class='ocrx_word' id='word_1_332' title='bbox 930 4484 1020 4539; x_wconf 76' lang='lat' dir='ltr'>Dc</span> <span class='ocrx_word' id='word_1_333' title='bbox 1053 4484 1155 4538; x_wconf 74' lang='lat' dir='ltr'>hoc</span> <span class='ocrx_word' id='word_1_334' title='bbox 1192 4483 1582 4539; x_wconf 72' lang='lat' dir='ltr'>Labieniecius</span> <span class='ocrx_word' id='word_1_335' title='bbox 1610 4499 1667 4565; x_wconf 71' lang='lat' dir='ltr'>p.</span> <span class='ocrx_word' id='word_1_336' title='bbox 1707 4482 1810 4537; x_wconf 88' lang='grc'>168</span> <span class='ocrx_word' id='word_1_337' title='bbox 1843 4498 1915 4537; x_wconf 78' lang='lat' dir='ltr'>ss.</span> <span class='ocrx_word' id='word_1_338' title='bbox 1950 4482 2092 4537; x_wconf 69' lang='lat' dir='ltr'>nih-‘1</span> <span class='ocrx_word' id='word_1_339' title='bbox 2122 4483 2297 4537; x_wconf 71' lang='lat' dir='ltr'>habet.</span> 
     </span>
    </p>

    <p class='ocr_par' dir='ltr' id='par_1_7' title="bbox 833 4551 2429 4623">
     <span class='ocr_line' id='line_1_47' title="bbox 833 4551 2429 4623; baseline -0.001 -16"><span class='ocrx_word' id='word_1_340' title='bbox 833 4554 894 4622; x_wconf 84' lang='lat'>5)</span> <span class='ocrx_word' id='word_1_341' title='bbox 931 4553 1105 4623; x_wconf 63' lang='lat' dir='ltr'>Lege:</span> <span class='ocrx_word' id='word_1_342' title='bbox 1137 4553 1222 4606; x_wconf 85' lang='lat' dir='ltr'>En</span> <span class='ocrx_word' id='word_1_343' title='bbox 1260 4570 1369 4621; x_wconf 87' lang='lat' dir='ltr'>quo</span> <span class='ocrx_word' id='word_1_344' title='bbox 1404 4553 1661 4623; x_wconf 75' lang='lat' dir='ltr'>perduxit</span> <span class='ocrx_word' id='word_1_345' title='bbox 1696 4554 1924 4606; x_wconf 88' lang='lat' dir='ltr'>miseros</span> <span class='ocrx_word' id='word_1_346' title='bbox 1957 4551 2231 4605; x_wconf 77' lang='lat' dir='ltr'>discordia</span> <span class='ocrx_word' id='word_1_347' title='bbox 2265 4552 2429 4606; x_wconf 86' lang='lat' dir='ltr'>cives.</span> 
     </span>
    </p>

    <p class='ocr_par' dir='ltr' id='par_1_8' title="bbox 832 4620 2582 4759">
     <span class='ocr_line' id='line_1_48' title="bbox 832 4620 2582 4690; baseline 0.001 -14"><span class='ocrx_word' id='word_1_348' title='bbox 832 4622 895 4688; x_wconf 86' lang='grc'>6)</span> <span class='ocrx_word' id='word_1_349' title='bbox 935 4621 1195 4676; x_wconf 74' lang='lat' dir='ltr'>Simlerus</span> <span class='ocrx_word' id='word_1_350' title='bbox 1212 4623 1435 4676; x_wconf 75' lang='lat' dir='ltr'>coniicit</span> <span class='ocrx_word' id='word_1_351' title='bbox 1452 4623 1541 4678; x_wconf 73' lang='lat' dir='ltr'>hic</span> <span class='ocrx_word' id='word_1_352' title='bbox 1552 4621 1857 4690; x_wconf 68' lang='lat' dir='ltr'>Despotam</span> <span class='ocrx_word' id='word_1_353' title='bbox 1872 4620 2189 4675; x_wconf 75' lang='lat' dir='ltr'>Moldaviae</span> <span class='ocrx_word' id='word_1_354' title='bbox 2208 4620 2582 4690; x_wconf 71' lang='lat' dir='ltr'>(Walachn&#39;ae)</span> 
     </span>
     <span class='ocr_line' id='line_1_49' title="bbox 880 4690 2445 4759; baseline -0.002 -14"><span class='ocrx_word' id='word_1_355' title='bbox 880 4691 1255 4746; x_wconf 67' lang='lat' dir='ltr'>Radzcoitium</span> <span class='ocrx_word' id='word_1_356' title='bbox 1329 4690 1508 4744; x_wconf 73' lang='lat' dir='ltr'>uidem</span> <span class='ocrx_word' id='word_1_357' title='bbox 1543 4690 1699 4756; x_wconf 71' lang='lat' dir='ltr'>infre</span> <span class='ocrx_word' id='word_1_358' title='bbox 1732 4691 1896 4745; x_wconf 71' lang='lat' dir='ltr'>aliter</span> <span class='ocrx_word' id='word_1_359' title='bbox 1930 4690 2182 4759; x_wconf 69' lang='lat' dir='ltr'>deniqnet</span> <span class='ocrx_word' id='word_1_360' title='bbox 2216 4696 2325 4745; x_wconf 73' lang='lat' dir='ltr'>not.</span> <span class='ocrx_word' id='word_1_361' title='bbox 2363 4690 2445 4744; x_wconf 87' lang='grc'>18.</span> 
     </span>
    </p>

    <p class='ocr_par' dir='ltr' id='par_1_9' title="bbox 835 4758 1980 4829">
     <span class='ocr_line' id='line_1_50' title="bbox 835 4758 1980 4829; baseline 0 -16"><span class='ocrx_word' id='word_1_362' title='bbox 835 4759 897 4821; x_wconf 81' lang='grc'>7)</span> <span class='ocrx_word' id='word_1_363' title='bbox 936 4758 1025 4813; x_wconf 81' lang='lat' dir='ltr'>De</span> <span class='ocrx_word' id='word_1_364' title='bbox 1060 4775 1171 4829; x_wconf 74' lang='lat' dir='ltr'>qua</span> <span class='ocrx_word' id='word_1_365' title='bbox 1210 4760 1271 4813; x_wconf 76' lang='lat' dir='ltr'>vi</span> <span class='ocrx_word' id='word_1_366' title='bbox 1309 4776 1338 4813; x_wconf 80' lang='lat' dir='ltr'>c</span> <span class='ocrx_word' id='word_1_367' title='bbox 1376 4759 1606 4813; x_wconf 72' lang='lat' dir='ltr'>Lubiea.</span> <span class='ocrx_word' id='word_1_368' title='bbox 1639 4776 1695 4828; x_wconf 80' lang='lat' dir='ltr'>p.</span> <span class='ocrx_word' id='word_1_369' title='bbox 1738 4759 1836 4813; x_wconf 91' lang='grc'>161</span> <span class='ocrx_word' id='word_1_370' title='bbox 1874 4774 1980 4828; x_wconf 75' lang='lat' dir='ltr'>seq.</span> 
     </span>
    </p>

    <p class='ocr_par' dir='ltr' id='par_1_10' title="bbox 834 4825 2582 4896">
     <span class='ocr_line' id='line_1_51' title="bbox 834 4825 2582 4896; baseline -0.001 -13"><span class='ocrx_word' id='word_1_371' title='bbox 834 4827 895 4896; x_wconf 83' lang='lat'>8)</span> <span class='ocrx_word' id='word_1_372' title='bbox 930 4829 1085 4883; x_wconf 78' lang='lat' dir='ltr'>Idem</span> <span class='ocrx_word' id='word_1_373' title='bbox 1116 4845 1173 4896; x_wconf 77' lang='lat' dir='ltr'>p.</span> <span class='ocrx_word' id='word_1_374' title='bbox 1222 4826 1353 4888; x_wconf 76' lang='lat'>159,·</span> <span class='ocrx_word' id='word_1_375' title='bbox 1404 4827 1560 4896; x_wconf 70' lang='lat' dir='ltr'>Saliq</span> <span class='ocrx_word' id='word_1_376' title='bbox 1598 4843 1655 4895; x_wconf 78' lang='lat' dir='ltr'>p.</span> <span class='ocrx_word' id='word_1_377' title='bbox 1700 4828 1805 4882; x_wconf 79' lang='lat'>666</span> <span class='ocrx_word' id='word_1_378' title='bbox 1848 4843 1948 4882; x_wconf 76' lang='lat' dir='ltr'>see.</span> <span class='ocrx_word' id='word_1_379' title='bbox 1996 4825 2463 4895; x_wconf 67' lang='lat' dir='ltr'>Reqenvolsen&#39;sm.</span> <span class='ocrx_word' id='word_1_380' title='bbox 2517 4856 2582 4868; x_wconf 91' lang='lat'><em>-</em></span> 
     </span>
    </p>

    <p class='ocr_par' dir='ltr' id='par_1_11' title="bbox 626 4896 2015 4966">
     <span class='ocr_line' id='line_1_52' title="bbox 626 4896 2015 4966; baseline -0.003 -14"><span class='ocrx_word' id='word_1_381' title='bbox 626 4900 787 4955; x_wconf 74' lang='lat' dir='ltr'>stan.</span> <span class='ocrx_word' id='word_1_382' title='bbox 824 4898 1218 4963; x_wconf 71' lang='lat' dir='ltr'>Seasranecius</span> <span class='ocrx_word' id='word_1_383' title='bbox 1253 4902 1374 4950; x_wconf 75' lang='lat' dir='ltr'>erat</span> <span class='ocrx_word' id='word_1_384' title='bbox 1413 4896 1700 4966; x_wconf 70' lang='lat' dir='ltr'>Grum‘qeri</span> <span class='ocrx_word' id='word_1_385' title='bbox 1730 4902 2015 4966; x_wconf 76' lang='lat' dir='ltr'>patronus.</span> 
     </span>
    </p>

    <p class='ocr_par' dir='ltr' id='par_1_12' title="bbox 624 4965 2586 5169">
     <span class='ocr_line' id='line_1_53' title="bbox 836 4965 2390 5034; baseline 0 -15"><span class='ocrx_word' id='word_1_386' title='bbox 836 4966 898 5034; x_wconf 84' lang='lat'>9)</span> <span class='ocrx_word' id='word_1_387' title='bbox 931 4967 1081 5021; x_wconf 78' lang='lat' dir='ltr'>Stau.</span> <span class='ocrx_word' id='word_1_388' title='bbox 1142 4965 1497 5027; x_wconf 79' lang='lat' dir='ltr'>Latomirius,</span> <span class='ocrx_word' id='word_1_389' title='bbox 1551 4981 1581 5018; x_wconf 90' lang='lat' dir='ltr'>e</span> <span class='ocrx_word' id='word_1_390' title='bbox 1622 4981 1720 5018; x_wconf 86' lang='lat' dir='ltr'>nes</span> <span class='ocrx_word' id='word_1_391' title='bbox 1774 4965 2011 5020; x_wconf 89' lang='lat' dir='ltr'>Polonus</span> <span class='ocrx_word' id='word_1_392' title='bbox 2061 4966 2390 5019; x_wconf 74' lang='lat' dir='ltr'>secretarius</span> 
     </span>
     <span class='ocr_line' id='line_1_54' title="bbox 624 5034 2586 5106; baseline -0.002 -13"><span class='ocrx_word' id='word_1_393' title='bbox 624 5035 962 5106; x_wconf 72' lang='lat' dir='ltr'>sigismundi</span> <span class='ocrx_word' id='word_1_394' title='bbox 999 5035 1245 5102; x_wconf 77' lang='lat' dir='ltr'>Augusti,</span> <span class='ocrx_word' id='word_1_395' title='bbox 1279 5051 1342 5088; x_wconf 90' lang='lat' dir='ltr'>su</span> <span class='ocrx_word' id='word_1_396' title='bbox 1416 5035 1595 5088; x_wconf 87' lang='lat' dir='ltr'>rinten</span> <span class='ocrx_word' id='word_1_397' title='bbox 1638 5050 1735 5087; x_wconf 89' lang='lat' dir='ltr'>ens</span> <span class='ocrx_word' id='word_1_398' title='bbox 1781 5040 1907 5104; x_wconf 88' lang='lat' dir='ltr'>post</span> <span class='ocrx_word' id='word_1_399' title='bbox 1943 5034 2291 5104; x_wconf 82' lang='lat' dir='ltr'>Orucigerum</span> <span class='ocrx_word' id='word_1_400' title='bbox 2336 5035 2586 5090; x_wconf 75' lang='lat' dir='ltr'>ecclesia·</span> 
     </span>
     <span class='ocr_line' id='line_1_55' title="bbox 628 5100 1692 5169; baseline -0.004 -10"><span class='ocrx_word' id='word_1_401' title='bbox 628 5122 751 5159; x_wconf 84' lang='lat' dir='ltr'>rum</span> <span class='ocrx_word' id='word_1_402' title='bbox 787 5104 1015 5158; x_wconf 86' lang='lat' dir='ltr'>minoris</span> <span class='ocrx_word' id='word_1_403' title='bbox 1052 5103 1308 5157; x_wconf 87' lang='lat' dir='ltr'>Poloniae</span> <span class='ocrx_word' id='word_1_404' title='bbox 1371 5102 1544 5156; x_wconf 69' lang='lat' dir='ltr'>Sana.</span> <span class='ocrx_word' id='word_1_405' title='bbox 1579 5100 1692 5169; x_wconf 80' lang='lat'>42).</span> 
     </span>
    </p>

    <p class='ocr_par' dir='ltr' id='par_1_13' title="bbox 806 5170 2191 5239">
     <span class='ocr_line' id='line_1_56' title="bbox 806 5170 2191 5239; baseline 0.002 -15"><span class='ocrx_word' id='word_1_406' title='bbox 806 5173 897 5239; x_wconf 88' lang='lat'>10)</span> <span class='ocrx_word' id='word_1_407' title='bbox 931 5172 1009 5228; x_wconf 79' lang='lat' dir='ltr'>ad</span> <span class='ocrx_word' id='word_1_408' title='bbox 1036 5172 1188 5239; x_wconf 72' lang='lat' dir='ltr'>prid.</span> <span class='ocrx_word' id='word_1_409' title='bbox 1224 5171 1313 5224; x_wconf 78' lang='lat' dir='ltr'>Id.</span> <span class='ocrx_word' id='word_1_410' title='bbox 1354 5171 1482 5225; x_wconf 72' lang='lat' dir='ltr'>Mai</span> <span class='ocrx_word' id='word_1_411' title='bbox 1517 5170 1842 5228; x_wconf 72' lang='lat' dir='ltr'>Cracoviam</span> <span class='ocrx_word' id='word_1_412' title='bbox 1876 5176 2191 5227; x_wconf 73' lang='lat' dir='ltr'>convocata.</span> 
     </span>
    </p>

    <p class='ocr_par' dir='ltr' id='par_1_14' title="bbox 806 5238 1812 5299">
     <span class='ocr_line' id='line_1_57' title="bbox 806 5238 1812 5299; baseline -0.001 -6"><span class='ocrx_word' id='word_1_413' title='bbox 806 5240 899 5299; x_wconf 83' lang='grc'>11)</span> <span class='ocrx_word' id='word_1_414' title='bbox 936 5239 1182 5296; x_wconf 72' lang='lat' dir='ltr'>Joannis</span> <span class='ocrx_word' id='word_1_415' title='bbox 1220 5238 1447 5293; x_wconf 76' lang='lat' dir='ltr'>Comitis</span> <span class='ocrx_word' id='word_1_416' title='bbox 1479 5256 1515 5291; x_wconf 83' lang='grc' dir='ltr'><em>α</em></span> <span class='ocrx_word' id='word_1_417' title='bbox 1565 5240 1812 5295; x_wconf 71' lang='lat' dir='ltr'>Tau-now.</span> 
     </span>
    </p>

    <p class='ocr_par' dir='ltr' id='par_1_15' title="bbox 804 5306 1540 5375">
     <span class='ocr_line' id='line_1_58' title="bbox 804 5306 1540 5375; baseline -0.001 -13"><span class='ocrx_word' id='word_1_418' title='bbox 804 5310 898 5375; x_wconf 79' lang='lat'>12)</span> <span class='ocrx_word' id='word_1_419' title='bbox 933 5309 1129 5364; x_wconf 65' lang='lat' dir='ltr'>doech.</span> <span class='ocrx_word' id='word_1_420' title='bbox 1168 5306 1540 5362; x_wconf 62' lang='lat' dir='ltr'>Lesbon-inu.</span> 
     </span>
    </p>
   </div>
   <div class='ocr_carea' id='block_1_5' title="bbox 625 4694 807 4749">
    <p class='ocr_par' dir='ltr' id='par_1_16' title="bbox 625 4694 807 4749">
     <span class='ocr_line' id='line_1_59' title="bbox 625 4694 807 4749; baseline -0.005 0"><span class='ocrx_word' id='word_1_421' title='bbox 625 4694 807 4749; x_wconf 67' lang='lat' dir='ltr'>innui.</span> 
     </span>
    </p>
   </div>
   <div class='ocr_carea' id='block_1_6' title="bbox 2292 379 2971 449">
    <p class='ocr_par' dir='ltr' id='par_1_17' title="bbox 2292 379 2971 449">
     <span class='ocr_line' id='line_1_60' title="bbox 2292 379 2971 449; baseline 0 -3"><span class='ocrx_word' id='word_1_422' title='bbox 2292 379 2759 449; x_wconf 67' lang='lat' dir='ltr'>EPIS&#39;POLA</span> <span class='ocrx_word' id='word_1_423' title='bbox 2802 384 2971 447; x_wconf 83' lang='lat'><strong>3938</strong></span> 
     </span>
    </p>
   </div>
   <div class='ocr_carea' id='block_1_7' title="bbox 2625 572 2653 5345">
    <p class='ocr_par' dir='ltr' id='par_1_18' title="bbox 2625 572 2653 5345">
     <span class='ocr_line' id='line_1_61' title="bbox 2625 572 2653 5345; baseline 0 0"><span class='ocrx_word' id='word_1_424' title='bbox 2625 572 2653 5345; x_wconf 95' lang='lat' dir='ltr'> </span> 
     </span>
    </p>
   </div>
   <div class='ocr_carea' id='block_1_8' title="bbox 4503 385 4596 450">
    <p class='ocr_par' dir='ltr' id='par_1_19' title="bbox 4503 385 4596 450">
     <span class='ocr_line' id='line_1_62' title="bbox 4503 385 4596 450; baseline 0.065 -6"><span class='ocrx_word' id='word_1_425' title='bbox 4503 385 4596 450; x_wconf 77' lang='lat'>724</span> 
     </span>
    </p>
   </div>
   <div class='ocr_carea' id='block_1_9' title="bbox 2675 570 4642 4941">
    <p class='ocr_par' dir='ltr' id='par_1_20' title="bbox 2675 570 4620 2287">
     <span class='ocr_line' id='line_1_63' title="bbox 2687 570 4600 658; baseline 0.002 -22"><span class='ocrx_word' id='word_1_426' title='bbox 2687 570 2928 656; x_wconf 89' lang='lat' dir='ltr'>plures,</span> <span class='ocrx_word' id='word_1_427' title='bbox 2971 577 3049 638; x_wconf 89' lang='lat' dir='ltr'>ut</span> <span class='ocrx_word' id='word_1_428' title='bbox 3089 578 3157 637; x_wconf 87' lang='lat' dir='ltr'>te</span> <span class='ocrx_word' id='word_1_429' title='bbox 3199 571 3428 637; x_wconf 88' lang='lat' dir='ltr'>adesse</span> <span class='ocrx_word' id='word_1_430' title='bbox 3472 571 3627 638; x_wconf 91' lang='lat' dir='ltr'>huic</span> <span class='ocrx_word' id='word_1_431' title='bbox 3660 570 3912 658; x_wconf 82' lang='lat' dir='ltr'>synodo</span> <span class='ocrx_word' id='word_1_432' title='bbox 3954 571 4357 655; x_wconf 83' lang='lat' dir='ltr'>contigisset,</span> <span class='ocrx_word' id='word_1_433' title='bbox 4401 578 4466 636; x_wconf 80' lang='lat' dir='ltr'>et</span> <span class='ocrx_word' id='word_1_434' title='bbox 4483 593 4600 657; x_wconf 83' lang='lat' dir='ltr'>pro-</span> 
     </span>
     <span class='ocr_line' id='line_1_64' title="bbox 2687 657 4604 741; baseline 0.002 -19"><span class='ocrx_word' id='word_1_435' title='bbox 2687 657 2843 723; x_wconf 90' lang='lat' dir='ltr'>inde</span> <span class='ocrx_word' id='word_1_436' title='bbox 2921 665 3056 723; x_wconf 91' lang='lat' dir='ltr'>tam</span> <span class='ocrx_word' id='word_1_437' title='bbox 3123 657 3399 724; x_wconf 90' lang='lat' dir='ltr'>sollicite</span> <span class='ocrx_word' id='word_1_438' title='bbox 3468 657 3797 741; x_wconf 87' lang='lat' dir='ltr'>prioribus</span> <span class='ocrx_word' id='word_1_439' title='bbox 3861 657 4072 723; x_wconf 88' lang='lat' dir='ltr'>literis</span> <span class='ocrx_word' id='word_1_440' title='bbox 4135 657 4497 736; x_wconf 83' lang='lat' dir='ltr'>monebam,</span> <span class='ocrx_word' id='word_1_441' title='bbox 4543 669 4604 725; x_wconf 87' lang='grc' dir='ltr'>ιιι</span> 
     </span>
     <span class='ocr_line' id='line_1_65' title="bbox 2685 740 4604 828; baseline 0.002 -21"><span class='ocrx_word' id='word_1_442' title='bbox 2685 762 3070 828; x_wconf 87' lang='lat' dir='ltr'>properares</span> <span class='ocrx_word' id='word_1_443' title='bbox 3114 751 3183 810; x_wconf 90' lang='lat' dir='ltr'>et</span> <span class='ocrx_word' id='word_1_444' title='bbox 3221 742 3630 810; x_wconf 86' lang='lat' dir='ltr'>cohortabar.</span> <span class='ocrx_word' id='word_1_445' title='bbox 3700 744 3970 810; x_wconf 83' lang='lat' dir='ltr'>Fuisset</span> <span class='ocrx_word' id='word_1_446' title='bbox 4004 743 4128 809; x_wconf 89' lang='lat' dir='ltr'>hoc</span> <span class='ocrx_word' id='word_1_447' title='bbox 4163 740 4408 826; x_wconf 89' lang='lat' dir='ltr'>absque</span> <span class='ocrx_word' id='word_1_448' title='bbox 4441 744 4604 811; x_wconf 88' lang='lat' dir='ltr'>dubio</span> 
     </span>
     <span class='ocr_line' id='line_1_66' title="bbox 2685 828 4605 914; baseline 0.002 -21"><span class='ocrx_word' id='word_1_449' title='bbox 2685 835 2753 894; x_wconf 92' lang='lat' dir='ltr'>et</span> <span class='ocrx_word' id='word_1_450' title='bbox 2803 829 2927 895; x_wconf 88' lang='lat' dir='ltr'>tibi</span> <span class='ocrx_word' id='word_1_451' title='bbox 2989 839 3056 896; x_wconf 90' lang='lat' dir='ltr'>et</span> <span class='ocrx_word' id='word_1_452' title='bbox 3097 829 3218 895; x_wconf 87' lang='lat' dir='ltr'>toti</span> <span class='ocrx_word' id='word_1_453' title='bbox 3272 829 3584 898; x_wconf 87' lang='lat' dir='ltr'>ecclesiae</span> <span class='ocrx_word' id='word_1_454' title='bbox 3639 829 3936 914; x_wconf 87' lang='lat' dir='ltr'>perutile.</span> <span class='ocrx_word' id='word_1_455' title='bbox 4024 828 4167 894; x_wconf 88' lang='lat' dir='ltr'>Iam</span> <span class='ocrx_word' id='word_1_456' title='bbox 4212 847 4387 894; x_wconf 91' lang='lat' dir='ltr'>nunc</span> <span class='ocrx_word' id='word_1_457' title='bbox 4431 828 4605 896; x_wconf 79' lang='lat' dir='ltr'>literis</span> 
     </span>
     <span class='ocr_line' id='line_1_67' title="bbox 2685 913 4606 999; baseline 0.001 -19"><span class='ocrx_word' id='word_1_458' title='bbox 2685 915 2820 981; x_wconf 88' lang='lat' dir='ltr'>tuis</span> <span class='ocrx_word' id='word_1_459' title='bbox 2853 913 3276 999; x_wconf 85' lang='lat' dir='ltr'>respondebo.</span> <span class='ocrx_word' id='word_1_460' title='bbox 3364 915 3634 981; x_wconf 86' lang='lat' dir='ltr'>Literas</span> <span class='ocrx_word' id='word_1_461' title='bbox 3689 915 3998 999; x_wconf 85' lang='lat' dir='ltr'>prolixas,</span> <span class='ocrx_word' id='word_1_462' title='bbox 4061 913 4143 980; x_wconf 91' lang='lat' dir='ltr'>de</span> <span class='ocrx_word' id='word_1_463' title='bbox 4243 913 4439 981; x_wconf 86' lang='lat' dir='ltr'>uibus</span> <span class='ocrx_word' id='word_1_464' title='bbox 4477 917 4606 982; x_wconf 86' lang='lat' dir='ltr'>scri·</span> 
     </span>
     <span class='ocr_line' id='line_1_68' title="bbox 2683 999 4606 1086; baseline -0.001 -19"><span class='ocrx_word' id='word_1_465' title='bbox 2683 1001 2805 1080; x_wconf 89' lang='lat' dir='ltr'>bis,</span> <span class='ocrx_word' id='word_1_466' title='bbox 2851 1022 2972 1068; x_wconf 92' lang='lat' dir='ltr'>nec</span> <span class='ocrx_word' id='word_1_467' title='bbox 3013 1000 3150 1066; x_wconf 88' lang='lat' dir='ltr'>vidi</span> <span class='ocrx_word' id='word_1_468' title='bbox 3192 1021 3316 1067; x_wconf 92' lang='lat' dir='ltr'>nec</span> <span class='ocrx_word' id='word_1_469' title='bbox 3363 999 3446 1065; x_wconf 92' lang='lat' dir='ltr'>de</span> <span class='ocrx_word' id='word_1_470' title='bbox 3490 1000 3586 1067; x_wconf 92' lang='lat' dir='ltr'>eis</span> <span class='ocrx_word' id='word_1_471' title='bbox 3629 1001 3873 1066; x_wconf 88' lang='lat' dir='ltr'>audivi.</span> <span class='ocrx_word' id='word_1_472' title='bbox 3958 1000 4099 1066; x_wconf 85' lang='lat' dir='ltr'>Nec</span> <span class='ocrx_word' id='word_1_473' title='bbox 4259 999 4390 1065; x_wconf 87' lang='lat' dir='ltr'>eris</span> <span class='ocrx_word' id='word_1_474' title='bbox 4433 1021 4606 1086; x_wconf 80' lang='lat' dir='ltr'>augu-</span> 
     </span>
     <span class='ocr_line' id='line_1_69' title="bbox 2684 1085 4610 1171; baseline 0.001 -19"><span class='ocrx_word' id='word_1_475' title='bbox 2684 1086 2798 1152; x_wconf 91' lang='lat' dir='ltr'>rio.</span> <span class='ocrx_word' id='word_1_476' title='bbox 2880 1086 2987 1151; x_wconf 92' lang='lat' dir='ltr'>Ita</span> <span class='ocrx_word' id='word_1_477' title='bbox 3026 1094 3144 1153; x_wconf 92' lang='lat' dir='ltr'>est.</span> <span class='ocrx_word' id='word_1_478' title='bbox 3230 1085 3606 1153; x_wconf 87' lang='lat' dir='ltr'>Nebulones</span> <span class='ocrx_word' id='word_1_479' title='bbox 3642 1107 3766 1171; x_wconf 91' lang='lat' dir='ltr'>sup</span> <span class='ocrx_word' id='word_1_480' title='bbox 3813 1087 4065 1152; x_wconf 87' lang='lat' dir='ltr'>rimunt</span> <span class='ocrx_word' id='word_1_481' title='bbox 4097 1087 4334 1152; x_wconf 89' lang='lat' dir='ltr'>omnia.</span> <span class='ocrx_word' id='word_1_482' title='bbox 4400 1085 4610 1170; x_wconf 83' lang='lat' dir='ltr'>Cupie-</span> 
     </span>
     <span class='ocr_line' id='line_1_70' title="bbox 2684 1172 4609 1257; baseline 0.001 -20"><span class='ocrx_word' id='word_1_483' title='bbox 2684 1172 2836 1238; x_wconf 90' lang='lat' dir='ltr'>bam</span> <span class='ocrx_word' id='word_1_484' title='bbox 2880 1172 3156 1255; x_wconf 91' lang='lat' dir='ltr'>proinde</span> <span class='ocrx_word' id='word_1_485' title='bbox 3199 1192 3323 1257; x_wconf 86' lang='lat' dir='ltr'>ego</span> <span class='ocrx_word' id='word_1_486' title='bbox 3366 1179 3441 1238; x_wconf 92' lang='lat' dir='ltr'>ut</span> <span class='ocrx_word' id='word_1_487' title='bbox 3504 1180 3581 1238; x_wconf 91' lang='lat' dir='ltr'>tu</span> <span class='ocrx_word' id='word_1_488' title='bbox 3636 1181 3745 1239; x_wconf 90' lang='lat' dir='ltr'>stu</span> <span class='ocrx_word' id='word_1_489' title='bbox 3794 1174 3923 1239; x_wconf 86' lang='lat' dir='ltr'>&#39;ose</span> <span class='ocrx_word' id='word_1_490' title='bbox 3967 1173 4374 1256; x_wconf 81' lang='lat' dir='ltr'>autographa</span> <span class='ocrx_word' id='word_1_491' title='bbox 4413 1192 4609 1238; x_wconf 84' lang='lat' dir='ltr'>eorum</span> 
     </span>
     <span class='ocr_line' id='line_1_71' title="bbox 2683 1256 4612 1341; baseline 0.001 -17"><span class='ocrx_word' id='word_1_492' title='bbox 2683 1278 3105 1341; x_wconf 87' lang='lat' dir='ltr'>quaecunque</span> <span class='ocrx_word' id='word_1_493' title='bbox 3149 1266 3284 1324; x_wconf 93' lang='lat' dir='ltr'>toto</span> <span class='ocrx_word' id='word_1_494' title='bbox 3328 1258 3452 1324; x_wconf 88' lang='lat' dir='ltr'>hoc</span> <span class='ocrx_word' id='word_1_495' title='bbox 3492 1258 3821 1325; x_wconf 88' lang='lat' dir='ltr'>curriculo</span> <span class='ocrx_word' id='word_1_496' title='bbox 3865 1258 4185 1341; x_wconf 85' lang='lat' dir='ltr'>scripsere</span> <span class='ocrx_word' id='word_1_497' title='bbox 4229 1256 4313 1323; x_wconf 88' lang='lat' dir='ltr'>ad</span> <span class='ocrx_word' id='word_1_498' title='bbox 4348 1279 4469 1324; x_wconf 83' lang='lat' dir='ltr'>vos</span> <span class='ocrx_word' id='word_1_499' title='bbox 4486 1280 4612 1325; x_wconf 88' lang='lat' dir='ltr'>con·</span> 
     </span>
     <span class='ocr_line' id='line_1_72' title="bbox 2683 1342 4612 1445; baseline 0.001 -36"><span class='ocrx_word' id='word_1_500' title='bbox 2683 1343 2979 1428; x_wconf 88' lang='lat' dir='ltr'>quireres</span> <span class='ocrx_word' id='word_1_501' title='bbox 3022 1355 3092 1410; x_wconf 91' lang='lat' dir='ltr'>et</span> <span class='ocrx_word' id='word_1_502' title='bbox 3134 1342 3219 1410; x_wconf 91' lang='lat' dir='ltr'>ad</span> <span class='ocrx_word' id='word_1_503' title='bbox 3260 1364 3378 1444; x_wconf 45' lang='lat' dir='ltr'>me·</span> <span class='ocrx_word' id='word_1_504' title='bbox 3411 1344 3520 1443; x_wconf 77' lang='lat' dir='ltr'>vel</span> <span class='ocrx_word' id='word_1_505' title='bbox 3563 1346 4043 1410; x_wconf 85' lang='lat' dir='ltr'>transmitteres</span> <span class='ocrx_word' id='word_1_506' title='bbox 4084 1342 4209 1445; x_wconf 36' lang='lat' dir='ltr'>‘vel</span> <span class='ocrx_word' id='word_1_507' title='bbox 4242 1365 4378 1445; x_wconf 72' lang='lat' dir='ltr'>una</span> <span class='ocrx_word' id='word_1_508' title='bbox 4421 1355 4612 1444; x_wconf 68' lang='lat' dir='ltr'>tecum</span> 
     </span>
     <span class='ocr_line' id='line_1_73' title="bbox 2681 1428 4615 1600; baseline 0 -20"><span class='ocrx_word' id='word_1_509' title='bbox 2681 1430 4344 1600; x_wconf 50' lang='lat' dir='ltr'>tffffiff‘fflafflffiffi‘aeaxtffiffl</span> <span class='ocrx_word' id='word_1_510' title='bbox 4359 1428 4615 1582; x_wconf 55' lang='lat' dir='ltr'>..m</span> 
     </span>
     <span class='ocr_line' id='line_1_74' title="bbox 2683 1600 4616 1685; baseline -0.002 -17"><span class='ocrx_word' id='word_1_511' title='bbox 2683 1601 2967 1668; x_wconf 87' lang='lat' dir='ltr'>scribere</span> <span class='ocrx_word' id='word_1_512' title='bbox 3011 1600 3187 1685; x_wconf 92' lang='lat' dir='ltr'>apud</span> <span class='ocrx_word' id='word_1_513' title='bbox 3229 1600 3378 1668; x_wconf 86' lang='lat' dir='ltr'>illos</span> <span class='ocrx_word' id='word_1_514' title='bbox 3421 1601 3711 1667; x_wconf 90' lang='lat' dir='ltr'>illustres</span> <span class='ocrx_word' id='word_1_515' title='bbox 3754 1602 3934 1667; x_wconf 90' lang='lat' dir='ltr'>viros</span> <span class='ocrx_word' id='word_1_516' title='bbox 3976 1609 4247 1667; x_wconf 90' lang='lat' dir='ltr'>conatus</span> <span class='ocrx_word' id='word_1_517' title='bbox 4290 1609 4411 1678; x_wconf 88' lang='lat' dir='ltr'>est,</span> <span class='ocrx_word' id='word_1_518' title='bbox 4457 1600 4616 1667; x_wconf 88' lang='lat' dir='ltr'>simi·</span> 
     </span>
     <span class='ocr_line' id='line_1_75' title="bbox 2681 1685 4619 1754; baseline 0 -2"><span class='ocrx_word' id='word_1_519' title='bbox 2681 1686 2835 1752; x_wconf 87' lang='lat' dir='ltr'>liter</span> <span class='ocrx_word' id='word_1_520' title='bbox 2877 1685 3148 1754; x_wconf 85' lang='lat' dir='ltr'>Italicae</span> <span class='ocrx_word' id='word_1_521' title='bbox 3191 1687 3501 1753; x_wconf 89' lang='lat' dir='ltr'>ecclesiae</span> <span class='ocrx_word' id='word_1_522' title='bbox 3545 1688 3922 1752; x_wconf 88' lang='lat' dir='ltr'>testimonia</span> <span class='ocrx_word' id='word_1_523' title='bbox 3964 1707 4081 1752; x_wconf 91' lang='lat' dir='ltr'>seu</span> <span class='ocrx_word' id='word_1_524' title='bbox 4125 1686 4472 1752; x_wconf 80' lang='lat' dir='ltr'>historiam</span> <span class='ocrx_word' id='word_1_525' title='bbox 4507 1690 4619 1754; x_wconf 85' lang='grc' dir='ltr'>Δο-</span> 
     </span>
     <span class='ocr_line' id='line_1_76' title="bbox 2682 1771 4616 1857; baseline 0 -19"><span class='ocrx_word' id='word_1_526' title='bbox 2682 1780 2917 1838; x_wconf 89' lang='lat' dir='ltr'>torum.</span> <span class='ocrx_word' id='word_1_527' title='bbox 2965 1772 3259 1839; x_wconf 87' lang='lat' dir='ltr'>Dederas</span> <span class='ocrx_word' id='word_1_528' title='bbox 3301 1772 3465 1838; x_wconf 89' lang='lat' dir='ltr'>mihi</span> <span class='ocrx_word' id='word_1_529' title='bbox 3508 1773 3883 1857; x_wconf 88' lang='lat' dir='ltr'>exemplum</span> <span class='ocrx_word' id='word_1_530' title='bbox 3930 1772 4267 1851; x_wconf 89' lang='lat' dir='ltr'>Pataviae,</span> <span class='ocrx_word' id='word_1_531' title='bbox 4314 1771 4434 1838; x_wconf 88' lang='lat' dir='ltr'>sed</span> <span class='ocrx_word' id='word_1_532' title='bbox 4475 1793 4616 1857; x_wconf 82' lang='lat' dir='ltr'>opus</span> 
     </span>
     <span class='ocr_line' id='line_1_77' title="bbox 2683 1857 4620 1943; baseline -0.001 -18"><span class='ocrx_word' id='word_1_533' title='bbox 2683 1866 2784 1925; x_wconf 89' lang='lat' dir='ltr'>est</span> <span class='ocrx_word' id='word_1_534' title='bbox 2818 1880 2952 1925; x_wconf 90' lang='lat' dir='ltr'>una</span> <span class='ocrx_word' id='word_1_535' title='bbox 2995 1879 3147 1925; x_wconf 91' lang='lat' dir='ltr'>cum</span> <span class='ocrx_word' id='word_1_536' title='bbox 3211 1859 3428 1943; x_wconf 88' lang='lat' dir='ltr'>sigillo</span> <span class='ocrx_word' id='word_1_537' title='bbox 3472 1866 3539 1924; x_wconf 92' lang='lat' dir='ltr'>et</span> <span class='ocrx_word' id='word_1_538' title='bbox 3592 1857 4084 1942; x_wconf 87' lang='lat' dir='ltr'>subscriptione.</span> <span class='ocrx_word' id='word_1_539' title='bbox 4175 1858 4359 1924; x_wconf 85' lang='lat' dir='ltr'>Haec</span> <span class='ocrx_word' id='word_1_540' title='bbox 4403 1867 4472 1924; x_wconf 91' lang='lat' dir='ltr'>et</span> <span class='ocrx_word' id='word_1_541' title='bbox 4510 1858 4620 1923; x_wconf 74' lang='lat' dir='ltr'>alia</span> 
     </span>
     <span class='ocr_line' id='line_1_78' title="bbox 2681 1943 4616 2030; baseline 0 -21"><span class='ocrx_word' id='word_1_542' title='bbox 2681 1965 2801 2030; x_wconf 90' lang='lat' dir='ltr'>per</span> <span class='ocrx_word' id='word_1_543' title='bbox 2841 1954 2905 2010; x_wconf 92' lang='lat' dir='ltr'>te</span> <span class='ocrx_word' id='word_1_544' title='bbox 2950 1945 3243 2029; x_wconf 88' lang='lat' dir='ltr'>conquiri</span> <span class='ocrx_word' id='word_1_545' title='bbox 3280 1945 3605 2027; x_wconf 89' lang='lat' dir='ltr'>optabam,</span> <span class='ocrx_word' id='word_1_546' title='bbox 3665 1954 3738 2009; x_wconf 91' lang='lat' dir='ltr'>ut</span> <span class='ocrx_word' id='word_1_547' title='bbox 3781 1964 3932 2009; x_wconf 88' lang='lat' dir='ltr'>cum</span> <span class='ocrx_word' id='word_1_548' title='bbox 3977 1943 4214 2028; x_wconf 87' lang='lat' dir='ltr'>sigillis</span> <span class='ocrx_word' id='word_1_549' title='bbox 4257 1951 4480 2010; x_wconf 82' lang='lat' dir='ltr'>tecum</span> <span class='ocrx_word' id='word_1_550' title='bbox 4518 1965 4616 2028; x_wconf 84' lang='lat' dir='ltr'>sp-</span> 
     </span>
     <span class='ocr_line' id='line_1_79' title="bbox 2681 2029 4448 2114; baseline 0 -20"><span class='ocrx_word' id='word_1_551' title='bbox 2681 2037 2997 2113; x_wconf 89' lang='lat' dir='ltr'>portares.</span> <span class='ocrx_word' id='word_1_552' title='bbox 3065 2031 3431 2113; x_wconf 88' lang='lat' dir='ltr'>Praecipue</span> <span class='ocrx_word' id='word_1_553' title='bbox 3456 2051 3611 2095; x_wconf 88' lang='lat' dir='ltr'>vero</span> <span class='ocrx_word' id='word_1_554' title='bbox 3633 2029 4030 2114; x_wconf 83' lang='lat' dir='ltr'>Capitaneus</span> <span class='ocrx_word' id='word_1_555' title='bbox 4062 2038 4287 2094; x_wconf 89' lang='lat' dir='ltr'>noster</span> <span class='ocrx_word' id='word_1_556' title='bbox 4307 2030 4448 2095; x_wconf 69' lang='lat' dir='ltr'>al(</span> 
     </span>
     <span class='ocr_line' id='line_1_80' title="bbox 2682 2113 4434 2201; baseline -0.002 -19"><span class='ocrx_word' id='word_1_557' title='bbox 2682 2118 2890 2201; x_wconf 88' lang='lat' dir='ltr'>burga</span> <span class='ocrx_word' id='word_1_558' title='bbox 2945 2115 3127 2199; x_wconf 85' lang='lat' dir='ltr'>cupit</span> <span class='ocrx_word' id='word_1_559' title='bbox 3183 2116 3546 2181; x_wconf 87' lang='lat' dir='ltr'>transmitti</span> <span class='ocrx_word' id='word_1_560' title='bbox 3600 2115 3826 2181; x_wconf 88' lang='lat' dir='ltr'>literas</span> <span class='ocrx_word' id='word_1_561' title='bbox 3883 2115 4031 2182; x_wconf 87' lang='lat' dir='ltr'>illas</span> <span class='ocrx_word' id='word_1_562' title='bbox 4084 2113 4434 2181; x_wconf 84' lang='lat' dir='ltr'>seditiosas</span> 
     </span>
     <span class='ocr_line' id='line_1_81' title="bbox 2675 2200 4384 2287; baseline -0.002 -18"><span class='ocrx_word' id='word_1_563' title='bbox 2675 2203 2844 2287; x_wconf 72' lang='lat' dir='ltr'>yorii</span> <span class='ocrx_word' id='word_1_564' title='bbox 2886 2223 3165 2285; x_wconf 89' lang='lat' dir='ltr'>quarum</span> <span class='ocrx_word' id='word_1_565' title='bbox 3212 2200 3462 2285; x_wconf 89' lang='lat' dir='ltr'>aliquot</span> <span class='ocrx_word' id='word_1_566' title='bbox 3502 2201 3952 2286; x_wconf 88' lang='lat' dir='ltr'>paragraphos</span> <span class='ocrx_word' id='word_1_567' title='bbox 3995 2202 4384 2267; x_wconf 86' lang='lat' dir='ltr'>inserueras.</span> 
     </span>
    </p>

    <p class='ocr_par' dir='ltr' id='par_1_21' title="bbox 2677 2285 4640 3897">
     <span class='ocr_line' id='line_1_82' title="bbox 2854 2285 4618 2372; baseline -0.001 -19"><span class='ocrx_word' id='word_1_568' title='bbox 2854 2286 3157 2353; x_wconf 66' lang='lat' dir='ltr'>&amp;ancara</span> <span class='ocrx_word' id='word_1_569' title='bbox 3201 2296 3275 2352; x_wconf 92' lang='lat' dir='ltr'>ut</span> <span class='ocrx_word' id='word_1_570' title='bbox 3335 2285 3813 2371; x_wconf 89' lang='lat' dir='ltr'>respondeatur</span> <span class='ocrx_word' id='word_1_571' title='bbox 3877 2307 3917 2352; x_wconf 92' lang='lat' dir='ltr'>a</span> <span class='ocrx_word' id='word_1_572' title='bbox 3959 2287 4299 2371; x_wconf 76' lang='lat' dir='ltr'>Tigurinis</span> <span class='ocrx_word' id='word_1_573' title='bbox 4332 2286 4422 2372; x_wconf 86' lang='lat'>¹⁸)</span> <span class='ocrx_word' id='word_1_574' title='bbox 4479 2305 4618 2370; x_wconf 70' lang='lat' dir='ltr'>roga</span> 
     </span>
     <span class='ocr_line' id='line_1_83' title="bbox 2678 2371 4619 2458; baseline -0.001 -20"><span class='ocrx_word' id='word_1_575' title='bbox 2678 2371 2945 2439; x_wconf 87' lang='lat' dir='ltr'>obsecra</span> <span class='ocrx_word' id='word_1_576' title='bbox 3000 2384 3066 2439; x_wconf 89' lang='lat' dir='ltr'>et</span> <span class='ocrx_word' id='word_1_577' title='bbox 3132 2393 3316 2458; x_wconf 87' lang='lat' dir='ltr'>urge,</span> <span class='ocrx_word' id='word_1_578' title='bbox 3392 2374 3486 2437; x_wconf 87' lang='lat' dir='ltr'>ita</span> <span class='ocrx_word' id='word_1_579' title='bbox 3554 2382 3775 2438; x_wconf 87' lang='lat' dir='ltr'>tamen</span> <span class='ocrx_word' id='word_1_580' title='bbox 3830 2380 3908 2437; x_wconf 92' lang='lat' dir='ltr'>ut</span> <span class='ocrx_word' id='word_1_581' title='bbox 3970 2391 4107 2437; x_wconf 92' lang='lat' dir='ltr'>non</span> <span class='ocrx_word' id='word_1_582' title='bbox 4164 2371 4619 2439; x_wconf 81' lang='lat' dir='ltr'>obliviscantur</span> 
     </span>
     <span class='ocr_line' id='line_1_84' title="bbox 2679 2457 4618 2542; baseline -0.001 -18"><span class='ocrx_word' id='word_1_583' title='bbox 2679 2459 2876 2524; x_wconf 91' lang='lat' dir='ltr'>etiam</span> <span class='ocrx_word' id='word_1_584' title='bbox 2934 2459 3125 2525; x_wconf 91' lang='lat' dir='ltr'>istius</span> <span class='ocrx_word' id='word_1_585' title='bbox 3177 2480 3431 2524; x_wconf 89' lang='lat' dir='ltr'>causae.</span> <span class='ocrx_word' id='word_1_586' title='bbox 3520 2457 3843 2541; x_wconf 85' lang='lat' dir='ltr'>Gupimus</span> <span class='ocrx_word' id='word_1_587' title='bbox 3907 2458 4086 2524; x_wconf 91' lang='lat' dir='ltr'>enim</span> <span class='ocrx_word' id='word_1_588' title='bbox 4152 2457 4510 2542; x_wconf 83' lang='lat' dir='ltr'>enavigare</span> <span class='ocrx_word' id='word_1_589' title='bbox 4549 2478 4618 2522; x_wconf 83' lang='lat' dir='ltr'>ex</span> 
     </span>
     <span class='ocr_line' id='line_1_85' title="bbox 2677 2543 4618 2629; baseline -0.002 -20"><span class='ocrx_word' id='word_1_590' title='bbox 2677 2552 3105 2628; x_wconf 90' lang='lat' dir='ltr'>utrorumque</span> <span class='ocrx_word' id='word_1_591' title='bbox 3171 2545 3514 2629; x_wconf 88' lang='lat' dir='ltr'>angustiis.</span> <span class='ocrx_word' id='word_1_592' title='bbox 3624 2543 4021 2627; x_wconf 80' lang='lat' dir='ltr'>Quanquam</span> <span class='ocrx_word' id='word_1_593' title='bbox 4091 2543 4446 2610; x_wconf 64' lang='lat' dir='ltr'>&amp;amns</span> <span class='ocrx_word' id='word_1_594' title='bbox 4504 2544 4618 2609; x_wconf 84' lang='lat' dir='ltr'>iam</span> 
     </span>
     <span class='ocr_line' id='line_1_86' title="bbox 2680 2629 4621 2714; baseline -0.001 -19"><span class='ocrx_word' id='word_1_595' title='bbox 2680 2629 2832 2696; x_wconf 88' lang='lat' dir='ltr'>vela</span> <span class='ocrx_word' id='word_1_596' title='bbox 2866 2629 3155 2697; x_wconf 89' lang='lat' dir='ltr'>dedisset</span> <span class='ocrx_word' id='word_1_597' title='bbox 3190 2652 3311 2696; x_wconf 89' lang='lat' dir='ltr'>nec</span> <span class='ocrx_word' id='word_1_598' title='bbox 3344 2630 3842 2714; x_wconf 88' lang='lat' dir='ltr'>impressionem</span> <span class='ocrx_word' id='word_1_599' title='bbox 3878 2637 4170 2695; x_wconf 90' lang='lat' dir='ltr'>nostram</span> <span class='ocrx_word' id='word_1_600' title='bbox 4191 2629 4621 2704; x_wconf 83' lang='lat' dir='ltr'>sustinuisset,</span> 
     </span>
     <span class='ocr_line' id='line_1_87' title="bbox 2681 2714 4619 2800; baseline -0.001 -20"><span class='ocrx_word' id='word_1_601' title='bbox 2681 2716 2810 2781; x_wconf 91' lang='lat' dir='ltr'>nisi</span> <span class='ocrx_word' id='word_1_602' title='bbox 2866 2715 2990 2783; x_wconf 90' lang='lat' dir='ltr'>hoc</span> <span class='ocrx_word' id='word_1_603' title='bbox 3047 2737 3220 2781; x_wconf 85' lang='lat' dir='ltr'>novo</span> <span class='ocrx_word' id='word_1_604' title='bbox 3274 2716 3634 2782; x_wconf 88' lang='lat' dir='ltr'>certamine</span> <span class='ocrx_word' id='word_1_605' title='bbox 3690 2716 3760 2780; x_wconf 93' lang='lat' dir='ltr'>in</span> <span class='ocrx_word' id='word_1_606' title='bbox 3817 2714 4017 2800; x_wconf 90' lang='lat' dir='ltr'>pedes</span> <span class='ocrx_word' id='word_1_607' title='bbox 4081 2725 4339 2781; x_wconf 90' lang='lat' dir='ltr'>erectus</span> <span class='ocrx_word' id='word_1_608' title='bbox 4383 2715 4619 2780; x_wconf 79' lang='lat' dir='ltr'>fuisset.</span> 
     </span>
     <span class='ocr_line' id='line_1_88' title="bbox 2681 2798 4626 2868; baseline -0.002 -1"><span class='ocrx_word' id='word_1_609' title='bbox 2681 2804 2999 2868; x_wconf 87' lang='lat' dir='ltr'>Attamen</span> <span class='ocrx_word' id='word_1_610' title='bbox 3055 2822 3164 2867; x_wconf 91' lang='lat' dir='ltr'>res</span> <span class='ocrx_word' id='word_1_611' title='bbox 3223 2802 3364 2868; x_wconf 90' lang='lat' dir='ltr'>eius</span> <span class='ocrx_word' id='word_1_612' title='bbox 3429 2803 3496 2866; x_wconf 91' lang='lat' dir='ltr'>in</span> <span class='ocrx_word' id='word_1_613' title='bbox 3542 2800 3778 2867; x_wconf 84' lang='lat' dir='ltr'>declivi</span> <span class='ocrx_word' id='word_1_614' title='bbox 3822 2809 3998 2866; x_wconf 87' lang='lat' dir='ltr'>sunt.</span> <span class='ocrx_word' id='word_1_615' title='bbox 4088 2798 4626 2867; x_wconf 82' lang='lat' dir='ltr'>Mendacissimus</span> 
     </span>
     <span class='ocr_line' id='line_1_89' title="bbox 2682 2886 4630 2972; baseline -0.002 -19"><span class='ocrx_word' id='word_1_616' title='bbox 2682 2888 2881 2953; x_wconf 93' lang='lat' dir='ltr'>homo</span> <span class='ocrx_word' id='word_1_617' title='bbox 2959 2889 3030 2954; x_wconf 90' lang='lat' dir='ltr'>in</span> <span class='ocrx_word' id='word_1_618' title='bbox 3104 2888 3510 2972; x_wconf 86' lang='lat' dir='ltr'>praefatione</span> <span class='ocrx_word' id='word_1_619' title='bbox 3573 2887 3752 2952; x_wconf 90' lang='lat' dir='ltr'>illius</span> <span class='ocrx_word' id='word_1_620' title='bbox 3817 2887 3965 2953; x_wconf 90' lang='lat' dir='ltr'>libri</span> <span class='ocrx_word' id='word_1_621' title='bbox 4031 2886 4481 2952; x_wconf 88' lang='lat' dir='ltr'>calumniatur</span> <span class='ocrx_word' id='word_1_622' title='bbox 4540 2906 4630 2949; x_wconf 87' lang='lat' dir='ltr'>me</span> 
     </span>
     <span class='ocr_line' id='line_1_90' title="bbox 2681 2971 4634 3058; baseline -0.002 -19"><span class='ocrx_word' id='word_1_623' title='bbox 2681 2972 3051 3058; x_wconf 84' lang='lat' dir='ltr'>symbolum</span> <span class='ocrx_word' id='word_1_624' title='bbox 3118 2973 3473 3038; x_wconf 88' lang='lat' dir='ltr'>Athanasii</span> <span class='ocrx_word' id='word_1_625' title='bbox 3538 2972 3901 3057; x_wconf 86' lang='lat' dir='ltr'>appellasse</span> <span class='ocrx_word' id='word_1_626' title='bbox 3966 2971 4338 3057; x_wconf 82' lang='lat' dir='ltr'>symbolum</span> <span class='ocrx_word' id='word_1_627' title='bbox 4409 2971 4634 3038; x_wconf 74' lang='lat' dir='ltr'>Satha-</span> 
     </span>
     <span class='ocr_line' id='line_1_91' title="bbox 2684 3056 4628 3144; baseline -0.002 -18"><span class='ocrx_word' id='word_1_628' title='bbox 2684 3060 2869 3126; x_wconf 91' lang='lat' dir='ltr'>nasii.</span> <span class='ocrx_word' id='word_1_629' title='bbox 2951 3063 3050 3126; x_wconf 98' lang='lat' dir='ltr'>Ac</span> <span class='ocrx_word' id='word_1_630' title='bbox 3093 3060 3149 3126; x_wconf 91' lang='lat' dir='ltr'>si</span> <span class='ocrx_word' id='word_1_631' title='bbox 3192 3080 3313 3143; x_wconf 87' lang='lat' dir='ltr'>ego</span> <span class='ocrx_word' id='word_1_632' title='bbox 3357 3060 3623 3125; x_wconf 86' lang='lat' dir='ltr'>sinistre</span> <span class='ocrx_word' id='word_1_633' title='bbox 3667 3056 3749 3124; x_wconf 92' lang='lat' dir='ltr'>de</span> <span class='ocrx_word' id='word_1_634' title='bbox 3791 3058 3905 3124; x_wconf 87' lang='lat' dir='ltr'>illo</span> <span class='ocrx_word' id='word_1_635' title='bbox 3960 3058 4259 3144; x_wconf 79' lang='lat' dir='ltr'>symbolo</span> <span class='ocrx_word' id='word_1_636' title='bbox 4303 3058 4628 3123; x_wconf 83' lang='lat' dir='ltr'>senserim.</span> 
     </span>
     <span class='ocr_line' id='line_1_92' title="bbox 2684 3146 4633 3228; baseline -0.003 -17"><span class='ocrx_word' id='word_1_637' title='bbox 2684 3146 2993 3212; x_wconf 75' lang='lat' dir='ltr'>Testatus</span> <span class='ocrx_word' id='word_1_638' title='bbox 3035 3167 3182 3212; x_wconf 91' lang='lat' dir='ltr'>sum</span> <span class='ocrx_word' id='word_1_639' title='bbox 3227 3154 3447 3211; x_wconf 90' lang='lat' dir='ltr'>autem</span> <span class='ocrx_word' id='word_1_640' title='bbox 3483 3164 3704 3211; x_wconf 89' lang='lat' dir='ltr'>coram</span> <span class='ocrx_word' id='word_1_641' title='bbox 3739 3152 3808 3210; x_wconf 90' lang='lat' dir='ltr'>te</span> <span class='ocrx_word' id='word_1_642' title='bbox 3852 3165 4129 3228; x_wconf 89' lang='lat' dir='ltr'>semper,</span> <span class='ocrx_word' id='word_1_643' title='bbox 4173 3152 4242 3210; x_wconf 92' lang='lat' dir='ltr'>et</span> <span class='ocrx_word' id='word_1_644' title='bbox 4277 3166 4463 3211; x_wconf 90' lang='lat' dir='ltr'>nunc</span> <span class='ocrx_word' id='word_1_645' title='bbox 4497 3162 4633 3209; x_wconf 82' lang='lat' dir='ltr'>cum</span> 
     </span>
     <span class='ocr_line' id='line_1_93' title="bbox 2684 3230 4632 3312; baseline -0.002 -15"><span class='ocrx_word' id='word_1_646' title='bbox 2684 3231 3111 3297; x_wconf 88' lang='lat' dir='ltr'>iureiurando</span> <span class='ocrx_word' id='word_1_647' title='bbox 3146 3239 3368 3309; x_wconf 90' lang='lat' dir='ltr'>testor,</span> <span class='ocrx_word' id='word_1_648' title='bbox 3417 3230 3497 3298; x_wconf 93' lang='lat' dir='ltr'>de</span> <span class='ocrx_word' id='word_1_649' title='bbox 3540 3231 3668 3297; x_wconf 90' lang='lat' dir='ltr'>hac</span> <span class='ocrx_word' id='word_1_650' title='bbox 3709 3252 3782 3296; x_wconf 87' lang='lat' dir='ltr'>re</span> <span class='ocrx_word' id='word_1_651' title='bbox 3825 3252 3931 3296; x_wconf 90' lang='lat' dir='ltr'>me</span> <span class='ocrx_word' id='word_1_652' title='bbox 3975 3251 4059 3295; x_wconf 92' lang='lat' dir='ltr'>ne</span> <span class='ocrx_word' id='word_1_653' title='bbox 4103 3232 4472 3297; x_wconf 84' lang='lat' dir='ltr'>somniasse</span> <span class='ocrx_word' id='word_1_654' title='bbox 4508 3230 4632 3312; x_wconf 87' lang='lat' dir='ltr'>qui·</span> 
     </span>
     <span class='ocr_line' id='line_1_94' title="bbox 2686 3313 4634 3401; baseline -0.003 -19"><span class='ocrx_word' id='word_1_655' title='bbox 2686 3317 2854 3383; x_wconf 90' lang='lat' dir='ltr'>dem.</span> <span class='ocrx_word' id='word_1_656' title='bbox 2963 3316 3243 3401; x_wconf 82' lang='lat' dir='ltr'>Semper</span> <span class='ocrx_word' id='word_1_657' title='bbox 3306 3325 3687 3382; x_wconf 85' lang='lat' dir='ltr'>reverenter</span> <span class='ocrx_word' id='word_1_658' title='bbox 3749 3318 3926 3382; x_wconf 88' lang='lat' dir='ltr'>sensi</span> <span class='ocrx_word' id='word_1_659' title='bbox 3994 3314 4075 3381; x_wconf 93' lang='lat' dir='ltr'>de</span> <span class='ocrx_word' id='word_1_660' title='bbox 4141 3315 4255 3381; x_wconf 87' lang='lat' dir='ltr'>illo</span> <span class='ocrx_word' id='word_1_661' title='bbox 4332 3313 4634 3401; x_wconf 81' lang='lat' dir='ltr'>symbolo.</span> 
     </span>
     <span class='ocr_line' id='line_1_95' title="bbox 2683 3400 4638 3488; baseline -0.002 -20"><span class='ocrx_word' id='word_1_662' title='bbox 2683 3404 2873 3487; x_wconf 88' lang='lat' dir='ltr'>Rogo</span> <span class='ocrx_word' id='word_1_663' title='bbox 2917 3404 3120 3488; x_wconf 87' lang='lat' dir='ltr'>igitur</span> <span class='ocrx_word' id='word_1_664' title='bbox 3165 3404 3247 3468; x_wconf 92' lang='lat' dir='ltr'>D.</span> <span class='ocrx_word' id='word_1_665' title='bbox 3299 3402 3639 3468; x_wconf 77' lang='lat' dir='ltr'>Simlerum</span> <span class='ocrx_word' id='word_1_666' title='bbox 3681 3410 3756 3467; x_wconf 87' lang='lat' dir='ltr'>ut</span> <span class='ocrx_word' id='word_1_667' title='bbox 3801 3402 4000 3468; x_wconf 91' lang='lat' dir='ltr'>huius</span> <span class='ocrx_word' id='word_1_668' title='bbox 4053 3403 4151 3467; x_wconf 88' lang='lat' dir='ltr'>rei</span> <span class='ocrx_word' id='word_1_669' title='bbox 4207 3402 4278 3466; x_wconf 92' lang='lat' dir='ltr'>in</span> <span class='ocrx_word' id='word_1_670' title='bbox 4323 3422 4450 3467; x_wconf 89' lang='lat' dir='ltr'>suo</span> <span class='ocrx_word' id='word_1_671' title='bbox 4487 3400 4638 3465; x_wconf 80' lang='lat' dir='ltr'>libro</span> 
     </span>
     <span class='ocr_line' id='line_1_96' title="bbox 2684 3485 4634 3555; baseline -0.003 -2"><span class='ocrx_word' id='word_1_672' title='bbox 2684 3489 3086 3555; x_wconf 90' lang='lat' dir='ltr'>mentionem</span> <span class='ocrx_word' id='word_1_673' title='bbox 3130 3488 3326 3555; x_wconf 83' lang='lat' dir='ltr'>faciat</span> <span class='ocrx_word' id='word_1_674' title='bbox 3380 3496 3449 3553; x_wconf 85' lang='lat' dir='ltr'>et</span> <span class='ocrx_word' id='word_1_675' title='bbox 3501 3510 3607 3554; x_wconf 91' lang='lat' dir='ltr'>me</span> <span class='ocrx_word' id='word_1_676' title='bbox 3665 3488 3747 3554; x_wconf 90' lang='lat' dir='ltr'>ab</span> <span class='ocrx_word' id='word_1_677' title='bbox 3803 3510 3883 3553; x_wconf 91' lang='lat' dir='ltr'>ea</span> <span class='ocrx_word' id='word_1_678' title='bbox 3940 3488 4270 3554; x_wconf 89' lang='lat' dir='ltr'>calumnia</span> <span class='ocrx_word' id='word_1_679' title='bbox 4314 3485 4634 3553; x_wconf 70' lang='lat' dir='ltr'>defendat.</span> 
     </span>
     <span class='ocr_line' id='line_1_97' title="bbox 2685 3571 4638 3659; baseline -0.003 -19"><span class='ocrx_word' id='word_1_680' title='bbox 2685 3573 2968 3659; x_wconf 84' lang='lat' dir='ltr'>Semper</span> <span class='ocrx_word' id='word_1_681' title='bbox 3010 3575 3185 3640; x_wconf 92' lang='lat' dir='ltr'>enim</span> <span class='ocrx_word' id='word_1_682' title='bbox 3232 3575 3301 3638; x_wconf 94' lang='lat' dir='ltr'>in</span> <span class='ocrx_word' id='word_1_683' title='bbox 3346 3595 3465 3640; x_wconf 90' lang='lat' dir='ltr'>suo</span> <span class='ocrx_word' id='word_1_684' title='bbox 3516 3574 3744 3639; x_wconf 89' lang='lat' dir='ltr'>nativo</span> <span class='ocrx_word' id='word_1_685' title='bbox 3788 3595 3988 3639; x_wconf 90' lang='lat' dir='ltr'>sensu</span> <span class='ocrx_word' id='word_1_686' title='bbox 4033 3571 4198 3638; x_wconf 91' lang='lat' dir='ltr'>illud</span> <span class='ocrx_word' id='word_1_687' title='bbox 4244 3572 4638 3657; x_wconf 86' lang='lat' dir='ltr'>accipiebam</span> 
     </span>
     <span class='ocr_line' id='line_1_98' title="bbox 2685 3655 4638 3742; baseline -0.003 -16"><span class='ocrx_word' id='word_1_688' title='bbox 2685 3669 2751 3726; x_wconf 94' lang='lat' dir='ltr'>et</span> <span class='ocrx_word' id='word_1_689' title='bbox 2793 3681 2974 3726; x_wconf 90' lang='lat' dir='ltr'>nunc</span> <span class='ocrx_word' id='word_1_690' title='bbox 3010 3660 3285 3742; x_wconf 85' lang='lat' dir='ltr'>accipio:</span> <span class='ocrx_word' id='word_1_691' title='bbox 3331 3659 3405 3724; x_wconf 89' lang='lat' dir='ltr'>in</span> <span class='ocrx_word' id='word_1_692' title='bbox 3449 3660 3640 3726; x_wconf 90' lang='lat' dir='ltr'>cuius</span> <span class='ocrx_word' id='word_1_693' title='bbox 3685 3659 3781 3724; x_wconf 89' lang='lat' dir='ltr'>rei</span> <span class='ocrx_word' id='word_1_694' title='bbox 3827 3659 4022 3724; x_wconf 87' lang='lat' dir='ltr'>fidem</span> <span class='ocrx_word' id='word_1_695' title='bbox 4069 3659 4259 3724; x_wconf 90' lang='lat' dir='ltr'>mitto</span> <span class='ocrx_word' id='word_1_696' title='bbox 4306 3658 4430 3723; x_wconf 90' lang='lat' dir='ltr'>tibi</span> <span class='ocrx_word' id='word_1_697' title='bbox 4469 3655 4638 3722; x_wconf 86' lang='lat' dir='ltr'>libel·</span> 
     </span>
     <span class='ocr_line' id='line_1_99' title="bbox 2684 3740 4640 3829; baseline -0.002 -19"><span class='ocrx_word' id='word_1_698' title='bbox 2684 3745 2822 3810; x_wconf 92' lang='lat' dir='ltr'>lum</span> <span class='ocrx_word' id='word_1_699' title='bbox 2867 3768 3060 3829; x_wconf 90' lang='lat' dir='ltr'>quem</span> <span class='ocrx_word' id='word_1_700' title='bbox 3106 3746 3228 3811; x_wconf 91' lang='lat' dir='ltr'>sub</span> <span class='ocrx_word' id='word_1_701' title='bbox 3272 3745 3487 3811; x_wconf 91' lang='lat' dir='ltr'>alieno</span> <span class='ocrx_word' id='word_1_702' title='bbox 3531 3745 3798 3810; x_wconf 92' lang='lat' dir='ltr'>nomine</span> <span class='ocrx_word' id='word_1_703' title='bbox 3843 3744 4032 3810; x_wconf 91' lang='lat' dir='ltr'>edidi.</span> <span class='ocrx_word' id='word_1_704' title='bbox 4110 3744 4219 3809; x_wconf 87' lang='lat' dir='ltr'>Ita</span> <span class='ocrx_word' id='word_1_705' title='bbox 4261 3745 4446 3809; x_wconf 89' lang='lat' dir='ltr'>enim</span> <span class='ocrx_word' id='word_1_706' title='bbox 4490 3740 4640 3807; x_wconf 84' lang='lat' dir='ltr'>ami·</span> 
     </span>
     <span class='ocr_line' id='line_1_100' title="bbox 2686 3831 3189 3897; baseline 0 0"><span class='ocrx_word' id='word_1_707' title='bbox 2686 3832 2780 3897; x_wconf 90' lang='lat' dir='ltr'>cis</span> <span class='ocrx_word' id='word_1_708' title='bbox 2822 3831 3189 3897; x_wconf 89' lang='lat' dir='ltr'>videbatur.</span> 
     </span>
    </p>

    <p class='ocr_par' dir='ltr' id='par_1_22' title="bbox 2685 3913 4640 4584">
     <span class='ocr_line' id='line_1_101' title="bbox 2859 3913 4638 4000; baseline -0.002 -18"><span class='ocrx_word' id='word_1_709' title='bbox 2859 3918 3278 4000; x_wconf 91' lang='lat' dir='ltr'>Propositum</span> <span class='ocrx_word' id='word_1_710' title='bbox 3321 3916 3408 3982; x_wconf 91' lang='lat' dir='ltr'>D.</span> <span class='ocrx_word' id='word_1_711' title='bbox 3461 3914 3715 3983; x_wconf 75' lang='lat' dir='ltr'>calvini</span> <span class='ocrx_word' id='word_1_712' title='bbox 3756 3913 3838 3980; x_wconf 91' lang='lat' dir='ltr'>de</span> <span class='ocrx_word' id='word_1_713' title='bbox 3879 3913 4131 3981; x_wconf 90' lang='lat' dir='ltr'>edendo</span> <span class='ocrx_word' id='word_1_714' title='bbox 4175 3914 4344 3980; x_wconf 91' lang='lat' dir='ltr'>libro</span> <span class='ocrx_word' id='word_1_715' title='bbox 4388 3937 4472 3981; x_wconf 85' lang='lat' dir='ltr'>ea</span> <span class='ocrx_word' id='word_1_716' title='bbox 4515 3933 4638 3978; x_wconf 86' lang='lat' dir='ltr'>me-</span> 
     </span>
     <span class='ocr_line' id='line_1_102' title="bbox 2687 4000 4640 4085; baseline -0.002 -18"><span class='ocrx_word' id='word_1_717' title='bbox 2687 4001 2888 4068; x_wconf 87' lang='lat' dir='ltr'>thodo</span> <span class='ocrx_word' id='word_1_718' title='bbox 2953 4003 3145 4069; x_wconf 89' lang='lat' dir='ltr'>sicuti</span> <span class='ocrx_word' id='word_1_719' title='bbox 3202 4002 3433 4068; x_wconf 90' lang='lat' dir='ltr'>scribis</span> <span class='ocrx_word' id='word_1_720' title='bbox 3499 4001 3664 4066; x_wconf 88' lang='lat' dir='ltr'>mihi</span> <span class='ocrx_word' id='word_1_721' title='bbox 3710 4001 3985 4067; x_wconf 89' lang='lat' dir='ltr'>mirifice</span> <span class='ocrx_word' id='word_1_722' title='bbox 4023 4001 4256 4085; x_wconf 87' lang='lat' dir='ltr'>placet,</span> <span class='ocrx_word' id='word_1_723' title='bbox 4327 4010 4392 4066; x_wconf 91' lang='lat' dir='ltr'>et</span> <span class='ocrx_word' id='word_1_724' title='bbox 4461 4000 4640 4065; x_wconf 75' lang='lat' dir='ltr'>mitto</span> 
     </span>
     <span class='ocr_line' id='line_1_103' title="bbox 2685 4085 4636 4173; baseline -0.002 -19"><span class='ocrx_word' id='word_1_725' title='bbox 2685 4089 2805 4154; x_wconf 88' lang='lat' dir='ltr'>tibi</span> <span class='ocrx_word' id='word_1_726' title='bbox 2865 4088 3244 4173; x_wconf 88' lang='lat' dir='ltr'>exemplum</span> <span class='ocrx_word' id='word_1_727' title='bbox 3287 4094 3608 4153; x_wconf 85' lang='lat' dir='ltr'>tractatus</span> <span class='ocrx_word' id='word_1_728' title='bbox 3653 4107 3769 4170; x_wconf 90' lang='lat' dir='ltr'>per</span> <span class='ocrx_word' id='word_1_729' title='bbox 3812 4085 4365 4170; x_wconf 85' lang='lat' dir='ltr'>Christophorum</span> <span class='ocrx_word' id='word_1_730' title='bbox 4411 4087 4636 4168; x_wconf 65' lang='lat' dir='ltr'>Leop-</span> 
     </span>
     <span class='ocr_line' id='line_1_104' title="bbox 2685 4170 4638 4256; baseline -0.003 -16"><span class='ocrx_word' id='word_1_731' title='bbox 2685 4175 2954 4241; x_wconf 74' lang='lat' dir='ltr'>litonum</span> <span class='ocrx_word' id='word_1_732' title='bbox 2978 4178 3056 4254; x_wconf 87' lang='lat'>¹⁴)</span> <span class='ocrx_word' id='word_1_733' title='bbox 3103 4176 3306 4239; x_wconf 90' lang='lat' dir='ltr'>missi.</span> <span class='ocrx_word' id='word_1_734' title='bbox 3398 4173 3533 4238; x_wconf 91' lang='lat' dir='ltr'>Det</span> <span class='ocrx_word' id='word_1_735' title='bbox 3574 4191 3732 4256; x_wconf 89' lang='lat' dir='ltr'>ergo</span> <span class='ocrx_word' id='word_1_736' title='bbox 3773 4170 4053 4248; x_wconf 72' lang='lat' dir='ltr'>calvino,</span> <span class='ocrx_word' id='word_1_737' title='bbox 4096 4173 4240 4239; x_wconf 88' lang='lat' dir='ltr'>viro</span> <span class='ocrx_word' id='word_1_738' title='bbox 4285 4173 4438 4250; x_wconf 90' lang='lat' dir='ltr'>Dei,</span> <span class='ocrx_word' id='word_1_739' title='bbox 4469 4173 4638 4236; x_wconf 73' lang='lat' dir='ltr'>Dem</span> 
     </span>
     <span class='ocr_line' id='line_1_105' title="bbox 2688 4258 4638 4344; baseline -0.004 -18"><span class='ocrx_word' id='word_1_740' title='bbox 2688 4260 2888 4326; x_wconf 91' lang='lat' dir='ltr'>robur</span> <span class='ocrx_word' id='word_1_741' title='bbox 2930 4270 2999 4326; x_wconf 90' lang='lat' dir='ltr'>et</span> <span class='ocrx_word' id='word_1_742' title='bbox 3033 4261 3334 4344; x_wconf 89' lang='lat' dir='ltr'>spiritum</span> <span class='ocrx_word' id='word_1_743' title='bbox 3375 4279 3569 4324; x_wconf 90' lang='lat' dir='ltr'>suum</span> <span class='ocrx_word' id='word_1_744' title='bbox 3615 4269 3692 4323; x_wconf 91' lang='lat' dir='ltr'>ut</span> <span class='ocrx_word' id='word_1_745' title='bbox 3730 4258 4012 4323; x_wconf 88' lang='lat' dir='ltr'>istorum</span> <span class='ocrx_word' id='word_1_746' title='bbox 4043 4259 4394 4343; x_wconf 84' lang='lat' dir='ltr'>gigantum</span> <span class='ocrx_word' id='word_1_747' title='bbox 4420 4274 4638 4339; x_wconf 79' lang='lat' dir='ltr'>super·</span> 
     </span>
     <span class='ocr_line' id='line_1_106' title="bbox 2686 4343 4640 4430; baseline -0.003 -19"><span class='ocrx_word' id='word_1_748' title='bbox 2686 4347 2862 4411; x_wconf 92' lang='lat' dir='ltr'>biam</span> <span class='ocrx_word' id='word_1_749' title='bbox 2906 4347 3295 4430; x_wconf 89' lang='lat' dir='ltr'>comprimat</span> <span class='ocrx_word' id='word_1_750' title='bbox 3338 4352 3407 4409; x_wconf 91' lang='lat' dir='ltr'>et</span> <span class='ocrx_word' id='word_1_751' title='bbox 3449 4343 3726 4428; x_wconf 89' lang='lat' dir='ltr'>gloriam</span> <span class='ocrx_word' id='word_1_752' title='bbox 3768 4344 3896 4409; x_wconf 92' lang='lat' dir='ltr'>Dei</span> <span class='ocrx_word' id='word_1_753' title='bbox 3940 4343 4246 4409; x_wconf 87' lang='lat' dir='ltr'>illustret.</span> <span class='ocrx_word' id='word_1_754' title='bbox 4316 4343 4640 4409; x_wconf 76' lang='lat' dir='ltr'>Omnibus</span> 
     </span>
     <span class='ocr_line' id='line_1_107' title="bbox 2686 4428 4640 4584; baseline -0.002 -89"><span class='ocrx_word' id='word_1_755' title='bbox 2686 4433 2935 4584; x_wconf 50' lang='grc' dir='ltr'>ῗὸιιιξοὲε,</span> <span class='ocrx_word' id='word_1_756' title='bbox 3001 4453 3164 4516; x_wconf 91' lang='lat' dir='ltr'>quos</span> <span class='ocrx_word' id='word_1_757' title='bbox 3204 4431 3311 4497; x_wconf 92' lang='lat' dir='ltr'>hic</span> <span class='ocrx_word' id='word_1_758' title='bbox 3356 4428 3671 4514; x_wconf 90' lang='lat' dir='ltr'>plurimos</span> <span class='ocrx_word' id='word_1_759' title='bbox 3729 4429 3943 4510; x_wconf 89' lang='lat' dir='ltr'>habet,</span> <span class='ocrx_word' id='word_1_760' title='bbox 4011 4449 4153 4494; x_wconf 89' lang='lat' dir='ltr'>rem</span> <span class='ocrx_word' id='word_1_761' title='bbox 4198 4429 4640 4514; x_wconf 77' lang='lat' dir='ltr'>gratissimam</span> 
     </span>
    </p>

    <p class='ocr_par' dir='ltr' id='par_1_23' title="bbox 2753 4539 2898 4585">
     <span class='ocr_line' id='line_1_108' title="bbox 2753 4539 2898 4585; baseline -0.014 0"><span class='ocrx_word' id='word_1_762' title='bbox 2753 4539 2851 4585; x_wconf 76' lang='lat' dir='ltr'>cie</span> <span class='ocrx_word' id='word_1_763' title='bbox 2884 4570 2898 4583; x_wconf 88' lang='lat'>.</span> 
     </span>
    </p>

    <p class='ocr_par' dir='ltr' id='par_1_24' title="bbox 2687 4597 4642 4941">
     <span class='ocr_line' id='line_1_109' title="bbox 2858 4597 4640 4687; baseline -0.004 -18"><span class='ocrx_word' id='word_1_764' title='bbox 2858 4605 3155 4687; x_wconf 91' lang='lat' dir='ltr'>Propera</span> <span class='ocrx_word' id='word_1_765' title='bbox 3197 4600 3281 4667; x_wconf 93' lang='lat' dir='ltr'>ad</span> <span class='ocrx_word' id='word_1_766' title='bbox 3325 4621 3466 4681; x_wconf 88' lang='lat' dir='ltr'>nos,</span> <span class='ocrx_word' id='word_1_767' title='bbox 3524 4601 3616 4666; x_wconf 92' lang='lat' dir='ltr'>mi</span> <span class='ocrx_word' id='word_1_768' title='bbox 3667 4598 4129 4682; x_wconf 72' lang='lat' dir='ltr'>Christophore:</span> <span class='ocrx_word' id='word_1_769' title='bbox 4189 4621 4334 4665; x_wconf 89' lang='lat' dir='ltr'>rem</span> <span class='ocrx_word' id='word_1_770' title='bbox 4377 4597 4640 4665; x_wconf 79' lang='lat' dir='ltr'>verissi-</span> 
     </span>
     <span class='ocr_line' id='line_1_110' title="bbox 2687 4682 4642 4767; baseline -0.004 -12"><span class='ocrx_word' id='word_1_771' title='bbox 2687 4711 2865 4755; x_wconf 91' lang='lat' dir='ltr'>mam</span> <span class='ocrx_word' id='word_1_772' title='bbox 2909 4709 3126 4767; x_wconf 89' lang='lat' dir='ltr'>narro,</span> <span class='ocrx_word' id='word_1_773' title='bbox 3192 4688 3287 4753; x_wconf 91' lang='lat' dir='ltr'>ita</span> <span class='ocrx_word' id='word_1_774' title='bbox 3328 4709 3507 4754; x_wconf 92' lang='lat' dir='ltr'>nunc</span> <span class='ocrx_word' id='word_1_775' title='bbox 3551 4687 3844 4753; x_wconf 91' lang='lat' dir='ltr'>omnium</span> <span class='ocrx_word' id='word_1_776' title='bbox 3890 4685 4062 4752; x_wconf 90' lang='lat' dir='ltr'>oculi</span> <span class='ocrx_word' id='word_1_777' title='bbox 4105 4686 4178 4749; x_wconf 91' lang='lat' dir='ltr'>in</span> <span class='ocrx_word' id='word_1_778' title='bbox 4222 4694 4290 4750; x_wconf 91' lang='lat' dir='ltr'>te</span> <span class='ocrx_word' id='word_1_779' title='bbox 4331 4696 4494 4751; x_wconf 87' lang='lat' dir='ltr'>sunt</span> <span class='ocrx_word' id='word_1_780' title='bbox 4537 4682 4642 4748; x_wconf 89' lang='lat' dir='ltr'>de-</span> 
     </span>
     <span class='ocr_line' id='line_1_111' title="bbox 2687 4766 4642 4857; baseline -0.004 -16"><span class='ocrx_word' id='word_1_781' title='bbox 2687 4776 2807 4840; x_wconf 88' lang='lat' dir='ltr'>fixi</span> <span class='ocrx_word' id='word_1_782' title='bbox 2850 4784 2927 4841; x_wconf 89' lang='lat' dir='ltr'>ut</span> <span class='ocrx_word' id='word_1_783' title='bbox 2969 4775 3090 4841; x_wconf 87' lang='lat' dir='ltr'>vix</span> <span class='ocrx_word' id='word_1_784' title='bbox 3135 4773 3464 4839; x_wconf 87' lang='lat' dir='ltr'>recordari</span> <span class='ocrx_word' id='word_1_785' title='bbox 3530 4773 3773 4857; x_wconf 88' lang='lat' dir='ltr'>possim</span> <span class='ocrx_word' id='word_1_786' title='bbox 3818 4771 4022 4837; x_wconf 90' lang='lat' dir='ltr'>ullius</span> <span class='ocrx_word' id='word_1_787' title='bbox 4087 4770 4195 4838; x_wconf 92' lang='lat' dir='ltr'>hic</span> <span class='ocrx_word' id='word_1_788' title='bbox 4239 4771 4476 4837; x_wconf 86' lang='lat' dir='ltr'>Poloni</span> <span class='ocrx_word' id='word_1_789' title='bbox 4535 4766 4642 4834; x_wconf 84' lang='lat' dir='ltr'>ad·</span> 
     </span>
     <span class='ocr_line' id='line_1_112' title="bbox 2687 4856 4640 4941; baseline -0.004 -14"><span class='ocrx_word' id='word_1_790' title='bbox 2687 4867 2963 4928; x_wconf 90' lang='lat' dir='ltr'>ventum</span> <span class='ocrx_word' id='word_1_791' title='bbox 3006 4881 3156 4927; x_wconf 90' lang='lat' dir='ltr'>cum</span> <span class='ocrx_word' id='word_1_792' title='bbox 3211 4868 3398 4926; x_wconf 89' lang='lat' dir='ltr'>tanta</span> <span class='ocrx_word' id='word_1_793' title='bbox 3440 4859 3928 4941; x_wconf 88' lang='lat' dir='ltr'>exspectatione</span> <span class='ocrx_word' id='word_1_794' title='bbox 3983 4865 4051 4922; x_wconf 92' lang='lat' dir='ltr'>et</span> <span class='ocrx_word' id='word_1_795' title='bbox 4109 4856 4436 4924; x_wconf 88' lang='lat' dir='ltr'>desiderio</span> <span class='ocrx_word' id='word_1_796' title='bbox 4494 4874 4640 4939; x_wconf 82' lang='lat' dir='ltr'>ope-</span> 
     </span>
    </p>
   </div>
   <div class='ocr_carea' id='block_1_10' title="bbox 2693 5020 3096 5028">
    <p class='ocr_par' dir='ltr' id='par_1_25' title="bbox 2693 5020 3096 5028">
     <span class='ocr_line' id='line_1_113' title="bbox 2693 5020 3096 5028; baseline -0.012 1"><span class='ocrx_word' id='word_1_797' title='bbox 2693 5020 3096 5028; x_wconf 75' lang='lat'>——-—-——.——-.-</span> 
     </span>
    </p>
   </div>
   <div class='ocr_carea' id='block_1_11' title="bbox 2687 5093 4644 5375">
    <p class='ocr_par' dir='ltr' id='par_1_26' title="bbox 2687 5093 4644 5375">
     <span class='ocr_line' id='line_1_114' title="bbox 2860 5093 4644 5168; baseline -0.004 -14"><span class='ocrx_word' id='word_1_798' title='bbox 2860 5100 2948 5166; x_wconf 81' lang='lat'>13)</span> <span class='ocrx_word' id='word_1_799' title='bbox 2995 5098 3156 5168; x_wconf 70' lang='lat' dir='ltr'>Quod</span> <span class='ocrx_word' id='word_1_800' title='bbox 3184 5098 3392 5165; x_wconf 67' lang='lat' dir='ltr'>factum</span> <span class='ocrx_word' id='word_1_801' title='bbox 3425 5106 3505 5154; x_wconf 75' lang='lat' dir='ltr'>est</span> <span class='ocrx_word' id='word_1_802' title='bbox 3538 5115 3576 5153; x_wconf 81' lang='lat' dir='ltr'>a</span> <span class='ocrx_word' id='word_1_803' title='bbox 3610 5099 3770 5153; x_wconf 69' lang='lat' dir='ltr'>lotia</span> <span class='ocrx_word' id='word_1_804' title='bbox 3809 5096 4040 5152; x_wconf 67' lang='lat' dir='ltr'>Siculam</span> <span class='ocrx_word' id='word_1_805' title='bbox 4073 5098 4134 5149; x_wconf 68' lang='lat' dir='ltr'>in</span> <span class='ocrx_word' id='word_1_806' title='bbox 4169 5094 4368 5149; x_wconf 71' lang='lat' dir='ltr'>libello:</span> <span class='ocrx_word' id='word_1_807' title='bbox 4401 5093 4644 5162; x_wconf 64' lang='lat' dir='ltr'>Rapo·-</span> 
     </span>
     <span class='ocr_line' id='line_1_115' title="bbox 2687 5162 4644 5232; baseline -0.004 -8"><span class='ocrx_word' id='word_1_808' title='bbox 2687 5171 2770 5225; x_wconf 91' lang='lat' dir='ltr'>sio</span> <span class='ocrx_word' id='word_1_809' title='bbox 2806 5170 2876 5223; x_wconf 86' lang='lat' dir='ltr'>ad</span> <span class='ocrx_word' id='word_1_810' title='bbox 2912 5169 3236 5223; x_wconf 86' lang='lat' dir='ltr'>maledicum</span> <span class='ocrx_word' id='word_1_811' title='bbox 3274 5168 3336 5222; x_wconf 85' lang='lat' dir='ltr'>F.</span> <span class='ocrx_word' id='word_1_812' title='bbox 3373 5168 3622 5223; x_wconf 80' lang='lat' dir='ltr'>Stancari</span> <span class='ocrx_word' id='word_1_813' title='bbox 3657 5168 3854 5222; x_wconf 87' lang='lat' dir='ltr'>librum</span> <span class='ocrx_word' id='word_1_814' title='bbox 3891 5165 4014 5219; x_wconf 79' lang='lat' dir='ltr'>adv.</span> <span class='ocrx_word' id='word_1_815' title='bbox 4051 5165 4310 5222; x_wconf 74' lang='lat' dir='ltr'>ecelesiae</span> <span class='ocrx_word' id='word_1_816' title='bbox 4343 5162 4464 5232; x_wconf 73' lang='lat' dir='ltr'>rig.</span> <span class='ocrx_word' id='word_1_817' title='bbox 4491 5162 4644 5216; x_wconf 73' lang='lat' dir='ltr'>uini-</span> 
     </span>
     <span class='ocr_line' id='line_1_116' title="bbox 2688 5231 4333 5375; baseline -0.005 -80"><span class='ocrx_word' id='word_1_818' title='bbox 2688 5247 2848 5303; x_wconf 70' lang='lat' dir='ltr'>utros,</span> <span class='ocrx_word' id='word_1_819' title='bbox 2861 5239 2956 5375; x_wconf 51' lang='grc' dir='ltr'>ἃς</span> <span class='ocrx_word' id='word_1_820' title='bbox 2989 5237 3263 5362; x_wconf 47' lang='grc' dir='ltr'>ΤΝι-ἰιιέἑιὲιὸο.</span> <span class='ocrx_word' id='word_1_821' title='bbox 3297 5242 3354 5290; x_wconf 86' lang='lat' dir='ltr'>et</span> <span class='ocrx_word' id='word_1_822' title='bbox 3387 5236 3692 5291; x_wconf 81' lang='lat' dir='ltr'>mediatore</span> <span class='ocrx_word' id='word_1_823' title='bbox 3727 5237 3769 5291; x_wconf 91' lang='lat'>1.</span> <span class='ocrx_word' id='word_1_824' title='bbox 3805 5235 3867 5289; x_wconf 87' lang='lat' dir='ltr'>O.</span> <span class='ocrx_word' id='word_1_825' title='bbox 3937 5233 4058 5305; x_wconf 68' lang='grc' dir='ltr'>Τίς.</span> <span class='ocrx_word' id='word_1_826' title='bbox 4098 5232 4251 5289; x_wconf 77' lang='lat'>1563.</span> <span class='ocrx_word' id='word_1_827' title='bbox 4284 5231 4333 5286; x_wconf 86' lang='lat'>8.</span> 
     </span>
    </p>
   </div>
   <div class='ocr_carea' id='block_1_12' title="bbox 4313 6084 4696 6093">
    <p class='ocr_par' dir='ltr' id='par_1_27' title="bbox 4313 6084 4696 6093">
     <span class='ocr_line' id='line_1_117' title="bbox 4313 6084 4696 6093; baseline 0 32"><span class='ocrx_word' id='word_1_828' title='bbox 4313 6084 4696 6093; x_wconf 95' lang='lat' dir='ltr'> </span> 
     </span>
    </p>
   </div>
   <div class='ocr_carea' id='block_1_13' title="bbox 4779 5 4806 6094">
    <p class='ocr_par' dir='ltr' id='par_1_28' title="bbox 4779 5 4806 6094">
     <span class='ocr_line' id='line_1_118' title="bbox 4779 5 4806 6094; baseline 0 0"><span class='ocrx_word' id='word_1_829' title='bbox 4779 5 4806 6094; x_wconf 95' lang='lat' dir='ltr'> </span> 
     </span>
    </p>
   </div>
  </div>
 </body>
</html>
