4900 6125
609 382 732 448 351

2396 568 2566 635 rfrui

609 739 864 841 stacnlo
923 739 1087 807 mihi
1109 751 1209 841 §et
1261 739 1728 841 impedimento
1786 749 1963 821 sunt,
2024 741 2375 825 quominus
2431 653 2570 807 vota-i

609 827 1677 980 ffiufioemssoffiffififfi
1713 847 2048 979 ἶῖῗῗᾱω
2056 826 2284 980 Ἢὲἔ
2318 834 2569 979 83ζέἓῖ

609 570 808 637 nibus
883 588 1079 635 verae
1158 567 1586 635 iucunditatis
1660 567 2233 637 commoditatibus

610 651 1134 755 concederetur),
1188 653 1485 738 praefata
1542 662 1765 721 tamen
1822 653 2236 723 incommoda
2292 655 2307 669 '

608 996 934 1076 recordor,
984 995 1244 1081 quando
1302 997 1524 1065 valere
1587 1008 1668 1064 ut
1725 996 2031 1065 volumus
2086 1019 2218 1065 non
2276 997 2445 1079 licet,
2493 1005 2571 1063 ut

609 1084 871 1169 quimus
910 1084 1078 1149 vitae
1123 1082 1446 1150 rationem
1489 1104 1610 1151 nos
1651 1084 1998 1151 instituere
2042 1081 2295 1151 debere.
2331 1088 2382 1162 ¹)

782 1167 1136 1238 Caeterum
1169 1167 1328 1252 quid
1362 1169 1685 1252 superiori
1719 1191 1895 1237 anno
1928 1170 2104 1236 inter
2137 1192 2244 1236 me
2278 1177 2347 1236 et
2389 1168 2570 1236 theo-

609 1254 794 1341 logos
853 1266 1113 1322 nostros
1156 1270 1373 1321 actum
1429 1255 1534 1336 sit,
1578 1278 1663 1321 ex
1697 1254 1910 1321 literis
1952 1257 2117 1322 meis
2160 1254 2419 1322 abunde
2464 1276 2567 1321 sa-

611 1343 698 1409 tis
743 1344 1108 1426 percepisse
1153 1350 1220 1405 te
1261 1340 1534 1408 confido.
1624 1341 1753 1408 Ubi
1799 1342 1970 1408 inter
2012 1340 2143 1407 alia
2184 1352 2254 1407 et
2297 1342 2422 1408 hoc
2464 1342 2568 1406 in-

609 1435 861 1494 sertum
919 1434 984 1494 te
1035 1426 1371 1494 invenisse
1474 1435 1603 1506 uto,
1651 1428 1737 1494 D.
1783 1426 2120 1494 Brentium
2178 1425 2426 1510 aliquot
2483 1448 2570 1494 ex

612 1511 879 1580 Meri
957 1511 1144 1579 libris
1211 1512 1554 1597 collegisse
1621 1512 1799 1580 locos
1873 1512 2108 1596 quibus
2184 1511 2569 1597 ubiquitatis

610 1604 988 1684 portentum
1054 1598 1415 1684 adprobare
1480 1597 1732 1665 nititur.
1831 1598 2061 1684 Nuper
2126 1619 2303 1678 vero,
2368 1610 2446 1664 ιιι
2495 1598 2566 1663 in

612 1684 943 1752 sententia
997 1682 1111 1749 illa
1171 1695 1519 1763 asseveret,
1562 1684 1857 1751 libellum
1911 1684 2194 1750 latinum
2236 1683 2567 1766 conscrip-

611 1771 718 1849 sit,
740 1771 800 1849 ²)
834 1790 1023 1854 quem
1071 1778 1293 1837 tamen
1336 1768 1654 1836 hactenus
1695 1769 1915 1855 legere
1958 1791 2093 1836 non
2134 1768 2338 1835 licuit.
2428 1770 2566 1835 Ex-

614 1855 872 1942 emplar
914 1862 1132 1922 autem
1190 1855 1334 1921 heri
1379 1853 1799 1941 Stuttgardia
1839 1856 2004 1922 mihi
2051 1857 2275 1922 afferri
2318 1855 2565 1933 curavi,

613 1949 693 2008 ut
735 1941 858 2009 tibi
899 1950 966 2007 et
1009 1939 1269 2009 Calvino
1314 1949 1538 2007 nostro
1571 1943 2057 2008 communicare
2099 1962 2376 2025 possem.
2436 1939 2567 2007 Cui

612 2028 700 2095 D.
769 2026 1062 2113 Philippi
1139 2026 1639 2094 Melone-lathonis
1720 2037 1986 2094 sanctae
2058 2028 2410 2093 memoriae
2485 2023 2568 2092 de

613 2134 819 2181 coena
875 2111 956 2179 ad
1019 2111 1397 2180 Palatinum
1461 2111 1685 2179 Rheni
1753 2112 2064 2181 iudicium
2091 2115 2145 2192 ⁸)
2208 2113 2567 2198 adiungere

615 2197 814 2277 volui,
868 2219 1140 2284 sperans
1211 2197 1392 2265 haud
1449 2197 1643 2265 dubie
1707 2198 1791 2263 ad
1856 2199 2113 2265 futuras
2176 2197 2566 2264 Francofur·

612 2285 918 2351 densium
960 2283 1293 2351 nundinas
1348 2293 1642 2351 vestrum
1690 2305 1888 2369 super
1929 2285 2222 2369 utrisque
2254 2283 2569 2351 iudicium

613 2391 722 2437 me
778 2390 929 2438 acce
975 2380 1221 2437 turum.
1311 2368 1448 2436 Ore
1510 2378 1577 2436 et
1618 2372 1745 2438 scri
1795 2372 1879 2436 tis
1923 2370 2231 2437 Brentius
2264 2377 2566 2447 testatur,

610 2476 684 2524 se
742 2455 838 2524 ita
882 2477 929 2522 u
976 2456 1314 2539 iquitatem
1367 2457 1653 2541 corporis
1695 2456 1751 2522 C
1841 2457 1856 2472 ‘
1894 2455 1948 2521 ti
2000 2477 2293 2523 asserere
2346 2463 2423 2520 ut
2466 2462 2566 2521 ta·

610 2563 771 2609 men
810 2543 1075 2609 interim
1121 2564 1163 2608 n
1247 2562 1530 2626 usquam
1573 2542 1780 2625 ipsius
1812 2540 2230 2610 diffusionem
2273 2562 2390 2608 seu
2432 2538 2568 2606 dis·

610 2627 1005 2694 tractionem
1052 2562 1262 2693 ἰιιιοθὶῗί
1351 2637 1396 2692 ι.
1489 2631 1596 2693 An
1653 2637 1875 2694 autem
1921 2649 2158 2713 corpus
2193 2626 2568 2693 humanum

610 2714 843 2781 eodem
899 2721 1193 2814 tempore
1234 2735 1282 2778 ιι
1328 2713 1348 2777 i
1396 2734 1478 2779 ue
1521 2722 1587 2778 et
1631 2714 1702 2779 in
1745 2712 2050 2780 omnibus
2092 2713 2268 2794 locis,
2312 2715 2445 2779 imo
2481 2713 2567 2777 si-

609 2799 753 2867 mul
793 2801 865 2866 in
907 2806 1102 2867 terris
1145 2819 1221 2866 ac
1263 2819 1377 2866 coe
1401 2800 1461 2866 is
1501 2799 1645 2865 sine
1677 2798 2120 2877 distractione,
2164 2798 2568 2876 extensione,

611 2886 960 2953 diffusione
1009 2904 1152 2953 esse
1206 2896 1419 2984 queat,
1477 2892 1554 2951 ut
1596 2885 1859 2951 interim
1914 2886 2058 2952 veri
2100 2884 2391 2970 corporis
2424 2902 2566 2949 mo-

613 2972 772 3039 dum
818 2972 1118 3049 retineat,
1162 2970 1327 3036 m1hi
1372 2990 1458 3036 ex
1501 2990 1726 3037 sacrae
1768 2971 2134 3054 scripturae
2176 2969 2569 3036 testimoniis

659 3056 949 3125 rohabile
1004 3077 1137 3125 non
1185 3055 1462 3124 videtur.
1552 3054 1906 3141 Quumque
1959 3056 2028 3122 id
2092 3057 2115 3122 i
2197 3078 2310 3123 um
2366 3055 2569 3123 solius

612 3081 881 3210 {sitatis
914 3143 1004 3209 sit
1038 3142 1397 3228 proprium,
1433 3143 1830 3210 testantibus
1873 3150 2013 3208 tam
2047 3143 2323 3226 spu-itus
2357 3144 2570 3209 sancti

612 3229 899 3297 oraculis
930 3250 1128 3314 quam
1165 3227 1573 3295 orthodoxae
1614 3249 1690 3296 ac
1714 3228 1998 3312 purioris
2019 3228 2330 3296 ecclesiae
2365 3226 2569 3312 scrip-

612 3316 724 3469 itlils,
786 3316 1069 3401 ingenue
1076 3314 1358 3466 {zm
1371 3334 1477 3381 me
1515 3336 1637 3382 nec
1656 3314 1921 3414 ’mentis
1964 3313 2272 3467 necRfldssi
2314 3314 2569 3415 viribus

688 3421 877 3468 orum
955 3422 1072 3468 sen
1420 3420 1678 3485 assequi
1743 3420 1949 3485 posse.
2340 3420 2570 3467 nensis

612 3509 774 3554 vero
814 3487 1046 3554 Gallus
1083 3486 1214 3565 ille,
1237 3489 1294 3566 ⁸)
1348 3486 1524 3570 turpi
1574 3496 1804 3554 contra
1891 3421 2339 3572 raeceptoreffi
2376 3484 2569 3571 galli·

614 3573 786 3642 cinio
829 3594 949 3640 suo
993 3581 1306 3672 tanquam
1365 3592 1558 3640 sorex
1612 3593 1684 3640 se
1727 3593 1770 3657 p
1889 3593 2009 3639 ens
2051 3572 2408 3674 manifeste·
2438 3582 2569 3671 tes-

613 3679 1204 3844 sensu’msfhxuisse.
1274 3656 2573 3842 fnzffiqbipffiogmgsetmssffiffssffi

614 3845 759 3897 tum
819 3849 1041 3897 ammo
1087 3850 1230 3896 meo
1274 3830 1514 3897 vulnus
1556 3830 1865 3915 infligant
1909 3828 2279 3896 istiusmodi
2327 3828 2569 3894 facino-

611 3937 915 3983 rosorum
972 3916 1437 4002 sycophantica
1492 3917 1562 3981 in
1608 3916 1908 3982 homines
1951 3915 2198 4001 optime
2240 3915 2323 3982 de
2365 3913 2569 3982 eccle-

614 4005 717 4070 sia
777 4003 1048 4069 meritos
1102 4011 1479 4068 scommata.
1593 4001 1986 4082 Paucorum,
2045 4001 2349 4085 inprimis
2414 4021 2570 4068 vero

616 4089 918 4164 Laberi,
987 4087 1381 4153 testimoniis
1465 4087 1617 4153 fulti
1680 4099 1910 4155 contra
1967 4107 2197 4154 omnes
2275 4088 2571 4153 omnium

614 4188 986 4259 temporum
1011 4181 1273 4239 autores
1305 4193 1448 4239 sese
1470 4174 1943 4240 munitissimos
1975 4193 2122 4240 esse
2144 4173 2572 4241 arbitrantur.

616 4261 886 4327 Etenim
943 4280 1095 4327 cum
1154 4257 1239 4323 D.
1295 4257 1556 4327 Calvino
1593 4259 1936 4325 Luthmm
1993 4260 2324 4344 insignem
2383 4255 2573 4325 verbi

616 4345 823 4414 divini
871 4365 1256 4430 praeconem
1299 4357 1368 4411 et
1410 4345 1665 4413 Christi
1706 4344 2074 4429 apostolum
2110 4364 2414 4495 ffinosco,
2458 4363 2570 4410 ve-

615 4455 762 4498 rum
822 4453 956 4499 non
1016 4453 1092 4498 eo
1134 4451 1263 4514 quo
1307 4432 1413 4497 isti
1464 4445 1529 4497 et
1572 4430 2074 4497 Wismariensis
2121 4432 2132 4444 ⁸
2192 4451 2229 4495 e
2276 4428 2571 4496 Suades·-

614 4760 804 4817 8850.
828 4759 857 4812 1
928 4758 1138 4815 Terent.
1173 4758 1355 4815 Δηὼ·-
1394 4760 1513 4812 Aa.
1548 4755 1660 4812 IV.
1695 4770 1770 4812 se.
1803 4755 1856 4820 6,
1899 4755 1974 4809 10.

1044 4830 1054 4841 '
1249 4827 1319 4882 de
1351 4825 1562 4906 illoqm’
1591 4824 1940 4881 o'menwur:
1975 4822 2346 4894 Depereonali
2371 4825 2570 4877 unione

614 4898 845 4980 duarum
881 4907 1199 4978 naturarum
1233 4897 1292 4951 in
1325 4894 1563 4950 Christo.
1634 4894 1770 4975 [rub.
1815 4893 1960 4976 lbssl.
2011 4894 2060 4947 4.
2097 4892 2178 4947 vel
2210 4890 2278 4946 de
2309 4891 2433 4948 alo:
2484 4889 2570 4946 De

619 4966 1267 5158 33³1&
1276 4962 1652 5158 *asaf-{¹
1671 4960 2224 5155 ἪἽΜΕΪῩ
2351 5031 2489 5154 Μι
2453 4967 2572 5154 ⁰¹²⁸...

621 5171 688 5224 αι
725 5172 803 5225 iu.
915 5173 926 5184 ·
1003 5119 1433 5243 jiffu’oom.
1471 5116 1808 5225 frisam
1842 5115 2324 5224 οἶωῑωωοῗιῗιᾞ
2357 5168 2573 5225 moeto-

2120 378 2648 449 EPISTOLAE
2695 383 3116 447 3760-3‘151

4481 385 4582 452 3⁵2

2668 569 2877 637 stede*
2930 567 3144 650 modo,
3189 568 3303 654 qui
3318 576 3545 655 aperte
3566 567 4049 654 pronunciavit,
4095 586 4298 635 unam
4319 566 4587 637 eandem-

2669 676 2798 740 que
3081 654 3099 671 ‘
3154 662 3220 721 et
3262 653 3457 721 Pauli
3506 675 3649 723 esse
3692 653 4077 735 doctrinam,
4122 662 4457 737 utramque
4495 677 4587 722 ve·

2667 762 2812 808 ram
2865 752 2936 809 et
2997 738 3460 823 indubitatam,
3524 741 3619 809 sic
3683 747 3759 807 ut
3812 741 4136 808 alterutra
4186 738 4450 825 probata
4499 741 4591 807 vd

2669 834 2914 912 negata
2955 837 3234 911 utraque
3277 825 3474 893 simul
3505 824 3823 911 probetur
3866 832 3982 894 aut
4012 833 4319 911 negetur:
4396 823 4592 893 roinde

2668 913 2867 982 licere
2910 913 2982 978 in
3039 911 3463 997 adprobanda
3517 911 3740 997 aliqua
3781 910 4080 979 doctrina
4118 932 4162 978 a
4446 913 4459 926 '
4495 930 4593 977 su·

2667 1000 2934 1067 toritate
2982 1005 3374 1082 argumento
3431 999 3551 1065 uti.
3640 996 3810 1081 Quis
3859 1018 3993 1065 non
4049 1018 4200 1066 cum
4258 996 4593 1082 Augustino

2668 1085 2945 1154 istorum
2992 1104 3307 1152 vesanam
3358 1084 3738 1152 caecitatem
3798 1082 4206 1153 acclamaret.
4308 1081 4371 1149 Ο
4411 1080 4596 1150 detm-

2670 1171 2947 1239 tandum
3005 1190 3296 1237 errorem
3356 1170 3701 1238 hominum
3772 1169 3887 1254 qui
3950 1168 4275 1237 clarorum
4332 1169 4595 1235 virorum

2672 1254 2993 1342 quaedam
3035 1276 3172 1323 non
3213 1265 3390 1324 recte
3429 1257 3604 1324 facta
3636 1253 4056 1323 laudabiliter
4099 1272 4171 1322 se
4212 1253 4455 1321 imitari
4534 1275 4599 1319 u·

2671 1354 2821 1409 tant
2860 1363 2901 1408 a
2943 1361 3223 1427 quorum
3268 1342 3621 1410 virtutibus
3663 1340 3865 1408 alieni
3902 1341 4086 1409 sunt!
4133 1339 4241 1408 vel
4273 1338 4436 1407 illud

2669 1429 2809 1495 vini
2843 1428 3070 1508 nostri,
3114 1425 3289 1512 quod
3324 1428 3480 1496 huic
3523 1448 3657 1494 non
3704 1426 4020 1494 dissimile
4064 1434 4200 1494 est:
4245 1424 4306 1493 Ο
4334 1424 4600 1505 mae,

2669 1536 2913 1667 επ,
2932 1534 3176 1666 12:333
3205 1512 4363 1667 suavssumam
4204 1530 4603 1666 Μιτε

2671 1686 2903 1770 quisti!

2909 1779 3184 1838 uantum
3240 1792 3395 1838 vero
3450 1770 3535 1837 ad
3593 1792 3699 1837 me
3755 1777 4028 1855 spectat,
4071 1770 4240 1838 scias
4294 1768 4504 1837 adhuc
4542 1770 4605 1833 in

2668 1856 3261 1942 Detthmgensium
3317 1857 3590 1925 ecclesia
3644 1877 3751 1923 me
3803 1856 4214 1935 commorari,
4272 1863 4343 1921 et
4386 1855 4601 1940 princi-

2668 1944 2773 2028 pis
2808 1943 3021 2010 nostri
3062 1950 3341 2009 matrem
3377 1942 3794 2028 Niirthingae
3834 1942 4243 2010 habitantem
4255 1942 4315 2019 ⁶)
4358 1961 4463 2008 me
4502 1958 4607 2025 pro

2667 2038 2933 2113 pastore
2973 2037 3040 2095 et
3091 2029 3544 2096 concionatore
3586 2050 3706 2095 suo
3747 2029 4110 2095 etiamnum
4154 2026 4349 2095 hodie

2668 2134 2834 2182 cere.
2946 2115 3215 2180 Domini
3294 2115 3501 2181 nostri
3563 2112 3719 2181 Iesu
3783 2112 4037 2184 Christi
4092 2122 4285 2199 pater
4350 2113 4603 2197 spiritus

2668 2202 2881 2268 sancti
2928 2200 3030 2266 sui
3079 2201 3144 2266 vi
3185 2207 3258 2266 et
3298 2200 3588 2268 efficacia
3628 2200 3799 2266 faxit
3840 2209 3914 2265 ut
3956 2199 4029 2265 in
4072 2199 4338 2284 pietatis
4380 2197 4607 2265 verita·

2668 2287 2885 2371 tisque
2941 2284 3348 2353 confessione
3403 2286 3476 2351 in
3521 2287 3715 2352 finem
3771 2285 3946 2353 vitae
3988 2304 4198 2369 usque
4239 2290 4609 2352 constanter

2667 2392 3089 2456 perseverare
3130 2391 3465 2455 queamus.

2842 2457 3064 2542 Teque
3108 2465 3176 2523 et
3221 2454 3557 2523 Calvinum
3590 2465 3889 2524 nostrum
3931 2457 4175 2524 obnixe
4217 2464 4483 2542 rogatos
4514 2474 4612 2520 vo-

2668 2543 2911 2622 lumus,
2965 2552 3040 2609 ut
3092 2542 3397 2627 precihus
3452 2543 3693 2609 vestris
3742 2541 3923 2625 apud
3964 2541 4310 2609 Christum
4358 2562 4477 2608 nos
4515 2540 4609 2606 iu·

2668 2649 2832 2695 vare
2887 2632 3194 2714 pergatis,
3257 2627 3433 2712 quod
3486 2628 3777 2696 vicissim
3831 2649 3952 2712 pro
4008 2627 4192 2695 vobis
4234 2625 4515 2695 fideliter
4555 2635 4614 2690 et

2669 2735 2796 2782 nos
2836 2713 3127 2782 facturos
3179 2722 3522 2798 persancte
3576 2713 3979 2800 pollicemur.
4066 2714 4378 2799 Denique
4420 2734 4501 2779 ex
4540 2712 4615 2778 li·

2674 2801 2836 2866 teris
2886 2800 3054 2866 meis
3108 2799 3225 2866 tibi
3290 2808 3546 2867 constat
3596 2799 3848 2884 aliquot
3908 2798 4163 2867 Calvio&
4212 2798 4529 2884 opuscula
4580 2818 4614 2862 ι

2671 2905 2783 2951 me
2838 2886 2911 2951 in
2953 2885 3419 2954 Germanicam
3478 2884 3778 2971 linguam
3830 2906 3975 2953 esse
4016 2906 4359 2965 conversa,
4396 2903 4613 2952 verum

2672 2970 3047 3056 principum
3103 2969 3449 3039 interdicto
3505 2982 3770 3038 cautum
3830 2972 4181 3056 quominus
4226 2972 4414 3056 typis
4453 2990 4617 3038 com·

2673 3058 2986 3125 miserim.
3072 3057 3305 3142 Nuper
3337 3066 3559 3125 autem
3594 3056 4101 3144 Studtgardiam
4142 3056 4481 3144 profectus
4512 3075 4621 3143 per

2674 3145 3021 3229 epistolam
3075 3165 3118 3210 a
3181 3143 3462 3210 dominis
3514 3143 3907 3212 consiliariis
3947 3144 4410 3213 ecclesiasticis
4471 3141 4621 3228 paui

2675 3241 2755 3296 ut
2804 3229 3049 3297 librum
3103 3242 3334 3298 contra
3378 3230 3616 3296 Anaba
3662 3231 3850 3297 tistas
3906 3249 4172 3298 versum
4224 3230 4417 3313 prelo
4457 3248 4621 3298 cosn-

2676 3315 2983 3383 mittendi
3059 3323 3454 3401 potestatem
3610 3316 3624 3332 '
3680 3316 3696 3331 ⁶
3772 3314 4221 3383 concederent.
4357 3313 4621 3383 Nullum

2677 3401 2855 3469 aliud
2910 3421 3297 3486 responsum
3353 3402 3571 3486 accepi
3614 3402 3746 3469 nisi
3796 3402 4114 3487 principis
4156 3402 4477 3470 mandato
4517 3419 4624 3466 ne-

2759 3495 2905 3554 tum
2961 3508 3123 3568 esse,
3178 3488 3261 3555 ob
3314 3508 3547 3554 causas
3605 3507 3773 3572 quas
3829 3488 3855 3553 i
4014 3473 4342 3556 coniicere
4378 3506 4622 3573 queam.

2740 3572 3050 3640 oluerunt
3106 3581 3332 3658 aperte
3388 3572 3607 3640 dicere
3659 3574 3744 3641 ob
3925 3575 4163 3654 vinum,
4221 3577 4428 3658 que'm
4483 3570 4627 3640 Cin-

2673 3658 3008 3744 glianismi
3066 3667 3378 3726 accusant
3423 3667 3493 3726 et
3555 3660 3793 3745 quovis
3848 3659 4181 3726 haeretico
4236 3659 4430 3743 peius
4482 3656 4626 3725 ods-

2672 3754 2850 3812 runt.
2938 3743 3014 3812 si
3059 3745 3305 3830 Aesopi
3360 3743 3614 3811 fabulas
3672 3754 3786 3811 aut
3828 3744 4171 3812 vanissimi
4225 3766 4501 3813 scurrae
4542 3742 4627 3809 le-

2674 3831 2917 3898 vitates
2975 3829 3081 3897 vel
3148 3832 3491 3898 vertissem
3548 3830 3653 3897 vel
3701 3830 4251 3915 conscripsissem,
4312 3853 4437 3917 per
4492 3827 4629 3895 illos

2675 3916 2956 3984 liberum
3011 3916 3246 3983 fuisset
3290 3936 3404 3984 eas
3455 3913 3832 4000 publicandi
3888 3926 3956 3983 et
3998 3913 4412 4000 divulgandi.
4501 3911 4631 3983 Sed

2676 4021 2943 4068 causam
2996 4022 3259 4068 omnem
3312 4002 3639 4068 servatori
3681 4000 3953 4069 Christo
4001 4002 4416 4084 commendo,
4472 3997 4631 4068 nihil

2675 4088 3031 4165 haesitans,
3074 4090 3293 4171 ipsum
3340 4087 3524 4154 brevi
3565 4088 3863 4155 omnium
3905 4088 4297 4154 iniuriarum
4346 4099 4633 4155 atrocen

2676 4172 2957 4240 iudicem
3001 4173 3224 4239 affore.

2849 4257 3074 4341 Quare
3121 4257 3382 4325 Calvino
3437 4267 3664 4325 nostro
3709 4280 3842 4326 non
3884 4259 4190 4342 scribam,
4232 4278 4511 4327 cansam
4552 4277 4631 4322 ex

2686 4344 3009 4429 proximis
3050 4343 3263 4411 literis
3304 4345 3676 4429 percepisse
3720 4356 3785 4410 te
3827 4367 3868 4411 o
3912 4346 4079 4422 inor,
4123 4365 4456 4428 speroque
4498 4343 4635 4409 lits-

2677 4431 2964 4520 ristuis‚
3007 4431 3141 4496 iam
3186 4429 3724 4498 nundinishisce
3779 4367 4357 4510 mifliafferendis,
4404 4429 4635 4496 certio-

2677 4513 3624 4601 remmeforequidhacin
3713 4515 4439 4603 arteageredebeam.
4528 4513 4635 4581 In-

2676 4602 2859 4669 vitus
2912 4601 3089 4667 enim
3149 4608 3325 4669 certe
3381 4603 3500 4668 tibi
3557 4609 3626 4668 et
3666 4601 3763 4668 uli
3804 4601 4146 4670 literarum
4184 4621 4495 4669 mearum
4540 4601 4635 4665 in·

2677 4687 3262 4840 Zifissoem‘ssffiffi
3292 4687 4021 4854 wammam
4031 4696 4280 4859 “summm
4288 4693 4639 4839 22⁹3

2673 4861 2855 4924 mine
2895 4879 3095 4944 quam
3129 4860 3603 4927 officiosissime
3635 4859 3891 4927 salvere
3924 4861 4170 4927 iubeas.
4261 4858 4637 4925 Aeternum

2812 5028 4011 5115 ·5)Hendea08.doetorRodogienm
4142 5027 4637 5086 ‘albuvin-

2675 5097 3866 5239 Ἠῗὲἕιῑεηὶοῶςὼνωωω
4272 5107 4639 5168 parma-u

2778 5307 2791 5320 ·
2885 5234 4641 5318 6)Sap··aa.aaeiaeUb-u·eiveaaaa.15fflaanoeaun-
