4900 6125
607 385 743 450 423

611 570 764 637 neri
817 577 934 635 aut
985 567 1267 635 coerceri
1330 577 1661 652 poterunt,
1727 568 1782 633 si
1841 566 2034 633 modo
2093 567 2409 651 pecuniae
2463 565 2573 630 vel

615 654 943 739 stipendia
972 663 1423 756 numerentur.
1492 654 1697 720 Forte
1732 662 1925 739 urget
1964 653 2139 738 ipsos
2177 667 2371 754 suum
2407 650 2574 752 illud

615 737 2576 927 affigszflsssssgdmmssi.¹¹{.?⁰..²0.·2;..1;3†.2‡22213b33

613 911 839 980 Gallia
881 913 1000 979 fiat
1057 932 1401 997 scnpsens
1444 921 1563 979 aut
1604 933 1721 997 per
1764 911 1930 979 ahos
1973 911 2172 1010 scribi
2214 928 2575 1010 curaveris.

611 997 812 1064 Nunc
845 996 1150 1065 audimus
1173 998 1430 1084 Anglos
1463 998 1707 1065 milites
1741 998 2056 1064 festinare
2089 1018 2162 1062 m
2187 995 2497 1063 Galliam.
2516 998 2574 1074 ⁸)

611 1083 889 1151 Utinam
933 1082 1055 1151 hoc
1095 1105 1336 1152 verum
1388 1085 1477 1152 sit
1518 1102 1595 1151 ac
1641 1082 1986 1152 Condat-ais
2026 1089 2249 1168 partes
2291 1101 2576 1182 sequan-

609 1178 741 1236 tur.
830 1169 1098 1237 Literas
1141 1177 1291 1237 tuas
1333 1190 1562 1238 mense
1603 1170 1730 1237 hoc
1772 1170 2050 1255 scriptas
2094 1187 2465 1252 aooeplmus
2509 1174 2579 1233 et

611 1256 938 1356 maximas
993 1255 1110 1357 tibi
1161 1276 1286 1341 pro
1331 1256 1439 1323 his
1483 1256 1740 1343 agimus
1830 1256 2048 1355 ratias.
2129 1252 2414 1321 Prodest
2456 1273 2577 1319 nos

615 1361 747 1407 non
811 1350 1151 1427 1mper1tos
1216 1362 1360 1410 esse
1424 1363 1649 1409 rerum
1876 1361 2136 1420 carum,
2208 1348 2285 1405 ut
2349 1359 2576 1405 eorum

613 1428 941 1512 possimus
985 1427 1328 1528 contutare
1373 1428 1730 1508 mendacia,
1789 1429 1900 1512 qui
1945 1427 2303 1512 impensius
2347 1426 2578 1491 favent

613 1512 1703 1686 {Zbss‘affffinyfflfflae
1748 1509 2578 1700 {szffffiyffffl'sst

613 1705 762 1784 que·
783 1692 850 1750 et
890 1694 1294 1785 symmystas
1337 1708 1593 1786 omnes..
1653 1685 1982 1787 Dominus
2015 1683 2204 1785 Iesus
2247 1691 2579 1833 serveltIOt-te¹

613 1769 837 1941 ἓξὲξ..
858 1770 2352 1925 ὼὲ.ιὶἳ.ἒ“13ἲ“ῗ“.α.ἓ.ξ“ἓ.ἕῑέ.ἳι.ὲὲ”·

1747 2010 2178 2094 Bullingerus
2227 2017 2397 2074 tuus.

1493 2554 1692 2624 87⁹4.

1085 2707 1617 2776 ZERKIN'I'ES
1663 2707 2102 2777 CALVINO.

783 2878 2574 2966 Helvdiorumpamsinrobusaallieisoyendastmo-

604 2971 716 3047 tat,
761 2967 872 3034 sed
914 2972 1197 3049 respectu
1239 2965 1620 3050 reipublicae
1663 2986 1820 3034 suae
1862 2965 2085 3032 habito.

724 3138 836 3201 (Ex
873 3138 1213 3209 autographo
1248 3138 1382 3195 Ood.
1417 3139 1591 3195 Paris.
1626 3137 1824 3209 Dupuy
1866 3138 1984 3193 Vol.
2028 3136 2141 3203 102,
2179 3136 2272 3192 fol.
2307 3135 2459 3204 161.)

607 3312 673 3377 A
720 3329 876 3377 mon
921 3309 1231 3396 seigneur
1275 3324 1344 3376 et
1384 3310 1560 3376 frere
1601 3331 1686 3376 en
1730 3320 1957 3376 nostre
1991 3308 2327 3393 Seigneur
2360 3308 2573 3374 Iehan

828 3394 1065 3463 Calvin
1109 3396 1412 3464 ministre
1456 3395 1538 3462 de
1582 3394 1890 3480 l'Esglise
1936 3393 2016 3461 de
2063 3394 2355 3461 Geneve.

781 3567 1049 3635 Literas
1093 3580 1242 3635 tuas
1279 3570 1381 3633 25.
1406 3566 1657 3651 Aprilis
1691 3568 1744 3647 ¹)
1788 3566 1870 3633 ad
1916 3585 2023 3631 me
2067 3567 2348 3649 scriptas
2384 3564 2577 3632 hodie

605 3651 872 3719 tandem
935 3675 976 3719 a
1035 3661 1400 3720 mercatore
1464 3651 1748 3737 quodam
1803 3653 2093 3719 Zurzaco
2159 3672 2200 3717 a
2264 3651 2577 3718 nundinis

608 3736 926 3804 redeunte
972 3740 1212 3824 accepi.
1292 3739 1393 3805 Bo
1436 3740 1614 3804 enim
1659 3739 1843 3804 suere
1887 3737 2142 3804 delatae
2185 3735 2267 3802 ab
2311 3737 2424 3803 illo
2467 3737 2577 3804 cui

609 3823 903 3890 dederas.
977 3823 1391 3908 Respondeo‚
1435 3824 1603 3892 mihi
1639 3843 1897 3908 quoque
1931 3821 2139 3889 videri
2186 3844 2292 3890 res
2316 3822 2577 3890 Galliae

613 3910 901 3976 incertas
963 3931 1122 3977 esse.
1213 3911 1512 3995 Reginae
1576 3910 1918 3994 ingenium
1986 3907 2332 3976 serendum
2396 3921 2574 3993 puto.

614 3994 795 4078 Quid
852 3994 1030 4061 enim
1090 3998 1330 4063 faceret
1386 3995 1624 4062 mulier
1682 4016 1832 4062 cum
1889 4015 2093 4078 puero
2150 3996 2331 4080 regio
2375 3997 2578 4061 armis

612 4080 923 4148 obsessa?
985 4080 1344 4150 Guisianos
1378 4080 1605 4148 malim
1641 4081 1989 4165 desperare
2026 4090 2094 4148 et
2126 4081 2356 4167 fugere
2378 4102 2577 4166 quam

612 4167 860 4234 nostris
903 4166 1237 4234 resistere:
1298 4169 1393 4235 sic
1452 4168 1629 4234 enim
1673 4177 2054 4252 parceretur
2098 4168 2406 4253 sanguini
2452 4167 2577 4232 hu·

613 4274 811 4319 mano
872 4253 1061 4320 cuius
1119 4254 1399 4320 effusum
1459 4255 1589 4319 iam
1636 4255 1915 4319 nimium
1959 4262 2077 4321 est.
2165 4251 2302 4321 Sed
2346 4275 2578 4320 vereor

614 4362 700 4406 ne
759 4339 969 4406 nostri
1030 4339 1401 4408 cunctando
1457 4361 1577 4406 sua
1630 4340 1800 4406 mole
1855 4352 2075 4406 ruant.
2170 4338 2351 4423 Quid
2396 4341 2577 4406 enim

614 4425 945 4491 obstiterit
1000 4425 1296 4491 nondum
1353 4428 1658 4511 cognovi,
1715 4426 2065 4509 quominus
2119 4428 2298 4493 intra
2354 4425 2576 4511 proxi·

616 4531 797 4577 mum
845 4531 1138 4577 mensem
1184 4532 1224 4577 a
1268 4512 1399 4577 tuis
1455 4511 1664 4578 literis
1719 4533 1905 4579 suam
1963 4512 2416 4579 fortitudinem
2464 4534 2577 4579 ex-

618 4598 996 4663 seruerint·
1057 4596 1202 4665 Hoc
1269 4618 1399 4663 non
1467 4596 1608 4664 dico
1686 4597 2181 4682 exprobrandae
2247 4595 2580 4665 socordiae

827 4888 888 4957 3)
922 4886 1179 4957 Lemana
1214 4887 1263 4941 9.
1304 4888 1432 4943 Mas·
1461 4905 1523 4958 p·
1559 4888 1690 4943 204·-
1741 4888 1969 4945 Praeter
2014 4893 2251 4961 legatum
2291 4905 2452 4971 quem
2492 4890 2581 4943 hic

624 4956 830 5010 habent
865 4966 1186 5037 perpetuum
1224 4956 1408 5029 Angli,
1457 4973 1634 5027 nuper
1682 4958 1833 5011 venit
1885 4959 2023 5019 alius
2071 4960 2162 5029 qui
2209 4976 2238 5013 r
2380 4958 2581 5013 detulit

626 5030 805 5079 omnia
839 5025 1016 5079 officia
1051 5041 1085 5078 a
1111 5042 1209 5078 sua
1245 5026 1435 5097 regina
1471 5031 1528 5080 et
1563 5026 1790 5080 militem
1842 5027 1912 5080 ad
1956 5043 2256 5096 componen
2391 5026 2582 5080 turbas

626 5096 682 5145 in
720 5093 896 5147 Gallia
931 5102 1170 5147 exortas.
1230 5096 1319 5148 Ita
1353 5103 1535 5149 tamen
1572 5096 1828 5164 loquutus
1858 5104 1943 5148 est
1977 5097 2045 5151 de
2081 5097 2335 5151 Condaeo
2371 5102 2433 5148 ut
2472 5111 2579 5148 non

628 5228 929 5283 diouorem.

621 5294 814 5350 8⁷04.
843 5298 889 5363 1)
926 5298 1252 5366 deperditae.

629 5163 856 5215 obscure
904 5162 1222 5231 significarit
1269 5165 1505 5233 reginam
1545 5164 1774 5233 Angliae
1819 5164 1988 5232 ipsius
2025 5166 2276 5235 partibus
2322 5180 2441 5217 esse
2488 5163 2579 5216 ad·
2630 5236 2633 5247 Ι

2129 375 2662 444 EPISTOLAE
2709 378 3134 442 3793-3796

4496 382 4603 445 424

2679 585 2894 644 causa,
2938 567 3093 650 quia
3126 566 3292 632 sorte
3327 565 3665 650 hucusque
3700 567 3991 652 peditatu
4026 566 4207 633 fuere
4242 577 4342 646 (ut
4376 567 4609 645 scribis)

2679 650 3056 718 inferiores:
3144 650 3258 718 sed
3321 652 3525 717 miror
3588 653 3743 737 quid
3824 651 4188 739 peditatum
4267 665 4612 720 remoretur

2678 757 2884 822 quum
2942 738 3154 804 sciant
3197 758 3393 821 quam
3450 747 3607 804 sunt
3661 739 4052 824 praecipites
4094 739 4409 805 victoriae
4450 761 4609 806 occa-

2678 823 2898 889 siones
2917 874 2933 902 ,
3013 825 3397 909 praesertim
3465 826 3929 892 cunctantibus
3993 824 4347 891 Helvetiis.
4449 824 4611 907 Quos

2681 908 3000 975 hactenus
3055 908 3235 975 omni
3292 908 3621 975 industria
3670 931 3799 995 qua
3852 911 4188 995 potuimus
4232 908 4611 988 distinemus,

2677 1014 2765 1060 ne
2809 994 3150 1062 Guisianis
3194 994 3523 1062 accedant.
3610 996 3841 1080 Itaque
3899 996 4029 1062 nisi
4088 1017 4333 1097 magna
4377 997 4613 1062 obstent

2680 1088 3015 1148 momenta
3062 1080 3447 1147 tentandum
3502 1083 3672 1148 forte
3716 1082 3963 1168 aliquid
4009 1092 4162 1149 ante
4216 1081 4476 1148 illorum
4516 1082 4613 1147 ad-

2678 1179 2953 1233 ventum
3014 1175 3173 1232 erat.
3245 1167 3583 1233 Venturos
3646 1169 3820 1234 enim
3890 1188 4023 1234 non
4091 1168 4262 1234 amb'
4356 1219 4372 1249 ‚
4438 1169 4614 1233 etiam

2679 1254 2823 1319 sine
2880 1252 3221 1337 stipendio,
3282 1252 3473 1320 modo
3530 1254 3641 1336 qui
3698 1276 3768 1321 se
3828 1274 4174 1339 sponsores
4221 1253 4331 1320 hic
4387 1254 4616 1338 stipen-

2680 1337 2937 1405 diorum
2982 1340 3372 1422 profitentur
3424 1341 3818 1405 sententiam
3864 1361 3998 1405 non
4043 1349 4321 1416 mutent,
4382 1349 4449 1406 et
4500 1341 4618 1405 sive

2679 1426 2849 1491 serio
2893 1425 3037 1490 sive
3082 1425 3300 1491 fictive
3339 1423 3771 1507 polliceantur
3806 1424 4080 1492 Divioni
4124 1447 4268 1492 eme
4313 1424 4620 1510 stipendia

2679 1509 3030 1595 eroganda.
3109 1510 3491 1577 Transitum
3536 1511 3818 1576 arbitror
3861 1520 4122 1578 nostros
4166 1510 4294 1578 den
4604 1534 4617 1575 z

2680 1615 2834 1660 nam
2897 1616 2973 1661 eo
3034 1596 3355 1662 inclinant
3410 1598 3705 1662 omnium
3765 1617 3974 1681 paene
4039 1598 4417 1664 sententias.
4504 1595 4620 1662 Sed

2680 1681 2835 1765 quid
2883 1680 3072 1749 tum?
3147 1681 3595 1748 Nihilominus
3641 1682 3838 1748 aliam
3885 1686 4060 1750 viam
4106 1684 4454 1750 invenient
4498 1684 4621 1748 sine

2680 1787 2923 1852 magno
2968 1767 3244 1834 circuitu
3302 1769 3369 1832 in
3416 1766 3707 1833 Galliam
3766 1769 4189 1853 perveniendi
4247 1790 4363 1853 per
4407 1789 4623 1854 agrum

2680 1853 2967 1938 episcopi
3011 1852 3400 1919 Basiliensis
3444 1851 3942 1921 Solodorenses:
4002 1875 4119 1939 per
4162 1854 4622 1922 Basilicnsium

2681 1940 2921 2006 caeteri
2966 1960 3003 2003 e
3048 1939 3185 2004 suis
3229 1961 3274 2024 p
3365 1940 3419 2003 ‘s
3468 1938 3818 2019 Badenam,
3864 1941 4019 2008 inde
4062 1943 4135 2007 in
4350 1962 4415 2007 m
4460 1941 4622 2006 Rau·

2681 2044 3016 2090 raeensem
3055 2033 3119 2091 et
3155 2024 3315 2089 Basi
3348 2026 3589 2091 ‘ensem
3628 2026 3919 2108 profecti,
3966 2026 4141 2093 unde
4183 2029 4205 2091 i
4260 2027 4316 2092 is
4361 2028 4484 2092 iter
4525 2046 4625 2109 per

2679 2109 3141 2196 Burgundiam
3202 2112 3268 2175 in
3316 2109 3605 2177 Galliam
3666 2120 3865 2195 patet.
3952 2111 4032 2178 Id
4091 2113 4264 2196 quod
4312 2132 4433 2179 nos
4490 2132 4626 2196 pro-

2682 2196 2909 2263 hibere
2949 2216 3067 2262 uec
3126 2216 3475 2279 possumus
3527 2218 3649 2263 nec
3704 2197 3871 2263 sorte
3917 2198 4237 2266 volumus.
4311 2198 4540 2282 Itaque
4577 2199 4626 2262 si

2680 2283 2920 2348 timent
2981 2282 3188 2347 nostri
3255 2281 3612 2348 adventum
3682 2281 4141 2350 Helvetiorum
4207 2286 4353 2369 (qui
4420 2294 4627 2350 tamen

2680 2369 4018 2537 iss‘ssmffnss'ufflffiffioeffifflniffi
4020 2371 4297 2522 ⁶133?
4302 2379 4629 2541 {250⁰ss

2680 2539 2905 2606 decem
2951 2538 3111 2617 dies,
3158 2538 3285 2606 nisi
3327 2558 3433 2605 me
3475 2540 3699 2605 omnia
3742 2539 4000 2621 fallunt,
4055 2541 4210 2607 hinc
4254 2541 4537 2618 solvent,
4572 2549 4629 2606 ct

2679 2623 2976 2708 pluribus
3019 2625 3091 2690 in
3137 2623 3429 2691 Galliam
3475 2644 3610 2690 non
3653 2627 4061 2711 pervenient.
4134 2627 4280 2713 Ego
4325 2627 4627 2712 suspicor,

2679 2707 2899 2777 dedita
2942 2726 3144 2793 opera
3182 2717 3525 2777 veteranos
3545 2710 3724 2777 domi
3757 2733 3828 2778 se
3865 2714 4224 2791 continere,
4270 2725 4345 2779 ut
4380 2733 4451 2779 re
4473 2710 4628 2778 Gui-

2678 2797 2866 2862 siana
2920 2795 2994 2861 in
3053 2794 3277 2862 Gallia
3333 2797 3501 2861 forte
3557 2797 3662 2862 vel
3723 2799 4059 2883 superiore
4114 2797 4224 2866 vel
4282 2798 4627 2866 inclinante

2677 2881 2805 2965 ipsi
2840 2880 3088 2947 bellum
3110 2880 3622 2948 Olaronensium
3657 2885 3995 2952 occasione
4022 2884 4131 2952 hic
4166 2883 4623 2969 redintegrent.

2679 2986 2977 3050 novoque
3016 2967 3269 3052 impetu
3305 2965 3783 3035 Guisianorum
3826 2989 4055 3038 casum
4088 2970 4478 3047 sustineant,
4522 2979 4626 3034 aut

2682 3053 3021 3120 victoriam
3063 3052 3263 3139 (quod
3299 3053 3485 3120 Deus
3530 3061 3816 3134 avertat)
3861 3058 3915 3122 si
3960 3070 4239 3142 possunt
4280 3054 4625 3123 cumulent.

2681 3137 2870 3219 Quae
2913 3158 3110 3205 causa
3151 3138 3503 3207 cunctandi
3546 3139 3735 3208 nobis
3778 3143 3870 3208 sit
3912 3141 4244 3228 prioribus
4287 3142 4495 3209 literis
4538 3141 4627 3206 in·

2681 3222 2909 3291 dicavi.
2968 3222 3311 3292 Palatinus
3346 3244 3468 3291 nos
3503 3224 3585 3291 ad
3622 3224 4017 3313 legationem
4054 3228 4443 3295 mittendam
4488 3228 4625 3293 hor-

2681 3317 2857 3376 tatus
2900 3318 3018 3410 est,
3061 3331 3270 3410 ‘suam
3315 3319 3380 3375 et
3425 3310 3699 3377 aliorum
3744 3312 4123 3401 principum
4167 3312 4446 3380 eandem
4486 3334 4525 3379 o

2677 3394 3257 3581 W&
3268 3395 3750 3581 {sm-312⁶
3762 3399 4328 3553 mam
4352 3408 4441 3551 τ.
4483 3417 4625 3581 ...1:11

2678 3567 2910 3634 banter
2966 3588 3043 3634 ae
3100 3589 3156 3633 ει
3213 3567 3442 3653 ignota
3496 3580 3586 3636 sit
3634 3567 3978 3641 conam
4020 3592 4219 3640 causa
4262 3571 4623 3639 Germanis.

2680 3651 3157 3736 Iandtyravius
3214 3654 3391 3720 enim
3449 3674 3490 3718 a
3531 3652 3901 3740 Badimo
3957 3658 4172 3725 doceri
4233 3656 4442 3726 voluit
4496 3657 4623 3721 iure

2679 3758 2764 3804 an
2808 3738 3049 3804 iniuria
3082 3757 3268 3805 arma
3301 3741 3656 3823 sumpserit
3695 3740 4052 3811 Gmndmsis.
4077 3745 4135 3829 ²)
4201 3741 4277 3811 Si
4313 3744 4624 3826 principe·

2677 3824 3071 3909 legationem
3116 3827 3402 3905 mittent,
3449 3836 3673 3892 nostra
3711 3848 3965 3914 quoque
4001 3828 4421 3915 adiungetur,
4468 3842 4622 3912 puto.

2680 3908 2835 3988 Sed,
2874 3909 3041 3975 bone
3063 3910 3270 3989 Deus,
3308 3910 3464 3993 quid
3500 3912 3571 3977 in
3607 3910 3733 3978 hac
3770 3936 3842 3981 re
3876 3916 4014 4000 spei
4057 3914 4204 3983 est?
4276 3915 4623 3999 Legat-ione

2678 4017 2801 4062 nos
2859 3996 3207 4063 effecturos
3260 3995 3432 4081 quod
3488 4017 3689 4063 manu
3748 4012 4005 4067 armata
4063 4021 4195 4067 non
4257 3993 4619 4084 potuimus?

2681 4080 2833 4148 Scis
2897 4081 3059 4147 istas
3124 4082 3495 4164 paciscendi
3561 4082 3969 4153 conditiones
4048 4087 4434 4171 plerumque
4498 4102 4621 4150 esse

2681 4174 3012 4235 contortas
3055 4180 3121 4232 et
3176 4168 3496 4251 tantisper
3539 4167 3846 4252 prodesse
3892 4170 4050 4238 dum
4098 4172 4338 4238 adsunt
4382 4168 4619 4237 arbitri:

2682 4262 2912 4338 postea
2946 4252 3264 4318 rimarum
3310 4256 3534 4319 omnia
3566 4254 3782 4339 plena,
3832 4257 3997 4323 nihil
4033 4278 4231 4341 quam
4272 4268 4531 4324 ventum
4563 4268 4621 4318 et

2682 4336 2947 4423 turgida
2992 4336 3194 4404 verba
3235 4340 3379 4405 sine
3423 4352 3604 4406 metu
3648 4343 3920 4426 spirare,
3982 4342 4381 4427 haerereque
4423 4344 4489 4407 in
4530 4340 4620 4405 his

2682 4444 3073 4490 aranearum
3111 4424 3261 4490 telis
3299 4424 3557 4501 culices,
3599 4448 4025 4513 perrumpere
4062 4449 4339 4496 muscas.
4409 4428 4483 4494 si
4516 4444 4620 4511 pro

2682 4510 2890 4577 edicto
2957 4509 3254 4576 Ianuarii
3322 4520 3663 4594 tantopere
3728 4513 4179 4593 contenditur,
4248 4514 4457 4580 victor
4518 4513 4617 4575 vix

2683 4597 2967 4681 pretium
3032 4615 3270 4678 operae
3336 4612 3737 4681 assequetur.
3817 4599 4053 4700 Itaque
4108 4620 4489 4685 quocunque
4528 4616 4620 4693 rue

2684 4690 2939 4748 vertam
2985 4700 3168 4764 spem
3217 4703 3417 4748 unam
3463 4682 3699 4750 habeo:
3760 4685 4122 4752 Dominum
4182 4707 4303 4753 suo
4348 4705 4519 4752 more
4558 4704 4617 4745 m

2684 4768 2881 4834 rebus
2934 4765 3296 4850 desperatis
3353 4787 3540 4834 suam
3596 4783 4010 4837 exserturum
4072 4772 4395 4838 virtutem.
4466 4770 4615 4836 Nam

2683 4854 2978 4920 humana
3020 4863 3326 4936 spectans
3368 4855 3753 4939 perinfirma
3794 4856 3960 4923 mihi
4016 4866 4243 4924 nostra
4285 4858 4495 4923 omnia
4534 4856 4615 4919 vi·

2685 4939 2945 5005 dentur.
3019 4939 3282 5017 Veneti,
3317 4960 3506 5039 papa,
3543 4938 3910 5021 §abundus
3956 4944 4179 5009 omnia
4222 4943 4294 5009 in
4329 4964 4445 5010 nos
4481 4962 4615 5007 con-

2683 5025 2967 5109 spirant:
3016 5022 3098 5089 de
3141 5026 3653 5109 proximioribus
3698 5036 3899 5094 taceo.
3980 5028 4117 5096 Nos
4163 5027 4495 5096 discordiis
4534 5027 4611 5091 la·

2686 5110 2995 5177 boramus
3031 5112 3363 5189 extremis,
3411 5110 3732 5179 dissident
3775 5115 3947 5180 inter
3982 5136 4053 5181 se
4089 5116 4436 5199 principes,
4478 5114 4611 5179 eivi-

2889 5300 2944 5359 2)
2980 5297 3044 5351 N.
3080 5297 3232 5353 3784.
