4900 6125
571 319 706 384 243

1460 501 1665 573 4⁰78.

927 671 1621 742 MON'PMEIANUS
1655 678 1707 746 ¹)
1752 672 2192 741 OALVINO.

761 845 951 914 Verbi
1007 844 1296 910 mini-ster
1353 849 1408 909 et
1453 844 1798 911 Musarum
1853 846 2145 912 sacerdos
2205 842 2543 912 Calvinum

575 931 1051 1002 aditam
1102 934 1159 997 et
1212 930 1405 1014 liyato
1457 931 2544 1012 mamma-sumpto

573 1019 748 1088 davo
788 1036 1047 1086 msam
1102 1016 1344 1099 diriyat
1397 1017 1485 1083 ad
1535 1017 1959 1100 promovenda
2015 1017 2233 1083 studia
2275 1021 2333 1083 et
2371 1036 2541 1084 exeo-

578 1105 827 1173 lenam
869 1101 1126 1172 docendi
1165 1103 1488 1168 rationem.

892 1274 1007 1340 (Ex
1041 1271 1380 1342 autographo
1415 1271 1546 1328 Cod.
1580 1273 1785 1329 Genev.
1806 1272 1923 1340 109,
1958 1272 2052 1329 fol.
2090 1271 2237 1342 128.)

752 1444 817 1510 Δ
850 1442 1201 1509 Μοιιείοιιι·
1243 1451 1309 1509 et
1353 1450 1487 1511 tres
1527 1445 1776 1512 honore
1820 1464 1977 1529 pere
2010 1444 2353 1512 Monsieur
2389 1442 2543 1511 Oal-

577 1529 697 1596 vin
739 1529 1044 1595 ministre
1086 1527 1169 1595 de
1211 1528 1588 1616 l’Evangile
1990 1637 2032 1682 a
2076 1616 2372 1683 Genava·

575 1785 701 1852 Pio
745 1795 811 1852 et
854 1782 1228 1852 doctissimo
1272 1784 1530 1853 Christi
1588 1806 1783 1853 servo
1842 1788 2144 1872 patrique
2187 1786 2542 1854 observan-

797 1869 1067 1938 dissime
1109 1870 1195 1937 D.
1241 1869 1525 1939 Calvino
1561 1873 1642 1939 B.
1678 1873 2190 1941 Montmeianus.
2263 1871 2335 1940 S.

749 2041 923 2119 Scio,
946 2049 1136 2125 pater
1157 2040 1765 2123 observandissime,
1788 2065 1986 2129 qnam
2007 2045 2253 2131 ingrati
2277 2045 2549 2112 veniant

581 2128 694 2213 qui
733 2126 844 2194 vel
885 2136 1217 2194 momento
1260 2130 1576 2213 temporis
1619 2139 1771 2196 tuae
1824 2131 1899 2195 in
1941 2130 2219 2198 ecclesia
2261 2129 2550 2198 iuvanda

579 2213 916 2282 sedulitati
974 2233 1304 2280 remoram
1363 2215 1699 2296 iniioiunt,
1760 2214 1917 2282 dum
1977 2217 2293 2285 verbosae
2336 2217 2548 2300 scrip-

576 2299 776 2366 tionis
839 2298 1123 2366 lectione
1180 2308 1247 2365 te
1312 2301 1563 2366 flustra
1620 2299 1915 2368 deterere
1980 2311 2228 2388 cogunt
2283 2313 2417 2369 tem
2470 2324 2548 2369 us

576 2386 775 2471 longe
819 2383 1045 2452 utilius
1103 2385 1591 2453 insumendum.
1677 2387 1944 2471 Itaque,
2005 2398 2083 2454 ιιι
2137 2389 2356 2473 inquit
2417 2389 2431 2402 ”
2488 2408 2544 2468 e,

576 2471 650 2537 in
686 2470 947 2555 publica
979 2469 1321 2537 commoda
1342 2490 1623 2555 peccem,
1661 2475 1716 2539 si
1751 2472 1951 2557 longo
1986 2494 2292 2541 sermone
2326 2494 2548 2541 morer

580 2565 647 2623 te
690 2565 809 2623 etc.
855 2566 976 2624 etc.
1060 2558 1156 2622 At
1198 2558 1393 2638 enim,
1438 2565 1516 2624 ut
1557 2558 1722 2624 mihi
1762 2570 2172 2643 compertum
2216 2568 2317 2627 est
2357 2560 2547 2627 fasti·

579 2642 763 2709 dium
806 2640 976 2726 quod
1033 2642 1150 2710 tibi
1194 2645 1464 2728 pariunt
1506 2645 1901 2730 mataeologi
1953 2653 2022 2711 et
2073 2646 2284 2730 inepti
2337 2645 2546 2712 blate-

576 2749 791 2808 mnes,
838 2727 935 2796 sic
980 2727 1179 2812 plane
1211 2730 1544 2813 cognitam
1580 2739 1649 2796 et
1670 2739 2082 2814 perspectam
2116 2731 2327 2798 habeo
2363 2740 2549 2797 tuam

577 2814 765 2882 illam
809 2814 1312 2894 humanitatem,
1355 2835 1486 2900 qua
1527 2837 1635 2882 me
1678 2817 1886 2883 amice
1928 2826 1997 2883 et
2037 2817 2324 2903 benigne
2368 2813 2548 2883 haud

578 2901 673 2968 ita
713 2898 971 2986 pridem
1012 2901 1333 2985 excepisti
1375 2908 1444 2967 et
1484 2921 1615 2985 qua
1671 2923 1863 2986 spero
1917 2911 1984 2968 te
2039 2901 2165 2970 hoc
2218 2901 2547 2987 perlectu-

580 3007 732 3053 rum
775 2985 1180 3071 epistolium,
1237 2984 1415 3072 quod
1466 3009 1544 3054 eo
1600 2988 1824 3054 animo
1881 2989 2096 3055 scribo
2154 3009 2282 3073 quo
2339 2988 2548 3055 cliens

581 3080 968 3160 patronum,
1033 3072 1393 3157 discipulus
1456 3073 1896 3157 didasealum,
1959 3074 2138 3141 filius
2200 3082 2548 3159 paternam

583 3159 890 3227 canitiem
929 3167 1286 3226 veneratur
1328 3166 1397 3226 et
1438 3159 1613 3227 colit.
1684 3161 1783 3230 Ut
1824 3181 2099 3227 numero
2143 3160 2380 3241 dicam,
2422 3159 2549 3227 hoc

584 3265 794 3313 unum
859 3244 1041 3313 volui
1104 3266 1285 3312 nunc
1334 3266 1420 3312 ex
1477 3254 1543 3312 te
1604 3246 1743 3313 inte
1799 3246 1813 3261 ‘
1903 3269 1977 3312 re
2037 3247 2356 3313 nimirum
2417 3266 2552 3331 qua

586 3331 842 3399 ratione
905 3337 973 3397 et
1029 3332 1307 3417 privatis
1369 3331 1607 3399 studiis
1671 3332 1828 3398 theo
1855 3332 2060 3418 ogicis
2125 3340 2193 3398 et
2248 3331 2552 3417 publicae

586 3416 721 3484 mei
784 3417 1079 3484 muneris
1142 3417 1463 3484 functioni
1527 3417 1908 3485 incumbere
1972 3418 2264 3485 debeam.
2374 3418 2552 3485 Nam

587 3502 852 3570 tametsi
895 3523 980 3569 ex
1036 3504 1382 3587 scriptura,
1447 3525 1531 3570 ex
1596 3504 1731 3570 tuis
1795 3505 2071 3588 scriptis,
2136 3517 2204 3570 et
2262 3525 2348 3570 ex
2405 3502 2554 3569 aliis

637 3589 824 3657 risois
866 3607 944 3655 ao
997 3589 1472 3656 recentioribus
1536 3592 1980 3657 monumentis
2034 3609 2388 3674 excerpere
2448 3608 2552 3653 so-

586 3612 779 3755 feam,
824 3694 989 3758 quae
1024 3674 1109 3741 ad
1144 3676 1274 3741 mei
1315 3675 1537 3760 gregis
1570 3676 1941 3760 pastionem
1974 3676 2188 3744 facere
2222 3673 2553 3755 videntur,

800 3812 1047 3878 Qualiter
1076 3813 1134 3867 in
1168 3811 1421 3866 domibus
1454 3812 1642 3867 nidum
1678 3829 1819 3883 quse
1854 3813 2040 3867 condit
2073 3812 2323 3879 hirundo,

798 3881 1073 3950 Tectaque
1106 3881 1436 3935 transversis
1468 3881 1591 3951 figit
1621 3882 1856 3950 pensilia
1886 3883 2069 3952 tignis,

794 3951 906 4005 con
979 3950 1055 4003 rit
1088 3949 1217 4004 hino
1250 3949 1379 4004 inde
1414 3955 1474 4005 et
1506 3966 1718 4005 summo
1753 3951 1865 4005 fert
1898 3950 2099 4019 pabula
2133 3955 2316 4005 rostro

796 4019 962 4085 Queis
995 4018 1148 4073 fovet
1182 4018 1469 4088 implumes
1502 4024 1680 4085 natos,
1714 4019 1844 4075 dum
1879 4021 2116 4088 plurima
2148 4019 2352 4074 sensim

793 4087 1079 4143 Exoreseit
1111 4087 1298 4158 pluma
1331 4092 1391 4141 et
1424 4087 1704 4156 nigrentes
1739 4090 1983 4158 contegit
2018 4089 2159 4142 alas:

586 4214 694 4288 (ut
727 4208 868 4275 suis
901 4228 989 4291 qu
1075 4227 1157 4273 ue
1189 4205 1493 4273 versibus
1519 4206 1717 4273 Musa
1749 4215 1979 4275 nostra
2024 4208 2143 4274 tibi
2176 4208 2556 4291 obstrepere

589 4294 860 4378 audeat)
903 4294 973 4359 ni
1028 4292 1042 4306 ⁹
1073 4293 1338 4359 ominus
1377 4293 1451 4357 in
1487 4292 1856 4378 deligendis
1903 4293 2263 4374 autoribus,
2308 4293 2380 4358 in
2424 4302 2558 4359 sta-

588 4381 835 4447 tuendo
875 4377 1107 4446 ordine
1148 4385 1217 4444 et
1255 4378 1329 4444 in
1372 4379 1626 4444 ratione
1666 4378 1960 4459 docendi,
2004 4400 2266 4462 semper
2306 4378 2559 4445 frustra

587 4467 953 4552 plurimum
996 4462 1327 4532 desudabo
1379 4466 1511 4532 nisi
1566 4476 1639 4530 tu
1694 4465 2012 4551 (primum
2065 4465 2331 4533 coelesti
2383 4464 2557 4548 aspi-

591 4560 784 4620 rante
817 4552 1009 4634 aura)
1043 4571 1230 4617 mese
1265 4551 1428 4617 ratis
1461 4572 1729 4618 cursum
1751 4550 2049 4636 dirigens
2085 4550 2262 4618 illius
2295 4549 2559 4618 clavum

591 4650 839 4705 teneas.
909 4635 1117 4703 Tuam
1162 4657 1320 4722 ergo
1362 4657 1552 4720 opem
1596 4635 1757 4702 dum
1790 4635 2159 4720 praestolor
2199 4646 2267 4703 et
2308 4634 2559 4704 studio-

595 4725 854 4792 sissime
906 4730 1233 4806 exspecto,
1289 4743 1520 4806 precor
1562 4722 1942 4801 Dominum,
2003 4731 2081 4789 ut
2132 4724 2247 4805 qui
2297 4734 2366 4788 te
2419 4722 2561 4788 suis

594 4809 968 4878 lectissimis
1009 4809 1240 4892 opibus
1282 4808 1697 4893 opulentavit
1748 4806 1921 4875 idem
1965 4816 2034 4874 te
2079 4807 2444 4874 diutissime
2488 4808 2560 4872 in

599 5098 2278 5169 manner-oeviroalwinfflamemoeiaeproditum
2414 5099 2427 5112 '

1070 5168 1544 5225 iuGanainter
1595 5167 2285 5225 verbidium-omma·
2130 5167 2143 5181 ‘

599 5242 746 5293 tras·
778 5252 955 5307 usque
987 5241 1220 5293 aetatem
1252 5239 1440 5309 plures
1473 5239 1645 5294 huius
1677 5238 1922 5293 nominis
1958 5237 2332 5306 (Monume'ja).

2431 5183 2564 5225 „03-

2082 312 2612 383 EPIS'POLAE
2655 315 3087 378 4073—4074

4452 314 4553 378 2⁴4

2641 500 2909 567 illarum
2943 507 3125 568 recto
3161 522 3288 567 usu
3331 507 3596 567 tueatur
3628 508 3700 565 et
3740 508 4106 568 conservet.
4179 500 4401 565 Amen.
4458 498 4559 565 Se·

2640 587 2811 653 lutat
2866 594 2934 653 te
2989 586 3353 671 plurimum
3420 585 3668 670 tibique
3732 585 3904 651 bene
3970 595 4270 668 precatur
4330 583 4563 652 eecles'n

2642 673 2826 739 cuius
2869 692 3029 738 cura
3069 672 3236 738 mihi
3279 669 3676 738 demandata
3716 682 3835 737 est.

2815 756 3080 826 Calvidi
3094 760 3151 837 ²)
3197 761 3298 823 28.
3344 756 3645 823 Ianuarii
3688 755 3796 823 die
3843 760 4031 824 1564.

3393 893 3545 962 Tibi
3586 893 4222 978 obsequentissimus
4262 891 4428 958 filius

3592 980 3675 1047 Β.
3717 980 4235 1046 Montmeianus.

3540 1525 3739 1597 4⁰74.

2702 1680 3059 1749 OALVIN
3100 1684 3164 1748 A
3208 1682 3336 1747 LA
3380 1679 3881 1750 DUOHESSE
3928 1681 4056 1748 DE
4100 1679 4549 1747 FERRABB.

2820 1852 2969 1920 Eue
3010 1852 3214 1919 ε’ἑίαιϊ
3246 1851 3492 1934 plainte
3533 1853 3610 1918 de
3652 1853 3722 1920 la
3762 1853 4043 1919 muniere
4083 1852 4231 1918 donat
4268 1854 4365 1919 les
4402 1853 4587 1917 atinus-

2647 1945 2775 2006 tres
2815 1939 3065 2005 avaient
3100 1939 3289 2022 parte
3329 1939 3407 2004 de
3451 1958 3567 2004 son
3596 1938 3844 2022 qmdre.
3907 1938 4131 2004 Calvia
4161 1938 4257 2004 les
4303 1957 4511 2005 muse
4544 1943 4587 2001 d

2646 2025 2989 2108 s’eoeplique
3048 2024 3530 2091 tres-neaeman&
3584 2044 3702 2089 sur
3742 2024 3799 2090 le
3842 2024 3966 2091 duc
4021 2024 4098 2089 de
4143 2025 4354 2091 Guise
4406 2029 4461 2087 d
4494 2042 4589 2088 un

2647 2110 2704 2176 le
2755 2112 2856 2177 roi
2910 2111 2988 2176 de
3032 2110 3351 2188 Navarre,
3410 2114 3467 2176 et
3507 2129 3726 2192 exposa
3781 2110 3872 2176 les
3924 2110 4251 2193 principes
4319 2108 4589 2175 dreia-

2646 2196 2898 2279 relabifs
2940 2216 3074 2263 aux
3116 2196 3474 2262 sentiment-9
3513 2196 3638 2262 dus
3679 2216 3816 2261 aux
3856 2195 4136 2261 emensis
4176 2195 4253 2261 de
4300 2195 4371 2261 la
4410 2194 4589 2260 viv-iti.

2651 2367 2876 2437 (Oopies
2924 2367 3064 2421 sim.
3101 2367 3171 2422 (ιο
3207 2364 3429 2421 eoum
3466 2367 3593 2421 v01.
3630 2365 3731 2419 10²2
3782 2367 3876 2420 roi.
3917 2365 4035 2430 ιιι,
4072 2367 4199 2420 v01.
4240 2366 4393 2430 ιι5..
4427 2366 4507 2420 σοι
4526 2362 4591 2417 ιι.

2653 2436 2830 2491 semo
2883 2435 2947 2491 F.
3001 2434 3119 2490 1⁷8.
3208 2434 3426 2490 euehat
3476 2435 3596 2490 vn.
3648 2406 3767 2490 ιοέ
3858 2435 4106 2502 omme,
4160 2435 4357 2491 osma.
4414 2434 4480 2489 u.
4523 2429 4591 2486 σι.

3012 2505 3230 2560 sumet
3270 2503 3339 2559 ιι
3374 2503 3496 2560 55ο.
3566 2503 3736 2562 Tne.
3782 2505 3926 2575 angl.
3964 2504 4067 2560 ιν.
4102 2503 4251 2570 352.)

2824 2675 3162 2755 Madame,
3243 2675 3375 2760 i’ay
3451 2672 3744 2742 entendu
3820 2696 3944 2759 par
4021 2684 4244 2741 vostre
4317 2675 4595 2741 derniere

2650 2762 2819 2828 letre
2861 2782 2989 2846 que
3032 2759 3255 2845 quand
3301 2782 3462 2828 vous
3504 2761 3692 2827 aviez
3731 2761 3978 2828 mande
4020 2761 4375 2828 sumite
4418 2757 4597 2826 Fra·-

2650 2848 2810 2915 eisoo
2851 2847 2990 2931 quil
3030 2847 3232 2913 seroit
3275 2847 3403 2915 bon
3448 2869 3575 2931 que
3630 2846 4042 2914 iexhortasse
4083 2868 4126 2913 a
4167 2847 4433 2915 charite
4468 2867 4595 2915 eeu·

2651 2933 2765 3017 qui
2823 2934 2967 3000 font
3008 2933 3374 3017 profession
3418 2931 3637 2999 destre
3682 2932 4072 3000 Chrestiens
4088 2984 4105 3012 ,
4160 2932 4311 3001 cela
4354 2954 4429 3002 se
4468 2953 4593 3015 rap·-

2648 3019 2900 3105 portoit
2975 3040 3017 3086 a
3088 3018 3406 3104 quelques
3468 3019 3804 3087 ministres
3819 3071 3838 3101 ,
3915 3019 4167 3104 lequels
4227 3040 4404 3088 vous
4462 3037 4595 3085 sves

2651 3116 2885 3174 trouve
2929 3126 3058 3190 peu
3100 3105 3496 3173 charitables
3538 3126 3580 3171 a
3615 3114 3835 3172 vostre
3877 3107 4236 3192 ingement.
4319 3106 4421 3174 Oe
4460 3125 4595 3190 psu-

2655 3191 2818 3258 dant
2868 3192 2933 3258 ie
2984 3193 3133 3275 puis
3182 3191 3513 3258 recueillir
3569 3211 3696 3275 que
3749 3200 3890 3259 cest
3941 3212 4026 3257 au
4082 3191 4329 3276 regard
4391 3190 4471 3257 de
4510 3191 4593 3255 &a

2652 3277 3000 3345 Monsieur
3054 3276 3118 3343 le
3174 3276 3302 3344 duc
3355 3277 3433 3344 de
3480 3276 3711 3356 Guise,
3775 3286 4015 3344 entant
4068 3277 4243 3361 quils
4304 3287 4434 3344 ont
4484 3288 4597 3343 estu

2653 3371 2804 3449 trop
2862 3384 3088 3447 aspres
3146 3384 3188 3429 a
3244 3364 3307 3430 le
3349 3361 3771 3430 condamnet.
3803 3369 3852 3440 ¹)
3940 3362 4074 3443 Or,
4117 3362 4467 3442 Madame,
4506 3359 4595 3425 de·

2655 3457 2819 3516 vant
2860 3458 3174 3533 quentrer
3214 3449 3365 3533 plus
3407 3458 3614 3516 avant
3653 3470 3738 3515 en
3782 3449 4090 3529 matiere,
4155 3448 4221 3514 ie
4265 3469 4442 3516 vous
4480 3446 4597 3532 pris

2651 3556 2738 3602 au
2780 3555 2939 3602 nom
2982 3533 3065 3601 de
3087 3535 3267 3602 Dieu
3311 3532 3392 3601 de
3436 3535 3588 3601 bien
3630 3556 3872 3618 penser
3913 3536 4091 3602 aussi
4124 3555 4253 3619 que
4289 3534 4379 3601 de
4401 3542 4595 3603 vostre

2652 3630 2832 3687 coste
2888 3621 2938 3686 il
2997 3628 3101 3688 est
3155 3622 3375 3705 requis
3432 3619 3523 3705 dy
3581 3620 3757 3687 tenir
3799 3641 4076 3687 mesure.
4166 3619 4306 3687 Gar
4352 3621 4403 3686 il
4444 3640 4531 3704 ny
4568 3638 4599 3681 s

2653 3706 2872 3791 celluy
2929 3707 3041 3790 qui
3099 3708 3378 3773 nestime
3432 3706 3570 3790 quil
3624 3728 3672 3791 y
3714 3727 3756 3772 a
3808 3726 3891 3772 eu
3936 3705 4029 3772 du
4070 3714 4240 3791 trop.
4332 3707 4430 3772 Et
4468 3724 4597 3771 sans

2653 3814 2761 3858 me
2827 3794 3003 3857 tenir
3065 3812 3151 3858 au
3217 3812 3337 3877 rap
3425 3802 3491 3857 rt
3553 3790 3866 3877 daultruy
3884 3843 3900 3872 ,
3968 3793 4082 3876 iay
4146 3812 4481 3876 apperceu
4528 3809 4597 3855 eu

2653 3886 2878 3945 vostre
2920 3877 3116 3944 lettre
3158 3899 3286 3962 que
3409 3878 3671 3945 ffeotion
3712 3898 3880 3944 vous
3914 3878 4073 3945 faict
4106 3878 4373 3944 oublier
4404 3899 4479 3945 ee
4506 3876 4597 3959 qui

2863 4133 2927 4202 2)
2962 4133 3235 4190 Fortasse
3302 4134 3535 4190 Calnidi.
3621 4133 3763 4188 Dum
3829 4135 4195 4203 enaiim
4278 4133 4349 4189 dc
4417 4130 4598 4209 oni&

2659 4203 2899 4275 (Πισαίαν
2940 4203 3007 4258 in
3042 4203 3361 4285 §mania
3392 4202 3644 4269 (Ain-e).
3716 4202 3999 4259 Neutrum
4040 4218 4241 4259 m
4274 4203 4439 4273 apud
4470 4206 4593 4257 d-

2661 4342 2963 4466 &aa
2976 4314 3251 4466 τάξω
3293 4341 3573 4464 ”vm
3582 4338 3797 4463 ‘m
3827 4339 4105 4465 {m
4118 4340 4413 4465 w
4304 4336 4599 4465 14„ss

2656 4479 3161 4535 Pammenem
3307 4479 3321 4495 ⁹
3409 4477 4595 4549 ἅσπεαηᾶαἰαιεςκόκὰιτωιιᾶῦαιμυὰ

2659 4550 2697 4604 ὰ
2735 4548 2980 4604 Γαπιίταῑ
3024 4564 3104 4604 αα
3149 4548 3296 4617 cuja
3335 4548 3403 4603 de
3446 4548 3803 4604 Passassinat
3846 4547 3928 4602 du
3970 4548 4093 4615 obe(
4134 4546 4595 4615 deletus-sst-

2663 4617 2827 4673 Nous
2860 4633 3037 4673 avons
3080 4617 3185 4672 οιέέ
3217 4620 3356 4687 plus
3397 4617 3539 4672 tumet
3582 4618 3874 4687 plusieurs
3918 4618 4155 4673 earam
4188 4617 4288 4673 des
4336 4619 4511 4673 latr-
4540 4613 4597 4691 ἃς

2661 4687 2921 4756 Lau-yut
2953 4702 3057 4742 sur
3089 4691 3222 4741 cette
3254 4687 3455 4754 affaire
3489 4687 3595 4751 (N.
3632 4685 3788 4741 4038.
3826 4686 3982 4742 4052.
4016 4685 4205 4753 405⁷).
4265 4686 4319 4741 V
4456 4698 4597 4739 aa·

2660 4756 2718 4811 la
2752 4758 2904 4811 lettre
2936 4756 3005 4811 de
3038 4755 3475 4812 Pambmadeur
3507 4754 3838 4824 d'Espayne
3870 4754 4153 4811 domme.
4173 4756 4322 4811 dans
4450 4752 4595 4809 ui·-

2662 4825 2731 4880 ἀι
2769 4823 2950 4882 Condi
2983 4826 3033 4881 11
3088 4823 3221 4878 182:
3289 4825 3425 4880 Mu.
3477 4824 3547 4879 de
3594 4825 3779 4895 Guyse
3823 4825 4221 4894 pourehassent
4264 4824 4595 4948 leur?

2662 4900 2787 4949 tant
2829 4894 2991 4965 qn'ils
3025 4899 3267 4965 penvent
3311 4902 3370 4948 et
3403 4895 3524 4948 leur
3556 4895 3833 4949 contraire
3867 4894 3922 4947 ls
3956 4895 4145 4964 fnyent
4179 4902 4305 4949 tunt
4492 4893 4597 4946 lea>

2664 4971 2751 5018 est
2791 4965 3051 5032 possible.
3122 4962 3256 5018 L'on
3305 4962 3583 5018 vouldroit
3624 4963 3754 5017 bien
3798 4969 4022 5017 trouver
4056 4964 4273 5018 chemin
4306 4912 4591 5033 (θαρρῶσ-

2663 5038 2874 5087 tement
2908 5039 3066 5087 entre
3102 5033 3242 5097 eulx,
3278 5032 3417 5087 mais
3453 5032 3533 5085 les
3566 5048 3794 5103 moyens
3828 5047 3896 5086 en
3931 5040 4059 5086 sont
4092 5033 4221 5086 bien
4258 5032 4509 5089 difficile.
4544 5036 4593 5079 Β

2550 5138 2563 5152 .
2665 5107 2753 5155 est
2785 5099 3103 5171 impossible
3123 5099 3249 5170 qu’a
3281 5102 3337 5156 la
3360 5101 3561 5169 longus
3594 5117 3725 5172 cecy
3744 5117 3814 5154 ne
3836 5116 3998 5155 ereve
4013 5118 4118 5170 par
4134 5102 4371 5172 quelque
4391 5096 4591 5155 eon-d-

2666 5176 2727 5224 et
2760 5186 2866 5240 que
2900 5171 2983 5224 les
3016 5186 3154 5240 unge
3186 5186 3329 5239 pour
3361 5169 3682 5236 s’esseurer,
3716 5186 3788 5224 ou
3822 5170 3905 5224 les
3938 5178 4124 5225 autres
4158 5186 4381 5241 pour-e
4408 5178 4591 5235 nug«

2667 5238 2979 5311 n’essayent
3011 5239 3248 5309 quelque
3282 5238 3461 5293 chose.
