4900 6125
321 425 424 488 577

317 611 583 678 monetae
636 603 1018 672 hominibus
1074 604 1368 690 polliceri
1421 605 1723 684 debeant,
1783 609 1851 672 et
1904 603 2231 689 quomodo

318 698 573 780 ipsorum
635 689 846 756 literis
903 690 1211 776 deinceps
1282 691 1572 760 credant.
1682 690 2122 758 Mammas
2145 695 2231 771 ¹⁰)

316 785 511 865 aperte
550 775 708 843 dicit
748 775 990 860 (habeo
1031 777 1259 844 literas
1302 798 1505 845 manu
1557 777 1767 862 ipsius
1807 776 2078 861 propria
2119 776 2233 842 de-

313 860 619 949 scriptas):
709 860 862 943 Qui,
903 862 1138 948 inquit,
1184 863 1340 930 dicit
1382 870 1638 947 patrem
1680 863 1896 928 filium
1940 868 2007 928 et
2040 862 2234 947 spiri-

314 959 435 1017 tum
472 955 769 1015 sanctum
812 969 956 1015 esse
998 969 1205 1015 unum
1228 950 1465 1031 Deum,
1512 949 1621 1017 hic
1664 947 2031 1016 doctrinam
2066 956 2236 1014 sata-

312 1036 500 1104 nicam
555 1032 773 1101 habet.
862 1031 925 1101 Ο
968 1055 1199 1102 vocem
1242 1056 1327 1101 ex
1370 1055 1629 1102 summa
1671 1034 2037 1101 temeritate
2079 1054 2234 1119 pro-

310 1122 537 1201 fectam,
578 1140 729 1186 eum
776 1121 922 1204 pari
961 1120 1339 1206 ignorantia
1359 1122 1794 1188 coniunctam.
1861 1119 1997 1186 Fac
2026 1140 2233 1203 spem,

310 1208 527 1292 optime
575 1205 774 1286 Treui,
837 1204 972 1273 illis
1013 1207 1176 1274 viris
1233 1206 1407 1292 quod
1450 1206 1729 1273 Polonia
1768 1204 1916 1270 Deo
1970 1204 2234 1272 volente

310 1289 729 1359 recordabitur
768 1291 1098 1359 societatis
1142 1313 1340 1376 quam
1380 1293 1534 1358 iniit
1578 1313 1730 1359 cum
1770 1290 1907 1358 illis
1926 1290 2233 1359 ecclesiis.

310 1376 486 1445 Modo
525 1375 652 1460 ipsi
694 1376 975 1461 amplius
1000 1377 1367 1444 Dismanini
1409 1386 1477 1445 et
1518 1378 1795 1443 aliorum
1838 1376 2011 1443 hanc
2052 1396 2235 1476 syco-

309 1463 640 1548 phantiam,
683 1483 812 1546 qua
853 1461 1242 1530 mirabiliter
1283 1471 1353 1531 et
1394 1464 1503 1530 hic
1545 1471 1613 1530 et
1656 1462 1818 1529 alias
1858 1462 2234 1528 hominibus

311 1548 661 1632 imponitur,
726 1569 863 1614 non
926 1550 1195 1616 foveant
1251 1570 1371 1616 sua
1429 1548 1870 1616 conniventia.
1960 1547 2235 1615 Oertum

308 1643 395 1701 est
441 1633 607 1717 quod
648 1633 927 1701 Polonia
980 1635 1191 1702 maior
1247 1636 1583 1703 nobiscum
1627 1641 1747 1712 est,
1812 1633 2122 1700 ecclesiae
2164 1633 2234 1698 in

308 1718 521 1786 ducatu
561 1719 982 1788 Zathoriensi
1032 1729 1102 1786 et
1145 1720 1644 1799 Osviecimensi,
1696 1719 1857 1784 item
1902 1720 1974 1785 in
2019 1726 2234 1786 tractu

304 1804 673 1871 Lublinensi
717 1804 1226 1891 Chelmensique
1282 1812 1559 1891 excepto
1605 1805 1907 1872 Paclesio.
1926 1807 2019 1880 ²⁰)
2104 1803 2237 1871 Hic

304 1891 483 1956 etiam
523 1891 592 1955 in
636 1890 880 1958 vicinia
902 1891 1259 1960 Oracoviae
1300 1912 1530 1959 omnes
1571 1891 1860 1957 ministri
1896 1888 2236 1957 nobiscum

304 1983 458 2055 sunt,
501 1976 793 2060 exceptis
834 1977 969 2044 illis
1011 1998 1175 2062 quos
1216 1977 1575 2045 nominavi.

455 2061 648 2128 Felix
695 2059 994 2148 Grueiyer
1046 2063 1178 2144 ille,
1245 2071 1321 2130 ut
1377 2063 1717 2129 hominem
1771 2062 1966 2140 nosti,
2021 2061 2233 2128 nescit

304 2167 417 2230 quo
451 2147 685 2232 pedem
727 2156 962 2215 vertat.
1072 2148 1262 2215 Inter
1327 2156 1667 2216 nent-,rates
1731 2148 1958 2234 reponi
2019 2152 2237 2231 potest

338 2253 1163 2387 Yssfflffl‘ffiff
1191 2243 1423 2388 ..3²23ss
1444 2234 1634 2387 ...¹3⁶³
1664 2233 1822 2387 332⁰.
1868 2233 2236 2402 {lgm

298 2402 603 2470 fautorem
686 2403 1002 2472 deberent
1078 2405 1336 2473 habere.
1441 2405 1707 2472 Scimus
1784 2402 2049 2488 quidem
2125 2423 2236 2469 eos

294 2489 559 2556 mentiri.
627 2489 857 2574 Neque
906 2490 1083 2557 enim
1118 2497 1635 2558 consentaneum
1677 2490 1941 2558 videtur
1972 2495 2236 2556 tantum

295 2571 609 2642 hominem
690 2578 1077 2659 praesertim
1142 2578 1215 2642 in
1281 2577 1407 2644 hac
1471 2577 1704 2643 ultima
1768 2597 1889 2643 sua
1952 2581 2233 2654 senecta,

294 2657 727 2728 huiuscemodi
771 2661 1020 2730 deliriis
1061 2664 1582 2731 contaminatum
1620 2682 1785 2729 esse.
1861 2663 2116 2728 Tamen
2150 2659 2235 2725 ad

292 2746 723 2814 convincenda
760 2768 986 2814 eorum
1027 2747 1368 2815 mendacia
1409 2768 1573 2817 cura
1603 2754 1682 2813 ut
1714 2747 1797 2814 ab
1829 2769 1908 2814 eo
1941 2747 2236 2814 obtineas

292 2832 825 2913 expostulatorias
868 2833 954 2900 ad
972 2834 1457 2912 Lismaninum,
1501 2843 1578 2900 ut
1623 2832 1890 2900 tandem
1931 2831 2238 2898 desinant

293 2914 421 2982 eius
471 2919 1000 2987 aestimationem
1053 2920 1128 2985 in
1186 2921 1268 2986 iis
1324 2919 1705 3005 regionibus
1764 2918 2033 2985 violare.
2123 2915 2235 2983 Ad

290 3020 473 3085 quam
512 3023 662 3071 rem
713 3011 901 3072 utere
955 3025 1157 3089 opera
1195 3006 1284 3072 D.
1335 3006 1514 3073 Pem’
1555 3003 1891 3090 Μανιμνίε,
1958 3002 2064 3071 cui
2105 3024 2232 3083 me,

291 3087 556 3172 obsecro,
642 3091 1061 3158 commendes
1123 3092 1344 3159 velim.
1454 3091 1815 3158 Hominem
1878 3111 2013 3157 non
2056 3089 2233 3170 novi,

288 3170 393 3238 sed
431 3195 638 3260 quum
680 3177 823 3243 eius
870 3186 1299 3245 monumenta
1354 3177 1640 3258 revolvo,
1707 3183 1982 3261 apparet
2021 3174 2234 3242 homi-

288 3278 428 3355 uem
481 3280 628 3328 esse
683 3262 887 3328 talem
942 3265 1057 3347 qui
1114 3282 1268 3328 eum
1324 3264 1561 3348 quovis
1616 3284 1701 3329 ex
1758 3260 2235 3346 antiquioribus

287 3342 406 3411 lllis
446 3347 613 3415 viris
657 3349 941 3415 conferri
983 3347 1235 3415 debeat.

445 3432 717 3500 Literas
770 3442 839 3500 et
890 3433 1235 3501 historiam
1294 3442 1594 3502 actorum
1636 3431 2038 3499 Blandratae
2078 3430 2234 3499 hao-

288 3520 466 3584 tenus
531 3541 658 3586 nec
724 3540 765 3585 a
826 3519 1139 3586 Palatino
1222 3520 1509 3587 Vilnemi
1570 3540 1695 3585 nec
1759 3539 1799 3584 a
1860 3517 2236 3585 Limanino

286 3598 564 3670 obtinere
607 3605 964 3689 potuimus.
1028 3604 1371 3672 Habemus
1404 3603 1671 3689 quidem
1705 3602 1824 3670 illa
1866 3624 2034 3688 quae
2069 3602 2236 3669 mihi

286 3682 589 3757 Pataviae
652 3689 947 3769 dederas,
1013 3689 1130 3756 sed
1194 3691 1352 3774 quia
1412 3698 1570 3756 sunt
1608 3690 1853 3774 absque
1908 3690 1963 3756 si
2015 3689 2029 3703 ⁶
2085 3709 2124 3754 o
2167 3696 2237 3754 et

284 3772 758 3860 subscriptione
800 3776 881 3842 ab
924 3775 1057 3842 illis
1100 3776 1289 3842 facile
1331 3782 1866 3841 contemnuntur.
2012 3772 2235 3841 bsecro

284 3855 478 3940 igitur
518 3869 607 3941 te,
677 3861 734 3927 si
777 3861 994 3928 adhuc
1036 3861 1186 3929 istic
1228 3881 1318 3942 es,
1363 3862 1421 3926 si
1464 3861 1597 3927 iam
1642 3858 1995 3926 discessisti
2043 3879 2235 3945 roga-

283 3962 419 4010 mus
479 3945 567 4012 D.
637 3945 978 4014 Calvinum
1057 3955 1123 4013 et
1179 3947 1265 4013 D.
1326 3946 1788 4030 Bumnqemm,
1853 3954 1928 4012 ut
1991 3945 2234 4028 absque

282 4046 455 4096 mora
494 4040 736 4098 curent
791 4033 982 4100 nobis
1037 4040 1177 4098 tam
1235 4032 1458 4099 literas
1500 4052 1696 4115 quam
1740 4030 2083 4098 historiam
2127 4050 2233 4096 ac-

283 4118 490 4181 torum
532 4117 957 4198 Blandratae,
1026 4117 1282 4201 aliaque
1346 4137 1514 4202 quae
1575 4126 1767 4184 erant
1829 4115 2075 4183 tradita
2135 4115 2233 4181 illi

282 4196 564 4267 Martino
636 4202 1017 4272 Gnechovitio
1033 4207 1123 4285 ²¹)
1140 4254 1158 4282 ,
1224 4204 1467 4269 nuncio
1529 4202 1824 4270 Palatini
1895 4201 2230 4282 Vama-eie,

281 4302 419 4351 cum
474 4288 1072 4373 subscriptionibus
1126 4294 1195 4355 et
1237 4288 1473 4375 sigillis
1530 4288 1813 4373 publicis
1856 4287 2232 4355 transmitti.

433 4646 529 4728 is)
577 4646 736 4730 stag.
785 4643 1130 4703 Lumen
1171 4650 1382 4701 tractu
1434 4644 1847 4701 mamm
1889 4644 2091 4707 mcor,
2142 4643 2231 4701 vir

272 4717 887 4917 Jffi)wg“
917 4713 1814 4854 ssffldsaefflssm
1845 4781 1972 4848 fuce.
2024 4779 2230 4850 (sm.

434 4920 534 4988 21)
572 4921 650 4976 M.
684 4920 1065 4977 Czeebovioius
1097 4921 1333 4976 Polonus
1366 4921 1454 4975 vel
1482 4920 1783 4975 Lithuanus
1818 4924 2141 4988 praeceptor
2174 4923 2233 4973 et

275 4987 514 5045 minister
548 4992 683 5047 eccl.
716 4991 990 5045 Vilnensis
1073 4997 1160 5044 ost
1204 4996 1394 5059 pastor
1427 4991 1484 5043 in
1521 4988 1745 5044 Cuiavia
1777 4994 1835 5041 et
1868 4986 2089 5041 tandem
2123 4986 2232 5040 Lu·

274 5054 417 5114 blini.
504 5059 664 5113 Vixit
712 5059 889 5115 adhue
940 5078 987 5114 a.
1028 5007 1178 5114 f608.
1268 5058 1539 5141 Opinione
1598 5058 1668 5112 de
1718 5056 1968 5137 trinitate
2022 5055 2229 5111 reiecta

271 5122 465 5180 (bristi
500 5129 955 5197 praexistentiam
991 5144 1098 5183 sec.
1134 5127 1357 5182 Genesii
1391 5127 1593 5198 placita
1616 5130 1998 5196 propugnavit,
2038 5140 2227 5179 verum

270 5206 315 5245 c.
348 5193 483 5249 1570
514 5197 937 5252 Bacovienainm
972 5206 1030 5251 et
1063 5196 1247 5251 Sooini
1280 5197 1609 5251 sententiam
1643 5197 1926 5262 amplexus
1959 5200 2059 5247 est.
2114 5194 2226 5248 No·

272 5276 393 5317 vum
425 5264 577 5321 Tent.
624 5283 656 5319 e
706 5283 901 5336 grtoeo
946 5267 1004 5319 in
1121 5266 1355 5321 lonicum
1398 5264 1681 5320 transtulit
1731 5280 1778 5318 o.
1813 5266 2020 5318 annott.
2069 5260 2223 5317 1577.

268 5327 317 5384 4.
365 5332 566 5399 (Soud-
604 5333 692 5389 50.
736 5336 970 5392 Lubias.
1005 5282 1153 5402 153.)

471 5420 698 5478 osmi
719 5434 905 5491 opera.
982 5421 1098 5479 Vol.
1136 5418 1309 5476 XIX.

1970 415 2135 481 1562
2176 415 2596 488 NOVEMB.

4153 422 4296 485 5⁷8

2331 606 2443 674 Ita
2510 610 2721 692 agunt
2782 606 3122 675 nobiscum
3185 605 3582 674 adversarii:
3670 606 3988 692 quidquid
4052 607 4296 675 volunt

2334 693 2459 760 sub
2503 692 2771 759 nomine
2813 693 3126 761 ecclesiae
3170 691 3253 758 ad
3294 693 3445 760 illas
3488 692 3793 760 ecclesias
3836 692 4149 774 scribunt,
4225 703 4300 760 et

2332 785 2560 862 postea
2600 779 3049 863 responsorias
3083 778 3506 863 supprimunt
3547 799 3670 846 nec
3711 779 4065 863 publicant.
4144 777 4298 846 Imo

2336 884 2498 930 vero
2577 884 2806 931 omnes
2883 884 2995 931 eos
3071 866 3183 949 qui
3247 863 3696 931 huiuscemodi
3758 865 4308 934 innovationibus

2332 950 2628 1034 ipsorum
2672 971 2803 1016 non
2848 949 3093 1028 favent,
3162 971 3201 1016 a
3241 950 3514 1018 concilio
3557 949 3938 1029 excludunt,
4007 958 4076 1017 et
4132 951 4298 1035 quid

2335 1056 2469 1101 non
2490 1035 2522 1098 ⁶?
2633 1035 2898 1102 Novisti
2983 1035 3163 1102 enim
3247 1037 3567 1120 practicae
3653 1036 4022 1103 [damnine
4106 1036 4299 1105 bene.

2334 1120 2566 1187 Factio
2607 1120 3027 1189 Blandratica
3069 1141 3330 1205 semper
3385 1121 3552 1187 mihi
3593 1121 3964 1203 insidiatur,
4024 1130 4092 1188 et
4179 1144 4302 1188 uo-

2334 1226 2592 1290 cunque
2633 1215 2904 1274 vertunt
2942 1205 3200 1291 pedem,
3258 1226 3394 1273 non
3449 1207 3579 1274 nisi
3624 1205 3704 1273 de
3747 1230 3854 1273 me
3896 1215 3966 1273 et
4006 1208 4095 1274 D.

2332 1292 2480 1358 vino
2546 1294 2877 1377 garriunt,
2961 1292 3292 1360 blaterant
3356 1301 3423 1358 et
3485 1294 3912 1359 mentiuntur.
4008 1295 4106 1361 Ac
4171 1315 4299 1379 ego

2335 1376 2604 1461 quidem
2649 1399 2783 1443 non
2825 1379 2920 1443 ita
2959 1376 3041 1443 de
3083 1377 3248 1444 viris
3270 1378 3379 1443 hic
3414 1379 3776 1463 praecipuis
3811 1379 4089 1445 meritus
4123 1399 4297 1458 sum,

2335 1471 2412 1529 ut
2453 1483 2561 1530 me
2605 1462 2839 1548 aliquis
2873 1483 2958 1528 ex
2994 1463 3231 1529 animis
3271 1463 3541 1529 illorum
3582 1473 3717 1529 tam
3762 1464 3949 1531 facile
3972 1465 4298 1532 exentiat:

2337 1555 2560 1614 tamen
2605 1549 2849 1614 bonum
2890 1556 3064 1615 esset
3105 1570 3212 1615 me
3255 1549 3474 1633 aliquo
3508 1549 3702 1615 modo
3737 1551 3959 1615 ornari
3994 1571 4113 1634 per
4145 1550 4298 1617 lite·

2335 1655 2445 1701 ras
2490 1635 2572 1700 ab
2615 1634 2749 1700 illis
2790 1633 2954 1702 viris
2996 1635 3123 1717 piis
3163 1641 3230 1699 et
3265 1632 3671 1701 doctissimis.
3737 1635 4098 1718 Praecipue
4134 1657 4300 1703 vero

2335 1740 2375 1786 o
2421 1727 2633 1785 tarem
2697 1720 2768 1784 in
2834 1720 3039 1785 literis
3097 1718 3181 1783 ad
3236 1720 3599 1803 Despotam
3652 1720 4037 1786 Palatinum
4107 1721 4302 1790 Vala—

2408 1807 2531 1871 iae.
2560 1807 2649 1885 ²²)
2738 1805 3096 1890 Spargitur
3132 1805 3241 1870 hic
3285 1807 3476 1887 fama,
3535 1826 3645 1872 eos
3688 1807 3978 1890 cogitare
4021 1806 4195 1889 quod
4239 1809 4300 1874 si

2334 1889 2408 1956 in
2464 1892 2805 1976 angustias
2857 1890 3104 1957 redacti
3165 1890 3413 1956 fuerint
3467 1896 3574 1970 (ut
3630 1890 3896 1975 quidem
3950 1911 4072 1958 nos
4116 1899 4294 1960 certo

2335 1977 2705 2060 speramus)
2747 1976 2919 2060 quod
2977 1975 3060 2042 ad
3103 1976 3482 2060 Despotam,
3547 1983 3861 2060 tanquam
3906 1976 3990 2044 ad
4033 1978 4295 2064 asylum

2337 2062 2592 2128 transfu
2679 2084 2750 2128 re
2805 2062 3035 2129 velint.
3120 2060 3343 2142 Quare
3409 2068 3478 2128 et
3518 2061 3602 2127 ad
3645 2063 4006 2147 Despotam
4063 2065 4297 2131 literas

2333 2148 2619 2231 impetra
2664 2149 2722 2215 is
2763 2149 2838 2213 in
2879 2145 3114 2232 quibus
3156 2147 3289 2212 mei
3332 2154 3400 2212 et
3443 2147 3542 2213 tui
3586 2149 3831 2214 mentio
3874 2149 4009 2214 fiat.
4080 2149 4291 2234 Opta-

2335 2253 2479 2298 rem
2521 2234 2723 2298 etiam
2765 2233 3106 2317 impetrari
3162 2232 3387 2299 literas
3451 2232 3535 2298 ad
3577 2234 3662 2300 D.
3711 2233 4122 2301 Stanislaum
4173 2235 4296 2303 Os·

2334 2323 2670 2402 troroyum.
2688 2321 2778 2395 ²⁸)
2865 2318 3229 2402 Praecipue
3286 2338 3445 2385 vero
3508 2318 3595 2385 ad
3635 2319 4074 2402 capitaneum
4139 2341 4294 2387 nos·

2336 2406 2644 2483 trum,²⁴)
2727 2405 2839 2489 qui
2905 2404 3100 2489 plane
3164 2403 3422 2471 excelso
3489 2411 3557 2468 et
3620 2403 4007 2472 Samsonico
4074 2408 4298 2473 animo

2336 2489 2753 2574 progreditur
2796 2491 2868 2556 in
2910 2508 2990 2556 ea
3030 2510 3245 2568 causa,
3289 2497 3357 2555 et
3400 2490 3526 2556 nisi
3569 2489 3682 2556 ille
3719 2492 3822 2556 vir
3857 2491 4084 2557 divina
4105 2493 4295 2558 boni·

2338 2583 2475 2640 tate
2516 2575 2706 2643 nobis
2748 2575 3104 2660 obtigisset,
3148 2595 3270 2659 ego
3313 2575 3616 2641 existimo
3659 2575 3829 2658 quod
3866 2585 4086 2643 actum
4121 2587 4298 2644 esset

2338 2658 2421 2726 de
2463 2661 2678 2743 patria
2719 2669 2960 2728 nostra.
3048 2658 3207 2725 Ideo
3249 2667 3547 2744 optarem
3589 2681 3741 2727 eum
3790 2665 4031 2746 scripto
4075 2663 4297 2747 aliquo

2384 2746 2595 2812 ublice
2651 2748 2889 2827 ornari,
2947 2746 3053 2812 vel
3115 2750 3189 2810 ut
3239 2744 3482 2812 librum
3539 2746 3626 2813 ali
3670 2767 3823 2814 uem
3866 2749 3925 2813 ei
3971 2748 4295 2815 dedicent.

2338 2767 2526 2897 haec
2567 2839 2720 2899 tuae
2762 2831 3148 2915 prudentiae
3191 2832 3544 2897 committo.
3688 2832 3750 2899 ic
3803 2833 3885 2898 ad
3928 2832 4017 2897 D.
4066 2833 4301 2916 Safro-

2337 2917 2514 2983 κίοσι
2555 2917 2753 2984 etiam
2793 2917 3177 3002 impetrabis
3217 2916 3462 2992 literas.
3507 2917 3666 2983 item
3711 2917 3795 2983 ad
3836 2919 3920 2984 D.
3949 2917 4300 2992 Oikovitm.

2340 3003 2425 3069 D.
2472 3001 2662 3071 Buzzi
2743 3024 2906 3083 erus,
2972 3003 3258 3083 obsecro,
3315 3001 3593 3070 scribat:
3657 3003 3940 3071 multum
3995 3006 4172 3071 enim
4232 3007 4298 3072 ei

2339 3089 2591 3156 tribuit.
2747 3091 2984 3174 enique
3025 3087 3114 3154 D.
3161 3088 3523 3170 Zaparium
3567 3089 3766 3156 etiam
3809 3111 3974 3175 opus
4017 3099 4119 3158 est
4157 3091 4301 3159 suis

2338 3177 2731 3242 confirment
2772 3174 2998 3242 literis.
3063 3173 3149 3239 In
3193 3173 3299 3240 his
3340 3173 3631 3258 epistolis
3676 3183 3753 3241 ut
3796 3175 4139 3262 diligentia
4180 3185 4300 3244 tua

2340 3260 2671 3345 appare‘at,
2713 3281 2980 3345 operam
3027 3259 3181 3325 dato
3224 3266 3346 3327 etc.

2336 3668 2712 3737 Consensus
2758 3667 3120 3735 catholicus
3163 3676 3298 3734 tam
3333 3669 3711 3754 primitivae
3742 3690 3939 3754 quam
3974 3671 4306 3738 recentio-

2337 3755 2429 3821 ris
2472 3754 2780 3821 ecclesiae
2825 3756 2932 3822 cui
2976 3772 3048 3820 se
3095 3760 3237 3820 tota
3297 3755 3569 3822 ecclesia
3610 3756 3739 3821 Dei
3781 3755 4187 3823 Zatoriensis
4235 3764 4306 3823 et

2335 3839 2902 3907 Osvvieczimensis
2960 3838 3237 3906 ducatus
3300 3841 3372 3905 in
3416 3862 3538 3907 sua
3599 3841 3981 3926 particulari
4045 3864 4078 3908 s
4126 3842 4306 3909 nodo

2336 3924 2695 3993 Oracoviae
2757 3925 2874 3991 xvi
2919 3923 3065 3991 Oct.
3127 3923 3201 3991 A.
3245 3926 3333 3992 D.
3387 3930 3548 3992 1562
3619 3925 3947 3993 celebrata
4011 3929 4059 3994 fi
4106 3928 4304 3995 eliter

2334 4010 2653 4097 adiungit.
2744 4010 2869 4077 Oui
2912 4011 3111 4076 etiam
3154 4010 3268 4077 alii
3307 4011 3434 4079 viri
3477 4012 3748 4091 bonesti,
3808 4033 4088 4097 quorum
4130 4014 4304 4081 infe-

2630 4096 2772 4163 rius
2816 4096 3083 4162 nomina
3127 4104 3410 4180 exstant,
3468 4098 4016 4184 subscripserunt.

2509 4265 2737 4347 Quum
2779 4266 3123 4334 videamus
3164 4268 3411 4350 passim
3453 4269 3684 4352 vagari
3727 4268 3800 4334 in
3839 4269 3985 4335 istis
4008 4269 4301 4354 regioni-

2335 4353 2458 4419 bus
2478 4351 2778 4418 homines
2813 4352 3228 4419 turbulentos
3262 4360 3332 4420 et
3350 4361 3699 4436 penetrare
3721 4352 3949 4421 domos
3971 4353 4297 4433 fidelium,

2334 4458 2573 4522 eosque
2616 4459 2657 4503 a
2699 4438 2883 4504 cultu
2926 4438 3057 4503 Dei
3101 4458 3257 4504 vero
3310 4438 3515 4504 semel
3569 4440 3640 4504 in
3700 4440 3973 4507 ecclesia
4016 4440 4145 4506 Dei
4189 4461 4300 4506 re-

2333 4532 2523 4608 cepto
2558 4532 2878 4604 avertere,
2914 4522 3388 4590 confessionem
3422 4524 3578 4591 fidei
3611 4523 4063 4607 orthodoxam,
4095 4546 4300 4593 voces

2334 4611 2630 4688 usitatas,
2684 4630 2804 4675 seu
2861 4607 3087 4675 modos
3139 4608 3447 4693 loquendi
3492 4611 3784 4689 rituales,
3828 4619 3903 4676 ut
3944 4611 4031 4677 D.
4075 4612 4296 4679 Atha-

2332 4696 2559 4762 nasius
2597 4704 2809 4776 vocat,
2855 4694 2938 4761 ad
2981 4694 3448 4779 explicandum
3492 4695 3934 4762 ministerium
3977 4698 4300 4763 trinitatis

2498 4984 2596 5054 22)
2631 4984 2862 5041 Lubias.
2900 4983 3028 5038 153.-
3077 4985 3222 5042 Hist.
3257 4985 3328 5040 de
3351 4985 3548 5040 Iacobo
3571 4985 3857 5040 Heraclide
3895 4986 4128 5041 Basilice
4161 4986 4304 5041 Des-

2328 5059 2464 5139 pota
2502 5054 2752 5136 principe
2797 5052 3088 5108 Valachiae
3173 5056 3229 5108 ui
3274 5056 3332 5109 in
3370 5054 3598 5135 Polonia
3647 5054 3717 5109 de
3788 5072 3853 5137 ¹3⁸.
3899 5061 3958 5110 et
4000 5056 4298 5138 veritatem

2327 5130 2678 5264 panium
2699 5123 3054 5246 τζὲῗιξιιιῖῖἓεα
3069 5140 3344 5249 ¹⁸subti‘gc‘ggs
3379 5125 4060 5263 Ιῶῗιῗηέηηξίιιιιιξιροθζῗ
4095 5141 4302 5195 prum—

2495 5260 2594 5328 23)
2629 5260 2696 5314 N.
2730 5259 2884 5314 3121.
2922 5258 3077 5329 Saliq
3109 5261 3181 5318 11.
3213 5260 3334 5316 585.
3370 5259 3488 5315 667.

2498 5329 2594 5397 24)
2634 5328 2991 5401 Hyameia-0,
3025 5344 3077 5385 v.
3109 5346 3300 5400 supra.
3811 5413 3882 5469 3⁷
