4900 6125
299 422 421 484 697

296 608 426 674 Per
468 608 776 675 iuvenem
820 611 934 693 qui
978 612 1085 677 hie
1129 613 1269 696 agit
1315 614 1502 680 2215.

294 694 525 778 Pergit
565 695 735 762 istuc
778 699 1225 778 praesentium
1272 702 1457 763 3783.

293 781 653 864 Pergratae
692 782 963 848 fuerunt
1015 788 1195 846 1940.

292 866 597 950 Pergunt
637 868 886 935 scilieet
929 868 1293 934 adversarii
1344 873 1532 937 1075.

292 951 598 1018 Pericula
639 962 899 1019 vestrae
939 956 1194 1021 civitati
1242 959 1385 1021 949.

291 1037 581 1104 Perinde
624 1041 789 1106 meis
831 1039 1040 1107 literis
1084 1046 1273 1104 2739.

289 1124 778 1192 Periucundum
824 1126 1012 1192 nobis
1055 1127 1183 1193 fuit
1228 1131 1415 1194 3087.

289 1210 611 1277 Perlectis
652 1210 865 1278 literis
910 1213 1041 1279 tuis
1086 1213 1265 1278 varie
1317 1218 1497 1278 1070.

288 1297 610 1363 Perlectis
655 1299 785 1362 tuis
829 1297 1038 1363 literis
1083 1301 1306 1363 statim
1355 1303 1539 1364 3172.

287 1382 792 1466 Peropportune
838 1385 992 1450 veni
1026 1384 1320 1450 Bernam
1370 1390 1553 1450 1509.

285 1468 608 1534 Pcrrinus
651 1469 725 1533 in
769 1470 1067 1536 ordinem
1116 1475 1258 1533 989.

284 1554 610 1620 Pervenit
652 1555 735 1619 ad
779 1577 901 1622 nos
945 1557 1164 1622 neseio
1210 1562 1354 1618 370.

282 1640 583 1706 Pessime
627 1644 941 1708 successit
983 1644 1325 1726 negotium
1378 1650 1450 1706 17
1459 1647 1557 1708 33.

282 1726 473 1793 Petis
519 1748 560 1792 a
600 1748 707 1792 me
751 1737 827 1792 ut
869 1727 1071 1793 velim
1109 1732 1252 1791 974.

280 1813 468 1879 Petis
512 1821 584 1878 ut
628 1823 784 1879 tuae
826 1815 1191 1898 prolixitati
1236 1817 1382 1878 423.

280 1899 527 1966 Petrus
570 1899 989 1966 concionator
1032 1909 1255 1965 noster
1301 1903 1446 1965 432.

279 1985 526 2052 Petrus
569 1986 964 2054 Fomeletus
1007 1986 1236 2051 literas
1286 1990 1470 2051 1430.

281 2071 526 2138 Petrus
568 2091 697 2154 quo
731 2093 891 2139 usus
936 2094 1082 2138 sum
1136 2075 1314 2135 1643.

278 2157 527 2223 Petrus
570 2158 906 2224 'I'ossanus
951 2159 1177 2225 relicto
1225 2161 1367 2218 670.

278 2243 528 2309 Petrus
570 2243 846 2311 Viretus
890 2264 1087 2326 quem
1130 2241 1215 2307 ad
1261 2264 1376 2309 vos
1427 2247 1607 2309 1314.

276 2328 507 2395 Pietas
551 2329 809 2395 erudita
857 2334 1041 2392 1448.

276 2414 529 2481 Pietati
574 2425 727 2480 tuae
771 2425 839 2480 et
880 2415 1273 2480 humanitati
1322 2417 1509 2479 2277.

275 2500 481 2566 Pium
523 2500 700 2567 hunc
742 2502 1017 2567 fratrem
1060 2499 1205 2566 ideo
1255 2504 1439 2564 1205.

274 2586 442 2652 Ρ1118
489 2587 597 2653 1110
637 2587 845 2653 frater
885 2588 1025 2670 ipse
1071 2590 1216 2651 838.

273 2671 510 2738 Placet
553 2673 729 2757 quod
774 2672 855 2739 de
897 2672 1118 2739 libello
1163 2677 1308 2736 669.

274 2758 511 2824 Placet
551 2757 723 2842 quod
767 2778 1020 2825 sacram
1064 2779 1334 2825 coenam
1377 2761 1520 2822 265.

276 2844 510 2911 Placet
552 2852 743 2910 tuum
789 2845 1134 2912 consilium
1186 2849 1369 2908 1024.

276 2929 543 2998 Placuit
583 2930 708 2998 hoc
751 2931 992 2998 nuncio
1038 2936 1141 3000 78.

276 3015 542 3084 Placuit
583 3017 751 3082 mihi
795 3018 864 3083 in
908 3016 1032 3083 hoc
1078 3019 1266 3081 2669.

274 3103 592 3169 Plaustra
635 3103 946 3169 haberem
987 3103 1333 3169 turbarum
1379 3109 1565 3167 2184.

271 3189 747 3256 Ρ1888188811818
790 3189 979 3257 venit
1023 3192 1210 3255 4264.

270 3276 486 3341 Plura
527 3274 610 3340 ad
653 3283 722 3340 te
764 3273 1047 3342 scribam
1093 3280 1259 3337 4155
1285 3276 1403 3343 bis.

271 3362 489 3427 Plura
530 3361 650 3426 tibi
692 3362 1060 3445 scripturus
1105 3363 1288 3426 2763.

271 3447 592 3513 Pluribus
635 3454 855 3513 mcum
900 3468 1097 3532 agere
1143 3451 1284 3510 604.

271 3533 655 3599 Plurimum
699 3531 880 3599 dolet
922 3553 1055 3597 non
1099 3533 1319 3597 offerri
1371 3540 1553 3598 1575.

271 3618 656 3685 Plurimum
700 3639 809 3684 me
853 3617 1267 3685 delectarunt
1311 3621 1499 3686 2504.

272 3704 656 3770 Plurimum
702 3704 823 3770 tibi
867 3703 1072 3770 debeo
1116 3709 1304 3769 4167.

272 3790 440 3857 Plus
479 3791 615 3856 iam
658 3789 815 3856 boni
857 3790 938 3854 ab
982 3791 1112 3856 ista
1162 3794 1302 3854 169.

271 3875 442 3943 Plus
485 3879 646 3943 satis
690 3887 794 3942 est
834 3876 1009 3960 quod
1054 3875 1339 3943 scribam
1383 3882 1485 3942 87.

271 3961 442 4028 Ρ1118
485 3964 647 4029 satis
688 3962 892 4029 habes
936 3961 1109 4027 unde
1154 3964 1339 4026 2282.

272 4048 623 4115 Pollicitus
666 4049 921 4114 fueram
967 4069 1072 4112 me
1116 4069 1374 4132 quoque
1425 4056 1520 4115 17.

270 4134 688 4200 Pomeranus
730 4155 894 4216 puer
938 4139 1123 4198 2481.

271 4219 613 4286 Pontificii
647 4220 893 4286 milites
930 4226 1115 4285 3812.

272 4305 442 4372 Post
484 4306 840 4372 discessum
888 4306 1165 4372 Macarii
1211 4309 1398 4371 2601.

272 4395 443 4460 Post
484 4392 762 4474 scriptas
804 4392 1029 4457 literas
1074 4392 1259 4456 venit
1304 4398 1447 4457 786.

272 4481 440 4546 Post
484 4480 706 4544 tristes
753 4490 900 4543 tuas
946 4482 1132 4539 3715.

272 4566 715 4648 Posteaquam
759 4563 983 4630 audivi
1028 4563 1398 4647 praesidem
1445 4568 1630 4627 3296.

271 4652 719 4734 Posteaquam
761 4650 1121 4716 Calvinum
1162 4650 1367 4715 invisi
1413 4654 1593 4713 1992.

272 4739 717 4820 Posteaquam
765 4736 896 4801 huc
938 4747 1216 4800 ventum
1263 4738 1451 4800 2283.

273 4824 638 4906 Postquam
679 4821 936 4887 abieras
979 4821 1332 4887 veniebant
1376 4826 1520 4884 498.

272 4910 635 4992 Postquam
680 4906 764 4974 ad
807 4915 875 4973 te
918 4908 1147 4989 scripsi
1191 4912 1378 4972 4180.

274 4996 638 5077 Postquam
682 5013 856 5058 anno
903 4998 1085 5056 1536.
1141 4996 1321 5057 1021.

275 5082 641 5164 Postquam
681 5079 1059 5145 carissimus
1106 5079 1307 5143 frater
1352 5082 1539 5142 2178.

274 5167 640 5249 Postquam
678 5185 830 5232 cum
867 5164 1192 5230 seditiosis
1230 5169 1416 5231 2990.

276 5253 640 5336 Postquam
685 5250 800 5317 diu
845 5250 1093 5316 frustra
1137 5254 1321 5313 3332.

277 5339 640 5422 Postquam
681 5359 763 5404 ex
808 5337 1162 5403 Franciseo
1208 5340 1393 5401 2535.

1731 423 2037 491 INDEX
2072 426 2163 492 11.
2210 423 2905 493 EPIS'POLARUM.
4220 433 4348 497 698

2364 613 2731 697 Postquam
2775 634 2858 677 ex
2900 614 3034 678 tuis
3076 614 3158 679 ad
3205 612 3564 681 Ricardum
3619 619 3806 682 1673.

2366 699 2728 782 Postquam
2775 696 3235 764 Ferdinandus
3281 701 3623 766 duodecim
3672 704 3819 766 221.

2366 783 2728 868 Postquam
2773 785 2918 850 heri
2962 785 3046 849 ad
3091 796 3158 850 te
3200 789 3386 850 3796.

2364 870 2724 954 Postquam
2770 870 2997 936 literas
3042 879 3187 936 tuas
3232 874 3449 955 accepi
3499 875 3685 938 2241.

2363 956 2722 1050 Postquam
2765 956 3079 1022 mandata
3125 959 3310 1021 3222.

2364 1042 2751 1108 Postremae
2795 1052 2948 1108 tuae
2992 1045 3151 1125 ipsis
3196 1044 3411 1110 idibus
3464 1050 3643 1109 1416.

2363 1128 2746 1195 Postremae
2790 1136 2944 1193 tuae
2985 1128 3215 1195 literae
3264 1134 3449 1194 3992.

2363 1215 2730 1280 Postremis
2769 1217 2934 1279 meis
2976 1214 3187 1279 literis
3230 1236 3392 1298 quas
3440 1220 3582 1280 765.

2360 1299 2726 1366 Postremis
2771 1302 2904 1366 tuis
2947 1300 3157 1367 literis
3200 1303 3495 1366 nondum
3543 1307 3728 1367 3007.

2362 1385 2695 1452 Postridie
2738 1395 2851 1451 aut
2893 1386 3126 1451 saltem
3164 1386 3356 1452 biduo
3401 1392 3546 1455 395.

2363 1471 2692 1538 Postridie
2733 1471 2882 1538 idus
2922 1472 3270 1538 Februarii
3318 1478 3460 1537 619.

2361 1557 2692 1622 Postridie
2735 1578 2931 1641 quam
2978 1557 3107 1622 hue
3148 1558 3523 1641 appulimus
3566 1565 3624 1624 5.

2361 1642 2695 1708 Postridie
2738 1664 2936 1726 quam
2980 1643 3208 1710 literas
3249 1655 3399 1709 tuas
3439 1650 3623 1708 2386.

2362 1728 2689 1794 Postridie
2732 1750 2928 1812 quam
2974 1730 3142 1794 mihi
3184 1729 3444 1795 reddita
3494 1733 3633 1794 162.

2361 1814 2691 1880 Postridie
2734 1835 2929 1898 quam
2977 1816 3096 1881 tibi
3142 1837 3355 1900 nuper
3400 1821 3590 1881 3573.

2361 1900 2773 1967 Postulasset
2810 1900 3073 1983 quidem
3119 1904 3436 1968 autoritas
3484 1905 3669 1968 2182.

2360 1986 2610 2051 Potens
2652 1995 2753 2052 est
2797 1986 3108 2053 Christus
3151 1988 3482 2054 Dominus
3528 1991 3717 2054 2487.

2357 2071 2682 2137 Poterant
2725 2073 2932 2138 vestri
2975 2074 3212 2138 fratres
3263 2078 3442 2138 1743.

2359 2157 2635 2224 Poterat
2678 2157 2943 2241 quidem
2989 2157 3399 2225 Barbarinus
3452 2164 3633 2225 1043.

2355 2243 2644 2309 Potesne
2687 2244 2993 2309 dubitare
3040 2246 3184 2308 249.

2355 2328 2774 2396 Praefectum
2817 2329 2999 2395 urbis
3044 2338 3302 2396 vestrae
3353 2334 3534 2395 1682.

2356 2414 2742 2482 Praefectus
2783 2413 3277 2481 Novidunensis
3316 2421 3500 2482 2927.

2353 2500 2874 2567 Praefestinanti
2915 2501 3084 2566 mihi
3130 2505 3315 2565 3093.

2356 2586 2684 2652 Praesens
2731 2586 2992 2653 tabellio
3037 2587 3208 2652 vidit
3254 2590 3439 2652 2382.

2355 2672 2672 2738 Praestiti
2716 2694 2846 2756 qua
2888 2674 3074 2755 potui
3117 2673 3248 2738 fide
3293 2676 3476 2738 1512.

2353 2758 2632 2824 Praeter
2670 2765 2899 2842 aperta
2940 2760 3305 2824 certamina
3350 2761 3534 2824 2593.

2356 2843 2631 2909 Praeter
2676 2854 2932 2910 nostras
2975 2844 3200 2911 literas
3247 2849 3433 2909 2838.

2356 2929 2873 2995 Praeteritorum
2918 2930 3364 2995 conviciorum
3414 2936 3558 2994 383.

2356 3015 2628 3082 Pridem
2672 3035 2713 3080 a
2753 3015 3133 3082 Valerando
3178 3019 3363 3082 2261.

2355 3100 2626 3168 Pridem
2671 3102 2752 3167 de
2796 3104 2924 3169 tuis
2967 3101 3436 3169 certaminibus
3483 3107 3669 3169 3271.

2351 3188 2625 3254 Pridem
2667 3187 2834 3253 nihil
2881 3189 2964 3253 ad
3007 3197 3072 3253 te
3116 3188 3348 3271 scripsi
3393 3192 3582 3255 3253.

2355 3273 2583 3340 Pridie
2625 3294 2821 3357 quam
2867 3274 2988 3341 has
3031 3275 3258 3340 literas
3308 3280 3492 3339 1037.

2354 3361 2585 3426 Primo
2629 3361 2768 3445 agit
2810 3368 2876 3426 et
2918 3360 3116 3426 habet
3162 3363 3300 3426 250.

2354 3446 2659 3511 Primum
2705 3446 2829 3512 hoc
2873 3448 2990 3512 abs
3033 3454 3101 3512 te
3143 3444 3466 3512 contendo
3513 3452 3657 3513 408.

2352 3531 2660 3598 Primum
2706 3532 3088 3616 suppliciter
3130 3533 3416 3615 petimus
3469 3538 3649 3599 1581.

2352 3618 2659 3684 Primum
2706 3626 2782 3683 ut
2824 3617 3027 3683 debeo
3070 3619 3319 3702 gratias
3371 3624 3550 3684 1413.

2353 3704 2623 3769 Primus
2666 3703 2895 3769 consul
2946 3709 3127 3768 1394.

2352 3790 2692 3871 Principio
2735 3797 3058 3855 testamur
3101 3794 3288 3854 4190.

2354 3875 2700 3941 Prioribus
2743 3875 2880 3941 tuis
2921 3874 3131 3940 literis
3177 3875 3499 3941 hactenus
3546 3880 3732 3942 2714.

2351 3960 2697 4026 Prioribus
2740 3962 2871 4027 tuis
2913 3961 3120 4027 literis
3164 3963 3297 4026 iam
3341 3965 3810 4046 responderam
3856 3967 4044 4034 2404.

2354 4049 2554 4114 Prius
2598 4047 2681 4112 811
2724 4068 2844 4114 1108
2887 4067 3195 4113 reversus
3241 4052 3385 4112 878.

2352 4134 2554 4200 Prius
2596 4133 2803 4197 vitam
2847 4134 3080 4199 finiero
3135 4137 3318 4197 1766.

2351 4221 2488 4286 Pro
2532 4239 2804 4283 munere
2850 4227 2964 4284 tuo
3007 4219 3445 4302 amplissimas
3491 4224 3634 4285 449.

2352 4307 2488 4371 Ρ1·0
2531 4304 2749 4387 quinis
2788 4312 2904 4370 aut
2943 4307 3123 4371 senis
3173 4309 3318 4370 815.

2352 4393 2488 4458 Pro
2532 4391 2787 4455 ratione
2831 4412 3128 4457 mearum
3172 4392 3671 4475 occupationum
3718 4398 3859 4458 764.

2350 4478 2487 4543 Pro
2533 4484 2649 4540 tua
2693 4476 2938 4542 eximia
2979 4477 3336 4561 prudentia
3383 4484 3568 4543 3866.

2351 4563 2485 4627 Pro
2527 4563 2661 4628 tuis
2704 4563 3020 4645 proximis
3066 4568 3250 4628 3371.

2348 4649 2485 4714 Pro
2531 4668 2683 4713 vere
2727 4657 3003 4732 paterna
3044 4650 3284 4731 pietate
3333 4654 3518 4715 2086.

2351 4734 2593 4800 Procul
2639 4734 2834 4800 dubio
2877 4736 3123 4801 mirum
3169 4740 3353 4800 3985.

2352 4819 2844 4887 Proditionibus
2888 4830 2954 4887 et
2995 4822 3438 4906 sanguinariis
3485 4823 3673 4887 3239.

2351 4906 2678 4972 Profectio
2721 4905 2805 4971 ad
2849 4929 2970 4974 nos
3014 4916 3128 4973 tua
3174 4910 3359 4972 2610.

2352 4991 2835 5058 Profectionem
2881 5003 3065 5059 tuam
3112 4998 3297 5059 2553.

2352 5078 2788 5145 Profectionis
2830 5100 3016 5144 meae
3059 5083 3380 5145 rationem
3422 5081 3608 5142 2901.

2351 5165 2781 5230 Profecturus
2824 5165 3256 5231 Ratisbonam
3304 5169 3445 5230 287.

2350 5250 2806 5316 Proficiscitur
2849 5248 2931 5315 ad
2976 5272 3094 5317 vos
3139 5251 3501 5333 Vergerius
3553 5255 3733 5314 1304.

2352 5335 2665 5401 Prolixae
2707 5346 2858 5403 tuae
2902 5337 3213 5422 epistolae
3259 5343 3443 5401 3859.
