4900 6125
610 398 741 461 14⁷

614 578 742 647 sibi
784 601 907 665 pro
950 600 1131 646 more
1172 600 1292 646 suo
1333 576 1617 646 consulit
1658 586 1927 644 senatus
1961 581 2200 658 vester,
2248 598 2324 644 ac
2358 577 2575 643 omni-

614 664 739 733 bus
781 666 929 733 aliis
970 663 1245 766 perditis
1287 685 1475 732 suam
1520 662 1839 729 ditionem
1882 664 2023 730 sore
2064 663 2322 731 salvam
2363 668 2572 747 putat.

744 771 892 819 osce
946 774 1008 819 si
1064 751 1363 836 asperius
1418 749 1668 833 loquor,
1745 749 1900 833 quia
1939 747 2260 817 hactenus
2320 769 2405 814 ne
2446 749 2572 814 mi-

612 857 869 904 nimum
946 836 1214 922 quidem
1294 837 1559 935 signum
1639 834 1820 901 dedit
1869 835 2036 933 ‚eius
2111 833 2573 902 sollicitudinis

608 942 806 1075 33⁸3
830 928 1283 1075 B‘ssssz‘ffl
1311 919 2573 1091 ἳῖῗέἔίἷξῗῑοξῗξὲῗῗέὶηὲἶὲᾚρᾞ

607 1093 820 1161 ruisse
882 1093 1175 1246 studilulm
1215 1092 1500 1245 tffiqlg-'d
1563 1091 2159 1243 pablifoetusrtlmis'
2197 1091 2469 1243 dliilodie,
2494 1091 2570 1243 ksi

607 1267 774 1333 sessi
827 1201 1058 1350 prod-31
1114 1199 1215 1331 aa?
1257 1198 1520 1330 ιιξικίὶίθοΒ
1549 1198 1740 1331 ἰξοἯΞ
1761 1198 2247 1348 0‹³³ppri131’erldtndr.
2267 1196 2570 1346 qulget‘l’ue

607 1352 784 1418 enim
830 1360 1181 1418 contentus
1223 1350 1349 1417 hac
1411 1359 1599 1435 parte
1662 1350 1791 1415 erit
1835 1348 2193 1427 Sabaudua
2260 1349 2376 1415 sed
2419 1370 2567 1415 eam

606 1438 897 1521 recipere
954 1458 1091 1508 nou
1157 1436 1414 1504 dubitat
1470 1456 1597 1519 quo
1651 1434 1883 1501 melior
1925 1436 2014 1502 sit
2073 1434 2356 1501 bellandi
2414 1453 2569 1500 con-

606 1521 786 1590 ditio.
873 1523 1026 1590 Etsi
1080 1530 1300 1589 autem
1357 1523 1429 1587 in
1487 1531 1858 1587 extremum
1902 1521 2253 1589 discrimen
2297 1519 2567 1587 adducti

605 1630 855 1688 sumus,
922 1630 1056 1675 non
1100 1618 1321 1675 tamen
1366 1607 1623 1691 postulo
1664 1627 1788 1674 nos
1830 1607 2087 1692 respici,
2144 1606 2260 1674 sed
2304 1615 2567 1672 tantum

603 1693 2566 1864 ffluffitffsska‘ssssffiz‘ffi.ss‘ffiiffiit'iss

603 1887 803 2018 {³3¹2ss
827 1865 1506 2018 ffiffiffdgaf'sstffiaff
1535 1864 2337 2033 ffgffissibffifigltffffiaffi‘
2350 1862 2565 2017 ‹1132‘3

602 2058 754 2104 mus
796 2046 1053 2104 mentes
1089 2045 1348 2104 nostras
1395 2036 1478 2102 ad
1528 2038 1748 2122 ipsum
1794 2034 2078 2121 dirigere
2113 2045 2183 2103 et
2214 2037 2288 2101 in
2322 2057 2398 2102 eo
2442 2034 2563 2101 ha·

600 2123 757 2191 bere
800 2123 1068 2190 defixas.
1160 2122 1349 2202 Vale,
1408 2123 1825 2189 ornatissime
1880 2124 1987 2189 vir
2039 2129 2109 2188 et
2148 2122 2315 2188 mihi
2356 2121 2562 2187 hono-

600 2210 808 2275 rande
840 2211 1061 2276 frater.
1121 2210 1450 2275 Dominus
1484 2216 1551 2274 te
1586 2209 1699 2275 diu
1733 2219 1955 2274 servet
1986 2208 2403 2286 incolumem,
2427 2207 2562 2291 spi-

592 2295 731 2361 ritu
789 2315 910 2362 suo
969 2317 1042 2361 re
1128 2317 1201 2362 re
1249 2303 1484 2379 pergat
1524 2293 1916 2377 laboresque
1956 2302 2108 2361 tuos
2152 2292 2560 2361 benedicere.

594 2378 900 2447 Salutem
942 2401 1012 2446 m
1087 2389 1225 2447 tam
1267 2401 1498 2465 precor
1543 2380 1850 2447 omnibus
1889 2380 2176 2466 collegis.
2243 2378 2562 2447 Genevae

595 2469 656 2533 9.
702 2465 1118 2551 Septembris
1166 2471 1352 2533 1563.

1461 2602 1797 2669 Iohannes
1841 2601 2163 2670 Calvinus
2206 2609 2382 2669 tuus.

766 2809 1156 2877 lonvizlaeus
1196 2815 1351 2875 tuus
1393 2813 1776 2874 reverenter

591 2902 661 2961 et
702 2916 788 2962 ex
830 2897 1052 2962 animo
1095 2903 1163 2960 te
1205 2894 1468 2960 salutat.

1473 3424 1671 3497 ww.

1107 3580 1354 3647 BEZA
1391 3578 2032 3648 BULLINGERO.

770 3751 1062 3819 Gualten'
1144 3751 1479 3818 wan-elatio
1562 3751 1884 3837 apoloqiae
1961 3770 2089 3834 pro
2163 3749 2551 3817 Admiratio.

596 3838 641 3904 1
729 3839 742 3853 “
916 3837 1111 3904 libelli
1207 3842 1418 3905 coma
1494 3835 1901 3904 Balduinum
1974 3841 2031 3904 et
2110 3835 2551 3904 castalionem.

591 3858 856 3993 mi
916 3923 1354 3992 Gateehismus.
1438 3923 1715 3990 Helvetii
1777 3923 2013 3990 milites
2063 3923 2139 3990 in
2194 3922 2436 4004 Gallia,
2498 3927 2556 3988 et

590 4010 730 4078 οῖδα
771 4011 981 4078 eodem
1012 4011 1411 4094 pertinentia.

898 4180 1007 4249 (Ex
1044 4166 1383 4251 autographo
1418 4179 1552 4235 Ood.
1589 4179 1796 4238 Gener.
1831 4181 1952 4251 118,
1984 4181 2076 4236 sol.
2114 4179 2259 4248 168.)

765 4350 1031 4417 Eximio
1088 4348 1341 4417 Christi
1406 4369 1597 4416 servo
1665 4350 1752 4416 D.
1813 4350 2105 4418 Henrico
2163 4351 2555 4437 Bullingero

589 4438 765 4521 patri
828 4436 996 4502 mihi
1060 4436 1423 4520 plurimum
1489 4435 1901 4503 observando
1945 4438 2304 4523 Tigurinae
2347 4437 2554 4505 eccle-

589 4523 729 4590 siae
771 4523 1035 4608 pastori.

765 4778 1065 4846 'l'andem
1109 4778 1271 4845 mihi
1311 4780 1606 4847 redditae
1648 4789 1805 4848 sunt
1846 4788 2000 4847 tuae
2038 4779 2268 4847 literae
2294 4786 2343 4856 ¹)
2389 4801 2554 4864 quas

591 4869 636 4933 8
681 4865 969 4952 Augusti
1033 4864 1117 4932 ad
1157 4886 1264 4933 me
1330 4865 1622 4934 dederas.
1706 4866 2016 4934 Gratiam
2058 4867 2178 4933 tibi
2220 4864 2433 4933 habeo
2486 4874 2556 4934 et

594 5106 891 5161 niicennt
933 5106 981 5159 si
1028 5104 1159 5159 inde
1204 5105 1409 5161 bellum
1442 5106 1699 5161 oriretur.
1773 5106 1884 5162 Sed
1917 5121 2107 5161 omnes
2153 5106 2558 5178 responderunt

584 5180 1165 5380 mm
1334 5175 2022 5316 ww&
2055 5192 2291 5246 ”m
2325 5180 2558 5234 m

2106 385 2637 470 EPISTOLAE
2679 391 3110 458 4018—4020

4497 394 4588 468 ¹40

2679 577 3091 645 observando
3145 585 3368 646 nostro
3431 577 3628 645 fratri
3689 578 3995 646 Guaztero
4061 580 4145 648 de
4198 579 4404 648 libelli
4451 581 4593 652 illim

2678 664 3131 744 translatione,
3195 685 3394 749 quam
3436 665 3571 731 scio
3612 663 3752 731 fore
3794 666 4126 734 Amimlio
4167 666 4593 754 gratissimam.

2676 747 3016 834 Quidquid
3081 751 3152 815 in
3216 770 3296 816 ea
3359 757 3743 835 sumptuum
3805 751 4052 817 factum
4115 755 4272 832 erit,
4336 753 4446 821 ubi
4509 777 4594 822 ms

2673 837 3018 902 certiorem
3084 835 3338 915 feceris,
3403 836 3811 902 resarcietur.
3902 837 4181 906 Gaudeo
4246 849 4312 906 te
4368 839 4598 907 melius-

2672 921 2817 988 cule
2885 922 3103 988 valere
3168 932 3234 989 et
3277 921 3640 988 Dominum
3701 943 3861 1007 rogo
3923 931 4001 988 ut
4065 933 4131 990 te
4186 933 4400 991 totum
4439 927 4597 994 nobis

2671 1008 2993 1073 restituat.
3081 1008 3227 1073 Iam
3271 1016 3538 1092 ereptus
3579 1006 3768 1074 nobis
3828 1017 3931 1074 est
3974 1009 4079 1075 vir
4120 1010 4236 1076 ille
4298 1012 4598 1095 incompv

2670 1093 2897 1159 rabilis
2941 1091 3026 1160 D.
3074 1093 3351 1178 Martyr.
3423 1091 3883 1176 Subsequutus
3927 1103 4030 1161 est
4071 1095 4155 1161 D.
4199 1096 4533 1163 Mascula
4550 1101 4598 1178 ²)

2669 1177 2944 1245 Utinam
3021 1201 3143 1246 nos
3220 1179 3533 1264 respiciat
3575 1180 3904 1246 Dominus
3982 1181 4051 1245 in
4129 1184 4268 1249 suis
4348 1185 4600 1268 organis,

2670 1284 2838 1347 quae
2904 1286 3100 1349 quam
3166 1285 3319 1331 rara
3383 1266 3521 1331 sint
3577 1285 3918 1348 nunquam
3985 1267 4116 1334 nisi
4181 1268 4314 1335 illis
4375 1270 4604 1336 amissis

2670 1351 3050 1416 sentiemus.
3126 1349 3431 1417 Calvinus
3489 1359 3713 1416 noster
3769 1373 3809 1416 a
3864 1350 4115 1419 calculo
4173 1353 4486 1421 liberatus
4533 1353 4602 1420 ad

2669 1444 2946 1520 tempus,
3011 1437 3147 1502 iam
3200 1445 3412 1503 totum
3456 1457 3751 1503 mensem
3796 1455 3949 1502 cum
3993 1438 4286 1524 podagra
4325 1439 4604 1521 luctatur,

2668 1521 2764 1587 ita
2818 1523 3060 1589 afflicto
3115 1522 3500 1605 corpusculo
3559 1530 3634 1587 ut
3699 1543 4038 1606 nunquam
4083 1523 4270 1590 illum
4317 1527 4606 1610 aspiciam

2670 1608 2948 1693 (aspicio
3007 1617 3227 1674 autem
3283 1606 3601 1691 quotidie)
3657 1609 3820 1691 quin
3873 1609 4315 1676 consolatione
4385 1633 4603 1696 egeam.

2842 1691 3325 1778 Subscriptoris
3389 1693 3586 1775 illius,
3603 1695 3662 1771 ⁸)
3728 1693 3810 1760 de
3875 1715 4004 1777 quo
4069 1695 4152 1761 ad
4212 1717 4319 1763 me
4379 1698 4606 1776 scribis,

2666 1778 3147 1863 impudentiam
3191 1799 3324 1845 non
3360 1800 3627 1862 possum
3664 1780 3822 1846 satis
3855 1781 4106 1847 mirari.
4164 1781 4417 1849 Utrum
4449 1783 4608 1848 enim

2668 1866 2927 1948 turpius
3002 1873 3105 1931 est
3179 1864 3292 1932 vel
3372 1864 3836 1950 subscripsisse
3902 1865 3966 1932 ei
4028 1865 4370 1933 doctrinae
4432 1889 4608 1952 quam

2666 1972 2861 2016 nemo
2937 1972 3149 2035 paene
3204 1952 3468 2036 ignorat
3529 1951 3749 2035 ipsum
3806 1951 3979 2017 clam
4044 1974 4304 2036 semper
4371 1954 4608 2032 fovisse,

2668 2057 2755 2102 an
2798 2058 2955 2103 vero
3012 2037 3160 2103 aliis
3212 2037 3499 2102 suasisse
3542 2036 3716 2120 quod
3756 2037 3897 2120 ipse
3941 2058 4075 2103 non
4120 2039 4400 2122 probet?
4487 2038 4607 2106 Sed

2665 2122 2834 2187 mihi
2856 2124 3066 2207 magis
3087 2124 3287 2188 etiam
3328 2122 3630 2206 displicet
3664 2133 4041 2189 nostrorum
4085 2123 4387 2191 tarditas.
4444 2124 4606 2206 Quid

2665 2208 2846 2273 enim
2902 2207 3011 2275 hic
3066 2209 3266 2293 longo
3320 2208 3593 2275 consilio
3653 2229 3691 2273 o
3741 2230 3818 2275 us
3861 2216 3965 2274 est
4007 2229 4210 2292 quum
4255 2210 4339 2276 de
4385 2210 4610 2278 scelere

2664 2293 2829 2360 satis
2882 2302 3140 2360 constet
3158 2292 3192 2357 ⁶?
3275 2292 3369 2360 Et
3420 2293 3593 2377 quod
3649 2314 3688 2358 a
3792 2316 3899 2360 me
3956 2296 4214 2375 attinet,
4283 2317 4608 2380 nunquam

2662 2379 2853 2445 illum
2897 2380 3202 2445 existimo
3262 2379 3423 2445 haec
3486 2400 3808 2446 ausurum
3850 2380 4072 2459 fuisse,
4116 2382 4245 2447 nisi
4288 2383 4421 2449 sibi
4463 2391 4610 2448 tem·

2663 2466 2918 2549 pestive
2984 2464 3066 2531 de
3131 2463 3422 2531 remedio
3488 2466 3951 2550 prospexisset.
4024 2469 4127 2532 Ac
4180 2467 4463 2550 proinde
4512 2469 4609 2535 vix

2665 2550 3022 2635 quidquam
3076 2572 3364 2634 unquam
3419 2550 3600 2616 aliud
3655 2550 3968 2618 accidisse
4027 2560 4187 2634 puto
4251 2554 4325 2618 in
4377 2554 4481 2620 his
4519 2573 4610 2618 re-

2662 2636 2968 2721 gionibus
3012 2634 3187 2720 quod
3228 2637 3448 2703 minus
3505 2635 3910 2703 dissimulari
3944 2635 4178 2703 debeat
4220 2651 4342 2704 aut
4399 2639 4611 2705 maiori

2662 2722 3081 2788 contentione
3124 2722 3212 2787 sit
3255 2721 3654 2806 urgendum:
3699 2723 4010 2806 quoniam
4054 2723 4304 2807 alioqui
4346 2726 4448 2791 ita
4489 2744 4610 2790 ser-

2661 2816 2777 2891 pet
2816 2805 3069 2872 malum
3113 2817 3190 2873 ut
3231 2806 3418 2874 brevi
3461 2807 3723 2874 nullum
3765 2809 4127 2874 remedium
4170 2811 4486 2892 patiatur.

2835 2892 3086 2977 Scripsi
3152 2893 3257 2960 his
3301 2891 3531 2960 diebus
3574 2894 4003 2960 tumultuarie
4047 2893 4210 2961 duas
4255 2897 4614 2979 respomio-

2660 2998 2801 3058 nes,
2864 2998 3067 3045 unam
3123 2979 3439 3045 adversus
3492 2979 4012 3064 perditissimum
4054 2989 4432 3065 apostatam
4474 2980 4618 3048 Bal-

2660 3064 2950 3145 dm‘num,
2970 3068 3029 3149 ⁴)
3072 3066 3186 3149 qui
3228 3086 3408 3132 nunc
3449 3067 3524 3131 in
3565 3066 3888 3132 Flandria
3927 3066 4235 3133 ecclesias
4294 3091 4338 3135 a
4395 3067 4614 3135 funda-

2660 3151 2901 3217 mentis
2945 3152 3138 3227 eruit,
3181 3151 3464 3217 alterum
3508 3149 3592 3217 ad
3643 3149 4042 3219 Caetenionis
4079 3154 4552 3221 accusationes.
4563 3154 4615 3235 ⁵)

2659 3233 3025 3320 Utramque
3065 3236 3151 3301 ad
3194 3246 3263 3302 te
3305 3237 3515 3315 mitto,
3571 3235 3687 3302 sed
3730 3236 3914 3302 illam
3954 3237 4024 3302 in
4073 3239 4259 3305 rimis
4305 3239 4393 3306 de
4515 3260 4614 3304 va·

2659 3322 2915 3388 tissime
2959 3339 3287 3386 excusam.
3361 3321 3466 3386 'I'u
3507 3320 3690 3406 leges
3730 3343 3938 3406 quum
3981 3322 4029 3387 li
4112 3324 4227 3394 bit.
4301 3324 4415 3390 1b1
4452 3324 4614 3391 vide·

2656 3405 2761 3472 bis
2833 3405 3005 3489 quod
3085 3414 3455 3473 monstrum
3520 3405 3776 3473 tamdiu
3854 3408 4146 3475 aluerint
4215 3410 4615 3477 Basilienses

2653 3491 2913 3573 fratres,
2979 3490 3215 3575 quibus
3273 3491 3446 3557 hanc
3509 3492 3722 3576 ipsam
3778 3491 3863 3559 ob
3918 3514 4186 3561 causam
4230 3517 4616 3581 responsum

2655 3599 2879 3643 meum
2923 3575 3160 3657 dicavi,
3220 3586 3296 3643 ut
3352 3576 3622 3644 tandem
3674 3578 4058 3679 intelligant
4101 3581 4265 3664 quid
4309 3604 4474 3649 cum
4511 3601 4616 3648 sus

2654 3663 2786 3730 ista
2837 3662 3113 3729 mollitie
3177 3662 3543 3746 proficiant.
3635 3663 3807 3730 Nam
3864 3686 3924 3731 si
3977 3666 4141 3733 baec
4207 3678 4516 3734 monstra
4553 3668 4612 3730 in

2654 3750 2897 3816 nostris
2963 3747 3325 3815 visceribus
3389 3748 3612 3817 fovere
3674 3748 3928 3817 diutius
3999 3752 4444 3820 constitutum
4505 3762 4612 3831 est,

2653 3854 2850 3901 nemo
2884 3855 3019 3900 non
3062 3834 3246 3902 videt
3286 3855 3604 3918 quorsum
3646 3835 3735 3902 sit
3774 3857 3881 3902 res
3925 3856 4223 3905 evasura.

2828 3918 3026 4002 Quod
3068 3919 3150 3986 de
3182 3919 3546 3987 Brentiano
3580 3921 3974 3989 catechismo
3993 3924 4051 3998 ὅ)
4087 3925 4414 3992 monuisti
4451 3932 4616 3992 reete

2652 4007 2883 4087 fecisti,
2938 4007 3034 4070 mi
3075 4013 3285 4089 pater,
3328 4014 3397 4071 et
3438 4016 3784 4090 paternam
3829 4018 4013 4073 tuam
4054 4008 4128 4073 in
4172 4009 4480 4078 Gallicas
4519 4031 4614 4076 ec-

2655 4092 2885 4160 clesias
2928 4090 3454 4158 benevolentiam
3497 4114 3618 4178 pro
3662 4102 3777 4159 tuo
3811 4115 3995 4159 more
4029 4102 4318 4162 testatus
4357 4117 4453 4163 es.
4523 4096 4616 4163 De

2654 4197 2786 4262 qua
2853 4177 2992 4257 tibi,
3057 4178 3253 4243 sicuti
3316 4199 3440 4263 par
3481 4184 3602 4258 est,
3679 4180 3976 4246 omnium
4019 4181 4291 4247 nomine
4336 4182 4614 4267 gratian

2655 4264 2881 4331 habeo.
2970 4262 3334 4347 Rogandus
3388 4271 3491 4330 est
3545 4264 3874 4332 Dominus
3929 4266 4235 4350 inprimis
4303 4290 4398 4336 ne
4453 4276 4610 4335 nt·-

2655 4351 2821 4417 nicis
2899 4349 3045 4416 istis
3108 4346 3441 4416 furoribus
3519 4350 3739 4417 aditus
3805 4353 4092 4435 patefiat.
4184 4352 4249 4417 N
4249 4374 4330 4419 os
4399 4352 4614 4421 sedulo

2653 4437 2894 4503 fratres
2938 4434 3416 4501 admonuimus.
3488 4436 3581 4502 Et
3624 4437 3749 4504 hoc
3788 4438 3911 4503 tibi
3953 4436 4160 4504 audeo
4208 4436 4346 4505 Dei
4393 4439 4610 4537 barig-

2654 4523 2863 4588 nitate
2926 4521 3137 4587 fretus
3200 4520 3514 4604 polliceri,
3580 4523 3673 4588 mi
3739 4533 3944 4607 pater,
4013 4524 4129 4589 vix
4188 4532 4310 4589 aut
4365 4547 4458 4592 ne
4509 4546 4614 4589 m

2654 4607 2925 4693 quidem
2968 4606 3398 4673 inventurum
3442 4607 3631 4674 illum
3673 4610 3747 4674 in
3791 4607 4070 4677 Gallicis
4113 4609 4436 4690 ecclesiis,
4491 4630 4612 4676 non

2858 4898 2921 4966 2)
2964 4897 3494 4981 ommes-meaa.
3514 4896 3641 4953 111.
3666 4898 3782 4955 Gal.
3806 4898 3950 4969 Sept.
3972 4915 4381 4971 omme
4415 4904 4610 4957 sat-

2656 4984 2832 5039 supra
2865 4983 2961 5023 εει·
3035 4983 3275 5049 aman.

2697 5177 2709 5189 ι
2859 5036 2924 5173 {3
3004 5037 3266 5159 ώσζσίο
3299 5105 3369 5159 ad
3405 5104 3496 5161 Fr.
3522 5105 3778 5160 Bolduini
3811 5105 4062 5161 Ecebolii
4095 5112 4390 5175 spo-tutae
4422 5108 4606 5162 uh·-

2654 5192 2791 5232 mas.
2847 5174 3044 5298 (ἷουὴι
3157 5213 3172 5229 .
3195 5173 3295 5297 ,12
3327 5173 3548 5244 (stact-
3581 5175 3738 5232 theol.
3775 5173 3843 5231 Π.
3881 5172 4000 5228 199.
4039 5173 4314 5247 Haud„
4341 5194 4408 5247 p.
4442 5174 4546 5243 89.)
