4900 6125
256 378 369 440 129

250 563 410 629 sime
453 569 522 628 et
577 562 782 630 frater
838 561 1034 648 longe
1091 562 1443 630 carissime.
1511 560 1828 631 Salutant
1879 570 1946 629 te
2004 571 2202 648 atque

247 647 546 801 32¹⁰}ss
547 654 721 800 02¹1?
758 669 985 800 ‹irbrffies
1028 668 1256 716 omnes
1291 650 1421 715 mei
1465 660 1893 736 symmystae.
1973 649 2206 735 Tiguri

1444 873 1533 938 H.
1581 872 2031 959 Buningerus.

1129 1419 1328 1491 3623.

348 1573 479 1639 LA
540 1573 832 1641 mmm
894 1575 1020 1642 DE
1078 1575 1536 1643 NAVARRE
1598 1574 1724 1642 Au
1781 1560 2089 1643 SENAT

935 1678 1063 1745 DE
1109 1663 1517 1746 GENEVE.

420 1847 569 1914 Ello
599 1849 748 1932 prio
787 1853 971 1931 qu’on
1014 1850 1111 1915 lui
1145 1849 1340 1916 luisse
1378 1849 1696 1916 Theodora
1727 1851 1805 1918 de
1836 1849 2008 1916 Βὲιε
2039 1869 2211 1933 pour

247 1931 538 2017 wlws
579 1935 754 2002 mois-
782 1939 832 2013 ¹)
1212 1971 1220 1982 ·

246 2103 542 2172 (Arcbives
606 2105 676 2160 de
746 2104 983 2160 Geueve.
1091 2105 1279 2160 Pieces
1340 2107 1672 2178 historiques
1742 2108 1995 2162 fasciculo
2055 2105 2207 2161 1713.

832 2173 1207 2244 Souscription
1244 2176 1626 2246 autographe.)

250 2347 305 2411 A
352 2345 788 2429 maguifiques
833 2344 1195 2430 Seigueurs
1243 2347 1339 2412 les
1383 2347 1798 2432 scindicques
1833 2355 1901 2414 et
1941 2345 2210 2413 Oonseil

784 2429 865 2497 de
909 2431 975 2496 la
1021 2430 1174 2498 ville
1218 2431 1300 2498 de
1343 2431 1666 2500 Genefve.

415 2601 860 2686 Magnifiques
924 2601 1288 2688 Seigneurs
1354 2624 1522 2670 nous
1594 2626 1876 2671 sommes
1951 2605 2209 2671 rosolus

249 2695 307 2753 ct
349 2685 620 2753 advises
662 2689 913 2754 retenir
956 2709 1123 2772 pour
1166 2690 1326 2756 trois
1369 2712 1453 2756 ou
1491 2701 1723 2775 quatre
1765 2690 1934 2756 mois
1970 2713 2054 2756 au
2103 2710 2209 2757 res

250 2771 322 2840 ds
365 2794 541 2839 nous
582 2773 929 2840 venerable
975 2795 1296 2858 personne
1338 2776 1468 2843 Mr.
1515 2775 1855 2843 Theodore
1897 2779 1976 2844 de
2086 2797 2206 2855 eze,

249 2869 556 2943 esperant
588 2881 715 2943 que
758 2859 858 2926 les
892 2862 1226 2928 occasions
1270 2883 1340 2926 se
1382 2871 1842 2945 presenteront
1859 2866 1916 2942 2)
1962 2860 2209 2929 durant

250 2963 313 3010 ce
365 2953 588 3029 temps
640 2966 767 3028 que
825 2947 999 3016 Dien
1056 2967 1126 3013 se
1176 2969 1422 3030 pourra
1470 2949 1683 3014 servir
1735 2947 1816 3015 de
1873 2948 1993 3032 luy
2039 2967 2207 3032 pour

250 3028 309 3095 la
362 3032 522 3114 paix
579 3031 661 3098 de
720 3053 840 3098 son
895 3033 1098 3118 eglise
1152 3045 1219 3100 et
1276 3033 1340 3101 le
1398 3033 1549 3102 bien
1593 3034 1674 3101 de
1717 3033 1783 3100 la
1824 3034 2208 3119 republique

252 3115 678 3184 chrestienne.
783 3117 973 3185 Vous
1030 3131 1276 3205 pryant
1339 3142 1508 3204 pour
1558 3142 1692 3187 une
1747 3122 1802 3187 si
1868 3121 2084 3187 bonne
2141 3128 2211 3185 et

253 3204 613 3271 necessaire
691 3225 885 3271 cause
949 3205 1209 3271 vouloir
1274 3226 1550 3273 excuser
1611 3206 1677 3272 le
1744 3205 2033 3273 desfault
2095 3206 2211 3289 qui

256 3308 410 3355 vous
454 3290 642 3373 peult
681 3289 822 3356 fere
912 3312 987 3357 ar
1028 3312 1151 3358 son
1187 3292 1465 3359 absence
1499 3301 1567 3359 et
1600 3291 1895 3376 preferer
1927 3292 2208 3358 l’utillite

255 3393 595 3441 commune
651 3385 716 3441 et
772 3376 1166 3443 universelle
1223 3399 1264 3444 a
1325 3378 1390 3443 la
1441 3387 1667 3446 vostre
1721 3377 1999 3463 laquelle
2043 3399 2211 3461 pour

256 3459 385 3525 cela
419 3482 589 3527 nous
624 3462 948 3528 nenvions
983 3464 1222 3546 poinct.
1288 3464 1461 3529 Ains
1497 3466 1721 3549 prions
1755 3476 1978 3531 nostre
2013 3464 2208 3543 Dieu,

256 3548 681 3631 maguifiques
735 3546 1116 3632 Seigueurs,
1183 3549 1248 3614 18
1302 3569 1471 3615 vous
1527 3571 1880 3617 conserver
1936 3560 2005 3615 et
2047 3570 2211 3616 vous

259 3634 418 3697 tenir
483 3652 568 3697 en
636 3654 711 3698 sa
765 3634 1129 3717 protection
1196 3646 1266 3700 et
1322 3636 1751 3719 sauvegarde.
1839 3636 2109 3717 Escript
2172 3653 2214 3699 a

260 3714 374 3865 ἳὲδ
395 3717 717 3784 Germain
773 3738 858 3784 en
914 3719 1099 3784 Laie.
1187 3721 1290 3786 Le
1349 3742 1483 3786 xxv
1518 3723 1672 3804 jour
1715 3720 1796 3786 de
1838 3720 2212 3786 Novembre

1295 3943 1401 4008 La
1444 3962 1653 4027 royne
1697 3941 1778 4008 de
1824 3942 2123 4009 Navarre

1569 4029 1896 4095 Jehanne.

456 4248 519 4317 1)
558 4249 646 4313 Of.
679 4248 743 4303 N.
781 4249 944 4305 3619.
979 4249 1137 4304 3621.

450 4316 511 4385 2)
549 4316 809 4387 Low-m
842 4319 895 4374 d.
943 4320 997 4374 d.
1033 4318 1119 4373 26.
1162 4319 1275 4375 Oct.
1313 4320 1366 4373 d.
1406 4319 1534 4373 153:
1606 4319 1824 4373 Dictum
1860 4327 1945 4374 est
1978 4320 2113 4373 mihi
2150 4321 2209 4373 iu

406 4385 671 4457 Reginam
705 4403 771 4442 ac
800 4388 1107 4442 Navarrum
1142 4388 1466 4459 permittere
1502 4396 1564 4441 ut
1598 4406 1633 4441 a
1667 4389 1871 4442 uostris
1906 4395 2207 4443 conventus

442 4455 737 4511 dummodo
788 4472 899 4511 nou
944 4458 1129 4526 plures
1177 4474 1339 4525 quam
1376 4457 1598 4510 ducenti
1633 4459 1961 4512 conveniant
1996 4467 2054 4511 et
2087 4458 2209 4512 siue

500 4524 624 4579 Hoc
666 4532 853 4580 tamen
901 4526 1141 4581 nondum
1187 4534 1273 4580 eet
1307 4526 1669 4596 significatum
1704 4527 1933 4596 publice.
2005 4526 2207 4580 Admo-

266 4587 379 4644 dum
421 4606 610 4649 severe
652 4596 762 4648 iam
813 4594 903 4648 hic
955 4601 1328 4665 exsequuntur
1381 4595 1622 4649 edictum
1674 4595 1744 4649 de
1787 4612 1888 4651 usu
1931 4611 2206 4649 umorum

264 4656 552 4727 intes-dicto,
608 4664 753 4732 quod
797 4671 931 4733 puto
977 4664 1100 4718 ideo
1134 4664 1253 4718 fleri
1309 4672 1374 4717 ut
1416 4664 1649 4734 populus
1693 4664 1905 4719 facilius
1963 4680 2206 4733 compes·

264 4733 403 4783 catur
434 4732 479 4783 si
516 4732 897 4798 tumultuetur,
931 4733 1149 4801 quaudo
1183 4738 1484 4787 conventus
1520 4733 1724 4802 publici
1759 4734 2140 4788 concedentur.

266 4449 433 4576 ΕΞ
266 4385 375 4437 Ε-

448 5397 667 5455 Οαὶοᾶκ·
692 5414 879 5470 opera.
958 5396 1077 5453 Vol.
1105 5397 1279 5453 xlx.

1951 378 2110 442 1561
2161 374 2567 443 NOVEMB.

4147 381 4271 444 130

3191 561 3391 632 3624.

2925 714 3170 782 ΒΕΖΔ
3204 715 3644 783 OALVINO.

2489 888 2705 955 Novae
2757 906 2966 953 morae
3018 892 3076 952 et
3130 886 3616 970 sollicitationes,
3665 893 3723 953 et
3770 889 4170 956 eudociam
4208 893 4270 955 st

2301 994 2642 1128 pm
2676 974 3237 1126 ddffldeipsius
3266 974 4006 1126 disces-summat.
4052 1062 4065 1075 ⁹
4093 975 4271 1127 Im

2310 1168 2381 1213 re
2422 1079 3215 1215 abeunttaiumszalduini
3247 1147 3550 1212 acerrime
3581 1080 3997 1213 notatim
4032 1061 4268 1213 graba.

2473 1318 2812 1390 autographo
2857 1319 2983 1374 Ood.
3025 1320 3227 1374 Genev.
3275 1317 3396 1383 117,
3442 1320 3536 1373 fol.
3586 1317 3673 1376 48.
3725 1346 3785 1357 ·-
3835 1319 4059 1373 Habent
4104 1320 4273 1374 etim

2431 1430 2443 1442 .
2481 1390 2683 1444 Gener.
2735 1386 2857 1454 119,
2901 1390 2993 1443 fol.
3040 1387 3138 1454 99;
3174 1385 3306 1444 Cod.
3351 1389 3518 1442 Beru.
3568 1388 3711 1458 Epp.
3759 1387 3857 1442 VI.
3904 1386 4023 1455 967,
4071 1386 4271 1443 Simler

2424 1458 2551 1513 Vol.
2593 1457 2707 1512 102.
2745 1458 2932 1512 Baum.
2969 1457 3040 1511 11.
3073 1459 3215 1528 App.
3252 1455 3372 1512 133.
3442 1455 3734 1528 Inscriptio
3770 1456 4156 1523 desideratur.)

2488 1629 2559 1696 S.
2628 1631 2847 1696 Triste
2905 1628 3093 1707 illud,
3134 1634 3184 1708 ¹)
3245 1628 3417 1713 quod
3466 1629 3819 1714 postremis
3875 1628 4006 1696 tuis
4063 1628 4274 1694 literis

2313 1715 2698 1801 significasti
2769 1726 2833 1782 te
2899 1715 3180 1781 ominari
3203 1767 3221 1795 ,
3288 1715 3421 1780 iam
3493 1714 3748 1799 pridem
3826 1735 3932 1780 me
3992 1723 4272 1798 torquet.

2313 1802 2559 1868 Restiti
2616 1814 2938 1886 quantum
2993 1802 3174 1885 potui
3225 1803 3398 1868 sicut
3438 1800 3624 1868 brevi
3678 1821 4045 1886 cognosces.
4137 1798 4276 1867 Sed

2312 1887 2581 1954 tandem
2624 1887 2791 1953 mihi
2849 1887 3223 1954 faciendum
3282 1887 3411 1953 fuit
3450 1886 3623 1971 quod
3669 1886 3884 1953 solent
3938 1886 4054 1970 qui
4093 1895 4274 1953 recto

2313 1995 2508 2041 cursu
2563 1994 2698 2040 non
2741 1982 3015 2057 possunt
3057 1974 3131 2038 in
3174 1980 3439 2056 portum
3482 1983 3852 2056 penetrare.
3940 1972 4275 2057 Hyemem

2313 2060 2467 2140 illis,
2515 2080 2636 2144 pro
2685 2079 2763 2125 eo
2820 2057 2995 2144 quod
3043 2059 3376 2144 petebant,
3432 2065 3696 2142 (nempe
3756 2069 3832 2123 ut
3879 2058 4081 2123 semel
4142 2057 4275 2126 huc

2312 2148 2703 2230 migrarem)
2759 2146 3069 2224 concessi,
3121 2144 3238 2211 sed
3296 2142 3539 2228 duplici
3597 2143 3823 2210 addita
3879 2142 4274 2211 conditione.

2314 2232 2470 2299 Una
2512 2240 2631 2310 est,
2676 2231 2735 2298 si
2777 2232 2874 2298 ita
2929 2231 3334 2298 censueritis.
3423 2230 3657 2296 Altera
3698 2230 3766 2296 si'
3798 2238 3948 2314 post
3991 2231 4271 2297 Decem·

2314 2319 2451 2385 bris
2499 2329 2902 2384 conventum
2958 2317 3190 2384 videro
3248 2337 3515 2399 operam
3568 2335 3786 2381 meam
3829 2314 3940 2382 his
3982 2316 4277 2384 ecclesiis

2313 2425 2458 2471 8888
2500 2404 2955 2471 necessariam.
3044 2403 3190 2468 Iam
3234 2410 3529 2468 vestrum
3572 2411 3674 2468 est
3714 2400 4030 2468 iudicium
4073 2423 4114 2468 a
4145 2424 4274 2486 quo

2315 2511 2401 2556 ne
2444 2490 2653 2556 latum
2697 2490 2965 2573 quidem
3009 2510 3300 2573 unguem
3337 2486 3689 2555 discedam.
3778 2486 3972 2569 Quod
4018 2489 4075 2554 si
4117 2509 4275 2555 nos·

2316 2598 2418 2642 ses
2485 2584 2647 2660 quot
2707 2584 2777 2640 et
2831 2595 3026 2658 quam
3095 2574 3458 2640 multorum
3523 2573 3828 2658 precibus
3893 2575 4274 2653 restiterim,

2310 2671 2486 2728 certe
2531 2683 2662 2727 non
2706 2660 2899 2727 modo
2943 2658 3278 2727 difficilem
3323 2658 3438 2726 sed
3496 2659 3698 2725 etiam
3741 2659 4162 2725 obfirmatum
4205 2669 4277 2726 et

2309 2750 2715 2833 pertinacem
2765 2766 2908 2814 esse
2973 2767 3078 2812 me
3145 2744 3411 2813 diceres.
3513 2744 3694 2826 Quid
3750 2744 4012 2830 cupiam
4077 2746 4274 2825 nosti,

2309 2832 2469 2918 quid
2513 2833 2822 2917 expediat
2857 2851 2995 2898 non
3017 2853 3284 2916 possum
3328 2831 3488 2898 satis
3512 2831 3922 2908 constituere,
3964 2831 4274 2914 quoniam

2314 2921 2381 2984 in
2427 2919 2723 2985 diversas
2766 2928 2989 3001 partes
3034 2919 3272 3003 rapior.
3343 2918 3526 2984 Dum
3562 2918 3774 2999 cogito
3810 2925 3959 2983 tuos
3994 2916 4272 2998 labores,

2312 3004 2850 3075 scholasticorum
2873 3003 3386 3084 multitudinem,
3412 3001 3593 3071 urbis
3615 3011 3881 3070 nostrae
3917 3002 4274 3085 commoda,

2310 3114 2527 3158 meam
2575 3091 2855 3174 denique
2898 3091 3184 3174 quietem
3221 3111 3420 3174 quam
3463 3109 3586 3174 ego
3631 3110 3910 3174 semper,
3946 3091 4078 3157 Dei
4121 3112 4276 3176 gra-

2312 3181 2421 3259 tia,
2473 3177 2775 3243 omnibus
2830 3177 2972 3243 istis
3024 3176 3336 3243 inanibus
3393 3174 3852 3258 splendoribus
3911 3178 4274 3261 anteposui,

2312 3272 2492 3331 totus
2531 3265 2702 3330 istuc
2756 3263 2967 3348 gestio
3012 3263 3297 3329 avolare.
3387 3260 3521 3329 Sed
3581 3260 3739 3327 dum
3784 3262 4075 3329 vicissim
4117 3282 4276 3331 con·

2314 3350 2531 3417 sidero
2577 3350 3017 3426 nostrorum2)
3054 3347 3450 3427 tarditatem,
3487 3347 3617 3414 nisi
3662 3347 3944 3432 singulis
3979 3369 4276 3415 momen·

2314 3438 2400 3502 tis
2435 3436 2832 3514 excitentur,
2869 3435 3243 3502 occasiones
3285 3436 3630 3511 maximas,
3667 3434 4038 3517 opinionem
4076 3455 4276 3519 quam

2315 3523 2395 3588 de
2454 3544 2561 3587 me
2614 3522 2833 3587 nescio
2883 3542 3013 3605 quo
3068 3518 3263 3586 modo
3305 3519 3602 3604 plerique
3660 3518 3770 3585 hic
3810 3529 4274 3604 conceperunt,

2314 3608 2600 3691 denique
2656 3607 3101 3691 plurimarum
3157 3606 3583 3673 ecclesiarum
3642 3625 3886 3688 preces,
3944 3627 4115 3689 quae
4158 3628 4274 3672 ne-

2314 3697 2598 3761 cessario
2647 3701 2941 3777 tempore
2997 3714 3068 3759 se
3108 3715 3149 3759 a
3189 3714 3296 3759 me
3346 3690 3560 3758 deseri
3604 3702 3989 3774 queruntur,
4036 3693 4092 3759 si
4137 3701 4276 3757 tam

2314 3780 2444 3845 cito
2490 3787 2594 3857 (ut
2635 3779 3025 3862 loquuntur)
3080 3777 3429 3858 discedam,
3488 3787 3662 3843 totus
3723 3778 3959 3844 haereo
4016 3788 4085 3843 et
4126 3800 4275 3845 ves-

2315 3876 2492 3932 trum
2566 3862 2879 3931 iudicium
2949 3884 3308 3949 suspensus
3374 3868 3699 3947 exspecto.
3799 3863 4033 3948 Itaque
4097 3864 4276 3930 intra

2312 3952 2591 4019 biduum
2649 3951 2805 4015 hinc
2850 3952 3298 4034 proficiscetur
3354 3949 3470 4032 qui
3513 3960 3887 4015 nostrorum
3932 3968 4277 4034 procerum

2312 4038 2540 4104 literas
2594 4036 2678 4102 ad
2731 4057 2849 4103 vos
2893 4057 3090 4119 super
3127 4036 3251 4101 hoc
3308 4036 3571 4120 negotio
3615 4034 3919 4120 perferat.
4008 4035 4276 4102 Interea

2313 4146 2432 4191 vos
2475 4123 2920 4208 praemonitos
2964 4121 3163 4196 volui,
3211 4131 3285 4187 ut
3331 4122 3643 4205 temporis
3687 4120 3933 4205 aliquid
3978 4119 4062 4186 ad
4112 4120 4274 4187 deli-

2311 4208 2678 4276 berandum
2724 4207 3041 4274 habeatis.
3131 4207 3276 4272 Iam
3324 4206 3405 4272 de
3449 4206 3652 4273 rebus
3687 4206 3834 4271 aliis
3878 4208 4117 4291 accipe.

2484 4294 2787 4360 Plurima
2819 4293 3008 4359 nobis
3053 4294 3122 4358 in
3171 4292 3466 4376 singulas
3510 4292 3709 4359 horas
3755 4294 4155 4358 nunciantur
4190 4290 4272 4358 de

2312 4382 2600 4448 hostium
2647 4379 3225 4445 coniurationibus.
3289 4379 3567 4445 Nostros
3609 4380 3863 4444 interea
3904 4399 4037 4443 non
4074 4378 4271 4444 video

2310 4485 2712 4552 magnopere
2785 4465 3216 4541 commoveri,
3280 4464 3582 4548 quamvis
3647 4483 3918 4529 monere
3942 4514 3958 4541 ,
4017 4463 4268 4528 hortari

2308 4566 2504 4638 atque
2569 4553 2763 4617 etiam
2827 4550 3034 4617 libere
3098 4548 3446 4634 obiurgare
3503 4572 3634 4615 non
3702 4549 4014 4614 desinam.
4104 4547 4268 4614 Dux

2314 4640 2611 4706 Nemorsi
2666 4638 2777 4721 qui
2839 4635 3276 4702 Aureliensem
3329 4637 3721 4719 intercipere
3781 4634 4094 4712 voluerat,
4151 4655 4269 4700 ex-

2309 4726 2679 4791 cusationes
2734 4723 2933 4799 misit,
2985 4720 3098 4788 sed
3157 4742 3323 4805 quae
3365 4723 3846 4788 accusationem
3891 4717 4271 4799 plenissime

2307 4814 2700 4879 confirment
2768 4818 2836 4874 et
2891 4807 3185 4874 conscios
3265 4807 3459 4873 valde
3539 4814 3841 4890 gravent.
3866 4807 3919 4877 ⁸)
4029 4801 4270 4887 Itaque

2303 5034 2579 5101 86241)
2612 5033 2906 5101 longiorem
2942 5047 3149 5088 mrum
3183 5036 3337 5100 puta.

2511 5102 2546 5155 2
2601 5115 2891 5170 procerum
2926 5099 3081 5169 apud
3112 5115 3252 5169 quos
3283 5096 3588 5154 manuario
3610 5093 3968 5172 Ῐυηρώᾳίιη.

2609 5170 2862 5239 Lonyuct
2912 5168 2985 5224 11.
3024 5168 3127 5223 160
3174 5169 3227 5222 d.
3279 5168 3330 5223 d.
3374 5166 3456 5219 26.
3495 5164 3679 5243 Nova·
3741 5162 3945 5242 Sgcnpsi
3980 5174 4171 5242 nuper·
4196 5164 4269 5217 de

2303 5241 2440 5296 duce
2488 5241 2557 5294 de
2602 5239 2898 5293 Nemours:
2944 5242 2989 5292 is
3035 5238 3143 5291 ism
3187 5238 3304 5305 agit
3347 5235 3404 5288 in
3453 5232 3812 5313 bothan-’ingla
3858 5245 3942 5297 ap.
3993 5245 4272 5285 sororium

2305 5326 2464 5363 suum
2498 5310 2751 5363 comitem
2789 5307 3294 5361 valdemontanum.
3361 5301 3549 5372 Nuper
3581 5304 3735 5354 misit
3765 5316 3822 5350 iu
3860 5297 4036 5349 aulam
4077 5299 4282 5362 (credo
