4900 6125
642 595 815 660 banc
870 591 1205 677 regionem
1255 591 1396 658 suis
1450 589 1817 658 mendaciis
1860 596 2351 675 pertraxerunt,
2408 589 2600 673 quasi

804 687 912 743 tus
968 683 1144 744 esset
1198 676 1390 743 miles
1447 684 1517 742 et
1572 677 1852 744 missum
1906 697 1993 742 ex
2047 677 2155 741 An
2205 675 2296 741 lia
2347 677 2600 760 stipen-

688 765 841 830 ‘nm.
919 763 1295 846 Utrumque
1338 761 1575 829 falsum
1621 782 1765 829 esse
1809 760 2141 847 deprehen
2193 762 2207 775 ⁶
2283 781 2393 827 us:
2440 780 2600 826 nam

638 871 851 935 neque
892 847 1106 915 multo
1150 848 1373 933 plures
1425 856 1583 914 sunt
1624 847 1832 933 Angli
1873 867 2071 931 qnam
2111 848 2407 931 requirat
2449 866 2600 931 por·

636 947 744 1002 tus
799 936 1204 1016 Gratiensis,
1260 955 1471 1017 neque
1529 933 1730 1000 allata
1787 941 1932 999 erat
1976 935 2271 1017 pecunia.
2355 930 2465 998 Ab
2520 952 2600 997 eo

636 1031 931 1106 tempore
959 1025 1015 1096 ⁴)
1060 1022 1241 1086 venti
1300 1019 1416 1086 diu
1470 1020 1733 1087 adversi
1789 1040 1912 1085 nos
1963 1039 2311 1103 suspensos
2363 1024 2599 1084 tenue-

636 1119 826 1174 runt:
886 1105 1152 1173 tandem
1198 1113 1418 1172 tamen
1477 1106 1783 1189 promissi
1837 1106 2147 1189 stipendii
2190 1105 2401 1170 maior
2440 1123 2599 1189 pars

634 1215 719 1278 ap
767 1193 910 1272 ulit,
969 1192 1292 1276 reliquam
1345 1190 1636 1275 qnotidie
1683 1199 2162 1274 exspectamus.
2252 1191 2344 1256 Et
2384 1191 2600 1255 fertur

634 1215 826 1347 miYes
890 1278 962 1344 in
1032 1277 1270 1363 Anglia
1332 1277 1675 1344 conscribi.
1767 1277 1963 1358 Quod
2027 1277 2161 1342 nisi
2224 1275 2413 1342 Deus
2476 1295 2598 1341 nos

635 1365 1053 1449 respexisset,
1109 1371 1384 1429 ventum
1437 1371 1611 1430 esset
1662 1362 1746 1429 ad
1800 1375 2191 1429 extremum.
2264 1362 2400 1429 Sed
2444 1360 2600 1427 vide

678 1471 830 1516 nam
873 1461 1242 1534 opportune
1276 1449 1464 1514 nobis
1500 1449 1802 1517 adfuerit.
1873 1449 2176 1515 Primum
2212 1448 2515 1514 omnium
2545 1450 2599 1525 ⁸)

634 1473 963 1604 {ominus
1001 1537 1095 1601 ita
1116 1535 1445 1602 continuit
1466 1534 1953 1602 Germanorum
1976 1535 2231 1600 animos
2258 1541 2333 1598 ut
2367 1542 2600 1600 contra

635 1643 819 1708 spem
865 1641 1129 1687 omnem
1175 1620 1389 1688 adhuc
1425 1622 1629 1704 quieti
1673 1620 2015 1688 nobiscum
2059 1620 2283 1687 omnia
2325 1637 2596 1702 exspec-

635 1717 796 1774 tent.
887 1707 1241 1773 Praeterea
1293 1706 1492 1773 biduo
1534 1706 2013 1773 Oadomensem
2067 1726 2306 1783 arcem,
2330 1707 2382 1785 ⁸)
2427 1725 2598 1789 quae

634 1790 1189 1948 ffissssss'uffifflz
1207 1791 1559 1944 'fflffi
1590 1791 2595 1945 22.2¹2¹{¹”23„2⁸2.35.}i2.5333·

635 1964 934 2031 hostibus
994 1964 1089 2029 ita
1152 1975 1423 2048 repente
1483 1964 1826 2047 perculsis,
1892 1974 1970 2029 ut
2021 1964 2138 2028 vix
2203 1963 2402 2028 unius
2466 1960 2597 2028 diei

635 2050 1195 2136 oppugnationem
1240 2050 1691 2116 sustinuerint.
1781 2049 2031 2117 Urbem
2066 2048 2251 2132 prius
2293 2047 2597 2114 obtinue-

638 2157 862 2202 ramus
907 2135 1218 2202 ecclesiae
1271 2155 1471 2218 opera
1525 2146 1594 2202 et
1636 2156 1976 2202 consensu.
2065 2136 2174 2201 Ita
2216 2134 2422 2219 igitur
2466 2155 2598 2199 non

638 2232 774 2289 tam
831 2223 1060 2289 urbem
1118 2243 1322 2288 unam
1386 2242 1585 2305 quam
1653 2230 1866 2287 totum
1928 2221 2109 2286 hunc
2172 2227 2460 2286 tractum
2526 2220 2596 2284 in

638 2309 939 2375 manibus
985 2307 1321 2387 habemus,
1379 2328 1502 2373 nec
1545 2307 1900 2392 quidquam
1954 2308 2087 2372 iam
2145 2306 2335 2372 nobis
2380 2305 2597 2371 obstat

629 2395 980 2479 quominus
1036 2393 1282 2477 absque
1338 2393 1472 2458 ullo
1499 2479 1513 2494 ο
1579 2393 1822 2492 ericulo
1879 2392 2322 2492 Britanniam,
2368 2390 2594 2456 Ande-

623 2500 849 2632 }‘0‘11'356
884 2477 2384 2642 1²53;32¹3:a.?‘.ss?²„;¹ffi.t¹3{322“¹21..“5330
2398 2497 2594 2646 930¹ss

625 2651 794 2717 lium
853 2651 1041 2717 inire.
1130 2649 1397 2717 Pedites
1457 2671 1612 2717 vero
1668 2649 1888 2716 nullos
1943 2648 2262 2715 babemus
2305 2656 2591 2731 paratos,

627 2735 745 2804 sed
803 2736 1072 2803 aliunde
1130 2743 1609 2821 exspectamus.
1685 2735 2005 2819 Equitatu
2054 2757 2209 2801 vero
2251 2755 2593 2817 nunquam

624 2843 831 2906 aeque
886 2830 961 2887 ut
1021 2843 1197 2888 nunc
1245 2821 1595 2888 valuimus.
1668 2821 1901 2888 Hostis
1945 2843 1982 2887 e
2025 2821 2352 2888 contrario
2408 2817 2594 2903 pedi-

626 2917 771 2976 tatu
815 2908 1016 2987 valet,
1062 2910 1426 2992 equitatum
1470 2909 1608 2974 fere
1648 2907 1910 2973 nullum
1944 2907 2162 2974 habet.
2233 2906 2272 2971 I
2385 2925 2488 2982 ue,
2535 2905 2593 2970 si

624 3015 793 3080 opus
837 2995 981 3075 erit,
1044 2995 1352 3061 existimo
1403 3015 1525 3060 nos
1584 3002 1918 3061 certamen
1962 3013 2097 3059 non
2145 3013 2288 3059 esse
2382 3000 2590 3057 etrec-

624 3090 903 3148 taturus.

626 3165 982 3319 Domssuuls1¹
1002 3165 1519 3319 diceneoumffloffl
1542 3165 1880 3319 «3ζῇἓίιὲ
1882 3186 1993 3335 321
2026 3172 2401 3350 grssgssnnbrm
2437 3180 2593 3315 m

626 3348 810 3404 trum
854 3337 1248 3405 confoderet.
1272 3336 1328 3422 ⁷)
1416 3335 1596 3419 Quid
1640 3337 1893 3405 consilii
1937 3357 2116 3403 emm
2171 3337 2411 3402 habeat
2456 3335 2589 3401 Re·

626 3425 789 3509 gina
830 3423 1193 3491 nescimus:
1240 3423 1356 3491 sed
1389 3432 1710 3507 quantum
1746 3443 2013 3507 possum
2056 3423 2376 3490 coniicere
2418 3442 2593 3487 nun-

669 3530 828 3576 uam
869 3509 1287 3593 conquiescet
1330 3508 1534 3576 donec
1578 3528 1650 3575 se
1691 3510 1902 3593 ipsam
1947 3509 2176 3575 invitis
2221 3508 2408 3574 nobis
2443 3528 2594 3591 per-

676 3593 887 3661 ‘derit.
963 3594 1239 3662 Certum
1283 3604 1385 3662 est
1419 3594 1845 3679 paucissimos
1879 3593 2170 3660 hostium
2208 3593 2407 3659 duces
2450 3614 2595 3659 esse

628 3681 1041 3766 superstites,
1081 3683 1385 3748 omnibus
1429 3683 1565 3747 fere
1608 3681 1976 3747 interfectis
2010 3680 2124 3763 qui
2168 3678 2495 3745 industria
2528 3686 2596 3744 et

628 3767 985 3834 autoritate
1020 3766 1345 3845 valebant,
1390 3787 1595 3851 quum
1638 3775 1862 3832 tamen
1905 3786 2136 3832 omnes
2172 3764 2381 3832 nostri
2424 3763 2592 3830 salvi

630 3853 784 3919 sint.
873 3852 1109 3937 Itaque
1164 3853 1323 3938 quid
1377 3854 1671 3920 futurum
1724 3853 1812 3918 sit
1854 3852 2147 3936 ambigo:
2207 3849 2323 3917 sed
2364 3858 2593 3949 tamen

630 3958 858 4091 3:2³?
891 3937 1549 4109 :3:3328233331
1588 3936 1836 4089 ⁸323..
1900 3935 2457 4090 mil:
2497 3934 2596 4119 ζῗῑ

632 4118 1006 4176 extremum
1045 4129 1252 4194 usque
1273 4110 1761 4196 perseveraret!
1796 4113 1851 4192 ⁸)
1907 4109 2158 4175 Parum
2195 4107 2409 4174 abfuit
2431 4126 2597 4190 qum

632 4195 1024 4349 effibeoemr'
1079 4197 1195 4263 sed
1249 4197 1322 4262 in
1376 4199 1521 4281 ipso
1575 4195 1855 4261 articulo
1897 4194 2225 4261 detectum
2271 4194 2399 4259 fuit
2439 4212 2598 4259 con-

633 4308 665 4349 s
744 4304 875 4349 um.

849 4570 911 4703 ⁴3
942 4572 1137 4655 Aiietm
1160 4581 1421 4655 ‘tempore
1461 4572 1533 4629 G.
1614 4642 1627 4654 ·
1870 4641 1881 4653 ⁶

845 4640 883 4694 ⁵
940 4656 1021 4698 Μ
1065 4642 1297 4713 lom-w·
1339 4639 1718 4712 mapa-amn
1766 4646 2092 4709 mae,
2139 4652 2245 4707 vro
2278 4652 2387 4707 «νο
2436 4635 2602 4692 θᾶῑπ

1758 4776 1890 4832 Noa
1939 4776 2199 4831 Martias.
2266 4772 2442 4839 (Heu.
2478 4774 2603 4831 eod.

640 4712 722 4767 ποῖ
756 4710 899 4765 niti:
935 4710 1001 4766 V.

944 4778 1684 4849 &mauman

2152 399 2684 469 EPISTOLAB
2729 404 3156 469 8912-3914
4543 411 4631 475 664

2874 590 3049 656 Puto
3090 610 3199 656 me
3249 591 3432 657 intra
3474 591 3614 658 dies
3655 612 3901 676 paucos
3958 594 4028 658 in
4073 592 4394 677 Angliam
4438 595 4634 662 naiso-

2705 683 2945 741 turum.
2968 679 3024 753 ⁰)
3111 676 3322 744 Vides
3385 686 3708 761 quantum
3782 698 3952 744 onus
4027 678 4194 744 mibi
4271 680 4635 763 imponatur.

2703 760 2934 845 Itaque
2975 761 3140 827 mihi
3182 762 3490 846 precibus
3548 765 3790 830 vestris
3844 763 4059 830 multo
4101 766 4316 850 magis
4359 786 4524 850 opus
4561 775 4636 834 est

2701 867 2898 931 quam
2965 857 3173 914 antea.
3259 846 3462 934 Oogit
3523 868 3648 915 nos
3712 849 4007 916 hostium
4073 851 4289 917 rabies
4355 850 4442 916 ad
4505 851 4634 920 base

2701 932 2975 1000 consilia
2995 932 3404 1016 descendere,
3441 955 3610 1018 quae
3644 946 3869 1001 tamen
3903 956 4096 1020 spero
4117 937 4374 1019 patriae
4409 945 4480 1004 et
4497 937 4636 1024 Regi

2702 1016 2918 1084 fraudi
2975 1040 3110 1086 non
3166 1020 3403 1086 futura.
3487 1019 3870 1088 Posidonius
3911 1043 4090 1088 nunc
4149 1020 4420 1088 demum
4465 1025 4634 1108 viget,

2701 1112 2771 1169 et
2847 1125 3008 1171 sane
3071 1106 3129 1171 si
3191 1113 3426 1190 pergat
3492 1105 3733 1191 dignus
3805 1107 3937 1172 erit
4012 1108 4376 1173 immortali
4453 1107 4634 1174 laude.

2701 1188 2928 1271 Quum
2979 1190 3079 1257 illi
3134 1192 3605 1275 significassem
3649 1215 3756 1259 me
3799 1193 3884 1259 ad
3928 1202 3997 1259 te
4041 1195 4344 1272 scribere,
4407 1196 4636 1279 rogavit

2700 1285 2775 1341 ut
2807 1297 2899 1377 ose
2957 1275 3077 1343 tibi
3133 1296 3514 1343 excusarem
3562 1278 3737 1360 quod
3782 1299 3994 1361 neque
4049 1289 4249 1345 antea
4290 1289 4428 1344 tam
4471 1301 4636 1365 saepe

2699 1363 3035 1445 scripserit
3076 1383 3274 1446 quam
3307 1363 3589 1444 volebat,
3634 1385 3712 1432 ac
3756 1385 3842 1430 ne
3884 1386 4068 1432 nunc
4111 1365 4382 1448 quidem
4425 1366 4638 1432 sci-ibat

2698 1446 3026 1514 immensa
3065 1450 3479 1533 negot-iorum
3525 1448 3699 1515 mole
3744 1470 4114 1534 oppressus,
4173 1461 4241 1516 et
4295 1451 4544 1517 addidit
4578 1463 4638 1517 ut

2700 1534 3033 1600 communi
3076 1535 3344 1601 nomine
3388 1534 3471 1600 de
3513 1536 3709 1602 rebus
3751 1537 4000 1604 nostris
4043 1538 4128 1602 ad
4174 1547 4238 1602 te
4292 1538 4634 1604 scriberem.

2700 1617 2839 1686 Sed
2884 1618 2966 1684 de
3010 1618 3117 1684 his
3161 1621 3338 1686 satis.

2871 1705 3017 1771 Iam
3062 1705 3145 1770 ad
3205 1727 3311 1770 me
3363 1706 3584 1789 ipsum
3624 1709 3837 1773 venio.
3920 1707 4213 1793 Corpore
4271 1709 4434 1775 satis
4477 1709 4636 1774 valeo

2700 1789 2831 1856 Dei
2871 1791 3103 1874 gratia,
3151 1792 3374 1857 animo
3409 1793 3607 1876 paulo
3654 1793 3893 1859 melius
3926 1816 4126 1878 quam
4162 1805 4336 1860 ante.
4409 1793 4542 1861 Sed
4577 1805 4638 1860 ut

2702 1876 2998 1942 dicamus
3043 1877 3216 1960 quod
3273 1899 3381 1943 res
3425 1889 3551 1945 est:
3615 1880 3744 1945 nisi
3787 1901 3897 1945 me
3939 1880 4232 1946 viderem
4283 1900 4416 1946 non
4463 1881 4638 1948 inuti·

2698 1961 2832 2027 lem
2886 1961 2998 2027 hic
3051 1984 3214 2042 esse,
3278 1973 3356 2029 ut
3410 1985 3588 2031 nunc
3631 1965 3897 2049 quidem
3955 1987 4064 2032 res
4126 1975 4300 2047 sunt,
4367 1967 4638 2034 vinceret

2698 2046 3133 2131 impatientia,
3192 2070 3405 2132 neque
3458 2059 3907 2134 exspectarem
3950 2051 4110 2117 dum
4154 2072 4195 2117 a
4238 2053 4434 2118 vobis
4475 2073 4638 2118 revo-

2699 2153 2905 2209 carer,
2961 2143 3158 2218 atque
3217 2136 3379 2200 adeo
3433 2132 3781 2219 quibusvis
3881 2136 4147 2203 ericulis
4211 2159 4320 2203 me
4383 2137 4638 2204 libenter

2698 2219 3066 2297 obiicerem,
3106 2232 3179 2285 ut
3212 2222 3446 2287 saltem
3466 2241 3730 2304 possem
3753 2243 3838 2288 vo
3884 2224 4094 2289 iscum
4117 2224 4464 2308 respirare.
4525 2221 4638 2290 Sed

2697 2303 2961 2388 quando
3004 2307 3100 2370 ita
3134 2326 3303 2389 opus
3336 2315 3455 2384 est,
3500 2309 3785 2374 conabor
3821 2307 4021 2374 huius
4056 2310 4409 2393 legationis
4441 2310 4638 2375 labore

2699 2390 2988 2475 defungi,
3032 2393 3144 2474 qui
3167 2393 3423 2457 utinam
3459 2394 3546 2458 sit
3580 2415 3760 2460 nunc
3785 2394 4049 2478 quidem
4077 2395 4387 2460 ultimus!
4473 2393 4640 2476 Quod

2698 2477 2757 2541 si
2813 2477 3015 2542 etiam
3069 2477 3307 2558 licebit,
3374 2477 3529 2544 inde
3581 2481 3800 2563 potius
3855 2479 3940 2545 ad
3995 2501 4114 2545 vos
4154 2502 4356 2565 quam
4413 2482 4486 2547 in
4539 2480 4638 2545 bn

2701 2570 3127 2645 tempestates
3167 2566 3413 2629 reverti
3457 2566 3791 2631 constitui.
3865 2564 4019 2647 Qua
4053 2564 4134 2631 de
4177 2586 4251 2630 re
4295 2567 4552 2650 plenius
4585 2575 4640 2631 st

2698 2649 2943 2714 certius
3002 2650 3084 2714 ad
3141 2659 3210 2714 te
3263 2650 3546 2716 scribam
3589 2673 3792 2734 quum
3839 2649 4225 2717 Londiuum
4276 2671 4638 2736 pervenere.

2697 2733 2968 2799 Interea
3008 2755 3168 2819 rogo
3211 2745 3295 2815 te,
3342 2736 3434 2800 mi
3478 2745 3681 2818 pater,
3740 2757 3878 2802 una
3919 2758 4073 2803 cum
4117 2737 4428 2804 omnibus
4469 2737 4638 2804 colle-

2698 2820 2802 2904 gis
2844 2828 2922 2884 ut
2964 2822 3092 2886 mei
3135 2821 3570 2887 memineritis
3615 2822 3792 2907 apud
3837 2831 4161 2904 senatum,
4221 2844 4309 2889 ne
4365 2824 4642 2909 longiore

2697 2925 2848 2970 mea
2888 2926 3074 2972 mora
3116 2905 3506 2973 offendatur.

2869 2992 2976 3057 De
3040 3012 3250 3059 uxore
3317 2992 3484 3057 nihil
3548 2994 3761 3074 audio,
3831 3015 3914 3059 ex
3980 3014 4110 3078 quo
4175 3006 4278 3059 est
4340 2995 4644 3061 coniicere

2696 3098 2895 3162 quam
2940 3097 3174 3162 parum
3219 3087 3440 3144 tutum
3483 3081 3573 3146 sit
3614 3081 3839 3147 literas
3881 3081 4190 3165 cuiquam
4233 3084 4640 3148 committere.

2696 3163 2888 3248 Rogo
2929 3163 3403 3232 Normandium
3461 3175 3763 3233 nostrum
3822 3166 4018 3249 quod,
4076 3167 4136 3231 si
4192 3166 4358 3232 baec
4419 3165 4537 3232 tibi
4584 3166 4644 3229 in

2697 3258 2994 3334 tempore
3026 3248 3407 3330 reddantur,
3422 3254 3508 3328 ¹⁰)
3543 3250 3792 3336 aliquid
3834 3252 3936 3317 illi
3971 3251 4055 3317 de
4099 3273 4245 3318 mea
4280 3250 4644 3319 valetudine

2699 3355 2816 3419 per
2858 3344 3253 3404 mercatores
3308 3347 3567 3404 nostros
3621 3337 3884 3404 scribat.
3973 3338 4147 3404 Nam
4203 3348 4514 3422 suspecta
4562 3344 4647 3402 est

2696 3421 2864 3486 mihi
2928 3422 3137 3506 ipsius
3200 3423 3632 3508 impatientia,
3699 3445 3904 3507 quum
3968 3433 4194 3489 tamen
4261 3424 4518 3490 mederi
4575 3442 4646 3486 ne

2695 3506 2907 3574 literis
2963 3506 3232 3591 quidem
3285 3530 3569 3593 possum,
3629 3512 4014 3594 priusquam
4067 3511 4139 3575 in
4186 3510 4508 3596 Angliam
4547 3528 4644 3591 ap-

2696 3592 2946 3676 pulero.
3017 3594 3204 3660 Bene
3266 3594 3448 3672 vale,
3515 3596 3607 3660 mi
3673 3603 3880 3679 pater,
3943 3595 4275 3662 Dominus
4341 3595 4536 3661 Iesus
4593 3606 4646 3657 ts

2696 3688 3041 3746 conservet
3082 3687 3151 3745 et
3193 3681 3504 3765 miseram
3559 3680 3899 3747 ecclesiam
3941 3681 4337 3748 consoletur.
4411 3680 4644 3747 Fran-i-

2695 3766 2823 3830 bus
2887 3774 2955 3831 et
3019 3765 3247 3831 amicis
3326 3766 3630 3833 omnibus
3695 3765 3972 3832 multam
4052 3768 4337 3834 salutem
4419 3785 4648 3851 precor.

2697 3848 2986 3917 Oadomo
3033 3855 3088 3916 5.
3135 3851 3383 3917 Martii.

3422 3989 3605 4056 Tuus
3647 3990 3836 4057 cuius
3878 4008 4154 4055 manum
4196 3991 4522 4075 agnoscis.

3585 4531 3785 4602 3918.

3112 4683 3785 4754 BULLINGERUS
3821 4685 4263 4754 GALVINO.

2889 4857 4648 4939 Variatmditquaenovahabamaximaffludn.

2701 4942 4358 5026 mancaepammus-ommonem
4456 4941 4648 5010 send

2701 5029 4035 5113 mwmmediditmm.

2911 5252 3147 5391 932'012
3179 5253 3284 5335 nster
3319 5267 3432 5307 non
3467 5252 3722 5320 τιμωροὶ

2879 5321 2949 5376 10
3015 5320 3288 5377 Reddens
3317 5321 3548 5387 fua-nnn
3578 5320 3763 5390 proauo
3797 5318 3916 5376 Gal.
3953 5320 4097 5392 Apr.
