<?xml version="1.0" encoding="UTF-8"?>
<!DOCTYPE html PUBLIC "-//W3C//DTD XHTML 1.0 Transitional//EN"
    "http://www.w3.org/TR/xhtml1/DTD/xhtml1-transitional.dtd">
<html xmlns="http://www.w3.org/1999/xhtml" xml:lang="en" lang="en">
 <head>
  <title>
</title>
<meta http-equiv="Content-Type" content="text/html;charset=utf-8" />
  <meta name='ocr-system' content='tesseract 3.04.00' />
  <meta name='ocr-capabilities' content='ocr_page ocr_carea ocr_par ocr_line ocrx_word'/>
</head>
<body>
  <div class='ocr_page' id='page_1' title='image "./ioanniscalvinio12unkngoog/ioanniscalvinio12unkngoog_0614.png"; bbox 0 0 4900 6125; ppageno 0'>
   <div class='ocr_carea' id='block_1_1' title="bbox 605 439 736 500">
    <p class='ocr_par' dir='ltr' id='par_1_1' title="bbox 605 439 736 500">
     <span class='ocr_line' id='line_1_1' title="bbox 605 439 736 500; baseline 0 -1"><span class='ocrx_word' id='word_1_1' title='bbox 605 439 736 500; x_wconf 81' lang='grc'>407</span> 
     </span>
    </p>
   </div>
   <div class='ocr_carea' id='block_1_2' title="bbox 1156 622 2059 847">
    <p class='ocr_par' dir='ltr' id='par_1_2' title="bbox 1156 622 2059 847">
     <span class='ocr_line' id='line_1_2' title="bbox 1502 622 1692 694; baseline -0.005 -2"><span class='ocrx_word' id='word_1_2' title='bbox 1502 622 1692 694; x_wconf 75' lang='grc'><strong>4162.</strong></span> 
     </span>
     <span class='ocr_line' id='line_1_3' title="bbox 1156 778 2059 847; baseline 0.001 -2"><span class='ocrx_word' id='word_1_3' title='bbox 1156 778 1636 846; x_wconf 82' lang='lat' dir='ltr'>OALVINUS</span> <span class='ocrx_word' id='word_1_4' title='bbox 1683 779 2059 847; x_wconf 73' lang='lat' dir='ltr'><strong>VIRE&#39;I&#39;O.</strong></span> 
     </span>
    </p>
   </div>
   <div class='ocr_carea' id='block_1_3' title="bbox 785 947 2589 1033">
    <p class='ocr_par' dir='ltr' id='par_1_3' title="bbox 785 947 2589 1033">
     <span class='ocr_line' id='line_1_4' title="bbox 785 947 2589 1033; baseline 0.004 -20"><span class='ocrx_word' id='word_1_5' title='bbox 785 947 1033 1015; x_wconf 75' lang='lat' dir='ltr'><strong><em>Invitat</em></strong></span> <span class='ocrx_word' id='word_1_6' title='bbox 1074 970 1221 1016; x_wconf 78' lang='lat' dir='ltr'>eum</span> <span class='ocrx_word' id='word_1_7' title='bbox 1265 953 1354 1017; x_wconf 79' lang='lat' dir='ltr'>ad</span> <span class='ocrx_word' id='word_1_8' title='bbox 1396 952 1665 1033; x_wconf 74' lang='lat' dir='ltr'>nuptias</span> <span class='ocrx_word' id='word_1_9' title='bbox 1704 954 1947 1019; x_wconf 77' lang='lat' dir='ltr'>sororis</span> <span class='ocrx_word' id='word_1_10' title='bbox 1987 952 2273 1020; x_wconf 77' lang='lat' dir='ltr'>Fallesii.</span> <span class='ocrx_word' id='word_1_11' title='bbox 2364 953 2589 1020; x_wconf 80' lang='lat' dir='ltr'>Mone-</span> 
     </span>
    </p>
   </div>
   <div class='ocr_carea' id='block_1_4' title="bbox 603 1036 1496 1104">
    <p class='ocr_par' dir='ltr' id='par_1_4' title="bbox 603 1036 1496 1104">
     <span class='ocr_line' id='line_1_5' title="bbox 603 1036 1496 1104; baseline 0.003 -3"><span class='ocrx_word' id='word_1_12' title='bbox 603 1039 713 1101; x_wconf 71' lang='lat' dir='ltr'>tus</span> <span class='ocrx_word' id='word_1_13' title='bbox 755 1036 826 1100; x_wconf 76' lang='lat' dir='ltr'>in</span> <span class='ocrx_word' id='word_1_14' title='bbox 868 1036 1126 1102; x_wconf 76' lang='lat' dir='ltr'>vincula</span> <span class='ocrx_word' id='word_1_15' title='bbox 1167 1039 1496 1104; x_wconf 74' lang='lat' dir='ltr'>coniectus.</span> 
     </span>
    </p>
   </div>
   <div class='ocr_carea' id='block_1_5' title="bbox 607 1206 2592 1281">
    <p class='ocr_par' dir='ltr' id='par_1_5' title="bbox 607 1206 2592 1281">
     <span class='ocr_line' id='line_1_6' title="bbox 607 1206 2592 1281; baseline 0.003 -22"><span class='ocrx_word' id='word_1_16' title='bbox 607 1206 720 1272; x_wconf 75' lang='lat' dir='ltr'>(Ex</span> <span class='ocrx_word' id='word_1_17' title='bbox 775 1207 1119 1276; x_wconf 75' lang='lat' dir='ltr'>autographo</span> <span class='ocrx_word' id='word_1_18' title='bbox 1155 1208 1289 1263; x_wconf 91' lang='lat' dir='ltr'>Cod.</span> <span class='ocrx_word' id='word_1_19' title='bbox 1325 1211 1531 1264; x_wconf 82' lang='lat' dir='ltr'>Genev.</span> <span class='ocrx_word' id='word_1_20' title='bbox 1573 1209 1704 1264; x_wconf 77' lang='lat'><strong>107·</strong></span> <span class='ocrx_word' id='word_1_21' title='bbox 1783 1211 1875 1265; x_wconf 76' lang='lat' dir='ltr'>fol.</span> <span class='ocrx_word' id='word_1_22' title='bbox 1919 1210 2044 1278; x_wconf 76' lang='lat'>1193</span> <span class='ocrx_word' id='word_1_23' title='bbox 2080 1219 2304 1281; x_wconf 84' lang='lat' dir='ltr'>praeter</span> <span class='ocrx_word' id='word_1_24' title='bbox 2337 1212 2486 1281; x_wconf 87' lang='lat' dir='ltr'>quod</span> <span class='ocrx_word' id='word_1_25' title='bbox 2521 1213 2592 1266; x_wconf 80' lang='lat' dir='ltr'>ad</span> 
     </span>
    </p>
   </div>
   <div class='ocr_carea' id='block_1_6' title="bbox 607 1254 2601 1347">
    <p class='ocr_par' dir='ltr' id='par_1_6' title="bbox 607 1254 2601 1347">
     <span class='ocr_line' id='line_1_7' title="bbox 607 1254 2601 1347; baseline 0.005 -19"><span class='ocrx_word' id='word_1_26' title='bbox 607 1292 805 1329; x_wconf 85' lang='lat' dir='ltr'>manus</span> <span class='ocrx_word' id='word_1_27' title='bbox 841 1283 1003 1329; x_wconf 79' lang='lat' dir='ltr'>erant</span> <span class='ocrx_word' id='word_1_28' title='bbox 1038 1293 1194 1331; x_wconf 85' lang='lat' dir='ltr'>exem</span> <span class='ocrx_word' id='word_1_29' title='bbox 1238 1279 1377 1331; x_wconf 85' lang='lat' dir='ltr'>laria</span> <span class='ocrx_word' id='word_1_30' title='bbox 1412 1279 1521 1332; x_wconf 85' lang='lat' dir='ltr'>alia</span> <span class='ocrx_word' id='word_1_31' title='bbox 1557 1281 1684 1344; x_wconf 83' lang='lat' dir='ltr'>tria,</span> <span class='ocrx_word' id='word_1_32' title='bbox 1702 1254 1986 1334; x_wconf 65' lang='lat' dir='ltr'>‘i&#39;urretini</span> <span class='ocrx_word' id='word_1_33' title='bbox 2014 1281 2147 1337; x_wconf 86' lang='lat' dir='ltr'>Cod.</span> <span class='ocrx_word' id='word_1_34' title='bbox 2169 1280 2285 1345; x_wconf 89' lang='grc'><strong>108,</strong></span> <span class='ocrx_word' id='word_1_35' title='bbox 2322 1280 2601 1347; x_wconf 77' lang='lat' dir='ltr'>sol.54v.,·</span> 
     </span>
    </p>
   </div>
   <div class='ocr_carea' id='block_1_7' title="bbox 854 1345 2361 1419">
    <p class='ocr_par' dir='ltr' id='par_1_7' title="bbox 854 1345 2361 1419">
     <span class='ocr_line' id='line_1_8' title="bbox 854 1345 2361 1419; baseline 0.003 -20"><span class='ocrx_word' id='word_1_36' title='bbox 854 1345 1135 1401; x_wconf 85' lang='lat' dir='ltr'>Beruense</span> <span class='ocrx_word' id='word_1_37' title='bbox 1223 1365 1313 1418; x_wconf 87' lang='lat' dir='ltr'>pp.</span> <span class='ocrx_word' id='word_1_38' title='bbox 1357 1348 1451 1401; x_wconf 87' lang='lat' dir='ltr'>VI.</span> <span class='ocrx_word' id='word_1_39' title='bbox 1490 1365 1543 1419; x_wconf 88' lang='lat' dir='ltr'>p.</span> <span class='ocrx_word' id='word_1_40' title='bbox 1581 1347 1701 1414; x_wconf 78' lang='lat'><em>498,</em></span> <span class='ocrx_word' id='word_1_41' title='bbox 1740 1355 1798 1402; x_wconf 86' lang='lat' dir='ltr'>et</span> <span class='ocrx_word' id='word_1_42' title='bbox 1834 1350 2054 1404; x_wconf 85' lang='lat' dir='ltr'>Simleri</span> <span class='ocrx_word' id='word_1_43' title='bbox 2090 1351 2212 1405; x_wconf 86' lang='lat' dir='ltr'>Vol.</span> <span class='ocrx_word' id='word_1_44' title='bbox 2247 1348 2361 1418; x_wconf 89' lang='grc'><strong>85.)</strong></span> 
     </span>
    </p>
   </div>
   <div class='ocr_carea' id='block_1_8' title="bbox 607 1513 2593 1694">
    <p class='ocr_par' dir='ltr' id='par_1_8' title="bbox 607 1513 2593 1694">
     <span class='ocr_line' id='line_1_9' title="bbox 607 1513 2593 1599; baseline 0.004 -18"><span class='ocrx_word' id='word_1_45' title='bbox 607 1513 885 1599; x_wconf 85' lang='lat' dir='ltr'>Optimo</span> <span class='ocrx_word' id='word_1_46' title='bbox 920 1516 1179 1584; x_wconf 81' lang='lat' dir='ltr'>Christi</span> <span class='ocrx_word' id='word_1_47' title='bbox 1213 1541 1406 1586; x_wconf 85' lang='lat' dir='ltr'>servo</span> <span class='ocrx_word' id='word_1_48' title='bbox 1442 1521 1649 1586; x_wconf 89' lang='lat' dir='ltr'>Petro</span> <span class='ocrx_word' id='word_1_49' title='bbox 1671 1521 1906 1587; x_wconf 88' lang='lat' dir='ltr'>Vireto</span> <span class='ocrx_word' id='word_1_50' title='bbox 1947 1522 2257 1589; x_wconf 87' lang='lat' dir='ltr'>ecclesiae</span> <span class='ocrx_word' id='word_1_51' title='bbox 2293 1523 2593 1589; x_wconf 89' lang='lat' dir='ltr'>Lausan-</span> 
     </span>
     <span class='ocr_line' id='line_1_10' title="bbox 715 1603 2503 1694; baseline 0.004 -27"><span class='ocrx_word' id='word_1_52' title='bbox 715 1604 943 1669; x_wconf 90' lang='lat' dir='ltr'>nensis</span> <span class='ocrx_word' id='word_1_53' title='bbox 986 1603 1120 1669; x_wconf 88' lang='lat' dir='ltr'>fido</span> <span class='ocrx_word' id='word_1_54' title='bbox 1163 1609 1408 1688; x_wconf 83' lang='lat' dir='ltr'>pastori</span> <span class='ocrx_word' id='word_1_55' title='bbox 1453 1608 1642 1671; x_wconf 85' lang='lat' dir='ltr'>fratri</span> <span class='ocrx_word' id='word_1_56' title='bbox 1688 1617 1755 1672; x_wconf 88' lang='lat' dir='ltr'>et</span> <span class='ocrx_word' id='word_1_57' title='bbox 1798 1609 2009 1674; x_wconf 88' lang='lat' dir='ltr'>amico</span> <span class='ocrx_word' id='word_1_58' title='bbox 2055 1609 2503 1694; x_wconf 85' lang='lat' dir='ltr'>integerrimo.</span> 
     </span>
    </p>
   </div>
   <div class='ocr_carea' id='block_1_9' title="bbox 600 1772 2595 2958">
    <p class='ocr_par' dir='ltr' id='par_1_9' title="bbox 600 1772 2592 2202">
     <span class='ocr_line' id='line_1_11' title="bbox 785 1772 2592 1866; baseline 0.004 -27"><span class='ocrx_word' id='word_1_59' title='bbox 785 1772 859 1840; x_wconf 85' lang='lat' dir='ltr'>S.</span> <span class='ocrx_word' id='word_1_60' title='bbox 908 1775 1013 1840; x_wconf 89' lang='lat' dir='ltr'>De</span> <span class='ocrx_word' id='word_1_61' title='bbox 1075 1776 1399 1860; x_wconf 87' lang='lat' dir='ltr'>colloquio</span> <span class='ocrx_word' id='word_1_62' title='bbox 1455 1779 1628 1862; x_wconf 90' lang='lat' dir='ltr'>quod</span> <span class='ocrx_word' id='word_1_63' title='bbox 1690 1779 1893 1845; x_wconf 85' lang='lat' dir='ltr'>habui</span> <span class='ocrx_word' id='word_1_64' title='bbox 1951 1800 2100 1845; x_wconf 89' lang='lat' dir='ltr'>cum</span> <span class='ocrx_word' id='word_1_65' title='bbox 2147 1781 2364 1866; x_wconf 83' lang='lat' dir='ltr'>legato</span> <span class='ocrx_word' id='word_1_66' title='bbox 2407 1782 2592 1866; x_wconf 85' lang='lat' dir='ltr'>regio</span> 
     </span>
     <span class='ocr_line' id='line_1_12' title="bbox 653 1861 2591 1950; baseline 0.003 -26"><span class='ocrx_word' id='word_1_67' title='bbox 653 1861 804 1925; x_wconf 90' lang='lat' dir='ltr'>lura</span> <span class='ocrx_word' id='word_1_68' title='bbox 850 1861 1096 1940; x_wconf 84' lang='lat' dir='ltr'>audies,</span> <span class='ocrx_word' id='word_1_69' title='bbox 1144 1863 1199 1928; x_wconf 94' lang='lat' dir='ltr'>si</span> <span class='ocrx_word' id='word_1_70' title='bbox 1250 1863 1332 1928; x_wconf 82' lang='lat' dir='ltr'>ad</span> <span class='ocrx_word' id='word_1_71' title='bbox 1377 1866 1646 1950; x_wconf 89' lang='lat' dir='ltr'>nuptias</span> <span class='ocrx_word' id='word_1_72' title='bbox 1691 1865 1976 1944; x_wconf 89' lang='lat' dir='ltr'>veneris,</span> <span class='ocrx_word' id='word_1_73' title='bbox 2021 1866 2105 1932; x_wconf 87' lang='lat' dir='ltr'>ad</span> <span class='ocrx_word' id='word_1_74' title='bbox 2149 1889 2311 1950; x_wconf 90' lang='lat' dir='ltr'>quas</span> <span class='ocrx_word' id='word_1_75' title='bbox 2356 1867 2487 1931; x_wconf 90' lang='lat' dir='ltr'>iam</span> <span class='ocrx_word' id='word_1_76' title='bbox 2525 1876 2591 1931; x_wconf 88' lang='lat' dir='ltr'>te</span> 
     </span>
     <span class='ocr_line' id='line_1_13' title="bbox 603 1945 2591 2019; baseline 0.005 -9"><span class='ocrx_word' id='word_1_77' title='bbox 603 1945 839 2012; x_wconf 81' lang='lat' dir='ltr'>invito.</span> <span class='ocrx_word' id='word_1_78' title='bbox 916 1946 1088 2012; x_wconf 83' lang='lat' dir='ltr'>Nam</span> <span class='ocrx_word' id='word_1_79' title='bbox 1136 1948 1335 2014; x_wconf 89' lang='lat' dir='ltr'>hodie</span> <span class='ocrx_word' id='word_1_80' title='bbox 1381 1949 1466 2015; x_wconf 90' lang='lat' dir='ltr'>D.</span> <span class='ocrx_word' id='word_1_81' title='bbox 1507 1951 1833 2017; x_wconf 77' lang='lat' dir='ltr'>Fallesius</span> <span class='ocrx_word' id='word_1_82' title='bbox 1876 1973 2164 2017; x_wconf 88' lang='lat' dir='ltr'>sororem</span> <span class='ocrx_word' id='word_1_83' title='bbox 2210 1974 2396 2019; x_wconf 88' lang='lat' dir='ltr'>suam</span> <span class='ocrx_word' id='word_1_84' title='bbox 2450 1952 2591 2019; x_wconf 81' lang='lat' dir='ltr'>Vez-</span> 
     </span>
     <span class='ocr_line' id='line_1_14' title="bbox 604 2032 2592 2123; baseline 0.004 -27"><span class='ocrx_word' id='word_1_85' title='bbox 604 2032 768 2096; x_wconf 74' lang='lat' dir='ltr'>lutio</span> <span class='ocrx_word' id='word_1_86' title='bbox 812 2033 1109 2098; x_wconf 89' lang='lat' dir='ltr'>elocavit.</span> <span class='ocrx_word' id='word_1_87' title='bbox 1137 2039 1189 2111; x_wconf 91' lang='lat'>¹)</span> <span class='ocrx_word' id='word_1_88' title='bbox 1279 2034 1468 2103; x_wconf 89' lang='lat' dir='ltr'>Scias</span> <span class='ocrx_word' id='word_1_89' title='bbox 1530 2047 1752 2103; x_wconf 88' lang='lat' dir='ltr'>tamen</span> <span class='ocrx_word' id='word_1_90' title='bbox 1812 2038 2070 2104; x_wconf 84' lang='lat' dir='ltr'>interea</span> <span class='ocrx_word' id='word_1_91' title='bbox 2128 2038 2208 2103; x_wconf 90' lang='lat' dir='ltr'>de</span> <span class='ocrx_word' id='word_1_92' title='bbox 2268 2039 2592 2123; x_wconf 85' lang='lat' dir='ltr'>religione</span> 
     </span>
     <span class='ocr_line' id='line_1_15' title="bbox 600 2117 1618 2202; baseline 0.005 -19"><span class='ocrx_word' id='word_1_93' title='bbox 600 2117 926 2202; x_wconf 78' lang='lat' dir='ltr'>exiguum</span> <span class='ocrx_word' id='word_1_94' title='bbox 975 2119 1179 2186; x_wconf 84' lang='lat' dir='ltr'>fuisse</span> <span class='ocrx_word' id='word_1_95' title='bbox 1226 2144 1618 2188; x_wconf 89' lang='lat' dir='ltr'>sermonem.</span> 
     </span>
    </p>

    <p class='ocr_par' dir='ltr' id='par_1_10' title="bbox 602 2203 2595 2958">
     <span class='ocr_line' id='line_1_16' title="bbox 781 2203 2592 2288; baseline 0.004 -20"><span class='ocrx_word' id='word_1_96' title='bbox 781 2203 961 2269; x_wconf 84' lang='lat' dir='ltr'>Novi</span> <span class='ocrx_word' id='word_1_97' title='bbox 1026 2206 1197 2288; x_wconf 90' lang='lat' dir='ltr'>quod</span> <span class='ocrx_word' id='word_1_98' title='bbox 1266 2209 1548 2274; x_wconf 88' lang='lat' dir='ltr'>scribam</span> <span class='ocrx_word' id='word_1_99' title='bbox 1616 2209 1790 2274; x_wconf 88' lang='lat' dir='ltr'>nihil</span> <span class='ocrx_word' id='word_1_100' title='bbox 1855 2219 1990 2288; x_wconf 84' lang='lat' dir='ltr'>est,</span> <span class='ocrx_word' id='word_1_101' title='bbox 2060 2210 2189 2275; x_wconf 90' lang='lat' dir='ltr'>nisi</span> <span class='ocrx_word' id='word_1_102' title='bbox 2256 2211 2380 2277; x_wconf 90' lang='lat' dir='ltr'>hoc</span> <span class='ocrx_word' id='word_1_103' title='bbox 2424 2212 2592 2277; x_wconf 91' lang='lat' dir='ltr'>scire</span> 
     </span>
     <span class='ocr_line' id='line_1_17' title="bbox 604 2289 2591 2375; baseline 0.003 -19"><span class='ocrx_word' id='word_1_104' title='bbox 604 2289 732 2368; x_wconf 81' lang='lat' dir='ltr'>vis,</span> <span class='ocrx_word' id='word_1_105' title='bbox 781 2289 1210 2375; x_wconf 88' lang='lat' dir='ltr'>Rodolphum</span> <span class='ocrx_word' id='word_1_106' title='bbox 1258 2294 1583 2360; x_wconf 76' lang='lat' dir='ltr'>Monetam</span> <span class='ocrx_word' id='word_1_107' title='bbox 1601 2297 1661 2371; x_wconf 70' lang='grc'>2)</span> <span class='ocrx_word' id='word_1_108' title='bbox 1709 2294 1902 2361; x_wconf 91' lang='lat' dir='ltr'>hodie</span> <span class='ocrx_word' id='word_1_109' title='bbox 1947 2296 2212 2362; x_wconf 89' lang='lat' dir='ltr'>demum</span> <span class='ocrx_word' id='word_1_110' title='bbox 2258 2298 2327 2361; x_wconf 94' lang='lat' dir='ltr'>in</span> <span class='ocrx_word' id='word_1_111' title='bbox 2373 2319 2591 2363; x_wconf 85' lang='lat' dir='ltr'>carce-</span> 
     </span>
     <span class='ocr_line' id='line_1_18' title="bbox 605 2377 2595 2466; baseline 0.005 -27"><span class='ocrx_word' id='word_1_112' title='bbox 605 2397 748 2440; x_wconf 90' lang='lat' dir='ltr'>rem</span> <span class='ocrx_word' id='word_1_113' title='bbox 787 2377 1005 2446; x_wconf 71' lang='lat' dir='ltr'>fuisse</span> <span class='ocrx_word' id='word_1_114' title='bbox 1080 2380 1467 2446; x_wconf 83' lang='lat' dir='ltr'>coniectum.</span> <span class='ocrx_word' id='word_1_115' title='bbox 1559 2381 1717 2447; x_wconf 85' lang='lat' dir='ltr'>Alia</span> <span class='ocrx_word' id='word_1_116' title='bbox 1781 2381 1878 2446; x_wconf 93' lang='lat' dir='ltr'>illi</span> <span class='ocrx_word' id='word_1_117' title='bbox 1947 2383 2199 2448; x_wconf 85' lang='lat' dir='ltr'>scelera</span> <span class='ocrx_word' id='word_1_118' title='bbox 2265 2384 2595 2466; x_wconf 84' lang='lat' dir='ltr'>impunita</span> 
     </span>
     <span class='ocr_line' id='line_1_19' title="bbox 603 2463 2594 2552; baseline 0.003 -25"><span class='ocrx_word' id='word_1_119' title='bbox 603 2472 818 2540; x_wconf 87' lang='lat' dir='ltr'>erant,</span> <span class='ocrx_word' id='word_1_120' title='bbox 862 2463 992 2527; x_wconf 90' lang='lat' dir='ltr'>nisi</span> <span class='ocrx_word' id='word_1_121' title='bbox 1037 2465 1360 2530; x_wconf 88' lang='lat' dir='ltr'>comicum</span> <span class='ocrx_word' id='word_1_122' title='bbox 1406 2466 1756 2533; x_wconf 83' lang='lat' dir='ltr'>Gaesarem</span> <span class='ocrx_word' id='word_1_123' title='bbox 1804 2469 2112 2534; x_wconf 85' lang='lat' dir='ltr'>iactasset</span> <span class='ocrx_word' id='word_1_124' title='bbox 2137 2489 2276 2550; x_wconf 58' lang='lat' dir='ltr'>cua</span> <span class='ocrx_word' id='word_1_125' title='bbox 2318 2490 2521 2552; x_wconf 86' lang='lat' dir='ltr'>opera</span> <span class='ocrx_word' id='word_1_126' title='bbox 2557 2491 2594 2533; x_wconf 90' lang='lat' dir='ltr'>e</span> 
     </span>
     <span class='ocr_line' id='line_1_20' title="bbox 603 2547 2593 2632; baseline 0.004 -20"><span class='ocrx_word' id='word_1_127' title='bbox 603 2547 813 2614; x_wconf 86' lang='lat' dir='ltr'>furcis</span> <span class='ocrx_word' id='word_1_128' title='bbox 851 2558 1177 2632; x_wconf 86' lang='lat' dir='ltr'>ereptum,</span> <span class='ocrx_word' id='word_1_129' title='bbox 1223 2550 1405 2618; x_wconf 92' lang='lat' dir='ltr'>illius</span> <span class='ocrx_word' id='word_1_130' title='bbox 1440 2563 1510 2618; x_wconf 87' lang='lat' dir='ltr'>et</span> <span class='ocrx_word' id='word_1_131' title='bbox 1560 2553 1887 2619; x_wconf 82' lang='lat' dir='ltr'>Vendelini</span> <span class='ocrx_word' id='word_1_132' title='bbox 1932 2575 2173 2620; x_wconf 83' lang='lat' dir='ltr'>uxores</span> <span class='ocrx_word' id='word_1_133' title='bbox 2210 2576 2249 2619; x_wconf 88' lang='lat' dir='ltr'>a</span> <span class='ocrx_word' id='word_1_134' title='bbox 2286 2576 2357 2620; x_wconf 90' lang='lat' dir='ltr'>se</span> <span class='ocrx_word' id='word_1_135' title='bbox 2393 2557 2593 2620; x_wconf 88' lang='lat' dir='ltr'>fuisse</span> 
     </span>
     <span class='ocr_line' id='line_1_21' title="bbox 606 2632 2593 2724; baseline 0.004 -26"><span class='ocrx_word' id='word_1_136' title='bbox 606 2632 934 2700; x_wconf 88' lang='lat' dir='ltr'>subactas.</span> <span class='ocrx_word' id='word_1_137' title='bbox 959 2639 1018 2716; x_wconf 77' lang='lat'>³)</span> <span class='ocrx_word' id='word_1_138' title='bbox 1104 2637 1356 2702; x_wconf 86' lang='lat' dir='ltr'>Mirum</span> <span class='ocrx_word' id='word_1_139' title='bbox 1414 2639 1634 2721; x_wconf 88' lang='lat' dir='ltr'>itaque</span> <span class='ocrx_word' id='word_1_140' title='bbox 1689 2640 1816 2705; x_wconf 91' lang='lat' dir='ltr'>erit</span> <span class='ocrx_word' id='word_1_141' title='bbox 1868 2641 1923 2705; x_wconf 90' lang='lat' dir='ltr'>si</span> <span class='ocrx_word' id='word_1_142' title='bbox 1969 2641 2188 2706; x_wconf 84' lang='lat' dir='ltr'>furcas</span> <span class='ocrx_word' id='word_1_143' title='bbox 2233 2641 2375 2724; x_wconf 89' lang='lat' dir='ltr'>ipse</span> <span class='ocrx_word' id='word_1_144' title='bbox 2426 2641 2593 2705; x_wconf 84' lang='lat' dir='ltr'>effu·</span> 
     </span>
     <span class='ocr_line' id='line_1_22' title="bbox 607 2719 2591 2810; baseline 0.004 -26"><span class='ocrx_word' id='word_1_145' title='bbox 607 2719 767 2803; x_wconf 82' lang='lat' dir='ltr'>giat.</span> <span class='ocrx_word' id='word_1_146' title='bbox 830 2721 979 2805; x_wconf 84' lang='lat' dir='ltr'>Ego</span> <span class='ocrx_word' id='word_1_147' title='bbox 1017 2721 1196 2787; x_wconf 88' lang='lat' dir='ltr'>inter</span> <span class='ocrx_word' id='word_1_148' title='bbox 1221 2724 1437 2789; x_wconf 90' lang='lat' dir='ltr'>varios</span> <span class='ocrx_word' id='word_1_149' title='bbox 1473 2733 1695 2789; x_wconf 88' lang='lat' dir='ltr'>motus</span> <span class='ocrx_word' id='word_1_150' title='bbox 1720 2726 1831 2808; x_wconf 89' lang='lat' dir='ltr'>qui</span> <span class='ocrx_word' id='word_1_151' title='bbox 1868 2725 1940 2789; x_wconf 90' lang='lat' dir='ltr'>in</span> <span class='ocrx_word' id='word_1_152' title='bbox 1964 2734 2310 2810; x_wconf 89' lang='lat' dir='ltr'>utramque</span> <span class='ocrx_word' id='word_1_153' title='bbox 2334 2735 2591 2809; x_wconf 85' lang='lat' dir='ltr'>partem</span> 
     </span>
     <span class='ocr_line' id='line_1_23' title="bbox 603 2807 2591 2957; baseline 0.003 -86"><span class='ocrx_word' id='word_1_154' title='bbox 603 2807 1027 2957; x_wconf 49' lang='lat' dir='ltr'>coliiicitangur</span> <span class='ocrx_word' id='word_1_155' title='bbox 1071 2808 1253 2874; x_wconf 90' lang='lat' dir='ltr'>sileo.</span> <span class='ocrx_word' id='word_1_156' title='bbox 1276 2813 1335 2888; x_wconf 83' lang='lat'>⁴)</span> <span class='ocrx_word' id='word_1_157' title='bbox 1416 2810 1585 2875; x_wconf 84' lang='lat' dir='ltr'>Vale</span> <span class='ocrx_word' id='word_1_158' title='bbox 1630 2813 1890 2876; x_wconf 89' lang='lat' dir='ltr'>iterum.</span> <span class='ocrx_word' id='word_1_159' title='bbox 1980 2813 2048 2877; x_wconf 86' lang='lat' dir='ltr'>A</span> <span class='ocrx_word' id='word_1_160' title='bbox 2102 2833 2334 2889; x_wconf 88' lang='lat' dir='ltr'>coena,</span> <span class='ocrx_word' id='word_1_161' title='bbox 2394 2833 2591 2894; x_wconf 90' lang='lat' dir='ltr'>spon-</span> 
     </span>
     <span class='ocr_line' id='line_1_24' title="bbox 602 2912 1016 2958; baseline 0.002 -1"><span class='ocrx_word' id='word_1_162' title='bbox 602 2912 676 2957; x_wconf 86' lang='lat' dir='ltr'>sa</span> <span class='ocrx_word' id='word_1_163' title='bbox 731 2914 843 2957; x_wconf 94' lang='lat' dir='ltr'>um</span> <span class='ocrx_word' id='word_1_164' title='bbox 937 2914 1016 2958; x_wconf 82' lang='lat' dir='ltr'>ie.</span> 
     </span>
    </p>
   </div>
   <div class='ocr_carea' id='block_1_10' title="bbox 614 3065 1967 3232">
    <p class='ocr_par' dir='ltr' id='par_1_11' title="bbox 614 3065 1967 3232">
     <span class='ocr_line' id='line_1_25' title="bbox 785 3065 1967 3135; baseline 0.006 -6"><span class='ocrx_word' id='word_1_165' title='bbox 785 3065 933 3131; x_wconf 90' lang='lat' dir='ltr'>Hoc</span> <span class='ocrx_word' id='word_1_166' title='bbox 995 3065 1406 3133; x_wconf 88' lang='lat' dir='ltr'>breviculum</span> <span class='ocrx_word' id='word_1_167' title='bbox 1466 3068 1745 3135; x_wconf 85' lang='lat' dir='ltr'>daturus</span> <span class='ocrx_word' id='word_1_168' title='bbox 1788 3091 1967 3135; x_wconf 85' lang='lat' dir='ltr'>eram</span> 
     </span>
     <span class='ocr_line' id='line_1_26' title="bbox 614 3148 1965 3232; baseline 0.004 -17"><span class='ocrx_word' id='word_1_169' title='bbox 614 3148 964 3232; x_wconf 75' lang='lat' dir='ltr'>Marpicio,</span> <span class='ocrx_word' id='word_1_170' title='bbox 987 3154 1039 3228; x_wconf 79' lang='lat'>⁸)</span> <span class='ocrx_word' id='word_1_171' title='bbox 1084 3153 1198 3217; x_wconf 89' lang='lat' dir='ltr'>sed</span> <span class='ocrx_word' id='word_1_172' title='bbox 1247 3154 1536 3220; x_wconf 83' lang='lat' dir='ltr'>famulus</span> <span class='ocrx_word' id='word_1_173' title='bbox 1578 3155 1823 3223; x_wconf 88' lang='lat' dir='ltr'>oblitus</span> <span class='ocrx_word' id='word_1_174' title='bbox 1847 3166 1965 3222; x_wconf 89' lang='lat' dir='ltr'>est.</span> 
     </span>
    </p>
   </div>
   <div class='ocr_carea' id='block_1_11' title="bbox 603 3307 1022 3317">
    <p class='ocr_par' dir='ltr' id='par_1_12' title="bbox 603 3307 1022 3317">
     <span class='ocr_line' id='line_1_27' title="bbox 603 3307 1022 3317; baseline 0 0"><span class='ocrx_word' id='word_1_175' title='bbox 603 3307 1022 3317; x_wconf 95' lang='lat' dir='ltr'> </span> 
     </span>
    </p>
   </div>
   <div class='ocr_carea' id='block_1_12' title="bbox 611 3387 2606 4154">
    <p class='ocr_par' dir='ltr' id='par_1_13' title="bbox 611 3387 2601 3528">
     <span class='ocr_line' id='line_1_28' title="bbox 611 3387 2601 3466; baseline 0.005 -25"><span class='ocrx_word' id='word_1_176' title='bbox 611 3387 802 3442; x_wconf 71' lang='lat'><strong>4162.</strong></span> <span class='ocrx_word' id='word_1_177' title='bbox 830 3390 892 3457; x_wconf 88' lang='lat'>1)</span> <span class='ocrx_word' id='word_1_178' title='bbox 930 3389 1145 3446; x_wconf 74' lang='lat' dir='ltr'>Mentio</span> <span class='ocrx_word' id='word_1_179' title='bbox 1179 3393 1242 3459; x_wconf 74' lang='lat' dir='ltr'>fit</span> <span class='ocrx_word' id='word_1_180' title='bbox 1276 3393 1442 3449; x_wconf 69' lang='lat' dir='ltr'>huius</span> <span class='ocrx_word' id='word_1_181' title='bbox 1477 3396 1824 3450; x_wconf 67' lang='lat' dir='ltr'>matrimonii</span> <span class='ocrx_word' id='word_1_182' title='bbox 1856 3398 1918 3452; x_wconf 72' lang='lat' dir='ltr'>in</span> <span class='ocrx_word' id='word_1_183' title='bbox 1952 3396 2018 3448; x_wconf 88' lang='lat' dir='ltr'>N.</span> <span class='ocrx_word' id='word_1_184' title='bbox 2058 3395 2192 3450; x_wconf 77' lang='grc'><strong>1647</strong></span> <span class='ocrx_word' id='word_1_185' title='bbox 2226 3395 2403 3466; x_wconf 79' lang='lat' dir='ltr'>(Sept.</span> <span class='ocrx_word' id='word_1_186' title='bbox 2435 3395 2601 3464; x_wconf 79' lang='lat'>1552)</span> 
     </span>
     <span class='ocr_line' id='line_1_29' title="bbox 613 3459 1538 3528; baseline 0.005 -18"><span class='ocrx_word' id='word_1_187' title='bbox 613 3473 782 3527; x_wconf 71' lang='lat' dir='ltr'>quum</span> <span class='ocrx_word' id='word_1_188' title='bbox 823 3474 969 3513; x_wconf 68' lang='lat' dir='ltr'>uxor</span> <span class='ocrx_word' id='word_1_189' title='bbox 999 3459 1123 3526; x_wconf 70' lang='lat' dir='ltr'>fato</span> <span class='ocrx_word' id='word_1_190' title='bbox 1155 3463 1352 3528; x_wconf 74' lang='lat' dir='ltr'>functa</span> <span class='ocrx_word' id='word_1_191' title='bbox 1386 3471 1538 3517; x_wconf 71' lang='lat' dir='ltr'>esset.</span> 
     </span>
    </p>

    <p class='ocr_par' dir='ltr' id='par_1_14' title="bbox 616 3526 2606 4085">
     <span class='ocr_line' id='line_1_30' title="bbox 827 3526 2600 3600; baseline 0.005 -21"><span class='ocrx_word' id='word_1_192' title='bbox 827 3526 889 3593; x_wconf 82' lang='grc'>2)</span> <span class='ocrx_word' id='word_1_193' title='bbox 932 3527 1018 3592; x_wconf 78' lang='lat' dir='ltr'>Of.</span> <span class='ocrx_word' id='word_1_194' title='bbox 1057 3529 1136 3584; x_wconf 86' lang='lat' dir='ltr'>N.</span> <span class='ocrx_word' id='word_1_195' title='bbox 1176 3530 1327 3583; x_wconf 79' lang='lat'><strong>1236.</strong></span> <span class='ocrx_word' id='word_1_196' title='bbox 1398 3535 1453 3585; x_wconf 77' lang='lat' dir='ltr'><strong><em>A</em></strong></span> <span class='ocrx_word' id='word_1_197' title='bbox 1485 3534 1863 3589; x_wconf 67' lang='lat' dir='ltr'>Ber-mensibus</span> <span class='ocrx_word' id='word_1_198' title='bbox 1896 3533 2140 3589; x_wconf 70' lang='lat' dir='ltr'>traditus</span> <span class='ocrx_word' id='word_1_199' title='bbox 2172 3535 2286 3600; x_wconf 74' lang='lat' dir='ltr'>fuit</span> <span class='ocrx_word' id='word_1_200' title='bbox 2323 3532 2600 3588; x_wconf 69' lang='lat' dir='ltr'>Geneven-</span> 
     </span>
     <span class='ocr_line' id='line_1_31' title="bbox 618 3595 2599 3667; baseline 0.002 -17"><span class='ocrx_word' id='word_1_201' title='bbox 618 3595 774 3650; x_wconf 64' lang='grc' dir='ltr'>σῶμα</span> <span class='ocrx_word' id='word_1_202' title='bbox 811 3603 862 3650; x_wconf 74' lang='lat' dir='ltr'>et</span> <span class='ocrx_word' id='word_1_203' title='bbox 897 3612 966 3650; x_wconf 71' lang='lat' dir='ltr'>m.</span> <span class='ocrx_word' id='word_1_204' title='bbox 1006 3597 1151 3667; x_wconf 80' lang='lat' dir='ltr'>Sept.</span> <span class='ocrx_word' id='word_1_205' title='bbox 1189 3599 1328 3654; x_wconf 79' lang='lat'>1549</span> <span class='ocrx_word' id='word_1_206' title='bbox 1363 3616 1392 3655; x_wconf 84' lang='lat' dir='ltr'>e</span> <span class='ocrx_word' id='word_1_207' title='bbox 1425 3604 1668 3656; x_wconf 68' lang='lat' dir='ltr'>vunculis</span> <span class='ocrx_word' id='word_1_208' title='bbox 1714 3619 1943 3657; x_wconf 65' lang='lat' dir='ltr'>causan</span> <span class='ocrx_word' id='word_1_209' title='bbox 1989 3603 2167 3659; x_wconf 76' lang='lat' dir='ltr'>dicere</span> <span class='ocrx_word' id='word_1_210' title='bbox 2201 3610 2421 3658; x_wconf 75' lang='lat' dir='ltr'>coactus</span> <span class='ocrx_word' id='word_1_211' title='bbox 2457 3619 2509 3657; x_wconf 82' lang='lat' dir='ltr'>a.</span> <span class='ocrx_word' id='word_1_212' title='bbox 2545 3601 2599 3656; x_wconf 84' lang='lat' dir='ltr'>d.</span> 
     </span>
     <span class='ocr_line' id='line_1_32' title="bbox 619 3656 2600 3742; baseline 0.003 -23"><span class='ocrx_word' id='word_1_213' title='bbox 619 3663 734 3719; x_wconf 81' lang='lat' dir='ltr'>XI.</span> <span class='ocrx_word' id='word_1_214' title='bbox 765 3656 884 3722; x_wconf 80' lang='lat' dir='ltr'>Cal.</span> <span class='ocrx_word' id='word_1_215' title='bbox 919 3664 1055 3723; x_wconf 79' lang='lat' dir='ltr'>Dec.</span> <span class='ocrx_word' id='word_1_216' title='bbox 1090 3672 1276 3736; x_wconf 75' lang='lat' dir='ltr'>capite</span> <span class='ocrx_word' id='word_1_217' title='bbox 1303 3671 1507 3737; x_wconf 72' lang='lat' dir='ltr'>plexus</span> <span class='ocrx_word' id='word_1_218' title='bbox 1539 3671 1669 3738; x_wconf 75' lang='lat' dir='ltr'>suit,</span> <span class='ocrx_word' id='word_1_219' title='bbox 1704 3687 1816 3742; x_wconf 75' lang='lat' dir='ltr'>qua</span> <span class='ocrx_word' id='word_1_220' title='bbox 1851 3671 1920 3726; x_wconf 81' lang='lat' dir='ltr'>de</span> <span class='ocrx_word' id='word_1_221' title='bbox 1953 3687 2124 3727; x_wconf 74' lang='lat' dir='ltr'>causa</span> <span class='ocrx_word' id='word_1_222' title='bbox 2160 3689 2273 3727; x_wconf 81' lang='lat' dir='ltr'>non</span> <span class='ocrx_word' id='word_1_223' title='bbox 2307 3673 2439 3727; x_wconf 81' lang='lat' dir='ltr'>bene</span> <span class='ocrx_word' id='word_1_224' title='bbox 2474 3686 2600 3726; x_wconf 79' lang='lat' dir='ltr'>con·</span> 
     </span>
     <span class='ocr_line' id='line_1_33' title="bbox 616 3733 2602 3814; baseline 0.003 -27"><span class='ocrx_word' id='word_1_225' title='bbox 616 3738 746 3814; x_wconf 64' lang='lat' dir='ltr'>stat.</span> <span class='ocrx_word' id='word_1_226' title='bbox 805 3733 1119 3799; x_wconf 76' lang='lat' dir='ltr'>Bonivard,</span> <span class='ocrx_word' id='word_1_227' title='bbox 1159 3739 1341 3792; x_wconf 74' lang='lat' dir='ltr'>Police</span> <span class='ocrx_word' id='word_1_228' title='bbox 1377 3739 1445 3794; x_wconf 81' lang='lat' dir='ltr'>de</span> <span class='ocrx_word' id='word_1_229' title='bbox 1480 3738 1709 3795; x_wconf 62' lang='lat' dir='ltr'>Genbve.</span> <span class='ocrx_word' id='word_1_230' title='bbox 1749 3739 1817 3795; x_wconf 75' lang='lat' dir='ltr'>G.</span> <span class='ocrx_word' id='word_1_231' title='bbox 1859 3739 2009 3805; x_wconf 87' lang='grc'><strong>1865,</strong></span> <span class='ocrx_word' id='word_1_232' title='bbox 2086 3782 2098 3795; x_wconf 95' lang='grc'><strong>.</strong></span> <span class='ocrx_word' id='word_1_233' title='bbox 2134 3740 2267 3794; x_wconf 88' lang='lat'>101.-</span> <span class='ocrx_word' id='word_1_234' title='bbox 2302 3742 2354 3795; x_wconf 87' lang='lat'>11</span> <span class='ocrx_word' id='word_1_235' title='bbox 2390 3739 2602 3808; x_wconf 79' lang='lat' dir='ltr'>portoit</span> 
     </span>
     <span class='ocr_line' id='line_1_34' title="bbox 618 3802 2601 3880; baseline 0.003 -24"><span class='ocrx_word' id='word_1_236' title='bbox 618 3802 1061 3857; x_wconf 78' lang='lat' dir='ltr'>ordinairement</span> <span class='ocrx_word' id='word_1_237' title='bbox 1096 3823 1168 3860; x_wconf 89' lang='lat' dir='ltr'>un</span> <span class='ocrx_word' id='word_1_238' title='bbox 1217 3809 1355 3861; x_wconf 87' lang='lat' dir='ltr'>livre</span> <span class='ocrx_word' id='word_1_239' title='bbox 1405 3808 1474 3862; x_wconf 82' lang='lat' dir='ltr'>od</span> <span class='ocrx_word' id='word_1_240' title='bbox 1521 3811 1759 3864; x_wconf 87' lang='lat' dir='ltr'>estoient</span> <span class='ocrx_word' id='word_1_241' title='bbox 1804 3816 2138 3880; x_wconf 80' lang='lat' dir='ltr'>pourtraicts</span> <span class='ocrx_word' id='word_1_242' title='bbox 2173 3818 2299 3863; x_wconf 87' lang='lat' dir='ltr'>tons</span> <span class='ocrx_word' id='word_1_243' title='bbox 2336 3811 2417 3862; x_wconf 83' lang='lat' dir='ltr'>les</span> <span class='ocrx_word' id='word_1_244' title='bbox 2451 3816 2601 3862; x_wconf 78' lang='lat' dir='ltr'>actes</span> 
     </span>
     <span class='ocr_line' id='line_1_35' title="bbox 622 3871 2599 3947; baseline 0.002 -20"><span class='ocrx_word' id='word_1_245' title='bbox 622 3872 694 3927; x_wconf 89' lang='lat' dir='ltr'>de</span> <span class='ocrx_word' id='word_1_246' title='bbox 730 3871 1051 3940; x_wconf 82' lang='lat' dir='ltr'>paillardise</span> <span class='ocrx_word' id='word_1_247' title='bbox 1088 3914 1101 3927; x_wconf 94' lang='lat'><strong>.</strong></span> <span class='ocrx_word' id='word_1_248' title='bbox 1141 3914 1152 3925; x_wconf 91' lang='lat'>.</span> <span class='ocrx_word' id='word_1_249' title='bbox 1194 3917 1206 3929; x_wconf 92' lang='lat'><strong>.</strong></span> <span class='ocrx_word' id='word_1_250' title='bbox 1242 3883 1302 3929; x_wconf 87' lang='lat' dir='ltr'>et</span> <span class='ocrx_word' id='word_1_251' title='bbox 1335 3877 1503 3931; x_wconf 87' lang='lat' dir='ltr'>discit</span> <span class='ocrx_word' id='word_1_252' title='bbox 1532 3896 1639 3947; x_wconf 89' lang='lat' dir='ltr'>que</span> <span class='ocrx_word' id='word_1_253' title='bbox 1674 3879 1886 3931; x_wconf 86' lang='lat' dir='ltr'>c&#39;estoit</span> <span class='ocrx_word' id='word_1_254' title='bbox 1921 3895 2020 3933; x_wconf 88' lang='lat' dir='ltr'>son</span> <span class='ocrx_word' id='word_1_255' title='bbox 2045 3880 2243 3933; x_wconf 89' lang='lat' dir='ltr'>nouvel</span> <span class='ocrx_word' id='word_1_256' title='bbox 2267 3879 2599 3931; x_wconf 74' lang='lat' dir='ltr'>Testament.</span> 
     </span>
     <span class='ocr_line' id='line_1_36' title="bbox 625 3939 2604 4015; baseline 0.004 -21"><span class='ocrx_word' id='word_1_257' title='bbox 625 3939 866 4008; x_wconf 61' lang='lat' dir='ltr'>(Repu,</span> <span class='ocrx_word' id='word_1_258' title='bbox 920 3942 1050 3996; x_wconf 69' lang='lat' dir='ltr'>hist.</span> <span class='ocrx_word' id='word_1_259' title='bbox 1105 3944 1182 3997; x_wconf 78' lang='lat' dir='ltr'>du</span> <span class='ocrx_word' id='word_1_260' title='bbox 1231 3946 1429 4013; x_wconf 66' lang='lat' dir='ltr'>petople</span> <span class='ocrx_word' id='word_1_261' title='bbox 1481 3946 1549 4000; x_wconf 79' lang='lat' dir='ltr'>de</span> <span class='ocrx_word' id='word_1_262' title='bbox 1587 3947 1657 4002; x_wconf 78' lang='lat' dir='ltr'>G.</span> <span class='ocrx_word' id='word_1_263' title='bbox 1691 3947 1787 4001; x_wconf 84' lang='lat'>111.</span> <span class='ocrx_word' id='word_1_264' title='bbox 1826 3946 1930 4000; x_wconf 82' lang='lat'>112</span> <span class='ocrx_word' id='word_1_265' title='bbox 1966 3962 2070 4014; x_wconf 79' lang='lat' dir='ltr'>ss.,·</span> <span class='ocrx_word' id='word_1_266' title='bbox 2125 3947 2357 4015; x_wconf 76' lang='lat' dir='ltr'>Galiffe,</span> <span class='ocrx_word' id='word_1_267' title='bbox 2399 3947 2604 4001; x_wconf 63' lang='lat' dir='ltr'>Preces</span> 
     </span>
     <span class='ocr_line' id='line_1_37' title="bbox 627 4008 2606 4085; baseline 0.002 -21"><span class='ocrx_word' id='word_1_268' title='bbox 627 4008 835 4065; x_wconf 58' lang='lat' dir='ltr'>Per-rin</span> <span class='ocrx_word' id='word_1_269' title='bbox 870 4008 1152 4081; x_wconf 71' lang='lat' dir='ltr'>etMe&#39;qret</span> <span class='ocrx_word' id='word_1_270' title='bbox 1180 4029 1242 4081; x_wconf 77' lang='lat' dir='ltr'>p.</span> <span class='ocrx_word' id='word_1_271' title='bbox 1281 4014 1377 4079; x_wconf 87' lang='lat'><strong>10,·</strong></span> <span class='ocrx_word' id='word_1_272' title='bbox 1416 4016 1667 4079; x_wconf 70' lang='lat' dir='ltr'>Gabenl,</span> <span class='ocrx_word' id='word_1_273' title='bbox 1700 4016 1829 4070; x_wconf 73' lang='lat' dir='ltr'>hist.</span> <span class='ocrx_word' id='word_1_274' title='bbox 1865 4017 1933 4070; x_wconf 81' lang='lat' dir='ltr'>de</span> <span class='ocrx_word' id='word_1_275' title='bbox 1966 4016 2135 4085; x_wconf 68' lang='lat' dir='ltr'>z’qu.</span> <span class='ocrx_word' id='word_1_276' title='bbox 2173 4016 2242 4071; x_wconf 77' lang='lat' dir='ltr'>de</span> <span class='ocrx_word' id='word_1_277' title='bbox 2281 4015 2351 4070; x_wconf 83' lang='lat'>0.</span> <span class='ocrx_word' id='word_1_278' title='bbox 2388 4016 2430 4069; x_wconf 76' lang='lat'>1.</span> <span class='ocrx_word' id='word_1_279' title='bbox 2453 4015 2606 4084; x_wconf 79' lang='lat'><strong>411.)</strong></span> 
     </span>
    </p>

    <p class='ocr_par' dir='ltr' id='par_1_15' title="bbox 832 4078 2605 4154">
     <span class='ocr_line' id='line_1_38' title="bbox 832 4078 2605 4154; baseline 0.003 -22"><span class='ocrx_word' id='word_1_280' title='bbox 832 4078 895 4146; x_wconf 82' lang='lat'>3)</span> <span class='ocrx_word' id='word_1_281' title='bbox 937 4079 1233 4136; x_wconf 75' lang='lat' dir='ltr'>Bonivard</span> <span class='ocrx_word' id='word_1_282' title='bbox 1286 4084 1319 4136; x_wconf 83' lang='lat'>1.</span> <span class='ocrx_word' id='word_1_283' title='bbox 1373 4100 1417 4137; x_wconf 85' lang='lat' dir='ltr'>c.</span> <span class='ocrx_word' id='word_1_284' title='bbox 1507 4084 1613 4137; x_wconf 85' lang='lat' dir='ltr'>Les</span> <span class='ocrx_word' id='word_1_285' title='bbox 1666 4086 1966 4154; x_wconf 78' lang='lat' dir='ltr'>tesmoings</span> <span class='ocrx_word' id='word_1_286' title='bbox 2020 4093 2157 4138; x_wconf 83' lang='lat' dir='ltr'>vont</span> <span class='ocrx_word' id='word_1_287' title='bbox 2211 4087 2246 4140; x_wconf 73' lang='lat' dir='ltr'>a</span> <span class='ocrx_word' id='word_1_288' title='bbox 2295 4084 2492 4138; x_wconf 77' lang='lat' dir='ltr'>Peri-in</span> <span class='ocrx_word' id='word_1_289' title='bbox 2545 4091 2605 4137; x_wconf 88' lang='lat' dir='ltr'>et</span> 
     </span>
    </p>
   </div>
   <div class='ocr_carea' id='block_1_13' title="bbox 623 4146 2625 4221">
    <p class='ocr_par' dir='ltr' id='par_1_16' title="bbox 623 4146 2625 4221">
     <span class='ocr_line' id='line_1_39' title="bbox 623 4146 2625 4221; baseline 0.002 -21"><span class='ocrx_word' id='word_1_290' title='bbox 623 4146 861 4200; x_wconf 74' lang='lat' dir='ltr'>wandel</span> <span class='ocrx_word' id='word_1_291' title='bbox 910 4149 1046 4204; x_wconf 77' lang='lat' dir='ltr'>faire</span> <span class='ocrx_word' id='word_1_292' title='bbox 1083 4150 1135 4203; x_wconf 91' lang='lat' dir='ltr'>le</span> <span class='ocrx_word' id='word_1_293' title='bbox 1171 4159 1426 4221; x_wconf 77' lang='lat' dir='ltr'>rapport,</span> <span class='ocrx_word' id='word_1_294' title='bbox 1477 4168 1687 4206; x_wconf 83' lang='lat' dir='ltr'>comme</span> <span class='ocrx_word' id='word_1_295' title='bbox 1723 4154 1915 4207; x_wconf 79' lang='lat' dir='ltr'>Monet</span> <span class='ocrx_word' id='word_1_296' title='bbox 1958 4153 2167 4207; x_wconf 87' lang='lat' dir='ltr'>s’estoit</span> <span class='ocrx_word' id='word_1_297' title='bbox 2201 4158 2367 4207; x_wconf 85' lang='lat' dir='ltr'>vanto</span> <span class='ocrx_word' id='word_1_298' title='bbox 2403 4153 2474 4207; x_wconf 90' lang='lat' dir='ltr'>de</span> <span class='ocrx_word' id='word_1_299' title='bbox 2508 4153 2625 4206; x_wconf 85' lang='lat' dir='ltr'>ba··</span> 
     </span>
    </p>
   </div>
   <div class='ocr_carea' id='block_1_14' title="bbox 625 4216 2612 4975">
    <p class='ocr_par' dir='ltr' id='par_1_17' title="bbox 625 4216 2612 4975">
     <span class='ocr_line' id='line_1_40' title="bbox 625 4216 2607 4289; baseline 0.003 -21"><span class='ocrx_word' id='word_1_300' title='bbox 625 4216 754 4271; x_wconf 81' lang='lat' dir='ltr'>voir</span> <span class='ocrx_word' id='word_1_301' title='bbox 799 4217 1068 4285; x_wconf 75' lang='lat' dir='ltr'>paillarde</span> <span class='ocrx_word' id='word_1_302' title='bbox 1115 4236 1249 4272; x_wconf 82' lang='lat' dir='ltr'>avec</span> <span class='ocrx_word' id='word_1_303' title='bbox 1292 4228 1489 4289; x_wconf 87' lang='lat' dir='ltr'>quatre</span> <span class='ocrx_word' id='word_1_304' title='bbox 1538 4222 1765 4276; x_wconf 82' lang='lat' dir='ltr'>femmes</span> <span class='ocrx_word' id='word_1_305' title='bbox 1814 4223 2079 4276; x_wconf 80' lang='lat' dir='ltr'>destouffe</span> <span class='ocrx_word' id='word_1_306' title='bbox 2122 4239 2157 4274; x_wconf 89' lang='lat' dir='ltr'>a</span> <span class='ocrx_word' id='word_1_307' title='bbox 2191 4222 2436 4287; x_wconf 60' lang='lat' dir='ltr'>(lenem,</span> <span class='ocrx_word' id='word_1_308' title='bbox 2484 4221 2607 4274; x_wconf 84' lang='lat' dir='ltr'>des·</span> 
     </span>
     <span class='ocr_line' id='line_1_41' title="bbox 629 4286 2605 4356; baseline 0.004 -19"><span class='ocrx_word' id='word_1_309' title='bbox 629 4286 842 4354; x_wconf 85' lang='lat' dir='ltr'>quelles</span> <span class='ocrx_word' id='word_1_310' title='bbox 877 4286 1003 4340; x_wconf 90' lang='lat' dir='ltr'>lune</span> <span class='ocrx_word' id='word_1_311' title='bbox 1041 4290 1208 4342; x_wconf 82' lang='lat' dir='ltr'>estoit</span> <span class='ocrx_word' id='word_1_312' title='bbox 1243 4289 1297 4341; x_wconf 83' lang='lat' dir='ltr'>la</span> <span class='ocrx_word' id='word_1_313' title='bbox 1330 4290 1528 4343; x_wconf 79' lang='lat' dir='ltr'>somme</span> <span class='ocrx_word' id='word_1_314' title='bbox 1565 4291 1634 4344; x_wconf 87' lang='lat' dir='ltr'>de</span> <span class='ocrx_word' id='word_1_315' title='bbox 1669 4291 1936 4356; x_wconf 79' lang='lat' dir='ltr'>wandel,</span> <span class='ocrx_word' id='word_1_316' title='bbox 1978 4293 2157 4344; x_wconf 85' lang='lat' dir='ltr'>lautre</span> <span class='ocrx_word' id='word_1_317' title='bbox 2192 4291 2328 4344; x_wconf 88' lang='lat' dir='ltr'>celle</span> <span class='ocrx_word' id='word_1_318' title='bbox 2364 4291 2435 4345; x_wconf 90' lang='lat' dir='ltr'>de</span> <span class='ocrx_word' id='word_1_319' title='bbox 2472 4291 2605 4344; x_wconf 87' lang='lat' dir='ltr'>Per·</span> 
     </span>
     <span class='ocr_line' id='line_1_42' title="bbox 627 4354 2607 4419; baseline 0.002 -11"><span class='ocrx_word' id='word_1_320' title='bbox 627 4354 741 4419; x_wconf 87' lang='lat' dir='ltr'>rin,</span> <span class='ocrx_word' id='word_1_321' title='bbox 796 4354 975 4410; x_wconf 83' lang='lat' dir='ltr'>lautre</span> <span class='ocrx_word' id='word_1_322' title='bbox 1012 4372 1074 4409; x_wconf 84' lang='lat' dir='ltr'>sa</span> <span class='ocrx_word' id='word_1_323' title='bbox 1109 4364 1263 4410; x_wconf 84' lang='lat' dir='ltr'>tante</span> <span class='ocrx_word' id='word_1_324' title='bbox 1313 4365 1370 4412; x_wconf 88' lang='lat' dir='ltr'>et</span> <span class='ocrx_word' id='word_1_325' title='bbox 1415 4360 1593 4413; x_wconf 84' lang='lat' dir='ltr'>lautre</span> <span class='ocrx_word' id='word_1_326' title='bbox 1629 4361 1684 4412; x_wconf 85' lang='lat' dir='ltr'>la</span> <span class='ocrx_word' id='word_1_327' title='bbox 1727 4360 1925 4413; x_wconf 82' lang='lat' dir='ltr'>femme</span> <span class='ocrx_word' id='word_1_328' title='bbox 1960 4360 2085 4413; x_wconf 88' lang='lat' dir='ltr'>d&#39;un</span> <span class='ocrx_word' id='word_1_329' title='bbox 2124 4360 2449 4413; x_wconf 71' lang='lat' dir='ltr'><strong>dementant</strong></span> <span class='ocrx_word' id='word_1_330' title='bbox 2484 4377 2519 4412; x_wconf 86' lang='lat' dir='ltr'>a</span> <span class='ocrx_word' id='word_1_331' title='bbox 2551 4359 2607 4413; x_wconf 78' lang='lat' dir='ltr'>la</span> 
     </span>
     <span class='ocr_line' id='line_1_43' title="bbox 705 4424 2608 4499; baseline 0.003 -24"><span class='ocrx_word' id='word_1_332' title='bbox 705 4430 792 4476; x_wconf 85' lang='lat' dir='ltr'>rte</span> <span class='ocrx_word' id='word_1_333' title='bbox 827 4424 901 4476; x_wconf 88' lang='lat' dir='ltr'>dn</span> <span class='ocrx_word' id='word_1_334' title='bbox 938 4424 1146 4478; x_wconf 80' lang='lat' dir='ltr'>chastel</span> <span class='ocrx_word' id='word_1_335' title='bbox 1184 4462 1408 4481; x_wconf 92' lang='grc'><strong>.....</strong></span> <span class='ocrx_word' id='word_1_336' title='bbox 1445 4435 1502 4482; x_wconf 88' lang='lat' dir='ltr'>et</span> <span class='ocrx_word' id='word_1_337' title='bbox 1536 4429 1583 4481; x_wconf 87' lang='lat' dir='ltr'>si</span> <span class='ocrx_word' id='word_1_338' title='bbox 1619 4429 1673 4482; x_wconf 89' lang='lat' dir='ltr'>ie</span> <span class='ocrx_word' id='word_1_339' title='bbox 1708 4446 1778 4482; x_wconf 91' lang='lat' dir='ltr'>ne</span> <span class='ocrx_word' id='word_1_340' title='bbox 1812 4445 1943 4499; x_wconf 74' lang='lat' dir='ltr'>croy</span> <span class='ocrx_word' id='word_1_341' title='bbox 1973 4446 2074 4497; x_wconf 81' lang='lat' dir='ltr'>pas</span> <span class='ocrx_word' id='word_1_342' title='bbox 2110 4446 2217 4498; x_wconf 87' lang='lat' dir='ltr'>que</span> <span class='ocrx_word' id='word_1_343' title='bbox 2235 4429 2424 4482; x_wconf 76' lang='lat' dir='ltr'>Monet</span> <span class='ocrx_word' id='word_1_344' title='bbox 2462 4428 2608 4483; x_wconf 82' lang='lat' dir='ltr'>least</span> 
     </span>
     <span class='ocr_line' id='line_1_44' title="bbox 672 4493 1523 4549; baseline 0.006 -5"><span class='ocrx_word' id='word_1_345' title='bbox 672 4493 746 4545; x_wconf 84' lang='lat' dir='ltr'>‘ct</span> <span class='ocrx_word' id='word_1_346' title='bbox 779 4493 917 4545; x_wconf 79' lang='lat' dir='ltr'>mais</span> <span class='ocrx_word' id='word_1_347' title='bbox 953 4494 990 4546; x_wconf 81' lang='lat' dir='ltr'>il</span> <span class='ocrx_word' id='word_1_348' title='bbox 1028 4509 1094 4547; x_wconf 87' lang='lat' dir='ltr'>en</span> <span class='ocrx_word' id='word_1_349' title='bbox 1132 4495 1216 4547; x_wconf 73' lang='lat' dir='ltr'>fut</span> <span class='ocrx_word' id='word_1_350' title='bbox 1249 4497 1435 4548; x_wconf 83' lang='lat' dir='ltr'>acconl</span> <span class='ocrx_word' id='word_1_351' title='bbox 1507 4536 1523 4549; x_wconf 94' lang='lat'>.</span> 
     </span>
     <span class='ocr_line' id='line_1_45' title="bbox 837 4561 2607 4631; baseline 0.003 -17"><span class='ocrx_word' id='word_1_352' title='bbox 837 4561 874 4614; x_wconf 68' lang='grc'><strong>4</strong></span> <span class='ocrx_word' id='word_1_353' title='bbox 937 4562 1060 4615; x_wconf 77' lang='lat' dir='ltr'>Alii</span> <span class='ocrx_word' id='word_1_354' title='bbox 1088 4562 1376 4619; x_wconf 68' lang='lat' dir='ltr'>Monetam</span> <span class='ocrx_word' id='word_1_355' title='bbox 1461 4564 1716 4620; x_wconf 67' lang='lat' dir='ltr'>uber-tinia</span> <span class='ocrx_word' id='word_1_356' title='bbox 1750 4566 2089 4631; x_wconf 65' lang='lat' dir='ltr'>adaco-abunt,</span> <span class='ocrx_word' id='word_1_357' title='bbox 2128 4565 2232 4619; x_wconf 70' lang='lat' dir='ltr'>alii</span> <span class='ocrx_word' id='word_1_358' title='bbox 2268 4564 2607 4620; x_wconf 71' lang='lat' dir='ltr'>calvinistis.</span> 
     </span>
     <span class='ocr_line' id='line_1_46' title="bbox 643 4627 2353 4704; baseline 0.001 -19"><span class='ocrx_word' id='word_1_359' title='bbox 643 4627 809 4685; x_wconf 73' lang='lat' dir='ltr'>Vides</span> <span class='ocrx_word' id='word_1_360' title='bbox 892 4639 1102 4685; x_wconf 68' lang='lat' dir='ltr'>ostrum</span> <span class='ocrx_word' id='word_1_361' title='bbox 1136 4635 1353 4687; x_wconf 72' lang='lat' dir='ltr'>neutris</span> <span class='ocrx_word' id='word_1_362' title='bbox 1387 4634 1728 4703; x_wconf 70' lang='lat' dir='ltr'>adstipulari</span> <span class='ocrx_word' id='word_1_363' title='bbox 1760 4635 1905 4689; x_wconf 79' lang='lat' dir='ltr'>velle.</span> <span class='ocrx_word' id='word_1_364' title='bbox 1973 4634 2184 4704; x_wconf 70' lang='lat' dir='ltr'>(Roqet</span> <span class='ocrx_word' id='word_1_365' title='bbox 2216 4634 2251 4688; x_wconf 82' lang='lat'>1.</span> <span class='ocrx_word' id='word_1_366' title='bbox 2286 4635 2353 4697; x_wconf 80' lang='lat'>1.)</span> 
     </span>
     <span class='ocr_line' id='line_1_47' title="bbox 841 4697 2610 4779; baseline 0.002 -27"><span class='ocrx_word' id='word_1_367' title='bbox 841 4698 904 4767; x_wconf 88' lang='grc'>5)</span> <span class='ocrx_word' id='word_1_368' title='bbox 944 4697 1058 4767; x_wconf 77' lang='lat' dir='ltr'>Qui</span> <span class='ocrx_word' id='word_1_369' title='bbox 1088 4718 1255 4779; x_wconf 68' lang='lat' dir='ltr'>quum</span> <span class='ocrx_word' id='word_1_370' title='bbox 1291 4702 1376 4757; x_wconf 89' lang='grc'><strong>10.</strong></span> <span class='ocrx_word' id='word_1_371' title='bbox 1399 4700 1543 4771; x_wconf 74' lang='lat' dir='ltr'>Sept.</span> <span class='ocrx_word' id='word_1_372' title='bbox 1580 4704 1692 4757; x_wconf 71' lang='lat' dir='ltr'>iam</span> <span class='ocrx_word' id='word_1_373' title='bbox 1725 4702 2069 4759; x_wconf 69' lang='lat' dir='ltr'>Lemannus</span> <span class='ocrx_word' id='word_1_374' title='bbox 2098 4704 2274 4770; x_wconf 71' lang='lat' dir='ltr'>suerit</span> <span class='ocrx_word' id='word_1_375' title='bbox 2304 4702 2396 4771; x_wconf 87' lang='lat' dir='ltr'>(N.</span> <span class='ocrx_word' id='word_1_376' title='bbox 2425 4701 2610 4769; x_wconf 83' lang='grc'><strong>1259),</strong></span> 
     </span>
     <span class='ocr_line' id='line_1_48' title="bbox 627 4766 2612 4902; baseline 0.003 -81"><span class='ocrx_word' id='word_1_377' title='bbox 627 4766 920 4902; x_wconf 40' lang='lat' dir='ltr'>pintolam</span> <span class='ocrx_word' id='word_1_378' title='bbox 972 4769 1135 4824; x_wconf 65' lang='lat' dir='ltr'>induo</span> <span class='ocrx_word' id='word_1_379' title='bbox 1180 4772 1300 4825; x_wconf 77' lang='lat' dir='ltr'>eius</span> <span class='ocrx_word' id='word_1_380' title='bbox 1345 4774 1548 4825; x_wconf 66' lang='lat' dir='ltr'>meum</span> <span class='ocrx_word' id='word_1_381' title='bbox 1597 4772 1861 4841; x_wconf 77' lang='lat' dir='ltr'>scriptam</span> <span class='ocrx_word' id='word_1_382' title='bbox 1909 4773 2087 4839; x_wconf 71' lang='lat' dir='ltr'>fuisse</span> <span class='ocrx_word' id='word_1_383' title='bbox 2120 4778 2294 4853; x_wconf 71' lang='lat' dir='ltr'>patet.</span> <span class='ocrx_word' id='word_1_384' title='bbox 2372 4771 2612 4827; x_wconf 71' lang='lat' dir='ltr'>Omnino</span> 
     </span>
     <span class='ocr_line' id='line_1_49' title="bbox 660 4836 2612 4975; baseline 0.003 -85"><span class='ocrx_word' id='word_1_385' title='bbox 660 4836 1219 4975; x_wconf 48' lang='lat' dir='ltr'>qllimgfgtbrretinus</span> <span class='ocrx_word' id='word_1_386' title='bbox 1251 4841 1353 4911; x_wconf 72' lang='lat' dir='ltr'>qui</span> <span class='ocrx_word' id='word_1_387' title='bbox 1385 4856 1504 4895; x_wconf 76' lang='lat' dir='ltr'>eam</span> <span class='ocrx_word' id='word_1_388' title='bbox 1539 4840 1619 4895; x_wconf 78' lang='lat' dir='ltr'>ad</span> <span class='ocrx_word' id='word_1_389' title='bbox 1651 4856 1702 4895; x_wconf 80' lang='lat' dir='ltr'>a.</span> <span class='ocrx_word' id='word_1_390' title='bbox 1743 4839 1881 4895; x_wconf 88' lang='grc'><strong>1555</strong></span> <span class='ocrx_word' id='word_1_391' title='bbox 1915 4848 1968 4896; x_wconf 74' lang='lat' dir='ltr'>et</span> <span class='ocrx_word' id='word_1_392' title='bbox 2000 4842 2436 4898; x_wconf 61' lang='lat' dir='ltr'>coniurationem</span> <span class='ocrx_word' id='word_1_393' title='bbox 2474 4840 2612 4896; x_wconf 74' lang='lat' dir='ltr'>Per·</span> 
     </span>
     <span class='ocr_line' id='line_1_50' title="bbox 629 4920 968 4960; baseline -0.006 -1"><span class='ocrx_word' id='word_1_394' title='bbox 629 4920 748 4959; x_wconf 70' lang='lat' dir='ltr'>m·</span> <span class='ocrx_word' id='word_1_395' title='bbox 780 4921 815 4960; x_wconf 76' lang='lat' dir='ltr'>r</span> <span class='ocrx_word' id='word_1_396' title='bbox 954 4944 968 4957; x_wconf 89' lang='lat'>.</span> 
     </span>
    </p>
   </div>
   <div class='ocr_carea' id='block_1_15' title="bbox 2125 437 3133 507">
    <p class='ocr_par' dir='ltr' id='par_1_18' title="bbox 2125 437 3133 507">
     <span class='ocr_line' id='line_1_51' title="bbox 2125 437 3133 507; baseline -0.003 0"><span class='ocrx_word' id='word_1_397' title='bbox 2125 437 2660 507; x_wconf 69' lang='lat' dir='ltr'>EPISTOLAE</span> <span class='ocrx_word' id='word_1_398' title='bbox 2704 442 3133 505; x_wconf 83' lang='lat'>4162—4164</span> 
     </span>
    </p>
   </div>
   <div class='ocr_carea' id='block_1_16' title="bbox 2623 630 2682 5397">
    <p class='ocr_par' dir='ltr' id='par_1_19' title="bbox 2623 630 2682 5397">
     <span class='ocr_line' id='line_1_52' title="bbox 2623 630 2682 5397; baseline 0 0"><span class='ocrx_word' id='word_1_399' title='bbox 2623 630 2682 5397; x_wconf 95' lang='lat' dir='ltr'> </span> 
     </span>
    </p>
   </div>
   <div class='ocr_carea' id='block_1_17' title="bbox 4498 441 4597 504">
    <p class='ocr_par' dir='ltr' id='par_1_20' title="bbox 4498 441 4597 504">
     <span class='ocr_line' id='line_1_53' title="bbox 4498 441 4597 504; baseline 0.02 -2"><span class='ocrx_word' id='word_1_400' title='bbox 4498 441 4597 504; x_wconf 76' lang='lat' dir='ltr'>⁴oe</span> 
     </span>
    </p>
   </div>
   <div class='ocr_carea' id='block_1_18' title="bbox 3095 626 4255 849">
    <p class='ocr_par' dir='ltr' id='par_1_21' title="bbox 3095 626 4255 849">
     <span class='ocr_line' id='line_1_54' title="bbox 3571 626 3764 696; baseline -0.021 0"><span class='ocrx_word' id='word_1_401' title='bbox 3571 626 3764 696; x_wconf 72' lang='lat'><strong>4163.</strong></span> 
     </span>
     <span class='ocr_line' id='line_1_55' title="bbox 3095 780 4255 849; baseline -0.002 -1"><span class='ocrx_word' id='word_1_402' title='bbox 3095 780 3572 848; x_wconf 85' lang='lat' dir='ltr'>OALVINUS</span> <span class='ocrx_word' id='word_1_403' title='bbox 3618 780 4255 849; x_wconf 82' lang='lat' dir='ltr'>BULLINGERO.</span> 
     </span>
    </p>
   </div>
   <div class='ocr_carea' id='block_1_19' title="bbox 2689 952 4619 1360">
    <p class='ocr_par' dir='ltr' id='par_1_22' title="bbox 2689 952 4619 1360">
     <span class='ocr_line' id='line_1_56' title="bbox 2866 952 4607 1038; baseline 0 -20"><span class='ocrx_word' id='word_1_404' title='bbox 2866 952 3105 1019; x_wconf 74' lang='lat' dir='ltr'>Libello</span> <span class='ocrx_word' id='word_1_405' title='bbox 3144 956 3284 1020; x_wconf 73' lang='lat' dir='ltr'>eius</span> <span class='ocrx_word' id='word_1_406' title='bbox 3328 953 3561 1038; x_wconf 73' lang='lat' dir='ltr'>Reyem</span> <span class='ocrx_word' id='word_1_407' title='bbox 3601 974 3783 1037; x_wconf 71' lang='lat' dir='ltr'>aeyre</span> <span class='ocrx_word' id='word_1_408' title='bbox 3812 953 4141 1036; x_wconf 66' lang='lat' dir='ltr'>placatam</span> <span class='ocrx_word' id='word_1_409' title='bbox 4184 954 4277 1017; x_wconf 55' lang='grc' dir='ltr'>ὑπ’</span> <span class='ocrx_word' id='word_1_410' title='bbox 4308 955 4607 1035; x_wconf 64' lang='lat' dir='ltr'>pron-&#39;da</span> 
     </span>
     <span class='ocr_line' id='line_1_57' title="bbox 2694 1039 4615 1124; baseline 0 -19"><span class='ocrx_word' id='word_1_411' title='bbox 2694 1039 3141 1123; x_wconf 70' lang='lat' dir='ltr'>Aeyriussm</span> <span class='ocrx_word' id='word_1_412' title='bbox 3195 1041 3265 1105; x_wconf 72' lang='lat' dir='ltr'>in</span> <span class='ocrx_word' id='word_1_413' title='bbox 3327 1039 3863 1124; x_wconf 72' lang='lat' dir='ltr'>neyotioBolseci</span> <span class='ocrx_word' id='word_1_414' title='bbox 3910 1039 4285 1104; x_wconf 69' lang='lat' dir='ltr'>Turiaenses</span> <span class='ocrx_word' id='word_1_415' title='bbox 4339 1059 4459 1103; x_wconf 68' lang='lat' dir='ltr'>noa</span> <span class='ocrx_word' id='word_1_416' title='bbox 4510 1045 4615 1105; x_wconf 71' lang='lat' dir='ltr'>te-</span> 
     </span>
     <span class='ocr_line' id='line_1_58' title="bbox 2689 1124 4613 1208; baseline -0.001 -17"><span class='ocrx_word' id='word_1_417' title='bbox 2689 1124 2943 1208; x_wconf 74' lang='lat' dir='ltr'>fortiter</span> <span class='ocrx_word' id='word_1_418' title='bbox 3004 1124 3083 1190; x_wconf 82' lang='lat' dir='ltr'>ab</span> <span class='ocrx_word' id='word_1_419' title='bbox 3145 1127 3356 1207; x_wconf 76' lang='lat' dir='ltr'>ipsius</span> <span class='ocrx_word' id='word_1_420' title='bbox 3410 1124 3709 1208; x_wconf 67' lang='lat' dir='ltr'>partibus</span> <span class='ocrx_word' id='word_1_421' title='bbox 3768 1126 4229 1207; x_wconf 71' lang='lat' dir='ltr'>stetisseatqnae</span> <span class='ocrx_word' id='word_1_422' title='bbox 4280 1133 4613 1207; x_wconf 59' lang='lat' dir='ltr'>meant.</span> 
     </span>
     <span class='ocr_line' id='line_1_59' title="bbox 2693 1295 4619 1360; baseline 0.001 -11"><span class='ocrx_word' id='word_1_423' title='bbox 2693 1297 2808 1360; x_wconf 80' lang='lat' dir='ltr'>(Ex</span> <span class='ocrx_word' id='word_1_424' title='bbox 2842 1296 3043 1351; x_wconf 88' lang='lat' dir='ltr'>Oodice</span> <span class='ocrx_word' id='word_1_425' title='bbox 3075 1313 3267 1351; x_wconf 89' lang='lat' dir='ltr'>recens</span> <span class='ocrx_word' id='word_1_426' title='bbox 3301 1299 3361 1351; x_wconf 90' lang='lat' dir='ltr'>in</span> <span class='ocrx_word' id='word_1_427' title='bbox 3395 1295 3781 1352; x_wconf 68' lang='lat' dir='ltr'><strong>bibliothecam</strong></span> <span class='ocrx_word' id='word_1_428' title='bbox 3833 1297 4057 1350; x_wconf 75' lang='lat' dir='ltr'>civicam</span> <span class='ocrx_word' id='word_1_429' title='bbox 4095 1297 4443 1350; x_wconf 74' lang='lat' dir='ltr'>Turicenaen</span> <span class='ocrx_word' id='word_1_430' title='bbox 4476 1298 4619 1350; x_wconf 70' lang='lat' dir='ltr'>rehtu</span> 
     </span>
    </p>
   </div>
   <div class='ocr_carea' id='block_1_20' title="bbox 2694 1365 4619 1503">
    <p class='ocr_par' dir='ltr' id='par_1_23' title="bbox 2694 1365 4619 1503">
     <span class='ocr_line' id='line_1_60' title="bbox 2694 1365 4619 1435; baseline -0.001 -16"><span class='ocrx_word' id='word_1_431' title='bbox 2694 1367 2754 1419; x_wconf 92' lang='lat' dir='ltr'>in</span> <span class='ocrx_word' id='word_1_432' title='bbox 2790 1373 3036 1420; x_wconf 81' lang='lat' dir='ltr'>nostrum</span> <span class='ocrx_word' id='word_1_433' title='bbox 3080 1383 3237 1420; x_wconf 84' lang='lat' dir='ltr'>nsum</span> <span class='ocrx_word' id='word_1_434' title='bbox 3281 1366 3574 1435; x_wconf 67' lang='lat' dir='ltr'>descripsit</span> <span class='ocrx_word' id='word_1_435' title='bbox 3618 1365 3703 1418; x_wconf 85' lang='lat' dir='ltr'>vir</span> <span class='ocrx_word' id='word_1_436' title='bbox 3746 1365 4091 1419; x_wconf 83' lang='lat' dir='ltr'>doctissimus</span> <span class='ocrx_word' id='word_1_437' title='bbox 4138 1373 4197 1419; x_wconf 89' lang='lat' dir='ltr'>et</span> <span class='ocrx_word' id='word_1_438' title='bbox 4238 1365 4619 1418; x_wconf 71' lang='lat' dir='ltr'>humanissim-</span> 
     </span>
     <span class='ocr_line' id='line_1_61' title="bbox 3432 1434 3938 1503; baseline -0.004 -15"><span class='ocrx_word' id='word_1_439' title='bbox 3432 1437 3495 1488; x_wconf 79' lang='lat' dir='ltr'>A.</span> <span class='ocrx_word' id='word_1_440' title='bbox 3534 1435 3589 1489; x_wconf 89' lang='lat' dir='ltr'>S.</span> <span class='ocrx_word' id='word_1_441' title='bbox 3626 1434 3938 1503; x_wconf 79' lang='lat' dir='ltr'>Voegelin.)</span> 
     </span>
    </p>
   </div>
   <div class='ocr_carea' id='block_1_21' title="bbox 2696 1603 4627 1861">
    <p class='ocr_par' dir='ltr' id='par_1_24' title="bbox 2696 1603 4627 1861">
     <span class='ocr_line' id='line_1_62' title="bbox 2696 1603 4625 1671; baseline -0.001 -1"><span class='ocrx_word' id='word_1_442' title='bbox 2696 1604 3144 1670; x_wconf 81' lang='lat' dir='ltr'>ornatissimo</span> <span class='ocrx_word' id='word_1_443' title='bbox 3220 1605 3362 1670; x_wconf 91' lang='lat' dir='ltr'>viro</span> <span class='ocrx_word' id='word_1_444' title='bbox 3428 1611 3496 1667; x_wconf 86' lang='lat' dir='ltr'>et</span> <span class='ocrx_word' id='word_1_445' title='bbox 3576 1604 3820 1669; x_wconf 87' lang='lat' dir='ltr'>eximio</span> <span class='ocrx_word' id='word_1_446' title='bbox 3887 1603 4138 1670; x_wconf 78' lang='lat' dir='ltr'>Christi</span> <span class='ocrx_word' id='word_1_447' title='bbox 4203 1606 4503 1670; x_wconf 82' lang='lat' dir='ltr'>ministro</span> <span class='ocrx_word' id='word_1_448' title='bbox 4556 1605 4625 1671; x_wconf 88' lang='lat' dir='ltr'>D.</span> 
     </span>
     <span class='ocr_line' id='line_1_63' title="bbox 2697 1690 4627 1775; baseline -0.001 -20"><span class='ocrx_word' id='word_1_449' title='bbox 2697 1690 3065 1756; x_wconf 81' lang='lat' dir='ltr'>Heinricho</span> <span class='ocrx_word' id='word_1_450' title='bbox 3128 1691 3518 1775; x_wconf 86' lang='lat' dir='ltr'>Bullingero</span> <span class='ocrx_word' id='word_1_451' title='bbox 3574 1690 3936 1774; x_wconf 82' lang='lat' dir='ltr'>Tigurinae</span> <span class='ocrx_word' id='word_1_452' title='bbox 4023 1690 4336 1756; x_wconf 86' lang='lat' dir='ltr'>ecclesiae</span> <span class='ocrx_word' id='word_1_453' title='bbox 4416 1693 4627 1774; x_wconf 83' lang='lat' dir='ltr'>pastori</span> 
     </span>
     <span class='ocr_line' id='line_1_64' title="bbox 3040 1775 4315 1861; baseline 0 -20"><span class='ocrx_word' id='word_1_454' title='bbox 3040 1776 3231 1841; x_wconf 85' lang='lat' dir='ltr'>fratri</span> <span class='ocrx_word' id='word_1_455' title='bbox 3275 1787 3341 1842; x_wconf 90' lang='lat' dir='ltr'>et</span> <span class='ocrx_word' id='word_1_456' title='bbox 3384 1786 3792 1861; x_wconf 79' lang='lat' dir='ltr'><strong>symmystae</strong></span> <span class='ocrx_word' id='word_1_457' title='bbox 3838 1775 4315 1842; x_wconf 79' lang='lat' dir='ltr'>colendissimo.</span> 
     </span>
    </p>
   </div>
   <div class='ocr_carea' id='block_1_22' title="bbox 2696 1945 4651 5035">
    <p class='ocr_par' dir='ltr' id='par_1_25' title="bbox 2696 1945 4641 3132">
     <span class='ocr_line' id='line_1_65' title="bbox 2871 1945 4629 2030; baseline -0.001 -17"><span class='ocrx_word' id='word_1_458' title='bbox 2871 1947 2942 2013; x_wconf 89' lang='lat' dir='ltr'>S.</span> <span class='ocrx_word' id='word_1_459' title='bbox 3034 1949 3127 2013; x_wconf 78' lang='lat' dir='ltr'>Et</span> <span class='ocrx_word' id='word_1_460' title='bbox 3191 1948 3416 2014; x_wconf 90' lang='lat' dir='ltr'>sedulo</span> <span class='ocrx_word' id='word_1_461' title='bbox 3483 1949 3555 2012; x_wconf 90' lang='lat' dir='ltr'>in</span> <span class='ocrx_word' id='word_1_462' title='bbox 3618 1945 3940 2030; x_wconf 85' lang='lat' dir='ltr'>placanda</span> <span class='ocrx_word' id='word_1_463' title='bbox 4003 1948 4381 2014; x_wconf 78' lang='lat' dir='ltr'>Pharaonis</span> <span class='ocrx_word' id='word_1_464' title='bbox 4448 1951 4629 2013; x_wconf 87' lang='lat' dir='ltr'>nostri</span> 
     </span>
     <span class='ocr_line' id='line_1_66' title="bbox 2698 2033 4631 2118; baseline 0.003 -19"><span class='ocrx_word' id='word_1_465' title='bbox 2698 2033 2972 2099; x_wconf 86' lang='lat' dir='ltr'>saevitia</span> <span class='ocrx_word' id='word_1_466' title='bbox 3036 2035 3421 2118; x_wconf 90' lang='lat' dir='ltr'>miserisque</span> <span class='ocrx_word' id='word_1_467' title='bbox 3487 2033 3803 2099; x_wconf 85' lang='lat' dir='ltr'>fratribus</span> <span class='ocrx_word' id='word_1_468' title='bbox 3868 2033 4175 2099; x_wconf 86' lang='lat' dir='ltr'>iuvandis</span> <span class='ocrx_word' id='word_1_469' title='bbox 4240 2034 4631 2104; x_wconf 76' lang='lat' dir='ltr'>laborasti:¹)</span> 
     </span>
     <span class='ocr_line' id='line_1_67' title="bbox 2696 2119 4631 2203; baseline 0 -19"><span class='ocrx_word' id='word_1_470' title='bbox 2696 2122 2764 2184; x_wconf 93' lang='lat' dir='ltr'>in</span> <span class='ocrx_word' id='word_1_471' title='bbox 2812 2142 2888 2185; x_wconf 92' lang='lat' dir='ltr'>eo</span> <span class='ocrx_word' id='word_1_472' title='bbox 2932 2120 3184 2187; x_wconf 88' lang='lat' dir='ltr'>scilicet</span> <span class='ocrx_word' id='word_1_473' title='bbox 3228 2129 3292 2186; x_wconf 86' lang='lat' dir='ltr'>te</span> <span class='ocrx_word' id='word_1_474' title='bbox 3337 2120 3617 2185; x_wconf 90' lang='lat' dir='ltr'>eundem</span> <span class='ocrx_word' id='word_1_475' title='bbox 3665 2139 3806 2185; x_wconf 89' lang='lat' dir='ltr'>esse</span> <span class='ocrx_word' id='word_1_476' title='bbox 3849 2120 4140 2202; x_wconf 86' lang='lat' dir='ltr'>probasti</span> <span class='ocrx_word' id='word_1_477' title='bbox 4175 2141 4373 2203; x_wconf 89' lang='lat' dir='ltr'>quem</span> <span class='ocrx_word' id='word_1_478' title='bbox 4412 2131 4475 2185; x_wconf 86' lang='lat' dir='ltr'>te</span> <span class='ocrx_word' id='word_1_479' title='bbox 4506 2119 4631 2184; x_wconf 75' lang='lat' dir='ltr'>bac-</span> 
     </span>
     <span class='ocr_line' id='line_1_68' title="bbox 2698 2205 4635 2288; baseline 0 -18"><span class='ocrx_word' id='word_1_480' title='bbox 2698 2215 2895 2271; x_wconf 87' lang='lat' dir='ltr'>tenus</span> <span class='ocrx_word' id='word_1_481' title='bbox 2959 2214 3296 2288; x_wconf 87' lang='lat' dir='ltr'>praestare</span> <span class='ocrx_word' id='word_1_482' title='bbox 3362 2206 3595 2271; x_wconf 81' lang='lat' dir='ltr'>solitus</span> <span class='ocrx_word' id='word_1_483' title='bbox 3662 2226 3750 2270; x_wconf 92' lang='lat' dir='ltr'>es.</span> <span class='ocrx_word' id='word_1_484' title='bbox 3842 2205 4025 2271; x_wconf 86' lang='lat' dir='ltr'>Satis</span> <span class='ocrx_word' id='word_1_485' title='bbox 4089 2207 4267 2270; x_wconf 88' lang='lat' dir='ltr'>enim</span> <span class='ocrx_word' id='word_1_486' title='bbox 4346 2209 4635 2271; x_wconf 71' lang='lat' dir='ltr'>memoris</span> 
     </span>
     <span class='ocr_line' id='line_1_69' title="bbox 2697 2292 4631 2374; baseline 0 -17"><span class='ocrx_word' id='word_1_487' title='bbox 2697 2301 2890 2357; x_wconf 85' lang='lat' dir='ltr'>teneo</span> <span class='ocrx_word' id='word_1_488' title='bbox 2955 2313 3152 2374; x_wconf 89' lang='lat' dir='ltr'>quam</span> <span class='ocrx_word' id='word_1_489' title='bbox 3218 2292 3502 2356; x_wconf 88' lang='lat' dir='ltr'>fideliter</span> <span class='ocrx_word' id='word_1_490' title='bbox 3566 2312 3827 2373; x_wconf 90' lang='lat' dir='ltr'>semper</span> <span class='ocrx_word' id='word_1_491' title='bbox 3891 2305 3959 2356; x_wconf 90' lang='lat' dir='ltr'>et</span> <span class='ocrx_word' id='word_1_492' title='bbox 4023 2301 4294 2358; x_wconf 83' lang='lat' dir='ltr'>strenue</span> <span class='ocrx_word' id='word_1_493' title='bbox 4364 2294 4437 2357; x_wconf 90' lang='lat' dir='ltr'>in</span> <span class='ocrx_word' id='word_1_494' title='bbox 4494 2293 4631 2357; x_wconf 78' lang='lat' dir='ltr'>hanc</span> 
     </span>
     <span class='ocr_line' id='line_1_70' title="bbox 2697 2376 4635 2460; baseline -0.001 -16"><span class='ocrx_word' id='word_1_495' title='bbox 2697 2399 2964 2444; x_wconf 85' lang='lat' dir='ltr'>causam</span> <span class='ocrx_word' id='word_1_496' title='bbox 3032 2377 3428 2444; x_wconf 80' lang='lat' dir='ltr'>incubueris.</span> <span class='ocrx_word' id='word_1_497' title='bbox 3525 2376 3923 2460; x_wconf 79' lang='lat' dir='ltr'>Quanquam</span> <span class='ocrx_word' id='word_1_498' title='bbox 3969 2399 4103 2441; x_wconf 89' lang='lat' dir='ltr'>non</span> <span class='ocrx_word' id='word_1_499' title='bbox 4151 2378 4265 2442; x_wconf 86' lang='lat' dir='ltr'>abs</span> <span class='ocrx_word' id='word_1_500' title='bbox 4326 2401 4402 2445; x_wconf 89' lang='lat' dir='ltr'>re</span> <span class='ocrx_word' id='word_1_501' title='bbox 4437 2399 4635 2443; x_wconf 81' lang='lat' dir='ltr'>vereor</span> 
     </span>
     <span class='ocr_line' id='line_1_71' title="bbox 2698 2462 4635 2547; baseline -0.001 -19"><span class='ocrx_word' id='word_1_502' title='bbox 2698 2486 2782 2528; x_wconf 89' lang='lat' dir='ltr'>ne</span> <span class='ocrx_word' id='word_1_503' title='bbox 2826 2463 3038 2527; x_wconf 88' lang='lat' dir='ltr'>literis</span> <span class='ocrx_word' id='word_1_504' title='bbox 3084 2485 3316 2547; x_wconf 89' lang='lat' dir='ltr'>parum</span> <span class='ocrx_word' id='word_1_505' title='bbox 3363 2464 3727 2546; x_wconf 83' lang='lat' dir='ltr'>profectum</span> <span class='ocrx_word' id='word_1_506' title='bbox 3775 2464 3881 2542; x_wconf 89' lang='lat' dir='ltr'>sit,</span> <span class='ocrx_word' id='word_1_507' title='bbox 3925 2485 4086 2545; x_wconf 88' lang='lat' dir='ltr'>quas</span> <span class='ocrx_word' id='word_1_508' title='bbox 4122 2462 4397 2530; x_wconf 87' lang='lat' dir='ltr'>eludere</span> <span class='ocrx_word' id='word_1_509' title='bbox 4441 2465 4635 2530; x_wconf 74' lang='lat' dir='ltr'>aulicis</span> 
     </span>
     <span class='ocr_line' id='line_1_72' title="bbox 2699 2548 4637 2632; baseline 0.001 -18"><span class='ocrx_word' id='word_1_510' title='bbox 2699 2571 2945 2614; x_wconf 88' lang='lat' dir='ltr'>novum</span> <span class='ocrx_word' id='word_1_511' title='bbox 3012 2571 3142 2614; x_wconf 89' lang='lat' dir='ltr'>non</span> <span class='ocrx_word' id='word_1_512' title='bbox 3209 2561 3325 2615; x_wconf 76' lang='lat' dir='ltr'>est</span> <span class='ocrx_word' id='word_1_513' title='bbox 3419 2549 3565 2613; x_wconf 92' lang='lat' dir='ltr'>Imo</span> <span class='ocrx_word' id='word_1_514' title='bbox 3636 2548 3761 2613; x_wconf 90' lang='lat' dir='ltr'>hoc</span> <span class='ocrx_word' id='word_1_515' title='bbox 3826 2548 3991 2612; x_wconf 89' lang='lat' dir='ltr'>mihi</span> <span class='ocrx_word' id='word_1_516' title='bbox 4054 2571 4266 2632; x_wconf 82' lang='lat' dir='ltr'>nuper</span> <span class='ocrx_word' id='word_1_517' title='bbox 4324 2553 4399 2615; x_wconf 90' lang='lat' dir='ltr'>in</span> <span class='ocrx_word' id='word_1_518' title='bbox 4444 2571 4637 2616; x_wconf 82' lang='lat' dir='ltr'>aurem</span> 
     </span>
     <span class='ocr_line' id='line_1_73' title="bbox 2699 2635 4633 2720; baseline -0.001 -20"><span class='ocrx_word' id='word_1_519' title='bbox 2699 2636 3042 2700; x_wconf 84' lang='lat' dir='ltr'>confessus</span> <span class='ocrx_word' id='word_1_520' title='bbox 3086 2643 3190 2699; x_wconf 92' lang='lat' dir='ltr'>est</span> <span class='ocrx_word' id='word_1_521' title='bbox 3231 2635 3440 2720; x_wconf 81' lang='lat' dir='ltr'>Regis</span> <span class='ocrx_word' id='word_1_522' title='bbox 3486 2635 3765 2718; x_wconf 79' lang='lat' dir='ltr'>legatus,</span> <span class='ocrx_word' id='word_1_523' title='bbox 3812 2655 4015 2716; x_wconf 85' lang='lat' dir='ltr'>quum</span> <span class='ocrx_word' id='word_1_524' title='bbox 4062 2637 4187 2700; x_wconf 88' lang='lat' dir='ltr'>iter</span> <span class='ocrx_word' id='word_1_525' title='bbox 4230 2635 4361 2701; x_wconf 87' lang='lat' dir='ltr'>hac</span> <span class='ocrx_word' id='word_1_526' title='bbox 4406 2639 4633 2702; x_wconf 73' lang='lat' dir='ltr'>faceret.</span> 
     </span>
     <span class='ocr_line' id='line_1_74' title="bbox 2700 2719 4637 2804; baseline -0.001 -19"><span class='ocrx_word' id='word_1_527' title='bbox 2700 2720 2990 2785; x_wconf 87' lang='lat' dir='ltr'>Homine</span> <span class='ocrx_word' id='word_1_528' title='bbox 3035 2722 3255 2802; x_wconf 86' lang='lat' dir='ltr'>itaque</span> <span class='ocrx_word' id='word_1_529' title='bbox 3298 2740 3461 2804; x_wconf 91' lang='lat' dir='ltr'>opus</span> <span class='ocrx_word' id='word_1_530' title='bbox 3505 2721 3675 2784; x_wconf 86' lang='lat' dir='ltr'>foret</span> <span class='ocrx_word' id='word_1_531' title='bbox 3730 2719 3787 2782; x_wconf 91' lang='lat' dir='ltr'>si</span> <span class='ocrx_word' id='word_1_532' title='bbox 3842 2719 3999 2802; x_wconf 91' lang='lat' dir='ltr'>quid</span> <span class='ocrx_word' id='word_1_533' title='bbox 4052 2721 4415 2803; x_wconf 87' lang='lat' dir='ltr'>impetrare</span> <span class='ocrx_word' id='word_1_534' title='bbox 4478 2721 4637 2786; x_wconf 83' lang='lat' dir='ltr'>volu·</span> 
     </span>
     <span class='ocr_line' id='line_1_75' title="bbox 2698 2805 4635 2890; baseline -0.002 -20"><span class='ocrx_word' id='word_1_535' title='bbox 2698 2828 2866 2871; x_wconf 91' lang='lat' dir='ltr'>mus.</span> <span class='ocrx_word' id='word_1_536' title='bbox 2957 2806 3109 2888; x_wconf 80' lang='lat' dir='ltr'>Qua</span> <span class='ocrx_word' id='word_1_537' title='bbox 3155 2805 3236 2871; x_wconf 92' lang='lat' dir='ltr'>de</span> <span class='ocrx_word' id='word_1_538' title='bbox 3300 2828 3372 2871; x_wconf 91' lang='lat' dir='ltr'>re</span> <span class='ocrx_word' id='word_1_539' title='bbox 3436 2807 3759 2890; x_wconf 81' lang='lat' dir='ltr'>agitatum</span> <span class='ocrx_word' id='word_1_540' title='bbox 3804 2805 4117 2872; x_wconf 86' lang='lat' dir='ltr'>Badenae</span> <span class='ocrx_word' id='word_1_541' title='bbox 4182 2807 4393 2872; x_wconf 83' lang='lat' dir='ltr'>fuisse</span> <span class='ocrx_word' id='word_1_542' title='bbox 4458 2807 4635 2872; x_wconf 85' lang='lat' dir='ltr'>audio.</span> 
     </span>
     <span class='ocr_line' id='line_1_76' title="bbox 2702 2891 4639 2959; baseline -0.002 -1"><span class='ocrx_word' id='word_1_543' title='bbox 2702 2891 2838 2958; x_wconf 86' lang='lat' dir='ltr'>Sed</span> <span class='ocrx_word' id='word_1_544' title='bbox 2884 2891 3000 2957; x_wconf 83' lang='lat' dir='ltr'>illa</span> <span class='ocrx_word' id='word_1_545' title='bbox 3043 2892 3215 2957; x_wconf 85' lang='lat' dir='ltr'>forte</span> <span class='ocrx_word' id='word_1_546' title='bbox 3272 2891 3653 2957; x_wconf 83' lang='lat' dir='ltr'>deliberatio</span> <span class='ocrx_word' id='word_1_547' title='bbox 3713 2893 4001 2955; x_wconf 88' lang='lat' dir='ltr'>evanuit.</span> <span class='ocrx_word' id='word_1_548' title='bbox 4088 2894 4193 2957; x_wconf 90' lang='lat' dir='ltr'>De</span> <span class='ocrx_word' id='word_1_549' title='bbox 4249 2902 4371 2957; x_wconf 85' lang='lat' dir='ltr'>tua</span> <span class='ocrx_word' id='word_1_550' title='bbox 4423 2893 4543 2959; x_wconf 91' lang='lat' dir='ltr'>fide</span> <span class='ocrx_word' id='word_1_551' title='bbox 4590 2903 4639 2955; x_wconf 79' lang='lat' dir='ltr'>et</span> 
     </span>
     <span class='ocr_line' id='line_1_77' title="bbox 2702 2977 4641 3063; baseline 0.001 -22"><span class='ocrx_word' id='word_1_552' title='bbox 2702 2977 3049 3061; x_wconf 86' lang='lat' dir='ltr'>diligentia</span> <span class='ocrx_word' id='word_1_553' title='bbox 3122 2979 3217 3042; x_wconf 85' lang='lat' dir='ltr'>ita</span> <span class='ocrx_word' id='word_1_554' title='bbox 3292 2999 3438 3042; x_wconf 92' lang='lat' dir='ltr'>sum</span> <span class='ocrx_word' id='word_1_555' title='bbox 3515 2996 3871 3060; x_wconf 78' lang='lat' dir='ltr'>persuasus</span> <span class='ocrx_word' id='word_1_556' title='bbox 3949 2984 4026 3042; x_wconf 89' lang='lat' dir='ltr'>ut</span> <span class='ocrx_word' id='word_1_557' title='bbox 4104 2999 4641 3063; x_wconf 84' lang='lat' dir='ltr'>supervacaneum</span> 
     </span>
     <span class='ocr_line' id='line_1_78' title="bbox 2700 3063 3941 3132; baseline -0.002 0"><span class='ocrx_word' id='word_1_558' title='bbox 2700 3084 3004 3132; x_wconf 88' lang='lat' dir='ltr'>censeam</span> <span class='ocrx_word' id='word_1_559' title='bbox 3050 3065 3251 3131; x_wconf 85' lang='lat' dir='ltr'>verbo</span> <span class='ocrx_word' id='word_1_560' title='bbox 3297 3086 3425 3129; x_wconf 90' lang='lat' dir='ltr'>uno</span> <span class='ocrx_word' id='word_1_561' title='bbox 3472 3074 3537 3130; x_wconf 88' lang='lat' dir='ltr'>te</span> <span class='ocrx_word' id='word_1_562' title='bbox 3581 3063 3941 3129; x_wconf 86' lang='lat' dir='ltr'>stimulare.</span> 
     </span>
    </p>

    <p class='ocr_par' dir='ltr' id='par_1_26' title="bbox 2699 3150 4651 5035">
     <span class='ocr_line' id='line_1_79' title="bbox 2872 3150 4643 3234; baseline 0 -20"><span class='ocrx_word' id='word_1_563' title='bbox 2872 3151 2959 3214; x_wconf 91' lang='lat' dir='ltr'>In</span> <span class='ocrx_word' id='word_1_564' title='bbox 3004 3150 3214 3215; x_wconf 88' lang='lat' dir='ltr'>altero</span> <span class='ocrx_word' id='word_1_565' title='bbox 3258 3151 3524 3234; x_wconf 85' lang='lat' dir='ltr'>negotio</span> <span class='ocrx_word' id='word_1_566' title='bbox 3569 3151 3830 3214; x_wconf 87' lang='lat' dir='ltr'>utinam</span> <span class='ocrx_word' id='word_1_567' title='bbox 3875 3152 3968 3214; x_wconf 88' lang='lat' dir='ltr'>ita</span> <span class='ocrx_word' id='word_1_568' title='bbox 4026 3152 4445 3218; x_wconf 82' lang='lat' dir='ltr'>satisfactum</span> <span class='ocrx_word' id='word_1_569' title='bbox 4488 3150 4643 3217; x_wconf 72' lang='lat' dir='ltr'>nobis</span> 
     </span>
     <span class='ocr_line' id='line_1_80' title="bbox 2699 3236 4643 3320; baseline 0 -19"><span class='ocrx_word' id='word_1_570' title='bbox 2699 3237 2871 3301; x_wconf 84' lang='lat' dir='ltr'>foret</span> <span class='ocrx_word' id='word_1_571' title='bbox 2935 3248 3014 3300; x_wconf 90' lang='lat' dir='ltr'>ut</span> <span class='ocrx_word' id='word_1_572' title='bbox 3076 3236 3219 3301; x_wconf 90' lang='lat' dir='ltr'>sine</span> <span class='ocrx_word' id='word_1_573' title='bbox 3285 3236 3672 3319; x_wconf 80' lang='lat' dir='ltr'>exceptione</span> <span class='ocrx_word' id='word_1_574' title='bbox 3736 3237 3991 3317; x_wconf 80' lang='lat' dir='ltr'>gratias</span> <span class='ocrx_word' id='word_1_575' title='bbox 4057 3236 4177 3302; x_wconf 87' lang='lat' dir='ltr'>tibi</span> <span class='ocrx_word' id='word_1_576' title='bbox 4246 3254 4319 3303; x_wconf 86' lang='lat' dir='ltr'>et</span> <span class='ocrx_word' id='word_1_577' title='bbox 4409 3238 4643 3320; x_wconf 76' lang='lat' dir='ltr'>collegis</span> 
     </span>
     <span class='ocr_line' id='line_1_81' title="bbox 2703 3320 4645 3406; baseline 0.001 -21"><span class='ocrx_word' id='word_1_578' title='bbox 2703 3341 2901 3406; x_wconf 82' lang='lat' dir='ltr'>agere</span> <span class='ocrx_word' id='word_1_579' title='bbox 2945 3342 3308 3405; x_wconf 90' lang='lat' dir='ltr'>possemus.</span> <span class='ocrx_word' id='word_1_580' title='bbox 3397 3320 3534 3388; x_wconf 88' lang='lat' dir='ltr'>Sed</span> <span class='ocrx_word' id='word_1_581' title='bbox 3621 3320 3734 3385; x_wconf 87' lang='lat' dir='ltr'>uia</span> <span class='ocrx_word' id='word_1_582' title='bbox 3777 3341 3912 3385; x_wconf 91' lang='lat' dir='ltr'>non</span> <span class='ocrx_word' id='word_1_583' title='bbox 3970 3324 4114 3387; x_wconf 90' lang='lat' dir='ltr'>sine</span> <span class='ocrx_word' id='word_1_584' title='bbox 4173 3324 4417 3389; x_wconf 84' lang='lat' dir='ltr'>acerbo</span> <span class='ocrx_word' id='word_1_585' title='bbox 4459 3323 4645 3389; x_wconf 77' lang='lat' dir='ltr'>dolore</span> 
     </span>
     <span class='ocr_line' id='line_1_82' title="bbox 2702 3408 4643 3491; baseline 0 -20"><span class='ocrx_word' id='word_1_586' title='bbox 2702 3409 2960 3491; x_wconf 87' lang='lat' dir='ltr'>experti</span> <span class='ocrx_word' id='word_1_587' title='bbox 3004 3428 3253 3487; x_wconf 91' lang='lat' dir='ltr'>sumus,</span> <span class='ocrx_word' id='word_1_588' title='bbox 3297 3408 3519 3473; x_wconf 92' lang='lat' dir='ltr'>minus</span> <span class='ocrx_word' id='word_1_589' title='bbox 3563 3427 3601 3469; x_wconf 89' lang='lat' dir='ltr'>a</span> <span class='ocrx_word' id='word_1_590' title='bbox 3632 3409 3900 3488; x_wconf 85' lang='lat' dir='ltr'>&#39;quanto</span> <span class='ocrx_word' id='word_1_591' title='bbox 3945 3429 4087 3472; x_wconf 90' lang='lat' dir='ltr'>esse</span> <span class='ocrx_word' id='word_1_592' title='bbox 4130 3409 4200 3473; x_wconf 88' lang='lat' dir='ltr'>in</span> <span class='ocrx_word' id='word_1_593' title='bbox 4250 3410 4451 3475; x_wconf 83' lang='lat' dir='ltr'>vobis</span> <span class='ocrx_word' id='word_1_594' title='bbox 4490 3410 4643 3473; x_wconf 75' lang='lat' dir='ltr'>auxi·</span> 
     </span>
     <span class='ocr_line' id='line_1_83' title="bbox 2702 3492 4645 3576; baseline 0.001 -19"><span class='ocrx_word' id='word_1_595' title='bbox 2702 3493 2776 3557; x_wconf 89' lang='lat' dir='ltr'>lii</span> <span class='ocrx_word' id='word_1_596' title='bbox 2819 3514 3016 3576; x_wconf 90' lang='lat' dir='ltr'>quam</span> <span class='ocrx_word' id='word_1_597' title='bbox 3061 3493 3395 3576; x_wconf 87' lang='lat' dir='ltr'>pollicitus</span> <span class='ocrx_word' id='word_1_598' title='bbox 3456 3493 3583 3558; x_wconf 91' lang='lat' dir='ltr'>sibi</span> <span class='ocrx_word' id='word_1_599' title='bbox 3641 3492 3919 3576; x_wconf 87' lang='lat' dir='ltr'>quisque</span> <span class='ocrx_word' id='word_1_600' title='bbox 3962 3506 4263 3559; x_wconf 90' lang='lat' dir='ltr'>nostrum</span> <span class='ocrx_word' id='word_1_601' title='bbox 4312 3496 4531 3561; x_wconf 75' lang='lat' dir='ltr'>fuerat</span> <span class='ocrx_word' id='word_1_602' title='bbox 4566 3495 4645 3558; x_wconf 83' lang='lat' dir='ltr'>in·</span> 
     </span>
     <span class='ocr_line' id='line_1_84' title="bbox 2701 3577 4643 3662; baseline 0.001 -20"><span class='ocrx_word' id='word_1_603' title='bbox 2701 3600 2919 3662; x_wconf 86' lang='lat' dir='ltr'>genue</span> <span class='ocrx_word' id='word_1_604' title='bbox 2962 3577 3136 3662; x_wconf 87' lang='lat' dir='ltr'>apud</span> <span class='ocrx_word' id='word_1_605' title='bbox 3181 3588 3246 3643; x_wconf 88' lang='lat' dir='ltr'>te</span> <span class='ocrx_word' id='word_1_606' title='bbox 3289 3577 3358 3644; x_wconf 88' lang='lat' dir='ltr'>id</span> <span class='ocrx_word' id='word_1_607' title='bbox 3403 3578 3717 3662; x_wconf 87' lang='lat' dir='ltr'>conqueri</span> <span class='ocrx_word' id='word_1_608' title='bbox 3760 3578 3954 3655; x_wconf 87' lang='lat' dir='ltr'>malo,</span> <span class='ocrx_word' id='word_1_609' title='bbox 3999 3599 4195 3661; x_wconf 89' lang='lat' dir='ltr'>quam</span> <span class='ocrx_word' id='word_1_610' title='bbox 4244 3582 4643 3647; x_wconf 79' lang='lat' dir='ltr'>offensionem</span> 
     </span>
     <span class='ocr_line' id='line_1_85' title="bbox 2702 3662 4646 3748; baseline 0 -18"><span class='ocrx_word' id='word_1_611' title='bbox 2702 3667 2884 3730; x_wconf 88' lang='lat' dir='ltr'>intus</span> <span class='ocrx_word' id='word_1_612' title='bbox 2962 3664 3324 3748; x_wconf 91' lang='lat' dir='ltr'>premendo</span> <span class='ocrx_word' id='word_1_613' title='bbox 3389 3665 3583 3729; x_wconf 88' lang='lat' dir='ltr'>alere.</span> <span class='ocrx_word' id='word_1_614' title='bbox 3688 3662 3942 3729; x_wconf 85' lang='lat' dir='ltr'>Scribis</span> <span class='ocrx_word' id='word_1_615' title='bbox 4005 3686 4124 3730; x_wconf 89' lang='lat' dir='ltr'>vos</span> <span class='ocrx_word' id='word_1_616' title='bbox 4190 3668 4473 3732; x_wconf 84' lang='lat' dir='ltr'>miratos</span> <span class='ocrx_word' id='word_1_617' title='bbox 4532 3684 4646 3730; x_wconf 68' lang='lat' dir='ltr'>esse</span> 
     </span>
     <span class='ocr_line' id='line_1_86' title="bbox 2702 3749 4647 3833; baseline -0.002 -17"><span class='ocrx_word' id='word_1_618' title='bbox 2702 3771 2823 3817; x_wconf 90' lang='lat' dir='ltr'>cur</span> <span class='ocrx_word' id='word_1_619' title='bbox 2886 3749 2970 3815; x_wconf 89' lang='lat' dir='ltr'>ab</span> <span class='ocrx_word' id='word_1_620' title='bbox 3033 3750 3332 3833; x_wconf 90' lang='lat' dir='ltr'>improbo</span> <span class='ocrx_word' id='word_1_621' title='bbox 3398 3759 3467 3815; x_wconf 90' lang='lat' dir='ltr'>et</span> <span class='ocrx_word' id='word_1_622' title='bbox 3520 3760 3829 3833; x_wconf 87' lang='lat' dir='ltr'>protervo</span> <span class='ocrx_word' id='word_1_623' title='bbox 3874 3749 4199 3816; x_wconf 89' lang='lat' dir='ltr'>nebulone</span> <span class='ocrx_word' id='word_1_624' title='bbox 4216 3756 4275 3829; x_wconf 75' lang='lat'>⁶²)</span> <span class='ocrx_word' id='word_1_625' title='bbox 4323 3754 4549 3817; x_wconf 71' lang='lat' dir='ltr'>vexati</span> <span class='ocrx_word' id='word_1_626' title='bbox 4584 3750 4647 3813; x_wconf 80' lang='lat' dir='ltr'>de</span> 
     </span>
     <span class='ocr_line' id='line_1_87' title="bbox 2705 3834 4649 3917; baseline -0.001 -16"><span class='ocrx_word' id='word_1_627' title='bbox 2705 3836 3003 3901; x_wconf 84' lang='lat' dir='ltr'>doctrina</span> <span class='ocrx_word' id='word_1_628' title='bbox 3066 3857 3264 3917; x_wconf 89' lang='lat' dir='ltr'>quam</span> <span class='ocrx_word' id='word_1_629' title='bbox 3329 3834 3856 3902; x_wconf 85' lang='lat' dir='ltr'>calumniabatur</span> <span class='ocrx_word' id='word_1_630' title='bbox 3921 3846 4216 3901; x_wconf 84' lang='lat' dir='ltr'>vestram</span> <span class='ocrx_word' id='word_1_631' title='bbox 4276 3839 4649 3904; x_wconf 74' lang='lat' dir='ltr'>sententiam</span> 
     </span>
     <span class='ocr_line' id='line_1_88' title="bbox 2704 3921 4647 4005; baseline 0 -20"><span class='ocrx_word' id='word_1_632' title='bbox 2704 3922 3175 4005; x_wconf 84' lang='lat' dir='ltr'>rogaverimus.</span> <span class='ocrx_word' id='word_1_633' title='bbox 3287 3921 3521 4005; x_wconf 84' lang='lat' dir='ltr'>Longe</span> <span class='ocrx_word' id='word_1_634' title='bbox 3608 3943 3730 3988; x_wconf 92' lang='lat' dir='ltr'>nos</span> <span class='ocrx_word' id='word_1_635' title='bbox 3830 3922 4061 3986; x_wconf 81' lang='lat' dir='ltr'>fefellit</span> <span class='ocrx_word' id='word_1_636' title='bbox 4146 3924 4397 4005; x_wconf 91' lang='lat' dir='ltr'>opinio.</span> <span class='ocrx_word' id='word_1_637' title='bbox 4506 3923 4647 3989; x_wconf 76' lang='lat' dir='ltr'>Nm</span> 
     </span>
     <span class='ocr_line' id='line_1_89' title="bbox 2706 4005 4649 4093; baseline 0 -22"><span class='ocrx_word' id='word_1_638' title='bbox 2706 4028 2911 4091; x_wconf 85' lang='lat' dir='ltr'>quum</span> <span class='ocrx_word' id='word_1_639' title='bbox 2966 4006 3080 4071; x_wconf 91' lang='lat' dir='ltr'>ille</span> <span class='ocrx_word' id='word_1_640' title='bbox 3139 4027 3262 4072; x_wconf 89' lang='lat' dir='ltr'>nos</span> <span class='ocrx_word' id='word_1_641' title='bbox 3314 4009 3554 4089; x_wconf 87' lang='lat' dir='ltr'>impiae</span> <span class='ocrx_word' id='word_1_642' title='bbox 3613 4005 3949 4073; x_wconf 86' lang='lat' dir='ltr'>doctrinae</span> <span class='ocrx_word' id='word_1_643' title='bbox 4007 4029 4153 4073; x_wconf 90' lang='lat' dir='ltr'>reos</span> <span class='ocrx_word' id='word_1_644' title='bbox 4194 4012 4467 4093; x_wconf 81' lang='lat' dir='ltr'>egisset,</span> <span class='ocrx_word' id='word_1_645' title='bbox 4510 4007 4649 4073; x_wconf 85' lang='lat' dir='ltr'>iudi-</span> 
     </span>
     <span class='ocr_line' id='line_1_90' title="bbox 2706 4090 4649 4161; baseline -0.001 -3"><span class='ocrx_word' id='word_1_646' title='bbox 2706 4095 2880 4159; x_wconf 90' lang='lat' dir='ltr'>cium</span> <span class='ocrx_word' id='word_1_647' title='bbox 2952 4092 3143 4157; x_wconf 91' lang='lat' dir='ltr'>vobis</span> <span class='ocrx_word' id='word_1_648' title='bbox 3205 4092 3476 4158; x_wconf 85' lang='lat' dir='ltr'>honoris</span> <span class='ocrx_word' id='word_1_649' title='bbox 3540 4112 3740 4158; x_wconf 83' lang='lat' dir='ltr'>causa</span> <span class='ocrx_word' id='word_1_650' title='bbox 3805 4090 4181 4159; x_wconf 87' lang='lat' dir='ltr'>detulimus.</span> <span class='ocrx_word' id='word_1_651' title='bbox 4276 4095 4435 4161; x_wconf 87' lang='lat' dir='ltr'>Hoc</span> <span class='ocrx_word' id='word_1_652' title='bbox 4498 4094 4649 4159; x_wconf 77' lang='lat' dir='ltr'>vobis</span> 
     </span>
     <span class='ocr_line' id='line_1_91' title="bbox 2707 4177 4649 4247; baseline -0.001 -4"><span class='ocrx_word' id='word_1_653' title='bbox 2707 4199 2826 4244; x_wconf 90' lang='lat' dir='ltr'>cur</span> <span class='ocrx_word' id='word_1_654' title='bbox 2880 4178 3226 4244; x_wconf 91' lang='lat' dir='ltr'>molestum</span> <span class='ocrx_word' id='word_1_655' title='bbox 3279 4200 3422 4244; x_wconf 91' lang='lat' dir='ltr'>esse</span> <span class='ocrx_word' id='word_1_656' title='bbox 3478 4177 3780 4244; x_wconf 86' lang='lat' dir='ltr'>debuerit</span> <span class='ocrx_word' id='word_1_657' title='bbox 3832 4199 3968 4243; x_wconf 90' lang='lat' dir='ltr'>non</span> <span class='ocrx_word' id='word_1_658' title='bbox 4032 4180 4240 4245; x_wconf 89' lang='lat' dir='ltr'>video.</span> <span class='ocrx_word' id='word_1_659' title='bbox 4336 4182 4533 4247; x_wconf 82' lang='lat' dir='ltr'>Certe</span> <span class='ocrx_word' id='word_1_660' title='bbox 4568 4194 4649 4242; x_wconf 80' lang='lat' dir='ltr'>ut-</span> 
     </span>
     <span class='ocr_line' id='line_1_92' title="bbox 2708 4263 4651 4347; baseline -0.001 -17"><span class='ocrx_word' id='word_1_661' title='bbox 2708 4284 2970 4347; x_wconf 90' lang='lat' dir='ltr'>cunque</span> <span class='ocrx_word' id='word_1_662' title='bbox 3003 4263 3249 4346; x_wconf 81' lang='lat' dir='ltr'>aliquid</span> <span class='ocrx_word' id='word_1_663' title='bbox 3284 4263 3526 4329; x_wconf 90' lang='lat' dir='ltr'>laboris</span> <span class='ocrx_word' id='word_1_664' title='bbox 3561 4263 3983 4330; x_wconf 90' lang='lat' dir='ltr'>subeundum</span> <span class='ocrx_word' id='word_1_665' title='bbox 4016 4265 4203 4342; x_wconf 84' lang='lat' dir='ltr'>foret,</span> <span class='ocrx_word' id='word_1_666' title='bbox 4243 4267 4441 4333; x_wconf 90' lang='lat' dir='ltr'>vobis</span> <span class='ocrx_word' id='word_1_667' title='bbox 4462 4282 4651 4331; x_wconf 72' lang='lat' dir='ltr'>tamen</span> 
     </span>
     <span class='ocr_line' id='line_1_93' title="bbox 2710 4349 4651 4434; baseline -0.001 -19"><span class='ocrx_word' id='word_1_668' title='bbox 2710 4370 2845 4415; x_wconf 91' lang='lat' dir='ltr'>non</span> <span class='ocrx_word' id='word_1_669' title='bbox 2892 4349 3053 4414; x_wconf 89' lang='lat' dir='ltr'>adeo</span> <span class='ocrx_word' id='word_1_670' title='bbox 3096 4351 3432 4434; x_wconf 81' lang='lat' dir='ltr'>ingratum</span> <span class='ocrx_word' id='word_1_671' title='bbox 3477 4350 3709 4434; x_wconf 90' lang='lat' dir='ltr'>putavi</span> <span class='ocrx_word' id='word_1_672' title='bbox 3753 4350 3895 4415; x_wconf 86' lang='lat' dir='ltr'>fore</span> <span class='ocrx_word' id='word_1_673' title='bbox 3940 4371 4106 4415; x_wconf 90' lang='lat' dir='ltr'>onus</span> <span class='ocrx_word' id='word_1_674' title='bbox 4142 4352 4323 4433; x_wconf 91' lang='lat' dir='ltr'>quod</span> <span class='ocrx_word' id='word_1_675' title='bbox 4370 4353 4651 4418; x_wconf 70' lang='lat' dir='ltr'>stan-ibin</span> 
     </span>
     <span class='ocr_line' id='line_1_94' title="bbox 2707 4435 4647 4523; baseline 0.004 -23"><span class='ocrx_word' id='word_1_676' title='bbox 2707 4435 3062 4501; x_wconf 85' lang='lat' dir='ltr'>levationis</span> <span class='ocrx_word' id='word_1_677' title='bbox 3130 4435 3520 4500; x_wconf 88' lang='lat' dir='ltr'>tantundem</span> <span class='ocrx_word' id='word_1_678' title='bbox 3579 4435 3863 4501; x_wconf 86' lang='lat' dir='ltr'>afferret.</span> <span class='ocrx_word' id='word_1_679' title='bbox 3955 4435 4206 4501; x_wconf 81' lang='lat' dir='ltr'>Scribis</span> <span class='ocrx_word' id='word_1_680' title='bbox 4266 4459 4477 4523; x_wconf 82' lang='lat' dir='ltr'>grave</span> <span class='ocrx_word' id='word_1_681' title='bbox 4516 4455 4647 4507; x_wconf 71' lang='lat' dir='ltr'>cusu,</span> 
     </span>
     <span class='ocr_line' id='line_1_95' title="bbox 2709 4521 4649 4607; baseline -0.001 -20"><span class='ocrx_word' id='word_1_682' title='bbox 2709 4521 3098 4605; x_wconf 86' lang='lat' dir='ltr'>simpliciter</span> <span class='ocrx_word' id='word_1_683' title='bbox 3164 4521 3719 4604; x_wconf 88' lang='lat' dir='ltr'>disputationibus</span> <span class='ocrx_word' id='word_1_684' title='bbox 3775 4522 4220 4601; x_wconf 86' lang='lat' dir='ltr'>subscribere,</span> <span class='ocrx_word' id='word_1_685' title='bbox 4290 4524 4649 4607; x_wconf 75' lang='lat' dir='ltr'>praesertin</span> 
     </span>
     <span class='ocr_line' id='line_1_96' title="bbox 2710 4605 4649 4691; baseline 0.001 -20"><span class='ocrx_word' id='word_1_686' title='bbox 2710 4627 2912 4690; x_wconf 89' lang='lat' dir='ltr'>quum</span> <span class='ocrx_word' id='word_1_687' title='bbox 2957 4605 3095 4672; x_wconf 90' lang='lat' dir='ltr'>illic</span> <span class='ocrx_word' id='word_1_688' title='bbox 3139 4606 3565 4672; x_wconf 82' lang='lat' dir='ltr'>inveniantur</span> <span class='ocrx_word' id='word_1_689' title='bbox 3631 4628 3800 4691; x_wconf 89' lang='lat' dir='ltr'>quae</span> <span class='ocrx_word' id='word_1_690' title='bbox 3866 4608 4075 4674; x_wconf 89' lang='lat' dir='ltr'>lector</span> <span class='ocrx_word' id='word_1_691' title='bbox 4136 4607 4337 4674; x_wconf 85' lang='lat' dir='ltr'>aliter</span> <span class='ocrx_word' id='word_1_692' title='bbox 4394 4624 4461 4674; x_wconf 82' lang='lat' dir='ltr'>et</span> <span class='ocrx_word' id='word_1_693' title='bbox 4508 4611 4649 4673; x_wconf 72' lang='lat' dir='ltr'>forte</span> 
     </span>
     <span class='ocr_line' id='line_1_97' title="bbox 2710 4690 4649 4779; baseline 0 -22"><span class='ocrx_word' id='word_1_694' title='bbox 2710 4690 3116 4757; x_wconf 90' lang='lat' dir='ltr'>commodius</span> <span class='ocrx_word' id='word_1_695' title='bbox 3174 4693 3446 4758; x_wconf 81' lang='lat' dir='ltr'>tractari</span> <span class='ocrx_word' id='word_1_696' title='bbox 3506 4713 3699 4775; x_wconf 89' lang='lat' dir='ltr'>posse</span> <span class='ocrx_word' id='word_1_697' title='bbox 3754 4694 4105 4760; x_wconf 88' lang='lat' dir='ltr'>existimet.</span> <span class='ocrx_word' id='word_1_698' title='bbox 4197 4695 4409 4779; x_wconf 84' lang='lat' dir='ltr'>Atqui</span> <span class='ocrx_word' id='word_1_699' title='bbox 4470 4713 4649 4778; x_wconf 78' lang='lat' dir='ltr'>neque</span> 
     </span>
     <span class='ocr_line' id='line_1_98' title="bbox 2711 4776 4647 4862; baseline 0 -20"><span class='ocrx_word' id='word_1_700' title='bbox 2711 4799 3006 4861; x_wconf 85' lang='lat' dir='ltr'>unquam</span> <span class='ocrx_word' id='word_1_701' title='bbox 3050 4776 3295 4844; x_wconf 91' lang='lat' dir='ltr'>credidi</span> <span class='ocrx_word' id='word_1_702' title='bbox 3341 4800 3554 4862; x_wconf 89' lang='lat' dir='ltr'>neque</span> <span class='ocrx_word' id='word_1_703' title='bbox 3601 4776 3793 4844; x_wconf 90' lang='lat' dir='ltr'>bodie</span> <span class='ocrx_word' id='word_1_704' title='bbox 3836 4779 4036 4844; x_wconf 84' lang='lat' dir='ltr'>etiam</span> <span class='ocrx_word' id='word_1_705' title='bbox 4080 4778 4391 4859; x_wconf 85' lang='lat' dir='ltr'>arbitror,</span> <span class='ocrx_word' id='word_1_706' title='bbox 4436 4802 4548 4845; x_wconf 81' lang='lat' dir='ltr'>vos</span> <span class='ocrx_word' id='word_1_707' title='bbox 4582 4799 4647 4842; x_wconf 80' lang='lat' dir='ltr'>ex</span> 
     </span>
     <span class='ocr_line' id='line_1_99' title="bbox 2712 4865 4649 4950; baseline -0.001 -21"><span class='ocrx_word' id='word_1_708' title='bbox 2712 4884 2943 4929; x_wconf 91' lang='lat' dir='ltr'>eorum</span> <span class='ocrx_word' id='word_1_709' title='bbox 2988 4885 3132 4929; x_wconf 89' lang='lat' dir='ltr'>esse</span> <span class='ocrx_word' id='word_1_710' title='bbox 3177 4885 3454 4929; x_wconf 90' lang='lat' dir='ltr'>numero</span> <span class='ocrx_word' id='word_1_711' title='bbox 3513 4865 3750 4948; x_wconf 88' lang='lat' dir='ltr'>quibus</span> <span class='ocrx_word' id='word_1_712' title='bbox 3808 4876 4148 4948; x_wconf 84' lang='lat' dir='ltr'>tantopere</span> <span class='ocrx_word' id='word_1_713' title='bbox 4212 4887 4339 4931; x_wconf 85' lang='lat' dir='ltr'>sua</span> <span class='ocrx_word' id='word_1_714' title='bbox 4384 4868 4649 4950; x_wconf 74' lang='lat' dir='ltr'>phou-m</span> 
     </span>
     <span class='ocr_line' id='line_1_100' title="bbox 2711 4948 4647 5035; baseline -0.001 -21"><span class='ocrx_word' id='word_1_715' title='bbox 2711 4961 2790 5014; x_wconf 88' lang='lat' dir='ltr'>ut</span> <span class='ocrx_word' id='word_1_716' title='bbox 2833 4948 3115 5015; x_wconf 87' lang='lat' dir='ltr'>aliorum</span> <span class='ocrx_word' id='word_1_717' title='bbox 3159 4949 3327 5015; x_wconf 88' lang='lat' dir='ltr'>nihil</span> <span class='ocrx_word' id='word_1_718' title='bbox 3361 4949 3591 5035; x_wconf 81' lang='lat' dir='ltr'>legant</span> <span class='ocrx_word' id='word_1_719' title='bbox 3623 4952 3767 5016; x_wconf 89' lang='lat' dir='ltr'>sine</span> <span class='ocrx_word' id='word_1_720' title='bbox 3802 4951 4082 5016; x_wconf 80' lang='lat' dir='ltr'>fastidio.</span> <span class='ocrx_word' id='word_1_721' title='bbox 4154 4950 4297 5017; x_wconf 88' lang='lat' dir='ltr'>Nec</span> <span class='ocrx_word' id='word_1_722' title='bbox 4335 4974 4491 5019; x_wconf 74' lang='lat' dir='ltr'>vero</span> <span class='ocrx_word' id='word_1_723' title='bbox 4518 4970 4647 5017; x_wconf 80' lang='lat' dir='ltr'>cun·</span> 
     </span>
    </p>
   </div>
   <div class='ocr_carea' id='block_1_23' title="bbox 2714 5122 3123 5130">
    <p class='ocr_par' dir='ltr' id='par_1_27' title="bbox 2714 5122 3123 5130">
     <span class='ocr_line' id='line_1_101' title="bbox 2714 5122 3123 5130; baseline 0 0"><span class='ocrx_word' id='word_1_724' title='bbox 2714 5122 3123 5130; x_wconf 95' lang='lat' dir='ltr'> </span> 
     </span>
    </p>
   </div>
   <div class='ocr_carea' id='block_1_24' title="bbox 2713 5221 4641 5425">
    <p class='ocr_par' dir='ltr' id='par_1_28' title="bbox 2713 5221 4641 5425">
     <span class='ocr_line' id='line_1_102' title="bbox 2713 5221 4641 5359; baseline 0.004 -88"><span class='ocrx_word' id='word_1_725' title='bbox 2713 5222 2902 5359; x_wconf 52' lang='grc' dir='ltr'>ΐὲξδδ)</span> <span class='ocrx_word' id='word_1_726' title='bbox 2928 5221 2983 5290; x_wconf 91' lang='grc'>1)</span> <span class='ocrx_word' id='word_1_727' title='bbox 3015 5223 3160 5279; x_wconf 72' lang='lat' dir='ltr'>edito</span> <span class='ocrx_word' id='word_1_728' title='bbox 3205 5223 3382 5279; x_wconf 61' lang='lat' dir='ltr'>libone</span> <span class='ocrx_word' id='word_1_729' title='bbox 3424 5224 3492 5279; x_wconf 81' lang='lat' dir='ltr'>de</span> <span class='ocrx_word' id='word_1_730' title='bbox 3530 5224 3869 5291; x_wconf 60' lang='grc' dir='ltr'>Ροῆωϋοιιο</span> <span class='ocrx_word' id='word_1_731' title='bbox 3914 5225 4349 5281; x_wconf 64' lang='lat' dir='ltr'>ehriuianoe-u</span> <span class='ocrx_word' id='word_1_732' title='bbox 4381 5225 4481 5294; x_wconf 71' lang='grc' dir='ltr'>(Π.</span> <span class='ocrx_word' id='word_1_733' title='bbox 4520 5221 4641 5279; x_wconf 58' lang='lat' dir='ltr'>lm</span> 
     </span>
     <span class='ocr_line' id='line_1_103' title="bbox 2922 5356 3264 5425; baseline 0 -13"><span class='ocrx_word' id='word_1_734' title='bbox 2922 5356 2983 5425; x_wconf 61' lang='grc' dir='ltr'>Β)</span> <span class='ocrx_word' id='word_1_735' title='bbox 3020 5359 3264 5416; x_wconf 70' lang='lat' dir='ltr'>Bolum.</span> 
     </span>
    </p>
   </div>
   <div class='ocr_carea' id='block_1_25' title="bbox 4761 5 4829 4900">
    <p class='ocr_par' dir='ltr' id='par_1_29' title="bbox 4761 5 4829 4900">
     <span class='ocr_line' id='line_1_104' title="bbox 4761 5 4829 4900; baseline 0 0"><span class='ocrx_word' id='word_1_736' title='bbox 4761 5 4829 4900; x_wconf 95' lang='lat' dir='ltr'> </span> 
     </span>
    </p>
   </div>
   <div class='ocr_carea' id='block_1_26' title="bbox 4752 5 4841 6085">
    <p class='ocr_par' dir='ltr' id='par_1_30' title="bbox 4752 5 4841 6085">
     <span class='ocr_line' id='line_1_105' title="bbox 4752 5 4841 6085; baseline 0 0"><span class='ocrx_word' id='word_1_737' title='bbox 4752 5 4841 6085; x_wconf 95' lang='lat' dir='ltr'> </span> 
     </span>
    </p>
   </div>
  </div>
 </body>
</html>
