4900 6125
630 381 759 447 58⁷

1502 560 1709 633 888⁰.

1061 715 1587 785 OAS‘OELLIO
1630 713 2061 784 INOERTO.
2091 720 2144 793 ¹)

800 890 903 959 De
954 889 1433 973 poeoequufioroe
1476 888 1920 956 haeretieorum
1959 889 2331 955 sentiendium
2394 907 2584 955 suam

629 998 676 1045 a
714 982 895 1043 suda
930 976 1126 1059 praxi
1167 976 1447 1042 alienum
1488 976 1755 1057 aporuit.

843 1149 951 1202 'um
1020 1153 1079 1202 et
1143 1147 1416 1202 clarorum
1484 1146 1727 1200 virorum
1790 1161 1823 1198 e
1861 1145 2056 1199 istolae
2122 1147 2437 1200 selectiores
2492 1146 2584 1200 vel

626 1148 883 1288 Q
916 1216 1006 1272 vel
1050 1215 1123 1270 ad
1168 1216 1367 1285 Belgae
1413 1215 1651 1297 scriptae
1685 1213 1771 1268 ed.
1854 1215 2042 1268 ettius-
2090 1213 2156 1269 L.
2204 1216 2271 1270 B.
2319 1213 2476 1269 1617.
2525 1213 2580 1269 8.

1135 1281 1393 1340 Oenturia
1426 1300 1579 1354 prior
1609 1281 1678 1340 N.
1714 1281 1797 1337 70.
1835 1301 1897 1353 p.
1925 1281 2079 1351 364.)

820 1455 1253 1524 Sebastianus
1295 1453 1607 1522 Castellio
1649 1453 1734 1521 N.
1778 1455 1983 1520 amieo
2025 1453 2275 1540 Belgae
2317 1452 2390 1521 S.

796 1625 995 1709 Quod
1036 1626 1185 1694 istic
1227 1625 1321 1695 sic
1363 1625 1612 1711 passim
1654 1625 1952 1691 saevitur
1994 1624 2065 1691 in
2113 1625 2581 1710 Anabaptistas

624 1712 809 1781 doleo
856 1721 926 1779 et
981 1711 1557 1797 persequutoribus
1600 1731 1830 1777 sanam
1874 1717 2166 1777 mentem
2209 1723 2382 1796 opto,
2442 1734 2581 1779 non

622 1797 798 1884 quod
850 1799 1182 1864 erroribus
1236 1798 1494 1866 faveam
1552 1798 2159 1881 Anabaptistarum,
2224 1797 2342 1864 sed
2405 1798 2582 1882 quod

619 1894 689 1953 et
740 1885 869 1968 ipsi
988 1891 1404 1967 rsequutores
1440 1892 1509 1948 et
1541 1883 1873 1950 erroribus
1908 1904 2044 1948 non
2078 1884 2318 1963 minus,
2364 1884 2575 1965 credo,

619 1971 909 2057 graviori
955 1992 1035 2037 us
1092 1977 1159 2037 et
1212 1969 1567 2036 sceleribus
1618 1968 1926 2035 laborant
1982 1969 2431 2053 gravissimis:
2513 1979 2582 2037 et

619 2058 679 2123 si
723 2067 1031 2122 neutrum
1074 2063 1247 2122 esset
1288 2064 1357 2122 et
1398 2063 1658 2123 caetera
1702 2055 2026 2135 abessent,
2074 2055 2184 2121 vel
2226 2056 2335 2124 hic
2394 2076 2579 2122 error

617 2150 686 2210 et
743 2142 868 2208 hoc
921 2140 1136 2208 scelus
1193 2149 1366 2207 esset
1419 2141 1654 2226 quovis
1704 2139 2295 2224 Anabaptistarum
2353 2162 2580 2208 errore

615 2228 885 2313 gravius
927 2226 1102 2310 quod
1145 2226 1444 2293 homines
1487 2227 1572 2293 ob
1638 2225 2024 2311 religionem
2062 2228 2472 2294 interficiunt
2514 2236 2583 2295 et

617 2321 857 2398 putant
910 2312 1419 2380 interficiendos.
1505 2311 1683 2379 Nam
1736 2312 2005 2378 omnino
2066 2312 2177 2379 hic
2219 2334 2582 2397 persequu-

620 2400 818 2466 tionis
873 2399 1147 2481 spiritus
1212 2398 1469 2465 alienus
1512 2405 1615 2464 est
1656 2419 1698 2464 a
1740 2396 1995 2465 Christi
2038 2399 2294 2483 spiritu,
2355 2410 2423 2466 et
2467 2400 2582 2484 qui

616 2506 694 2552 eo
736 2484 1169 2568 impelluntur
1208 2484 1513 2551 nesciunt
1562 2484 1753 2552 cuius
1794 2483 1931 2550 sint
1994 2486 2281 2569 spiritus.
2369 2486 2463 2551 Et
2505 2495 2580 2552 tu

616 2571 821 2669 frater
863 2590 1043 2651 cave,
1109 2589 1230 2653 per
1269 2571 1493 2636 Deum
1550 2576 1619 2636 te
1674 2589 1935 2671 quaeso,
1994 2593 2158 2639 cave
2213 2591 2299 2638 ne
2357 2577 2426 2637 te
2470 2572 2578 2639 vel

614 2654 2105 2841 azmssnffisszfflzssszsstsssffl
2132 2662 2579 2827 affl&

613 2826 1113 2911 sequutionibus
1177 2827 1531 2895 abhorrere
1590 2826 1758 2892 mihi
1813 2848 2206 2911 persuasum
2262 2837 2393 2895 est:
2461 2828 2579 2896 sed

615 2913 697 2980 de
739 2921 980 2981 eventu
1045 2913 1161 2998 qui
1213 2912 1322 2980 vel
1376 2912 1586 2981 invito
1645 2919 1714 2979 te
1766 2914 2185 2998 consequitur
2230 2920 2379 2981 tuas
2423 2936 2579 2982 oum

612 2997 1073 3084 Anabaptistis
1129 2998 1624 3083 disputationes.
1711 2995 1961 3067 Audivi
2019 3001 2198 3068 enim
2252 3020 2367 3068 eos
2428 3022 2469 3068 a
2513 3007 2580 3068 te

611 3086 685 3152 in
725 3086 1011 3171 gratiam
1056 3085 1387 3170 Principis
1429 3084 1747 3153 advocato
1790 3085 2020 3168 refelli,
2086 3085 2323 3153 deinde
2367 3108 2578 3172 quum

615 3171 889 3237 refutati
931 3177 1156 3237 tamen
1197 3171 1268 3236 in
1312 3171 1643 3239 sententia
1698 3180 2125 3255 perseverent
2167 3172 2408 3256 puniri.
2499 3171 2580 3240 Si

614 3256 712 3323 ita
766 3265 870 3323 est
931 3256 1162 3322 malim
1225 3260 1294 3323 te
1358 3257 1433 3322 in
1496 3257 1655 3341 ipsis
1718 3258 2091 3342 principum
2136 3257 2468 3325 erroribus
2511 3266 2579 3325 et

614 3341 900 3427 peccatis
942 3342 1342 3427 castigandis
1398 3351 1466 3409 et
1520 3342 1898 3410 refellendis
1953 3344 2276 3428 occupari,
2338 3344 2577 3429 quibus

614 3449 727 3495 eos
760 3436 1013 3496 scatere
1049 3449 1185 3495 non
1220 3428 1507 3514 ignoras,
1544 3429 1770 3513 eisque
1806 3428 1932 3496 hoc
2014 3429 2257 3495 rimum
2279 3431 2580 3496 omnium

612 3512 1025 3598 persuadere,
1064 3535 1201 3581 non
1243 3536 1387 3582 esse
1429 3514 1733 3581 homines
1775 3514 1858 3580 ob
1893 3537 1967 3581 re
1999 3514 2284 3599 ’gionem
2317 3516 2577 3582 interfi-

614 3598 896 3667 ciendos.
981 3599 1089 3666 Ita
1141 3599 1407 3671 demum
1478 3600 1704 3667 liceret
1748 3599 1931 3666 nullo
1985 3600 2223 3666 Anaba
2271 3601 2578 3667 tistarum

647 3706 783 3751 non
846 3685 1059 3753 dicam
1124 3686 1304 3753 enim
1423 3686 1777 3769 rincipum)
1862 3686 2154 3769 periculo
2219 3622 2574 3770 disputare.

683 3792 811 3838 unc
875 3772 1032 3837 dum
1096 3772 1376 3857 principi
1422 3794 1499 3838 us
1562 3772 1677 3838 illo
1742 3792 1963 3837 errore
2028 3771 2287 3838 infectis
2330 3771 2575 3839 refellis

615 3856 1108 3941 Anabaptistas,
1152 3856 1349 3941 idque
1391 3855 1476 3923 ab
1518 3857 1680 3941 ipsis
1721 3857 2138 3942 {principibus
2191 3858 2573 3934 advocatus,

615 3951 694 4008 ut
734 3963 897 4027 quos
941 3943 1168 4010 volens
1211 3942 1458 4010 refellis
1500 3942 1736 4009 iisdem
1788 3942 2022 4009 nolens
2078 3964 2315 4010 noceas
2357 3964 2574 4027 neque

614 4027 2574 4199 ffiui‘‘iffrfffflfftssiiffssffinfffssoffbssuffiffltffi

614 4200 939 4279 meliores,
1006 4200 1121 4267 sed
1186 4200 1516 4266 duntaxat
1588 4200 1659 4265 in
1726 4221 1845 4265 suo
1908 4201 2152 4267 iniusto
2320 4211 2405 4282 to,
2487 4222 2575 4267 ne

658 4285 772 4351 uid
829 4285 1043 4353 dicam
1099 4286 1412 4370 asperius,
1478 4284 2023 4370 confirmatiores)
2067 4287 2357 4353 sanctius
2399 4294 2575 4353 esset

611 4307 1371 4541 imam&
1395 4370 1909 4540 3111563111
1932 4371 2573 4541 aazias&

1336 4505 1352 4535 ‚
2541 4494 2572 4508 ..

612 4563 912 4609 serorum
968 4543 1306 4608 miseriam
1348 4562 1607 4626 augere.
1696 4541 1927 4625 Neque
1970 4563 2126 4609 vero
2168 4562 2424 4609 errores
2467 4564 2572 4609 re·

612 4627 935 4696 fellendos
977 4649 1121 4695 esse
1165 4650 1212 4693 n
1294 4649 1352 4710 o,
1395 4627 1511 4693 sed
1566 4628 1659 4694 sic
1716 4626 2112 4694 refellendos
2147 4648 2281 4693 non
2332 4628 2568 4695 iudico.

787 4714 973 4780 Haec
1017 4735 1057 4780 a
1099 4649 1575 4781 meeffienevole
1632 4714 1963 4797 amiceque
2018 4713 2144 4780 dici
2204 4735 2337 4780 non
2382 4714 2572 4780 dubi-

614 4810 737 4866 tas.
818 4800 1046 4865 Movet
1087 4820 1196 4865 me
1239 4807 1307 4864 et
1349 4797 1612 4864 illorum
1654 4799 1920 4865 miseria
1965 4806 2035 4863 et
2075 4810 2269 4865 tuum
2312 4800 2571 4882 pericu-

614 4884 778 4951 lum.
867 4883 1016 4952 Scis
1079 4884 1240 4983 quid
1302 4905 1499 4968 saepe
1564 4882 1874 4949 audiente
1937 4904 2045 4950 me
2102 4883 2378 4951 dixeris:
2465 4885 2531 4951 N
2533 4906 2570 4949 e

617 4991 736 5037 nos
778 4969 1052 5037 inducas
1108 4992 1179 5036 m
1234 4971 1681 5036 tentationem.
1772 4969 2072 5037 Oallidus
2106 4979 2206 5037 est
2248 4966 2460 5037 Satan
2503 4978 2571 5036 et

616 5055 933 5139 paulatim
1014 5055 1221 5121 trahit
1294 5074 1715 5139 quoscunque
1780 5063 1994 5138 potest
2055 5057 2129 5121 in
2192 5057 2569 5125 societatem

618 5292 809 5347 8880.
829 5293 885 5361 1)
916 5296 1092 5351 amieo
1124 5294 1331 5364 Beluae
1362 5299 1425 5351 ut
1457 5295 1614 5353 habet
1647 5294 1986 5366 impransi.

2133 372 2665 443 EPISTOLAE
2707 379 3130 448 3880—3881

4502 396 4602 459 588

2682 587 2806 718 22?
2833 672 2875 717 a
2916 577 3619 755 vesteaabssffliias
3661 572 3985 744 gargegldling
4013 574 4604 748 pouuffibefifflqxg

2681 745 2758 802 ut
2800 738 2999 806 officu
3064 741 3276 806 nostri
3337 740 3495 825 quid
3557 743 3645 809 sit
3708 745 3993 811 sciamus
4008 796 4024 821 ‚
4089 745 4185 813 sic
4247 747 4604 832 cogitemus:

2682 821 2862 904 Quid
2904 825 3148 892 faceret
3182 826 3372 893 Iesus
3413 827 3473 894 si
3515 827 3626 894 hic
3668 829 3883 896 esset?
3967 832 4059 897 Et
4099 830 4323 899 statim
4366 853 4608 920 respon·

2682 929 2833 975 sum
2877 910 2952 976 in
2993 911 3235 978 animis
3273 914 3516 980 nostris
3560 913 3919 983 audiemus.

2856 996 2961 1061 De
3006 996 3229 1064 Gallia
3285 998 3456 1064 nihil
3517 1000 3650 1066 nisi
3711 1021 3928 1068 meros
3992 1004 4248 1069 furores
4310 1003 4608 1074 audimus.

2681 1080 2974 1147 Rhotom
3219 1093 3489 1169 captum
3531 1105 3677 1152 esse
3716 1088 3894 1153 fama
3944 1096 4046 1154 est
4086 1096 4156 1155 et
4195 1089 4496 1175 utrinque
4523 1111 4613 1158 cs·

2681 1165 2918 1234 cidisse
2972 1190 3017 1253 p
3042 1170 3312 1249 urimos,
3381 1177 3450 1236 et
3492 1181 3870 1257 expugnata
3911 1172 4073 1240 urbe
4115 1175 4211 1239 ita
4252 1196 4398 1242 esse
4440 1183 4610 1244 saevi·

2681 1258 2825 1318 tum
2866 1253 2936 1318 in
2980 1254 3364 1338 oppidanos,
3429 1264 3508 1322 ut
3564 1267 3813 1324 matres
3875 1279 4004 1342 quo
4073 1259 4363 1326 hostium
4405 1283 4614 1330 manus

2684 1339 3030 1419 evitarent,
3076 1361 3276 1424 seque
3317 1362 3599 1427 suosque
3640 1350 3833 1410 natos
3881 1346 3957 1410 in
4012 1346 4260 1412 flumen
4301 1346 4614 1433 demerge-

2683 1432 2851 1490 rent.
2936 1426 3242 1510 Denique
3304 1435 3443 1493 tota
3498 1427 3721 1495 Gallia
3777 1429 3946 1495 nihil
4011 1432 4311 1499 miserius
4369 1436 4614 1518 cogitari

2682 1516 2916 1594 potest.
2994 1511 3141 1577 Vae
3184 1514 3539 1593 autoribus,
3585 1535 3708 1580 vae
3752 1516 4214 1600 sanguinariis,
4259 1537 4384 1584 vae
4421 1518 4616 1586 incen-

2684 1594 2911 1661 diariis
2955 1604 3022 1661 et
3062 1597 3436 1682 principum
3480 1600 3993 1685 instigatoribus.
4056 1602 4152 1667 Hi
4190 1613 4352 1668 sunt
4390 1604 4619 1672 fructus

2684 1679 3019 1747 doctrinae
3062 1683 3145 1749 de
3187 1684 3656 1768 persequendis
3694 1686 4058 1754 haereticis.
4125 1689 4462 1754 Amal-unt
4491 1711 4619 1756 san·

2685 1767 2972 1917 Ξαὲῃοιῃ,
3038 1777 3107 1835 et
3147 1771 3557 1855 sanguinem,
3623 1792 3663 1838 o
3704 1772 3876 1839 iuste
3929 1773 4131 1840 iudex
4172 1774 4487 1854 coelestis,
4538 1777 4620 1842 eis

2730 1874 2765 1918 e
2811 1855 2941 1919 isti.

2856 1937 2994 2006 Sed
3034 1941 3237 2005 finem
3279 1942 3535 2020 faciam,
3599 1963 3755 2008 nam
3799 1943 3970 2009 nihil
4012 1945 4314 2028 proficio:
4385 1953 4619 2011 tantum

2683 2023 3120 2091 iustissimum
3162 2048 3384 2093 meum
3427 2026 3716 2093 dolorem
3759 2030 3832 2094 in
3875 2029 4238 2097 fidelissimi
4280 2031 4622 2116 optimique

2684 2110 2880 2177 amici
2922 2111 3144 2178 sinum
3188 2112 3476 2180 effundo.
3563 2113 3753 2180 xxiii.
3798 2115 4157 2182 Novembr.
4201 2115 4567 2183 MDLXII.

3933 2251 4085 2320 Seb.
4133 2253 4472 2321 castellio.

3450 2544 3870 2556 ———

3560 2761 3762 2833 3881.

3185 2910 3683 2984 VATELLUS
3728 2915 4170 2985 GALVINO.

2854 3086 3479 3172 Mombelqardensia.
3505 3089 3553 3167 ¹)

2990 3257 3102 3328 (Ex
3136 3257 3475 3328 autographo
3508 3255 3639 3312 cod.
3665 3257 3873 3315 Genev.
3911 3257 4031 3330 109,
4063 3259 4156 3317 sol.
4192 3258 4342 3329 198.)

2679 3427 2879 3581 ἱῌίο
2899 3515 2915 3530 .
2943 3436 3012 3496 et
3088 3427 3347 3528 erudito
3411 3429 3555 3529 viro
3619 3429 3925 3514 fidelique
3982 3430 4237 3498 Ohristi
4302 3451 4506 3533 servo
4561 3428 4638 3494 D.

2719 3534 2920 3581 oanm
2957 3514 3241 3582 Oalvmo
3283 3513 3594 3581 ecclesiae
3629 3515 4042 3583 Genevensis
4084 3524 4334 3600 pastori
4371 3515 4640 3603 vigilan-

2680 3601 2900 3668 tissim‘
2811 3601 2824 3614 '
2900 3621 2939 3666 o
2996 3599 3168 3684 patri
3231 3621 3380 3667 meo
3434 3601 3505 3666 in
3545 3599 3856 3752 ggffino
3920 3602 4260 3669 carissimo‘
4128 3602 4144 3616 “
4315 3623 4398 3670 ac
4455 3622 4640 3669 vene-

2852 3855 2923 3924 S.
2969 3855 3049 3921 P.
3104 3855 3311 3921 Pater
3353 3855 3426 3921 in
3461 3855 3731 3922 Christo
3764 3857 4098 3925 carissime
4140 3865 4209 3925 et
4253 3856 4642 3927 venerande.

2677 3940 2876 4025 Quod
2928 3941 3066 4008 noti
3121 3941 3244 4008 tibi
3300 3941 3604 4008 veritatis
3657 3941 3878 4010 hostes
3935 3942 4255 4012 adversus
4307 3966 4548 4012 sanam
4586 3958 4644 4009 et

2676 4026 3110 4094 orthodoxam
3155 4025 3237 4093 de
3283 4033 3553 4093 aeterna
3592 4028 3724 4093 Dei
3766 4028 4368 4112 praedestinatione
4413 4029 4644 4097 doctri·

2675 4134 2836 4180 nam
2850 4116 2908 4188 2)
2961 4112 3283 4179 cuniculis
3336 4120 3404 4178 et
3446 4111 3884 4181 fraudulentis
3941 4115 4194 4182 artibus
4253 4136 4332 4182 ac
4393 4115 4646 4184 technis

2676 4200 2745 4264 in
2791 4198 2917 4264 hac
2959 4197 3234 4264 ecclesia
3276 4197 3555 4264 antehac
3588 4198 3933 4265 struebant
3966 4222 4043 4266 ac
4074 4200 4549 4280 moliebantur,
4583 4198 4644 4265 id

2676 4285 2892 4369 ipsum
2935 4283 3137 4350 iidem
3180 4283 3278 4348 illi
3323 4282 3640 4350 hodierno
3685 4282 3790 4350 die
3833 4286 4016 4351 omni
4057 4286 4307 4371 pudore
4354 4286 4646 4372 deposito

2676 4378 2903 4454 aperto
2944 4376 3155 4436 marte
3211 4376 3476 4435 struunt
3532 4390 3609 4434 ac
3650 4369 4032 4438 moliuntur.
4113 4372 4422 4439 Istorum
4475 4372 4646 4440 enim

2675 4475 2750 4522 os
2795 4453 3065 4521 tandem
3126 4452 3477 4539 aliquando
3531 4476 3617 4521 ex
3671 4455 4080 4523 abundantia
4130 4457 4350 4525 cordis
4413 4459 4514 4525 sio
4553 4466 4644 4524 est

2675 4541 3026 4624 loquutum
3048 4547 3123 4606 ut
3155 4540 3434 4606 insidiae
3454 4560 3683 4607 omnes
3707 4550 3978 4626 pateant
4010 4554 4078 4609 et
4099 4540 4215 4609 diu
4237 4544 4644 4612 occultatum

2675 4626 3047 4711 ὅποκρίσεως
3088 4626 3271 4693 virus
3329 4632 3480 4692 ante
3523 4628 3819 4693 omnium
3862 4628 4082 4695 oculos
4125 4628 4406 4695 allatum
4455 4630 4544 4696 sit
4582 4636 4642 4694 et

2676 4718 3018 4779 statutum.
3119 4710 3453 4796 Obstupui
3526 4719 3701 4779 certe
3743 4713 3930 4779 initio
3984 4735 4119 4781 non
4172 4714 4410 4783 minus
4454 4736 4644 4799 quam

2674 4797 2734 4864 si
2776 4817 3025 4863 cornua
3067 4820 3105 4862 e
3146 4797 3362 4881 capite
3397 4818 3542 4864 meo
3577 4807 3735 4864 nata
3767 4808 4003 4866 essent.
4069 4800 4438 4884 Nunquam
4475 4801 4642 4867 enim

2675 4892 3012 4967 putassem
3071 4883 3565 4968 hypocritarum
3609 4885 3858 4951 rabiem
3903 4906 3980 4952 eo
4022 4906 4382 4953 evasuram
4427 4887 4643 4973 impu-

2672 5087 2848 5142 3881*
2875 5086 2937 5217 123
2969 5088 3137 5212 ἵῖὶαέἕ
3158 5087 3367 5227 m
3399 5157 3690 5213 ostendunt
3722 5159 4034 5216 mamm
4062 5159 4638 5229 Mouebdqoedaeoe-

2666 5224 3270 5363 ?gssoeLsthemnisnum
3298 5227 3617 5295 pertrahere
3659 5228 3926 5285 tutonem
3968 5228 4248 5299 principa
4287 5232 4638 5303 propona-
