4900 6125
548 439 676 503 379

546 645 816 710 operam
850 623 1119 691 omnino
1161 621 1558 701 desiderent,
1596 643 1728 690 non
1766 643 2033 707 possum
2057 623 2522 707 intempestive

548 711 851 778 deserere
904 716 1285 792 susceptum
1340 707 1646 775 officium.
1733 709 1986 775 Mirum
2042 717 2145 774 est
2198 730 2362 795 quas
2415 710 2521 775 in·

546 796 881 865 dentidem
926 794 1354 862 difficultates
1410 794 1678 880 ingerat
1735 794 1948 862 Satan
1993 803 2067 860 ιιι
2120 795 2522 862 interturbet

543 885 656 968 pia
698 881 990 950 consilia.
1059 879 1196 948 Sed
1239 880 1611 967 perrumpit
1655 900 1887 947 omnes
1931 880 2147 948 obices
2192 882 2359 949 bene
2402 882 2516 948 ob·

543 971 851 1036 firmatus
894 968 1178 1035 animus.
1268 966 1550 1032 Interim
1595 968 1899 1053 ingratae
1942 988 2164 1034 morae
2225 967 2519 1034 taedium

543 1055 834 1121 fallimus
868 1062 1128 1121 vestrae
1163 1052 1679 1130 consuetudinis,
1724 1053 1832 1119 cui
1866 1074 1972 1120 me
2008 1061 2224 1120 totum
2260 1052 2517 1133 devovi,

545 1141 922 1227 gratissima
964 1137 1432 1218 recordatione,
1478 1148 1545 1205 et
1589 1138 1669 1205 de
1714 1140 1987 1207 ecclesia
2029 1139 2310 1206 sollicito
2350 1163 2519 1206 nun-

545 1248 746 1312 quam
789 1245 923 1292 non
968 1225 1256 1293 occurrit
1297 1224 1398 1290 tui
1442 1226 1776 1304 memoria,
1822 1247 1990 1309 quae
2032 1226 2139 1293 vel
2184 1227 2257 1291 in
2298 1226 2518 1293 media

546 1313 977 1381 historiarum
1031 1321 1337 1377 veterum
1398 1311 1678 1378 lectione
1736 1311 1982 1378 nostris
2046 1312 2251 1379 oculis
2294 1312 2519 1379 obser-

545 1408 763 1466 vatur.
783 1402 842 1482 ⁴)
925 1396 1141 1465 Incidi
1200 1397 1381 1462 hisce
1446 1395 1679 1464 diebus
1723 1399 1792 1463 in
1839 1407 2133 1482 tempora
2178 1399 2518 1464 Romano-

544 1507 694 1552 rum
753 1485 851 1552 tui
918 1485 1206 1550 nominis
1249 1483 1604 1550 consulem.
1691 1484 1824 1549 Hic
1866 1505 1988 1569 ego
2026 1485 2333 1551 intuebar
2376 1506 2517 1551 mo·

544 1572 827 1637 rientem
873 1579 1062 1636 tuum
1087 1570 1481 1636 Nehemiam
1524 1578 1593 1635 et
1628 1580 1889 1654 captam
1927 1571 2158 1637 urbem
2196 1580 2516 1650 sanctam,

545 1655 784 1724 deinde
861 1655 1273 1722 conditiones
1339 1656 1516 1739 pacis
1600 1655 1922 1723 caudinas
2001 1658 2517 1740 contemplabar.

545 1745 1069 1810 Perterruerunt
1128 1741 1402 1826 pavidos
1468 1742 1722 1807 animos
1779 1741 1943 1809 haec
1999 1743 2219 1809 tristia
2275 1743 2517 1810 emina.

546 1829 683 1896 Sed
720 1827 1265 1914 perterrefactum
1325 1827 1836 1894 consolabantur
1890 1828 2021 1895 alia
2065 1828 2304 1895 deinde
2347 1837 2518 1894 tem-

545 1936 710 2000 pora
776 1915 1057 1980 aliorum
1117 1914 1214 1979 tui
1271 1914 1560 1980 nominis
1617 1914 2044 1999 eiusdemque
2100 1915 2341 2000 gentis'
2362 1937 2519 1982 con·-

545 2001 787 2068 sulum.
859 2000 991 2067 Hic
1033 2001 1209 2066 enim
1247 1998 1383 2066 vidi
1406 2000 1778 2067 Hircanum
1815 1999 2048 2067 ducem
2085 2002 2517 2067 fortissimum

547 2096 616 2151 et
658 2087 1149 2154 sanctissimum
1192 2086 1688 2152 subvertentem
1734 2087 2055 2170 templum
2097 2087 2263 2152 illud
2300 2087 2521 2170 profa-

544 2194 710 2239 num
753 2171 925 2256 quod
969 2172 1213 2256 impius
1249 2172 1562 2238 Pontifex
1585 2173 1951 2250 Manasses,
2000 2173 2080 2239 ab
2125 2175 2267 2257 ipso
2312 2195 2520 2257 quon-

547 2258 699 2324 dam
746 2258 1072 2324 Nehemia
1114 2259 1383 2343 fugatus
1426 2268 1751 2324 erexerat.
1840 2258 1999 2323 Vidi
2043 2270 2269 2343 postea
2313 2260 2519 2325 alium

543 2342 874 2429 quendam
907 2344 1280 2410 Hircanum
1326 2343 1733 2411 sacerdotem
1779 2365 2112 2410 summum
2147 2346 2523 2411 instauran-

545 2440 681 2498 tem
743 2450 970 2496 muros
1034 2428 1698 2515 Hierosolymitanos.
1786 2429 1946 2495 Vidi
2023 2430 2259 2498 iisdem
2325 2432 2521 2498 annis

543 2518 1021 2600 interemptum
1055 2515 1242 2582 illum
1280 2516 1675 2581 sceleratum
1709 2524 1777 2582 et
1798 2515 2180 2583 seditiosum
2206 2516 2518 2584 Olodium

544 2604 661 2688 qui
714 2602 938 2668 omnia
992 2622 1179 2668 sacra
1284 2601 1566 2667 olluerat
1613 2623 1816 2685 quum
1876 2602 1997 2668 sub
2044 2613 2227 2668 veste
2272 2614 2518 2669 matro-

545 2688 683 2755 nali
731 2687 1161 2755 delitesceret.
1319 2688 1380 2754 ic
1423 2707 1547 2772 ego
1590 2687 1748 2772 quid
1793 2688 2108 2774 cogitem,
2176 2688 2334 2772 quid
2379 2711 2520 2756 sus·

541 2776 776 2861 pirem,
820 2772 978 2858 quid
1022 2795 1062 2840 a
1105 2783 1171 2839 te
1215 2783 1468 2857 petam,
1527 2773 1717 2840 facile
1759 2781 1947 2859 potes
2001 2775 2339 2841 coniicere.
2412 2775 2518 2841 Ne

545 2870 772 2927 tamen
815 2881 1085 2944 prorsus
1126 2859 1234 2926 his
1279 2860 1453 2926 curis
1497 2859 2003 2941 intabescamus,
2046 2860 2383 2928 interdum
2418 2881 2520 2927 sa·

545 2946 678 3015 cris
719 2945 961 3013 studiis
1006 2946 1306 3029 profana,
1351 2946 1542 3012 seriis
1581 2945 1839 3012 ludicra
1882 2947 2253 3014 miscemus.
2313 2947 2519 3014 Certo

545 3034 907 3100 amicorum
955 3031 1241 3110 hortatu,
1287 3053 1489 3118 quum
1537 3032 1645 3100 hic
1689 3031 1948 3099 desides
1991 3041 2061 3098 et
2092 3031 2286 3100 otiosi
2320 3033 2518 3100 feria-

544 3141 790 3199 remur,
833 3119 1040 3185 coacti
1074 3140 1305 3186 sumus
1344 3138 1812 3203 recognoscere
1847 3119 2180 3204 quandam
2215 3119 2519 3185 civilium

543 3215 922 3271 nostrorum
1000 3204 1370 3270 studiorum
1447 3205 1845 3289 farraginem
1925 3206 2112 3271 cuius
2180 3205 2516 3288 specimen

545 3290 720 3443 ggod
765 3292 837 3355 in
880 3292 1163 3376 gratiam
1207 3290 1536 3376 ingenuae
1568 3290 1933 3357 iuventutis
1967 3290 2296 3357 edidimus
2341 3311 2520 3357 nunc

676 3388 742 3442 te
783 3377 995 3441 mitto.
1023 3380 1076 3457 ⁵)

719 3463 1201 3547 Exspectamus
1239 3463 1309 3528 in
1354 3462 1554 3529 horas
1598 3463 1884 3529 reditum
1924 3461 2185 3531 Claudia·
2218 3464 2330 3547 qui
2367 3485 2520 3548 cap-

543 3549 760 3615 tivum
811 3548 1071 3615 Petrum
1113 3549 1507 3616 consolatur.
1597 3548 1790 3630 Quae
1847 3548 1959 3616 hic
2015 3557 2359 3633 praeterea
2402 3571 2518 3635 ge-

543 3642 786 3702 rantur
810 3686 826 3711 ,
894 3633 1122 3701 audies
1185 3656 1270 3701 ex
1339 3634 1462 3701 hoc
1527 3634 1883 3701 tabellario.
1973 3635 2295 3702 Tristiora
2358 3643 2520 3702 sunt

544 3721 768 3788 omnia
822 3741 1025 3804 quam
1077 3728 1155 3786 ut
1211 3741 1252 3786 a
1316 3741 1423 3787 me
1463 3722 1782 3805 perscribi
1824 3722 2099 3805 possint.
2191 3721 2518 3790 Audimus

544 3805 949 3873 Antiochum
1015 3827 1135 3891 per
1198 3806 1491 3873 medium
1558 3809 2077 3893 Argentoratum
2164 3829 2518 3892 properare

543 3893 1000 3959 Ratisbonam.
1090 3891 1311 3974 Quam
1371 3900 1598 3959 metuo
1658 3915 1742 3959 ne
1786 3902 2000 3959 totum
2057 3915 2293 3961 rursus
2357 3914 2518 3959 eon-

545 3987 821 4046 ventum
865 3978 1053 4044 fallat
1093 3987 1163 4044 et
1205 3980 1343 4046 suis
1385 3979 1760 4064 praestigiis
1802 3981 2100 4063 imponat
2141 3980 2269 4065 piis
2304 3980 2518 4046 heroi-

544 4065 686 4131 bus.
759 4064 1032 4132 Utinam
1079 4064 1184 4130 vel
1223 4065 1340 4132 icti
1383 4066 1648 4149 sapiant
1682 4066 2006 4152 Phryges.
2082 4065 2188 4133 De
2233 4066 2516 4151 negotiis

545 4152 761 4218 nostri
809 4150 1096 4217 Galla-eii
1153 4172 1237 4217 ex
1299 4152 1441 4236 ipso
1484 4151 1814 4237 intelliges
1855 4154 2099 4218 omnia.
2189 4149 2384 4234 Quod
2428 4152 2514 4219 ad

546 4258 670 4303 nes
713 4237 980 4315 attinet,
1047 4236 1345 4318 obsecro,
1389 4239 1481 4303 mi
1525 4247 1748 4322 pater,
1792 4236 2038 4322 dispice
2081 4251 2351 4305 tenuem
2393 4238 2515 4304 ali-

546 4344 745 4407 quam
791 4323 940 4389 istic
983 4323 1390 4391 functionem
1431 4344 1600 4408 quae
1654 4323 1828 4389 hanc
1871 4332 2155 4390 aetatem
2172 4375 2189 4403 ,
2255 4345 2340 4391 ne
2383 4324 2517 4390 etio

548 4410 1006 4493 elanguescat,
1066 4408 1418 4494 aliquande
1462 4421 1769 4476 exerceat
1809 4421 1880 4475 et·
1920 4418 2213 4495 occupet.
2304 4408 2516 4492 Quid-

548 4494 706 4578 quid
749 4496 832 4560 de
873 4495 1062 4561 nobis
1104 4495 1416 4562 statueris
1458 4517 1594 4561 non
1634 4496 1878 4579 poterit
1919 4518 2051 4563 non
2096 4517 2240 4563 esse
2274 4498 2518 4581 gratis-

550 4582 791 4649 simum
837 4601 959 4648 nec
1003 4579 1199 4647 deero
1243 4582 1589 4649 vocationi.
1660 4581 1849 4647 Vale.
1908 4581 2140 4649 Idibus
2176 4582 2445 4667 Aprilis.

1341 4720 1525 4784 'I'uus
1569 4718 1691 4785 tibi
1733 4718 2221 4785 addictissimus
2264 4720 2343 4785 B.

725 4921 974 4989 Incidit
1051 4945 1263 5007 nuper
1344 4923 1703 5010 disputatio
1782 4926 1854 4990 in
1918 4934 2112 4993 coetu
2179 4924 2521 4992 doctorum

553 5010 845 5074 virorum
914 5006 995 5073 de
1058 5008 1175 5075 illo
1241 5008 1322 5076 ad
1389 5011 1771 5077 Corinthios
1836 5010 2010 5079 dicto
2071 5011 2295 5079 Pauli:
2386 5012 2519 5078 Dei

664 5366 677 5379 ·
760 5229 824 5363 ἐξ
855 5246 1027 5355 Ἀἶπυ
1061 5298 1200 5382 ¹⁵⁴¹?ss
1236 5300 1558 5357 Βυὶάαόπιιε
1589 5302 1708 5358 eide
1742 5303 2164 5360 Gonnus-uariis
2204 5306 2375 5372 iuris,

554 5380 619 5421 eo
650 5380 772 5435 ψυ
807 5383 956 5423 anuo
986 5368 1332 5438 prod-nm,
1369 5385 1592 5439 υρσνοιπ
1625 5379 1945 5429 namet.
2012 5374 2191 5445 (Βίου
2226 5374 2258 5428 1.
2297 5372 2359 5441 1.)

2060 432 2593 502 EPISTOLAE
2634 436 3065 502 4144-4146

2624 644 2856 689 sumus
2877 622 3242 707 cooperarii
3271 622 3415 690 sive
3449 631 3732 723 συνεργοί.
3799 623 3932 691 Hie
3967 644 4197 692 omnes
4229 624 4594 692 vehemen-

2623 725 2727 774 ter
2769 719 2915 776 tuos
2959 708 3463 776 commentarios
3505 730 3621 792 qui
3664 717 3870 776 tetam
3913 711 4441 777 controversiam
4504 709 4597 774 fi-

2619 793 2744 861 cile
2821 795 3341 879 composuissent
3361 846 3378 874 ,
3480 794 3877 862 desiderant.
3905 797 3962 880 ⁸)
4058 796 4345 863 Interim
4427 793 4599 879 quod

2621 880 2786 945 mihi
2854 880 3201 947 videbatur
3279 880 3650 946 verecunde
3727 880 4076 961 admonui,
4155 881 4463 950 Paulum
4526 901 4601 945 eo

2619 965 2760 1033 leco
2802 965 2968 1032 illud
3003 988 3198 1051 agere
3234 975 3312 1031 ut
3344 967 3683 1033 ministros
3716 965 3849 1032 Dei
3888 968 4182 1035 conferat
4212 969 4403 1033 inter
4438 985 4603 1042 sese,

2618 1073 2752 1118 non
2799 1063 3020 1119 autem
3054 1074 3211 1120 cum
3253 1051 3546 1119 Domino
3564 1104 3579 1130 ,
3644 1073 3884 1136 eosque
3947 1053 4365 1120 demonstret
4422 1054 4605 1118 inter

2619 1159 2765 1205 sese
2808 1139 3219 1222 cooperarios
3262 1159 3406 1204 esse
3450 1140 3562 1224 qui
3606 1136 3737 1204 Dei
3781 1138 3919 1205 sint
3972 1147 4041 1205 et
4082 1139 4379 1206 Domino
4422 1139 4605 1223 pari·

2622 1232 2725 1290 ter
2791 1245 3022 1291 omnes
3088 1225 3403 1291 serviant.
3512 1224 3686 1289 Nam
3752 1232 3820 1290 et
3892 1224 4133 1309 alioqui
4198 1224 4607 1310 particulam

2619 1308 2733 1374 σὸν
2756 1361 2773 1389 ,
2839 1311 2896 1375 si
2943 1309 3026 1376 ad
3073 1309 3292 1375 Deum
3339 1311 3694 1386 referatur,
3759 1311 3959 1376 etiam
4003 1312 4073 1377 in
4116 1311 4611 1396 compositione

2620 1396 2920 1462 dativum
2985 1417 3209 1462 casum
3273 1416 3558 1481 poscere.
3648 1394 3843 1463 Hanc
3908 1397 4306 1463 sententiam
4376 1399 4609 1463 iussn

2619 1503 2767 1548 sum
2805 1480 2889 1548 ad
2913 1491 2978 1547 te
3013 1483 3260 1548 referre
3295 1490 3375 1547 ut
3407 1482 3802 1566 pronuncies
3836 1503 4079 1549 verane
4112 1484 4203 1548 sit
4234 1503 4321 1549 an
4348 1484 4607 1549 minus.

2621 1567 2817 1649 Quod
2860 1567 2978 1634 ubi
3021 1567 3354 1634 definieris
3398 1566 3581 1633 nulla
3625 1567 3754 1632 erit
3797 1570 4191 1653 provocatio.
4216 1572 4277 1651 ⁷)

3399 1863 3817 1874 .---.-.--

3522 2081 3716 2152 4145.

3081 2235 3631 2304 BALDUINUS
3675 2234 4118 2304 OALVINO.

2798 2407 2931 2474 Pro
2972 2427 3045 2473 re
3088 2407 3420 2489 familiari
3476 2408 3708 2475 luctari
3748 2413 4019 2487 coactu-3,
4064 2428 4193 2492 qua
4234 2428 4452 2475 earm
4504 2429 4615 2476 πυ-

2619 2495 2776 2579 quit,
2816 2514 2937 2577 pro
2978 2498 3249 2576 tempore
3288 2493 3360 2558 in
3402 2493 3554 2560 urbe
3594 2494 3909 2560 retinetur.

3138 2665 3251 2730 <Ex
3286 2663 3530 2719 editione
3565 2664 3780 2719 Oalvini
3811 2682 3938 2735 pag.
3967 2664 4086 2733 54.)

2799 2819 2871 2885 S.
2919 2819 3241 2899 Mirarer,
3281 2820 3375 2885 mi
3419 2826 3639 2904 pater,
3701 2841 3946 2887 novum
3987 2820 4139 2888 istic
4181 2819 4264 2885 de
4306 2841 4419 2886 me
4460 2823 4611 2904 pri-

2624 2904 2947 2989 vilegium
2981 2904 3172 2984 ferri,
3227 2926 3345 2983 ne,
3392 2904 3571 2989 quod
3605 2906 3910 2973 omnibus
3946 2908 4061 2990 qui
4095 2904 4321 2972 abesse
4356 2905 4609 2973 volum

2624 2990 2797 3068 licet,
2841 2990 3037 3057 liceat
3080 2990 3266 3071 mihi,
3314 2991 3425 3057 vel
3466 2991 3526 3058 si
3568 2991 3655 3057 sit
3699 3013 3982 3060 necesse.
4070 2990 4207 3060 Sed
4247 2992 4447 3058 nihili
4492 3001 4609 3059 αι

2620 3077 3038 3162 plebiscitum
3094 3076 3357 3161 quando
3414 3087 3488 3142 ιιι
3545 3087 3737 3144 autor
3790 3099 3923 3144 non
3991 3099 4080 3146 es.
4168 3078 4403 3145 Vanes
4444 3078 4607 3145 illo·

2622 3184 2912 3247 augures
2948 3163 3121 3227 nihil
3159 3184 3379 3229 meror
3411 3184 3576 3247 quos
3614 3162 3809 3231 audio
3846 3173 3986 3230 tam
4018 3164 4430 3231 confidenter
4496 3186 4609 3230 ro·

2619 3250 2943 3315 nunciare
2986 3248 3067 3315 de
3112 3270 3190 3315 eo
3232 3248 3405 3332 qued
3447 3249 3533 3314 iis
3578 3249 3775 3334 plane
3816 3271 3960 3317 esse
4018 3251 4322 3335 ignotum
4378 3186 4603 3317 vigm-

2620 3334 2817 3401 Alius
2860 3333 3026 3400 mihi
3070 3334 3274 3400 iudex
3317 3344 3423 3400 est
3462 3336 3579 3419 qui
3623 3355 3730 3401 me
3775 3344 3846 3401 et
3877 3336 4154 3403 consilia
4186 3337 4379 3402 novit
4412 3357 4601 3403 nmen:

2618 3419 3569 3591 {wuaesssafflaeffi‘
3603 3420 3941 3573 aaa·
3996 3422 4012 3436 ·
4060 3422 4166 3573 2³3
4198 3422 4601 3593 mua

2620 3591 2812 3676 angit
2852 3591 3027 3676 quod
3069 3591 3335 3657 audiam
3379 3596 3627 3658 nevum
3673 3593 3858 3659 vobis
3922 3600 4227 3659 exortum
4268 3613 4417 3662 esse
4458 3595 4595 3661 D·-

2618 3698 2782 3743 vum
2810 3681 2866 3756 ¹)
2911 3680 3024 3762 qui
3067 3677 3467 3744 interturbet
3508 3677 3750 3744 emnia.
3839 3678 4011 3745 Cum
4068 3678 4177 3745 his
4241 3680 4363 3747 tibi
4402 3702 4597 3746 mm-

2617 3763 2774 3829 stris
2828 3784 3025 3846 saepe
3080 3762 3637 3848 congrediendum
3696 3771 3830 3844 est,
3896 3774 3973 3830 ιιι
4014 3763 4331 3848 Spartam
4390 3787 4593 3851 quan

2618 3856 2854 3916 nactus
2910 3869 2983 3915 es
3026 3850 3305 3916 tuearis:
3390 3869 3669 3934 eamque
3723 3849 4109 3916 inclinatam
4153 3853 4226 3916 in
4270 3862 4339 3918 te
4376 3873 4593 3917 unm

2617 3935 2999 4001 recumbere
3059 3934 3262 4001 vides.
3352 3933 3493 4001 Sed
3534 3956 3620 4001 ne
3663 3937 3884 4002 animo
3925 3937 4290 4021 frangaris,
4358 3940 4593 4004 meni-

2618 4019 2779 4087 nisti
2820 4021 2928 4087 cui
2967 4020 3241 4087 servias.

2792 4108 2896 4172 De
2937 4118 3049 4172 me‘
3090 4105 3264 4191 quod
3307 4106 3592 4173 scribam
3637 4107 3968 4173 nihildum
4012 4108 4177 4174 certi
4214 4108 4447 4189 haheo,
4490 4110 4591 4174 id-

2616 4213 2746 4275 que
2800 4192 2870 4257 in
2928 4212 3125 4259 causa
3178 4191 3306 4258 fuit
3347 4191 3523 4275 quod
3567 4191 3738 4258 nihil
3780 4193 4102 4260 haetenus
4144 4193 4231 4259 ad
4274 4205 4343 4261 te
4384 4198 4591 4280 serip-

2826 4482 2890 4550 6)
2930 4481 3271 4538 masma
3301 4500 3359 4539 a.
3393 4482 3549 4539 1546.

2627 4550 3243 4701 Octobqplwadhuc
3276 4552 3554 4688 Ἀῶ
3484 4550 3639 4675 ιὸἓιὸε
3668 4553 4112 4692 ἷνῖιὛΜΡῧὸἷ,
4134 4552 4446 4680 mum-m·
4474 4556 4591 4681 :i

2624 4690 2881 4744 Lutetme
2912 4689 3090 4743 redux
3125 4687 3229 4757 (N.
3266 4688 3417 4756 738).
3492 4689 3806 4759 Imperator
3841 4690 4209 4746 Bambotum·
4436 4696 4447 4708 ‘

2622 4764 2725 4812 tem
2772 4756 2942 4825 sistit,
2987 4758 3085 4812 ubo·
3115 4773 3169 4812 a.
3207 4756 3344 4812 1546
3388 4761 3612 4814 inemo
3654 4759 3979 4830 colloquium
4394 4803 4407 4816 .
4482 4763 4591 4818 lb

2623 4829 3053 4895 Ammoi-atum
3100 4827 3234 4880 iisse
3274 4827 3458 4893 salsus
3501 4844 3694 4883 rumor
3739 4835 3874 4884 erat.
3945 4827 4037 4883 De
4069 4845 4124 4883 a.
4163 4829 4304 4884 154⁷
4349 4834 4591 4902 copi-'u

2619 4911 2735 4949 non
2764 4908 3072 4963 ροοειιιπυε,
3107 4911 3276 4964 quun
3307 4912 3378 4951 ιπ.
3416 4897 3610 4965 Aprili
3640 4896 3834 4952 bellun
3867 4903 4034 4952 tom
4073 4897 4437 4956 Germ
4470 4914 4587 4957 ‘-

2616 4978 2847 5045 pensam
2879 4969 3103 5045 teneret,
3136 4963 3205 5019 de
3236 4981 3345 5034 quo
3377 4966 3469 5020 hie
3500 4966 3660 5021 niba.
3732 4966 4078 5022 Bolani-un
4113 4975 4367 5024 mom
4400 4972 4585 5025 m&-

2618 5048 2887 5170 aaran„
2929 5100 3017 5154 De
3065 5046 3149 5085 “⁸
3247 5117 3301 5154 πο
3344 5102 3436 5158 hic
3486 5102 3746 5186 loquat-ar
3792 5119 3894 5159 nos
3942 5102 4164 5175 quiden
4209 5106 4439 5177 defi-bs
4470 5123 4583 5165 a·

2620 5170 2901 5252 audemus.
2970 5168 3017 5224 0
3072 5185 3201 5224 υιπυ
3231 5170 3349 5235 fere
3380 5177 3680 5241 ςυοιαππω
3712 5189 3834 5228 συσπ
3866 5187 3981 5228 uno
4016 5173 4102 5228 vel
4135 5175 4313 5231 auem
4344 5192 4435 5233 m
4462 5182 4583 5232 cd

2618 5255 2682 5293 m
2714 5244 3058 5293 comumne-
3126 5239 3196 5292 Δ.
3235 5237 3375 5293 1546
3413 5240 3638 5295 Petrum
3671 5242 3949 5305 Anam,
3993 5257 4048 5296 a.
4088 5241 4231 5297 151⁷
4270 5244 4583 5301 Ekfnsn

4013 4694 4589 4817 ἦ

2421 5306 2522 5376 quo·
2619 5307 3015 5371 awannam,
3052 5305 3952 5390 dequwumqqueripommt.
4010 5309 4579 5382 manu-m

4126 5976 4820 6125 Α
