4900 6125
629 382 714 444 4⁷

630 567 901 644 sionem,
968 571 1082 628 aut
1146 561 1555 647 protestandi
1622 582 1964 646 meamque
2042 560 2584 645 subscriptionem

630 649 1025 736 explicandi,
1099 658 1215 714 aut
1283 647 1732 714 dimissionem
1789 647 2077 732 petendi,
2145 657 2417 713 censent
2474 649 2589 713 alii

629 737 842 814 amici,
888 738 1061 801 inter
1107 755 1266 818 quos
1310 743 1411 799 est
1453 734 1656 799 etiam
1691 735 1775 799 D.
1822 733 2235 800 Eustachius'
2269 732 2589 799 cherma-

629 843 766 901 nuS,
791 826 846 899 ⁴)
890 823 1000 906 qui
1065 842 1185 906 pro
1245 820 1370 887 hoc
1436 829 1728 904 tempore
1783 819 2231 884 nundinarum
2277 819 2591 901 dignatus

628 919 731 976 est
794 907 969 992 apud
1034 929 1141 972 me
1208 906 1542 989 hospitari.
1654 904 1867 970 Video
1933 904 2142 970 multa
2214 903 2379 970 mihi
2445 926 2591 970 esse

629 993 1027 1061 devoranda.
1051 994 1109 1073 ὁ)
1212 995 1304 1056 At
1368 990 1561 1056 modo
1629 991 1921 1075 placeam
1998 990 2269 1056 Christo
2342 1000 2409 1055 61
2472 1011 2590 1073 pro

628 1103 779 1147 mea
835 1080 1012 1147 virili
1068 1079 1274 1162 ipsius
1334 1098 1617 1162 regnum
1674 1098 2113 1160 promoveam,
2206 1077 2366 1140 satis
2424 1075 2588 1141 mihi

626 1167 845 1232 fuerit.
933 1166 1162 1248 Neque
1219 1185 1377 1231 vero
1437 1164 1552 1228 illa
1609 1162 2057 1229 subscribendi
2115 1162 2395 1227 formula
2461 1163 2589 1226 alio

628 1254 850 1318 animo
894 1273 1052 1316 usus
1094 1271 1264 1328 sum,
1310 1269 1508 1332 quam
1550 1259 1627 1314 ut
1670 1249 2129 1332 significarem,
2176 1248 2298 1313 'etsi
2345 1249 2589 1314 articu-

626 1338 711 1404 lis
776 1335 1282 1414 subscribebam,
1350 1356 1454 1400 me
1522 1343 1745 1400 tamen
1811 1333 1985 1400 haud
2053 1336 2239 1398 iuxta
2289 1333 2587 1411 aliorum,

628 1424 740 1490 sed
788 1425 978 1489 iuxta
1022 1443 1256 1498 meam,
1315 1443 1512 1505 quam
1555 1423 1729 1502 piam
1786 1441 1927 1485 esse
1985 1421 2135 1498 scic,
2196 1420 2591 1502 interpreta-

628 1511 875 1575 tionem
920 1509 1355 1575 subscribere:
1402 1518 1475 1572 ut
1520 1506 1714 1590 plane
1759 1527 1991 1588 reapse
2034 1506 2261 1570 eadem
2309 1506 2393 1569 sit
2429 1505 2590 1570 11666

627 1595 1042 1679 subscriptio,
1090 1595 1243 1662 11661
1276 1594 1496 1659 verbis
1532 1592 1810 1670 diversa,
1857 1614 2004 1657 cum
2045 1592 2174 1668 illa,
2222 1612 2352 1673 qua
2388 1591 2590 1655 etiam

629 1683 712 1747 (16
769 1681 1108 1764 principie,
1164 1700 1370 1762 quum
1426 1679 1555 1743 huc
1616 1680 1790 1758 veni,
1842 1681 2272 1762 Augustanae
2338 1677 2591 1742 confes-

628 1767 799 1834 sioni
844 1765 1376 1850 subscripseram,
1423 1764 1539 1830 sed
1583 1785 1736 1830 cum
1782 1764 1903 1827 1166
1947 1765 2348 1846 exceptione,
2394 1761 2589 1827 modo

629 1854 995 1919 orthodoxe
1039 1851 1459 1935 intelligatur.
1553 1849 1688 1916 Sed
1736 1850 1817 1914 de
1858 1849 1940 1914 iis
1984 1851 2163 1916 satis.

806 1939 995 2020 Quae
1040 1949 1325 2022 agantur
1367 1938 1439 2001 in
1499 1935 1748 2001 mundo
1793 1935 1994 2019 digna
2053 1957 2222 2018 quae
2280 1955 2320 1997 a
2379 1942 2443 1998 te
2490 1934 2591 1997 in-

628 2026 1030 2110 telligantur,
1075 2023 1269 2088 credo
1314 2023 1434 2087 tibi
1476 2022 1557 2087 ab
1617 2021 1763 2086 aliis
1806 2021 2153 2105 permultis
2199 2019 2589 2104 significari:

628 2123 708 2177 ut
749 2111 828 2177 de
872 2110 1044 2188 bello
1088 2110 1265 2174 inter
1308 2107 1579 2173 Danum
1642 2118 1710 2172 61
1755 2107 2139 2188 Succum‚⁶)
2191 2106 2482 2190 Anglum
2526 2113 2593 2170 et

629 2197 923 2274 Gallum,
962 2195 1042 2260 de
1063 2196 1357 2278 equitatu
1383 2194 1799 2269 Germanice,
1839 2214 2030 2276 quom
2067 2192 2593 2259 Schwartzreut-

628 2293 732 2349 ter
791 2292 1066 2348 vocant:
1095 2285 1150 2364 ⁷)
1209 2281 1408 2347 huius
1465 2281 1946 2365 imperatorem,
2006 2279 2219 2345 literis
2281 2300 2321 2343 a
2380 2278 2593 2342 Land-

622 2369 846 2454 9ravio
887 2368 997 2433 hic
1040 2368 1339 2450 acceptis,
1384 2387 1538 2431 mox
1584 2365 1667 2430 ad
1705 2366 2187 2450 Landyravium
2230 2363 2590 2441 advolasse,

628 2466 696 2522 et
738 2455 1115 2539 opinionem
1180 2473 1341 2532 esse,
1402 2460 1613 2518 totum
1670 2452 1844 2517 hunc
1904 2452 2269 2533 equitatum
2328 2449 2594 2514 mitten-

629 2541 788 2606 dum
832 2539 917 2605 ad
970 2540 1283 2606 Sueeum.
1374 2538 1559 2604 Haec
1615 2545 1813 2621 atque
1878 2537 2007 2603 alia
2063 2555 2234 2601 nova
2289 2535 2591 2617 relinquo

628 2628 775 2693 aliis
818 2625 1181 2693 scribenda.
1270 2623 1415 2707 Ego
1451 2645 1556 2689 me
1602 2633 1739 2688 toto
1774 2624 1994 2687 animo
2031 2623 2150 2688 tibi
2185 2620 2588 2688 commendo.

626 2714 819 2798 Rogo
872 2732 1034 2777 vero
1078 2712 1299 2776 Deum
1357 2719 1611 2793 patrem
1667 2731 1783 2793 per
1826 2708 2048 2774 Iesum
2094 2706 2458 2784 Christum,
2516 2715 2593 2771 61

628 2809 695 2865 te
740 2799 854 2864 (116
897 2798 1082 2863 601116
1118 2803 1478 2863 conservet.
1535 2795 1722 2861 Vale.
1785 2795 2048 2879 Argent.
2085 2793 2295 2876 pridie
2318 2791 2588 2859 Calend.

629 2886 786 2951 Iulii
832 2887 1030 2950 Anno
1078 2886 1179 2947 63.
1205 2886 1258 2959 ⁸)

1850 3017 2033 3083 Tuus
2075 3038 2158 3082 ex
2202 3017 2421 3082 animo

1893 3104 1984 3169 H.
2021 3102 2374 3170 Zanchius.

1512 3676 1708 3745 3972.

1087 3847 1519 3915 ZANOHUS
1564 3846 2144 3915 GRINDALLO.

806 4021 984 4087 Idem
1018 4026 1452 4107 armamentum
1490 4021 1706 4103 fusius
1747 4021 1935 4087 etiam
1978 4022 2345 4103 expositum.

633 4196 741 4261 (Ex
777 4194 916 4265 Opp.
956 4193 1163 4247 Zanchi
1219 4192 1373 4249 Tom.
1410 4191 1555 4247 vm.
1593 4192 1653 4246 Ρ.
1686 4192 1756 4248 ΙΙ.
1780 4192 2018 4316 61ὀ.139.
2056 4222 2121 4233 -
2158 4194 2359 4248 anich
2395 4194 2587 4248 letters

1322 4262 1391 4316 11.
1430 4262 1535 4332 Ep.
1569 4260 1656 4328 43,
1692 4279 1745 4331 p.
1853 4265 1896 4327 .)

835 4467 895 4537 4)
939 4466 1325 4536 quercetanus,
1371 4470 1467 4538 qui
1512 4464 1932 4535 Francofordia
1977 4470 2168 4526 relicta
2207 4471 2471 4537 fortassis
2523 4469 2588 4523 in

636 4536 879 4593 Galliam
911 4538 1374 4604 proficiscebatur.

839 4605 899 4671 5)
940 4605 1148 4661 Exstat
1195 4608 1257 4660 in
1305 4606 1547 4661 archivis
1591 4606 1797 4661 nostris
1836 4606 2134 4662 Theman&
2178 4606 2465 4676 Sylburm‘i
2495 4606 2586 4671 fa-

633 4675 772 4730 muli
802 4676 920 4729 eius
953 4675 1181 4743 epistola
1233 4674 1287 4728 d.
1334 4674 1388 4729 d.
1424 4673 1478 4730 8.
1516 4672 1627 4729 lul.
1682 4674 1819 4729 1563
1877 4676 1955 4731 ad
1992 4675 2293 4731 Samudem
2334 4674 2588 4731 conradi

628 4745 806 4811 filium
842 4743 1146 4798 Euhenum
1190 4760 1302 4813 qua
1345 4744 1433 4798 hic
1480 4742 1614 4798 dicit
1648 4743 1929 4799 Zanohun
1968 4750 2096 4812 post
2141 4744 2377 4800 reditum
2410 4761 2449 4799 a
2485 4746 2583 4798 mi·

629 4814 828 4868 sistris
862 4812 1097 4867 mimo
1129 4830 1168 4867 a
1202 4812 1530 4867 Marbachio
1564 4828 1777 4868 summa
1807 4828 1930 4867 cun
1964 4813 2281 4879 diffidentia
2315 4814 2424 4868 imo
2462 4813 2584 4869 hos·

998 4888 1112 4935 tun·
1139 4880 1325 4945 fuisse.
1400 4879 1673 4946 (Schmidt
1705 4897 1759 4950 p.
1793 4879 1914 4949 669,
1951 4881 2214 4938 Raurica.
2248 4880 2392 4949 114.)

840 4950 899 5016 6)
1046 4948 1216 5015 Thou,
1252 4950 1353 5004 111.
1390 4948 1496 5003 487
1532 4955 1583 5004 et
1615 4951 1842 5017 passim.

843 5017 900 5081 7)
942 5018 1293 5085 Rhinqravit'.
1366 5018 1452 5084 Cf.
1486 5019 1745 5085 Lanquet
1778 5018 1845 5073 11.
1881 5017 2004 5076 249.
2035 5019 2329 5075 Bao-molat
2360 5018 2484 5075 519.

630 4882 799 4937 witer

841 5086 902 5153 8)
938 5086 1134 5141 Idibus
1168 5087 1355 5141 Iuniis
1388 5087 1565 5141 redux
1586 5086 1774 5155 fuisse
1810 5088 2039 5141 videtur.
2110 5088 2243 5156 Ipse
2275 5089 2353 5144 ad
2375 5089 2589 5143 Game-
2636 5080 2642 5129 Ι

2154 371 2682 442 EPISTOLAE
2725 376 3151 441 3971—3972
4537 382 4594 444 48

2867 562 3186 628 Tarditati
3273 582 3457 630 meae
3517 564 3832 648 ignosces,
3905 567 4310 632 observande
4372 563 4598 633 domine.

2644 639 2922 731 ‘Nuper
2986 650 3164 715 enim
3221 648 3386 714 redii
3453 671 3538 714 ex
3605 651 3844 717 finibus
3913 651 4170 717 Italiae:
4209 656 4260 729 ¹)
4328 659 4396 716 61
4447 672 4602 735 prope

2693 736 2990 800 infinitas
3032 735 3244 817 reperi
3283 732 3518 816 quibus
3561 736 4090 820 respondendum
4135 739 4225 803 sit
4267 738 4496 802 literas.

2869 822 3040 888 Aves
3084 819 3473 904 intelligere,
3522 823 3842 903 quomodo
3899 824 4335 907 compositum
4380 823 4463 888 sit
4491 843 4609 887 nos-

2695 913 2870 972 trum
2916 905 3287 972 dissidium:
3336 903 3546 972 dicam
3583 907 3887 974 breviter.
3970 909 4396 992 Propositum
4439 909 4606 973 fuerat

2695 992 2777 1058 de
2841 992 3161 1077 principio
3216 991 3522 1059 Dominis
3596 995 3854 1070 nostris,
3924 1005 4000 1060 ut
4059 993 4250 1060 audio
4319 1005 4388 1059 et
4439 994 4608 1068 video,

2692 1079 2788 1142 ita
2831 1079 2903 1142 in
2949 1078 3072 1144 hac
3107 1087 3333 1143 nostra
3367 1080 3817 1145 controversia
3853 1101 3996 1146 6666
4030 1101 4280 1165 gerere,
4325 1089 4400 1144 ut
4441 1079 4610 1163 quoad

2695 1164 2835 1228 eius
2890 1164 3032 1228 fieri
3094 1175 3329 1247 posset,
3409 1164 3593 1230 salva
3648 1172 3717 1228 61
3770 1175 3949 1230 66116
4007 1175 4302 1249 tectaque
4361 1175 4610 1230 maneret

2694 1250 3040 1332 utriusque
3075 1249 3283 1331 partis
3320 1249 3638 1333 dignitas:
3682 1250 3879 1333 idque
3899 1261 4169 1335 propter
4191 1251 4613 1326 ministerium,

2696 1345 2840 1399 tum
2907 1336 3436 1400 concionatorum
3516 1336 3586 1399 in
3652 1337 3943 1412 ecclesia,
4014 1347 4153 1401 tum
4217 1349 4505 1401 nostrum
4559 1336 4608 1400 in

2695 1420 2937 1488 schola.
3040 1422 3329 1486 Tametsi
3399 1422 3603 1504 igitur
3677 1442 3801 1504 per
3871 1422 4047 1488 istud
4110 1423 4466 1496 biennium,
4516 1442 4616 1503 qno

2695 1526 2893 1572 66666
2934 1507 3060 1571 fuit
3103 1507 3274 1589 apud
3321 1506 3644 1571 Dominos
3710 1517 3873 1584 acta,
3928 1510 4172 1590 optime
4225 1529 4310 1573 ex
4355 1507 4617 1590 perlectis

2695 1595 2858 1658 actis
2923 1593 3267 1674 utriusque
3332 1593 3535 1674 partis
3594 1593 3877 1675 scriptis,
3938 1604 4003 1659 et
4048 1593 4412 1659 multarum
4453 1593 4620 1658 eccle-

2697 1679 2944 1743 siarum
3015 1678 3623 1760 academiarumque
3680 1676 3760 1742 de
3815 1680 3976 1744 meis
4034 1679 4332 1745 thesibus
4381 1678 4618 1754 iudiciis,

2698 1771 3163 1847 cognoverunt,
3210 1764 3532 1830 actionem
3576 1775 3806 1830 contra
3847 1785 3955 1830 me
4000 1765 4081 1830 ab
4125 1764 4509 1832 adversariis
4539 1765 4624 1827 in·

2697 1850 3016 1928 stitutam,
3063 1851 3263 1915 fuisse
3306 1850 3616 1931 iniquam,
3683 1859 3752 1914 et
3798 1851 4163 1918 doctrinam
4211 1872 4447 1930 meam,
4487 1869 4623 1933 quse

2697 1943 2999 2001 accusata
3077 1935 3515 2018 damnataque
3594 1935 3809 2001 fuerat
3875 1945 4016 2002 tum
4083 1938 4424 2012 novitatis,
4507 1949 4624 1998 tum

2698 2021 3061 2096 haereseos,
3140 2042 3352 2103 neque
3415 2025 3673 2098 novam,
3743 2043 3955 2105 neque
4019 2023 4423 2088 haereticam
4483 2039 4623 2086 esse:

2697 2108 3050 2171 noluerunt
3093 2117 3313 2171 tamen
3359 2107 3464 2172 vel
3510 2109 3944 2191 pronunciare
3990 2107 4070 2172 de
4113 2129 4324 2185 causa,
4373 2108 4477 2174 vel
4527 2105 4624 2170 sal-

2697 2205 2827 2256 tem
2874 2201 2951 2257 ut
2993 2192 3434 2275 disputatione
3480 2191 3893 2259 decideretur
3938 2196 4352 2275 permittere:
4403 2193 4511 2258 sed
4543 2213 4628 2256 ae·

2696 2279 2948 2344 66161116
2990 2287 3273 2360 quatuor
3317 2278 3638 2361 theologis
3655 2283 3716 2357 ⁴2)
3759 2287 3826 2343 et
3861 2280 4108 2362 aliquot
4144 2280 4305 2344 iuris
4330 2279 4564 2363 peritis,
4583 2280 4626 2356 ³)

2694 2365 2938 2447 partim
2994 2363 3318 2448 Tubinga,
3393 2366 3638 2448 partim
3692 2365 3994 2446 Biponte‚
4068 2366 4310 2449 partim
4377 2363 4629 2436 Basilea.

2696 2458 3017 2516 curarunt
3057 2459 3133 2515 ut
3173 2471 3293 2532 per
3337 2451 3497 2516 istos
3543 2449 3886 2515 dissidium
3930 2459 4452 2534 componeretur.
4529 2448 4628 2513 Isti

2699 2535 3156 2619 praesentibus
3199 2536 3396 2600 etiam
3441 2544 3723 2619 quatuor
3768 2558 3855 2601 ex
3898 2547 4136 2602 senatu
4174 2537 4482 2620 legerunt
4513 2543 4634 2598 am

2698 2629 2765 2685 61
2807 2622 3147 2705 utriusque
3193 2621 3399 2702 partis
3442 2623 3714 2704 scripta:
3786 2622 4128 2706 perspicue
4174 2622 4510 2699 viderunt,
4549 2621 4632 2682 in·

2697 2708 2951 2789 signem
2996 2717 3063 2773 et
3120 2707 3286 2771 mihi
3344 2717 3412 2772 et
3469 2707 3731 2772 veritati
3781 2708 4022 2772 factam
4081 2708 4280 2772 fuisse
4323 2709 4631 2771 iniuriam.

2697 2793 3095 2858 Retulerunt
3150 2792 3234 2857 ad
3290 2801 3592 2859 senatum
3653 2814 3847 2859 suum
3906 2793 4222 2860 iudicium
4268 2793 4354 2858 de
4400 2793 4636 2874 scriptis

2697 2885 2765 2943 et
2821 2879 3004 2944 actis.
3094 2879 3225 2943 Hic
3281 2880 3364 2943 D.
3411 2879 3653 2945 Petrus
3711 2877 4033 2944 Sturmius
4077 2877 4490 2945 Scholarcha
4541 2897 4636 2960 ps·

2697 2963 2829 3029 lam
2873 2964 3077 3030 dixit:
3160 2965 3290 3032 Ubi
3334 2965 3543 3049 igitur
3586 2985 3767 3031 nunc
3813 2973 3910 3029 tot
3952 2973 4018 3029 et
4061 2971 4286 3030 tantae
4331 2964 4638 3036 haereses,

2696 3072 2864 3133 quae
2910 3050 3185 3117 Zanchio
3227 3049 3751 3118 obiiciebantur?
3838 3050 4144 3135 Egerunt
4186 3050 4434 3116 deinde
4487 3070 4636 3115 seor·

2697 3137 2823 3200 sim
2868 3157 3018 3202 cum
3064 3148 3336 3219 utraque
3379 3147 3570 3219 parte
3614 3157 3733 3219 pro
3778 3136 4140 3202 concordia.
4223 3136 4457 3217 Quum
4503 3155 4641 3201 ven·

2700 3231 2845 3286 tum
2906 3231 3008 3287 est
3050 3222 3132 3287 ad
3193 3245 3331 3288 me:
3392 3223 3679 3305 primum
3741 3221 4003 3288 disertis
4069 3220 4287 3287 verbis
4349 3222 4640 3287 dixerunt

2695 3308 3180 3390 compositores,
3245 3314 3500 3391 partem
3559 3307 3902 3373 adversam
3958 3308 4133 3373 idem
4177 3306 4358 3391 quod
4413 3318 4484 3374 et
4524 3326 4642 3381 nos,

2697 3392 2777 3458 de
2819 3391 3412 3475 praedestinatione
3447 3402 3821 3458 sanctorum
3859 3393 4122 3471 sentire,
4159 3392 4450 3476 probare
4485 3393 4640 3458 enim

2697 3477 3062 3545 doctrinam
3122 3479 3498 3562 Augustini,
3557 3478 3863 3555 Lutheri,
3908 3479 4184 3545 Buceri:
4263 3480 4354 3546 iis
4440 3488 4642 3546 antem

2695 3562 2902 3630 tribus
2946 3572 3095 3647 post
3138 3565 3500 3648 scripturas
3543 3572 3748 3630 totam
3790 3585 4007 3629 meam
4044 3564 4427 3630 doctrinam
4448 3564 4644 3647 copio-

2694 3649 2951 3714 sissime
3009 3651 3558 3716 confirmaveram
3615 3651 3687 3714 in
3744 3650 3909 3716 meis
3952 3649 4348 3716 lectionibus
4407 3662 4480 3717 61
4519 3670 4644 3714 con-

2694 3733 3111 3801 fessionibus:
3174 3744 3432 3801 tantum
3479 3756 3819 3819 superesse
3877 3734 4122 3818 aliquid
4167 3737 4646 3803 controversias

2696 3818 2777 3887 de
2836 3841 3056 3886 coena.
3120 3822 3271 3887 Etsi
3327 3822 3533 3906 igitur
3577 3822 3863 3905 legerint
3906 3841 4121 3886 meam
4178 3823 4644 3889 confessionem

2695 3904 2776 3971 de
2818 3926 3039 3985 coena,
3107 3928 3178 3973 se
3242 3916 3466 3972 tamen
3533 3928 3772 3989 cupere
3827 3905 4042 3973 adhuc
4107 3906 4360 3975 clarius
4432 3931 4518 3973 cx
4561 3927 4649 3970 1116

2694 3991 2921 4057 audire
2965 3993 3119 4076 quid
3165 3994 3446 4058 sentiam
3499 3991 3581 4058 de
3635 3993 4005 4076 praesentia
4061 3994 4360 4075 corporis
4413 3992 4646 4061 Christi

2691 4078 2763 4141 in
2807 4098 3024 4143 coena.
3105 4079 3191 4143 In
3234 4100 3384 4144 mea
3427 4078 3602 4144 enim
3647 4078 4056 4144 confessione
4114 4077 4280 4143 nihil
4343 4079 4433 4147 de
4477 4100 4648 4164 prse-

2692 4164 2906 4229 sentia
2949 4163 3461 4247 disputaveram,
3505 4163 3620 4230 sed
3664 4165 3793 4229 tria
3836 4172 4096 4228 tantum
4148 4167 4516 4251 praecipua
4555 4185 4648 4230 66·

2689 4249 2829 4332 11116
2872 4248 3382 4332 explicaveram:
3444 4251 3750 4333 primum,
3797 4271 3930 4313 non
3974 4250 4112 4315 sola
4156 4252 4476 4333 symbola
4515 4270 4650 4335 per-

2689 4336 2838 4418 cipi,
2883 4334 2999 4401 sed
3044 4336 3237 4400 etiam
3286 4357 3425 4400 rem
3469 4337 3702 4419 ipsam,
3746 4356 3975 4400 verum
4011 4356 4248 4418 corpus
4293 4338 4560 4404 Christi
4591 4350 4650 4399 et

2689 4442 2922 4487 verum
2986 4422 3124 4487 eius
3186 4424 3594 4505 sanguinem,
3662 4421 3785 4486 hoc
3842 4429 3945 4488 est
4001 4420 4352 4488 Christum
4425 4425 4646 4507 ipsum

2688 4507 3014 4585 Alterum,
3059 4516 3411 4590 utrumque
3455 4506 3832 4572 manducari
3872 4527 3946 4574 66
3991 4507 4145 4585 111111,
4193 4529 4332 4574 non
4371 4530 4494 4575 ore
4527 4528 4654 4574 cor-

2688 4594 2884 4676 poris,
2941 4592 3055 4659 sed
3121 4593 3409 4676 spiritus,
3462 4594 3586 4659 hoc
3629 4599 3730 4659 est
3773 4592 3922 4659 fide.
4011 4593 4332 4673 Tertium,
4379 4595 4580 4679 idque
4617 4613 4654 4655 a

2687 4678 2988 4744 fidelibus
3031 4686 3312 4744 tantum.
3401 4678 3534 4745 Hic
3575 4678 3912 4762 respondi,
3969 4700 4075 4744 me
4123 4676 4206 4744 de
4250 4679 4386 4746 1166
4431 4702 4652 4765 quaes-

2687 4765 2870 4830 tione
2931 4786 3065 4830 606
3122 4764 3403 4831 libenter
3447 4765 3805 4848 disputare,
3874 4764 4045 4848 quod
4105 4785 4192 4830 ne
4251 4787 4476 4832 unum
4521 4766 4652 4850 qni·

2693 4888 2900 4896 *-

2689 4950 2952 5073 ³⁹⁷²·:³
2995 4952 3539 5076 Q'ffffl'm·

2897 5022 2958 5157 33
2995 5090 3143 5144 wolf
3178 5062 3517 5157 immista,
3565 5092 3718 5145 ducis
3765 5092 4076 5162 Wolfgangi
4113 5093 4354 5147 Palatini
4407 5094 4652 5149 couna-

636 5158 782 5209 rn‘um
820 5155 871 5207 d.
908 5154 960 5209 d.
1000 5154 1082 5208 10.
1122 5154 1262 5209 1u1..·
1317 5156 1439 5209 Non
1478 5157 1555 5210 ita
1598 5156 1826 5209 multum
1879 5164 2006 5209 ante
2055 5158 2324 5211 nundinas
2370 5165 2588 5211 nostras
2639 5146 2646 5249 ἱ
2693 5159 2823 5219 1166,
2863 5158 3126 5212 1166116116
3162 5159 3471 5214 Schwsbliu
3509 5161 3622 5216 Lic.
3671 5161 3912 5216 eiusdem
3967 5162 4327 5224 consiliarius.
4371 5163 4442 5215 D.
4479 5163 4650 5215 tam

633 5224 945 5359 ἑξῧῖβαπ.)
981 5232 1030 5277 ec
1066 5226 1179 5277 iam
1216 5224 1300 5275 14.
1324 5224 1449 5279 Iun.
1484 5232 1884 5293 praesenserat
1916 5224 2271 5295 incapitalo.
2316 5225 2591 5294 (Schmidt
2639 5262 2649 5333 Ι

2695 5228 2885 5350 ἔξω,
2906 5227 3098 5349 bducis
3132 5228 3538 5299 Christophori‚
3585 5230 3777 5284 Daniel
3832 5248 3866 5283 a
3909 5230 4196 5293 Renchen‚
4245 5230 4546 5301 Obervusst
4595 5248 4654 5283 ει

2783 5312 2900 5349 wen
2943 5313 3057 5366 urg.
