4900 6125
632 412 710 474 31
2152 409 2681 478 EPISTOLAE
2723 413 3144 479 3958-3961
4541 415 4600 478 32

626 616 972 667 mexcuser
1012 618 1099 664 en
1139 616 1249 662 ma
1291 594 1631 676 briefvete,
1699 619 1813 665 car
1854 597 2221 665 l’affliction
2265 598 2356 664 du
2396 619 2585 683 corps

628 705 740 753 ma
805 703 1013 768 quasy
1080 681 1336 749 esbeste
1393 682 1644 767 lesprit.
1733 683 1941 750 Aiant
1982 704 2115 750 ven
2171 683 2237 751 le
2291 682 2587 752 discours

629 772 710 838 de
753 790 874 838 voz
915 768 1197 847 affaires,
1242 768 1306 834 ie
1349 768 1611 836 reviens
1664 770 1996 837 tousiours
2059 769 2126 835 18
2190 769 2272 836 (16
2312 771 2463 836 voir
2522 781 2590 836 et

628 858 824 942 iuger
865 876 940 922 ce
982 854 1097 939 qui
1140 860 1241 921 est
1282 854 1480 935 licite,
1525 863 1595 922 et
1681 856 1784 921 uis
1845 854 2149 939 possible.
2240 854 2346 922 Sil
2389 856 2590 922 estoit

627 942 931 1027 question
997 940 1078 1006 de
1142 938 1476 1007 combatre
1540 961 1581 1007 a
1691 962 1781 1007 on
1845 942 2108 1019 escient,
2174 940 2238 1008 ie
2302 962 2387 1007 ne
2445 941 2588 1009 vois

626 1027 818 1181 gunt
859 1048 901 1093 a
942 1025 1095 1110 quel
1158 1025 1341 1091 tiltre
1384 1046 1551 1093 vous
1606 1026 1671 1092 le
1726 1027 2005 1110 puissiez
2062 1027 2247 1104 faire,
2305 1027 2588 1112 puisque

698 1114 807 1179 ieu
875 1132 1040 1180 vous
1084 1131 1124 1176 a
1167 1111 1483 1179 desarme.
1566 1110 1670 1178 De
1734 1113 1991 1180 reculer
2052 1120 2122 1178 et
2163 1111 2461 1193 divertir‚
2525 1114 2588 1179 ie

630 1200 693 1267 le
738 1207 971 1265 trouve
988 1197 1047 1282 ⁵)
1114 1197 1263 1278 bon,
1325 1204 1393 1264 et
1454 1218 1569 1264 sur
1634 1206 1783 1265 tout
1847 1200 1980 1264 afin
2044 1219 2170 1283 que
2236 1219 2404 1264 vous
2449 1197 2586 1264 aiez

627 1285 815 1352 loisir
889 1283 1177 1350 dessaier
1252 1283 1473 1367 quelle
1555 1283 1867 1352 voulonte
1931 1291 2001 1350 et
2063 1285 2279 1351 moien
2345 1292 2588 1350 auront

628 1370 989 1438 Messieurs
1032 1369 1130 1434 les
1171 1377 1395 1437 contes
1418 1368 1473 1455 ⁶)
1530 1368 1611 1435 de
1668 1391 1836 1436 vous
1880 1371 2203 1437 secourir:
2270 1390 2384 1435 car
2426 1391 2585 1435 6886

629 1456 787 1523 eulx
828 1456 893 1522 ie
934 1476 1021 1521 ne
1056 1454 1198 1521 vois
1244 1476 1362 1539 pas
1418 1475 1544 1539 que
1600 1477 1767 1522 vous
1824 1456 2106 1539 puissiez
2149 1455 2480 1522 soustenir
2523 1454 2587 1521 le

632 1542 844 1609 faictz.
935 1545 1045 1607 Au
1088 1547 1266 1607 reste
1307 1561 1578 1608 encores
1619 1541 1813 1625 qu'ils
1856 1563 1926 1607 se
1960 1542 2399 1626 ioingnissent
2431 1560 2591 1607 avec

631 1650 819 1708 vous,
864 1647 1132 1695 encores
1172 1626 1484 1692 fauldroit
1525 1626 1575 1693 il
1617 1636 1790 1693 estre
1832 1627 2031 1693 fonde
2065 1648 2153 1693 en
2188 1625 2431 1692 droict:
2478 1646 2589 1692 car

637 1714 971 1780 dattenter
1034 1713 1179 1778 rien
1243 1732 1397 1778 sans
1463 1733 1590 1795 que
1656 1734 1824 1778 nous
1890 1735 2117 1780 serons
2181 1712 2476 1797 appellez
2520 1718 2587 1777 et

636 1799 972 1879 admenez,
1036 1798 1269 1863 iamais
1330 1797 1380 1863 il
1445 1819 1580 1864 nen
1647 1798 2011 1864 adviendra
2078 1798 2249 1865 bien.
2349 1799 2437 1865 Je
2503 1817 2588 1863 ne

636 1885 804 1952 dictz
846 1906 967 1969 pas
1010 1883 1167 1968 qu'il
1211 1905 1294 1950 ne
1337 1904 1410 1950 se
1448 1883 1669 1969 puisse
1712 1892 1985 1951 trouver
2037 1885 2211 1950 iuste
2253 1884 2586 1951 occasion:

635 1972 805 2037 mais
873 1970 1000 2036 elle
1064 1991 1148 2035 ne
1211 1977 1384 2035 mest
1444 1990 1563 2053 pas
1602 1990 1871 2037 encores
1922 1990 2239 2055 congnue‚
2303 1977 2371 2036 et
2413 1968 2590 2036 voila

634 2077 978 2141 pourquoyr
1020 2055 1083 2123 ie
1125 2076 1212 2120 ne
1258 2076 1422 2122 vous
1464 2055 1712 2121 oseroie
1760 2076 1879 2139 pas
1922 2055 2265 2123 conseiller
2308 2055 2390 2120 de
2433 2074 2588 2122 con-

637 2143 854 2210 clurre
895 2161 936 2206 a
977 2140 1143 2207 faire
1186 2161 1441 2226 guerre,
1488 2142 1546 2206 si
1589 2141 1651 2207 ie
1692 2162 1779 2207 ne
1822 2142 1957 2208 suis
1999 2140 2249 2207 1816811
2288 2141 2587 2207 informe.

635 2231 773 2296 Les
813 2228 1067 2293 moiens
1102 2247 1209 2292 me
1253 2226 1576 2293 semblent
1620 2225 1709 2293 du
1764 2235 1907 2292 tout
1964 2227 2288 2305 deffaillir,
2334 2226 2593 2293 n’estoit

637 2335 765 2400 que
828 2312 1176 2380 Monsieur
1236 2311 1297 2377 le
1373 2320 1561 2379 conte
1614 2312 1708 2380 de
1771 2312 2100 2380 Beauvais
2165 2314 2393 2379 attirat
2470 2333 2593 2377 son

636 2400 1072 2484 compaignon
1116 2420 1157 2463 a
1199 2398 1363 2464 faire
1406 2398 1555 2482 plus
1598 2419 1724 2482 que
1766 2399 1832 2464 ie
1874 2419 2171 2482 nespere,
2216 2396 2490 2464 attendu
2523 2397 2594 2462 18

637 2496 878 2552 881816
922 2483 1005 2550 (16
1048 2492 1196 2550 tous
1252 2482 1349 2549 les
1405 2483 1600 2549 deux.
1689 2483 1785 2550 Ge
1828 2483 2123 2567 pendant
2176 2484 2237 2551 ie
2294 2505 2379 2550 ne
2423 2483 2591 2550 dictz

640 2593 761 2656 pas
802 2591 951 2656 ,que
1015 2592 1179 2636 vous
1243 2569 1521 2653 quictiez
1588 2567 1677 2636 du
1745 2569 2030 2654 premier
2090 2590 2256 2653 coup
2298 2571 2365 2636 la
2406 2569 2590 2653 place

633 2680 802 2743 pour
846 2676 1009 2723 vous
1050 2662 1297 2722 mectre
1339 2677 1423 2722 en
1467 2655 1533 2720 la
1576 2657 1811 2739 gnenle
1854 2655 1970 2722 des
2022 2655 2232 2740 loups,
2297 2657 2465 2721 mais
2508 2654 2590 2721 de

633 2743 1055 2811 contrevenir
1098 2741 1529 2808 directement
1572 2762 1657 2807 au
1699 2741 2270 2810 commandement
2303 2741 2393 2807 du
2413 2741 2588 2825 Roy,

635 2830 699 2895 ie
766 2849 852 2894 ne
919 2829 1067 2894 vois
1133 2848 1252 2913 pas
1316 2849 1443 2912 que
1509 2827 1686 2893 Dieu
1749 2827 1811 2893 le
1877 2849 2044 2894 vous
2101 2836 2438 2911 permette.
2528 2824 2590 2890 Il

634 2923 812 2982 reste
857 2913 1027 2980 donc
1071 2912 1352 2980 d’aviser
1394 2916 1660 2997 iusqucs
1715 2922 1799 2980 ou
1855 2913 1953 2980 les
1997 2933 2275 2980 excuses
2319 2934 2389 2978 se
2430 2933 2590 2995 peu·

631 3011 794 3069 vent
837 2999 1160 3078 estendre,
1205 3005 1354 3067 tant
1396 2999 1487 3065 du
1530 2998 1725 3084 delay
1769 3021 1893 3083 que
1936 3000 2108 3066 ferez
2152 2999 2234 3066 de
2275 3019 2469 3083 poser
2496 2997 2593 3065 les

636 3108 874 3165 armes,
939 3107 1069 3170 que
1113 3086 1201 3152 du
1260 3087 1438 3153 refus
1496 3086 1723 3154 davoir
1767 3086 2107 3152 Monsieur
2150 3085 2233 3152 de
2278 3085 2594 3150 Nemours

634 3193 802 3257 pour
868 3191 1304 3256 gouverneur.
1406 3172 1456 3238 J
1459 3193 1493 3237 e
1557 3170 1899 3239 considere
1962 3172 2061 3239 les
2125 3171 2593 3238 inconveniens

637 3278 767 3344 que
828 3279 991 3326 vous
1055 3258 1366 3358 allegnez.
1458 3256 1623 3325 Mais
1685 3258 1748 3324 ie
1813 3279 1918 3324 me
1982 3259 2155 3324 tiens
2197 3278 2366 3342 pour
2408 3264 2593 3322 toute

635 3365 950 3429 response
1007 3364 1093 3409 au
1151 3345 1294 3411 d1re
1351 3343 1783 3410 d'Abraham:
1872 3342 2050 3410 Dieu
2117 3366 2165 3428 y
2205 3342 2590 3427 pourvoira:

636 3450 889 3496 comme
948 3428 1028 3495 de
1085 3429 1243 3496 faict
1297 3430 1583 3513 lapostre
1641 3450 1807 3496 nous
1863 3428 2245 3495 admoneste
2310 3428 2449 3513 quil
2494 3435 2595 3493 est

636 3515 876 3595 fidelle,
921 3523 991 3581 et
1031 3516 1225 3602 81869Γ
1267 3515 1424 3599 qu'il
1469 3537 1553 3582 ne
1595 3522 1959 3599 permettra
2000 3536 2129 3600 que
2170 3535 2337 3580 nous
2372 3513 2593 3581 soions

636 3608 857 3667 tentez
913 3601 1131 3668 oultre
1184 3612 1409 3668 nostre
1460 3610 1707 3685 portes.
1794 3602 1934 3667 Des
1990 3599 2474 3685 particularitez
2531 3600 2594 3664 ie

636 3710 733 3786 ny
775 3687 1014 3754 touche
1055 3688 1260 3771 point,
1305 3687 1499 3754 sinon
1553 3686 1710 3771 qu'il
1767 3687 1970 3753 seroit
2022 3686 2155 3752 bon
2196 3686 2239 3750 ὲ.
2279 3705 2433 3750 1868
2480 3684 2594 3750 ad-

637 3795 743 3839 vis
810 3772 1116 3839 d'escrire
1179 3781 1223 3840 a
1265 3773 1626 3840 Messieurs
1682 3773 1778 3839 les
1821 3772 2066 3839 Gontes
2121 3778 2595 3847 ouvertement‚

641 3868 709 3925 et
749 3879 916 3925 vous
958 3860 1144 3925 offrir
1185 3867 1229 3926 a
1269 3860 1415 3926 leur
1456 3860 1635 3924 tenir
1674 3860 1889 3925 bonne
1932 3857 2355 3941 compaignie,
2401 3878 2486 3921 68
2524 3877 2597 3921 66

688 3946 756 4010 81
799 3965 947 4011 6618
991 3954 1227 4013 trouve
1268 3945 1399 4012 bon
1443 3966 1612 4028 pour
1650 3945 1796 4011 leur
1840 3944 2091 4010 donner
2126 3945 2255 4010 bon
2290 3962 2594 4027 courage.

694 4051 731 4096 e
774 4051 860 4097 ne
902 4030 1144 4097 doubte
1203 4053 1322 4117 pas
1379 4051 1505 4115 que
1562 4052 1727 4097 vous
1780 4031 1989 4096 n’aiez
2033 4030 2276 4114 escript
2319 4050 2361 4094 a
2400 4028 2596 4094 Mon-

645 4116 825 4183 sieur
866 4115 1169 4184 ladmiral
1213 4116 1294 4183 de
1334 4125 1555 4184 vostre
1597 4124 1786 4197 estat,
1852 4119 1963 4200 qui
2004 4115 2261 4181 servira
2304 4113 2386 4179 de
2424 4134 2598 4179 som-

643 4203 894 4353 188368
937 4224 1105 4288 pour
1146 4202 1265 4290 luy
1306 4203 1470 4269 faire
1503 4200 1789 4286 prendre
1823 4202 1888 4268 18
1922 4202 2167 4288 charge
2203 4211 2270 4267 et
2304 4222 2389 4266 en
2425 4208 2600 4265 estre

646 4308 718 4354 so
794 4310 832 4354 a
918 4340 931 4355 .

652 4464 681 4525 1
817 4296 1177 4453 ffinsieur,
1222 4374 1432 4459 apres,
1474 4380 1598 4442 616.
1685 4374 1791 4441 De
1832 4374 2131 4451 Geneve,
2176 4395 2252 4442 ce
2296 4376 2400 4439 25.
2446 4393 2600 4457 may

854 4649 916 4717 5)
940 4652 998 4720 je
1035 4666 1104 4705 ne
1139 4650 1191 4703 lo
1228 4656 1422 4703 trouve
1456 4649 1551 4704 Be.

855 4719 915 4785 6)
954 4720 1178 4774 Gru-3⁸01
1227 4726 1277 4772 et
1330 4718 1627 4773 Beaucais.
1698 4716 1777 4771 Le
1830 4717 1913 4771 roi
1966 4716 2161 4772 ecrivit
2206 4717 2243 4771 a
2277 4716 2498 4771 Crassol
2549 4716 2604 4769 16

650 4785 733 4843 11.
768 4788 879 4842 Mai
922 4789 988 4842 de
1055 4806 1155 4842 con
1211 4787 1220 4800 '
1268 4788 1345 4841 ‘er
1390 4789 1469 4841 les
1513 4793 1735 4856 troupes
1784 4802 1853 4839 68
1900 4786 2191 4839 attendant
2234 4784 2481 4839 l'arrivee
2528 4784 2602 4836 (18

649 4856 923 4910 mari-chal
956 4856 1026 4910 de
1062 4857 1405 4921 vieilleville‚
1443 4855 1637 4926 charge
1672 4857 1741 4908 (16
1777 4855 1911 4909 faire
1948 4854 2204 4909 exsonter
2239 4853 2390 4907 l’e'dit
2423 4851 2603 4906 (12118-

650 4926 957 5048 ῗοίιεὲὃὼιιιε
994 4927 1045 4979 16
1065 4926 1343 4996 Lyonnais
1378 4930 1436 4979 61
1470 4926 1549 4979 les
1586 4925 1871 4994 provinces
1906 4924 2293 4978 avoisinantes.
2336 4920 2608 4989 (Amaud

3581 595 3783 668 8959.

3141 768 3815 838 BULLINGERUS
3860 769 4187 837 BEZAE.

2866 944 3253 1011 Gratulatur
3294 943 3355 1008 ei
3393 942 3639 1025 felicem
3682 941 3953 1007 reditum
3994 947 4052 1007 et
4093 940 4394 1008 laudibus
4414 943 4609 1009 extollit

2687 1050 3084 1114 quaecunque
3140 1030 3211 1094 in
3273 1027 3499 1095 Gallia
3546 1028 3807 1110 pereqit.
3896 1025 4103 1093 Mittit
4173 1028 4466 1094 Vermilii
4499 1028 4610 1110 effl-

2683 1115 3168 1286 ssenguzianitciat
3215 1114 3417 1181 Tretii
3467 1114 3831 1192 discessum,
3888 1118 3948 1181 et
3987 1113 4125 1180 alia
4165 1113 4469 1181 nonnulla
4508 1115 4610 1180 obi-

3009 1372 3122 1441 (Ex
3159 1371 3497 1442 autographo
3533 1371 3669 1428 eod.
3706 1371 3911 1428 Genev.
3945 1368 4065 1439 114,
4097 1369 4191 1426 rol.
4226 1369 4342 1437 66.)

2862 1543 3245 1610 Clarissimo
3308 1543 3451 1610 viro
3495 1544 3581 1609 D.
3627 1540 3970 1608 Theodoro
4007 1541 4221 1608 Bezae
4264 1539 4613 1606 fidelissimo

2693 1628 3105 1696 Genevensis
3172 1628 3483 1696 ecclesiae
3548 1629 3851 1695 ministro
3914 1626 4179 1693 domino
4259 1624 4616 1693 honorando

2690 1723 2758 1781 et
2799 1714 2991 1781 fratri
3034 1736 3178 1781 meo
3216 1715 3569 1782 carissimo.
4250 1797 4474 1864 Genff.

2868 1970 2940 2038 S.
2986 1971 3075 2036 D.
3164 1970 3240 2038 Si
3283 1971 3499 2037 nullas
3541 1993 3583 2037 8
3624 1970 3813 2037 nobis
3858 1970 4162 2055 accepisti
4207 1970 4456 2050 literas,
4493 1968 4620 2034 doo-

2692 2057 2944 2124 tissime
2985 2056 3167 2124 Besa
3207 2056 3512 2141 idemque
3546 2055 4004 2125 colendissimo
4039 2054 4300 2123 domine
4339 2061 4410 2122 et
4441 2054 4622 2120 trater

2691 2143 3050 2223 carissime,
3094 2143 3164 2209 id
3207 2143 3471 2227 quidem
3526 2143 3774 2210 factum
3832 2142 4001 2210 scias
4061 2163 4194 2209 non
4260 2145 4492 2208 nostra
4527 2139 4622 2207 sed

2690 2228 3006 2312 temporis
3048 2228 3228 2295 illius
3273 2228 3819 2295 turbulentissimi
3861 2228 4069 2311 culpa.
4150 2226 4422 2310 Alioqui
4464 2225 4626 2292 nulla

2693 2335 3034 2398 nunquam
3101 2316 3202 2379 tui
3267 2313 3512 2380 excidit
3573 2313 3761 2381 nobis
3823 2314 4163 2380 memoria.
4245 2313 4436 2397 Ergo
4477 2310 4625 2395 qnod

2692 2401 3024 2484 potuimus
3078 2400 3372 2479 fecimus,
3439 2400 3740 2485 precibus
3805 2400 4047 2466 nostris
4109 2398 4396 2466 assiduis
4461 2407 4524 2463 16
4573 2405 4626 2462 et

2692 2485 2986 2553 Galliam
3042 2485 3329 2552 Domino
3385 2486 3529 2552 Deo
3583 2492 3806 2552 nostro
3860 2484 4422 2553 commendantes.
4507 2485 4626 2566 Ag·

2691 2572 2998 2639 novimus
3041 2591 3300 2654 semper
3336 2593 3597 2638 omnem
3631 2572 3965 2638 fortunam
3999 2579 4070 2638 et
4101 2569 4400 2656 pericula
4431 2569 4631 2634 omnia

2693 2657 2888 2723 nobis
2917 2678 3060 2724 esse
3095 2657 3430 2726 vobiscum
3464 2657 3836 2725 communia
3868 2664 3936 2722 et
3967 2664 4171 2722 temet
4205 2657 4432 2739 ipsum
4452 2657 4630 2721 etiam

2693 2751 2966 2828 propter
3008 2764 3126 2809 nos
3160 2743 3535 2827 periclitari.
3601 2742 3797 2810 Unde
3832 2763 3966 2807 non
4001 2742 4369 2809 desinimus
4405 2740 4630 2826 gratim

2694 2850 2891 2913 agere
2950 2828 3238 2894 Domino
3296 2838 3642 2913 postquam
3695 2828 4164 2908 intelleximus,
4228 2836 4299 2893 et
4357 2826 4632 2911 qualem·

2695 2936 2956 3068 {ms
2995 2914 3538 3068 Pamffioe‘i'fflssss
3567 2913 4249 3067 ‘3232‘33003412320
4263 2921 4330 2978 ‘⁰
4361 2911 4632 3065 sm

2696 3094 2921 3153 autem
2954 3094 3032 3153 ut
3064 3107 3294 3171 pacem
3329 3089 3672 3153 confirmet
3694 3086 4042 3165 Dominus,
4079 3093 4147 3152 et
4181 3084 4632 3169 impedimenta

2695 3194 2930 3240 cursus
2973 3174 3156 3240 verbi
3201 3174 3423 3239 omnia
3466 3194 3503 3239 6
3546 3173 3760 3238 medio
3807 3182 4108 3239 amoveat
4151 3171 4410 3255 tibique
4459 3169 4634 3235 bene-

2697 3258 2888 3325 dicat.
2978 3257 3310 3339 Quoniam
3354 3259 3531 3324 enim
3575 3257 3903 3323 Dominus
3947 3277 4189 3341 magna
4229 3278 4355 3340 per
4402 3263 4470 3323 te
4502 3275 4634 3321 6611·

2699 3344 2856 3443 tulit
2901 3343 3178 3423 Galliae,
3224 3345 3566 3444 hortamur
3607 3352 3704 3423 ut,
3761 3343 3935 3443 quod
3993 3344 4275 3444 ³5³9..oe
4318 3342 4638 3438 facturum

2695 3450 2989 3613 ’15313ξῆ
3022 3426 4636 3600 &Jffibffiffifflffifflpffiffizffl

2697 3609 2808 3666 tur
2850 3601 3026 3667 elici:
3076 3623 3253 3667 nunc
3297 3622 3454 3684 ergo
3500 3601 3558 3666 si
3603 3621 3893 3685 unquam
3937 3601 4103 3668 alias
4137 3620 4304 3683 opus
4341 3602 4478 3667 erit
4509 3618 4636 3682 pre·

2697 3685 2879 3754 cibus
2926 3696 2994 3752 et
3035 3686 3341 3753 consiliis.

2869 3773 2953 3838 D.
2987 3770 3319 3839 Calvinum
3358 3780 3697 3857 aegrotare
3720 3777 3774 3851 ¹)
3819 3772 4120 3840 dolemus
4175 3779 4242 3837 et
4285 3770 4636 3865 Domian

2697 3878 2960 3924 oramus
3005 3866 3082 3923 ut
3122 3858 3311 3925 illum
3352 3860 3542 3925 vobis
3577 3866 3645 3923 et
3677 3857 4028 3926 universae
4059 3856 4384 3925 ecclesiae
4418 3856 4636 3938 alioqui

2699 3943 3162 4010 afflictissimae
3227 3943 3445 4011 donet.
3529 3944 3602 4011 Is
3655 3965 3788 4028 qua
3844 3944 4257 4010 humanitate
4315 3940 4640 4027 praeditus

2700 4039 2801 4096 est
2841 4031 3062 4096 omnia
3104 4038 3217 4095 188
3260 4050 3379 4114 per
3420 4037 3487 4095 te
3528 4052 3566 4097 6
3610 4028 3835 4097 Gallia
3884 4030 4085 4096 missa
4123 4027 4316 4096 nobis
4361 4046 4638 4096 commu·

2701 4115 2964 4182 nicavit.
3056 4114 3251 4182 Unde
3315 4123 3381 4181 et
3447 4136 3568 4199 pro
3630 4115 3750 4182 illa
3809 4124 3929 4182 tua
3990 4114 4341 4199 diligentia
4402 4111 4504 4201 [et
4539 4130 4638 4196 pm

2702 4201 3046 4285 postremis
3089 4202 3286 4267 etiam
3329 4202 3453 4269 hoc
3497 4222 3722 4269 mense
3763 4201 4026 4286 scriptis
4067 4198 4308 4287 literis]
4325 4203 4393 4277 ²)
4450 4197 4638 4265 maxi·

2702 4308 2845 4354 mas
2893 4298 3047 4354 tuae
3088 4287 3317 4370 pietati
3362 4286 3613 4373 gratias
3745 4288 3760 4301 ‘
3835 4308 3933 4353 ns.

2873 4373 3074 4439 Mitto
3120 4372 3230 4440 hic
3273 4372 3357 4439 D.
3422 4372 3601 4440 Pan·
3641 4309 3963 4458 fflyris
4017 4371 4244 4438 beatae
4302 4370 4640 4437 memoriae

2708 4458 2833 4525 viri
2874 4458 3267 4525 sanctissimi
3308 4459 3585 4540 iconem,
3601 4463 3658 4539 ⁸)
3724 4480 3856 4525 non
3898 4463 4037 4524 tam
4079 4478 4225 4523 meo
4271 4478 4482 4542 qnam
4519 4474 4640 4520 om·

2706 4545 2892 4610 nium
2925 4552 3448 4630 symmystamm
3490 4545 3770 4612 nomine.
3852 4542 4104 4610 Omnes
4137 4543 4320 4609 enim
4367 4550 4642 4627 pastum

2705 4637 2774 4695 et
2813 4630 3211 4714 professores
3252 4630 3561 4699 ecclesiae
3603 4652 3680 4698 ac
3721 4629 3984 4698 scholae
4025 4636 4292 4696 nostrae
4326 4628 4642 4696 innuerunt

2708 4922 2975 4989 3959.1)
3023 4923 3155 4977 Vide
3183 4922 3612 4990 praecedentem.

2915 4990 2978 5058 2)
3013 4991 3144 5046 haec
3176 5009 3240 5045 m
3272 4993 3534 5060 momine.

2915 5059 2978 5125 3)
3016 5057 3099 5126 Gt.
3137 5061 3319 5114 Beeae
3356 5060 3548 5115 leones
3586 5058 3656 5113 G.
3698 5057 3846 5113 1580.
3890 5056 3941 5112 4.
4012 5056 4310 5113 Numina
4347 5062 4638 5126 &mun

2710 5145 2755 5185 c.
2798 5128 3075 5197 Martyris
3106 5128 3259 5183 icovae
3291 5146 3480 5182 cusum
3524 5129 3636 5194 fuat
3667 5136 3791 5195 post
3827 5131 4044 5180 mortem
4082 5128 4200 5181 eius
4235 5133 4284 5180 et
4321 5128 4518 5181 (ιη-ἀϊ
4546 5124 4640 5177 dn-

2713 5197 2989 5252 m‘butum.
3027 5197 3259 5261 (zurich
3291 5199 3470 5252 letters
3505 5197 3544 5250 Ι.
3584 5195 3664 5249 75.
3691 5196 3804 5257 82.)
3862 5196 4032 5252 Cuius
4065 5195 4352 5265 aci-pler
4383 5214 4448 5249 tn
4479 5194 4637 5249 &ab

2705 5268 2868 5405 &a
2907 5266 3193 5321 Turieensi
3222 5273 3553 5321 asservatw.
3606 5266 3671 5319 Si
3702 5264 3842 5335 quid
3875 5264 4119 5320 videmus
4152 5265 4220 5319 de
4253 5265 4362 5319 tali
4393 5266 4542 5320 ὅσοι
4567 5261 4640 5315 he

2835 5337 2965 5391 itur.
