4900 6125
319 365 423 426 469

317 569 386 615 ne
431 544 662 612 tardius
723 546 946 612 omnia
1014 548 1197 613 fiant.
1287 544 1619 630 Optabam
1672 555 1740 611 et
1794 543 2227 612 admonebam

315 631 1002 784 zssdffiffiffi
1011 631 1878 801 ”fflssiuffifflmdmffiffi
1918 630 1985 696 ³⁶
2020 632 2225 697 ΗΘΜ

457 803 556 869 Ex
599 803 722 870 hoc
766 813 1002 887 nepote
1053 803 1370 882 Triboleti,
1399 805 1459 878 2)
1503 803 1616 887 qui
1659 804 1831 868 istuc
1874 823 2086 886 nuper
2120 822 2229 868 ve-

309 899 489 968 nerat,
530 889 751 955 omnia
792 888 1122 974 intelliges
1162 910 1327 973 qnae
1369 889 1479 955 hic
1520 896 1669 955 acta
1710 897 1884 955 sunt.
1951 888 2231 956 Utinam

308 974 648 1059 philotimia
688 986 756 1040 et
857 975 1221 1060 hilargyria
1277 996 1410 1040 non
1465 974 1602 1040 sint
1655 994 1898 1059 magno
1951 971 2231 1058 impedi-

305 1071 501 1126 mento
551 1061 747 1128 rebus
884 1082 969 1127 ne
1026 1061 1346 1146 gerendis.
1437 1059 1828 1144 Optandum
1882 1067 2054 1126 esset
2110 1079 2231 1126 nos

305 1166 506 1212 omnes
545 1148 757 1231 magis
814 1146 1097 1230 pendere
1153 1167 1193 1212 a
1247 1147 1392 1213 Deo
1446 1168 1642 1230 quam
1700 1145 1781 1211 ab
1835 1143 2228 1212 hominibus.

304 1231 465 1381 Valel.
530 1231 835 1299 Christus
879 1241 943 1297 te
999 1242 1066 1298 et
1119 1253 1347 1299 omnes
1403 1232 1545 1316 pios
1601 1239 1839 1298 servet.
1924 1230 2230 1298 Neocomi

304 1320 391 1383 23.
466 1319 598 1382 unii
651 1322 831 1383 1562.

1509 1455 1690 1522 Tuus
1733 1455 2055 1521 Farellus.

447 1659 512 1725 Is
552 1662 664 1743 qui
723 1661 843 1726 has
899 1659 1277 1728 redditurus
1328 1669 1471 1727 erat
1524 1659 1654 1727 alio
1706 1659 1881 1726 abiit.
1973 1659 2230 1725 Verum

295 1744 388 1812 hic
427 1747 641 1811 omnia
683 1747 887 1825 novit,
952 1757 1022 1812 et
1064 1768 1233 1831 quae
1286 1746 1479 1813 hodie
1525 1745 1896 1812 audivimus
1939 1744 2020 1810 de
2065 1743 2229 1810 duce

292 1830 571 1910 militum,
654 1833 766 1916 qui
851 1832 974 1899 hac
1055 1834 1465 1898 transierunt
1540 1841 1677 1898 tam
1758 1832 1962 1897 libere
2030 1849 2230 1915 quam

290 1917 338 1980 si
417 1917 606 1983 amici
693 1918 971 1985 fuissent
1058 1929 1128 1984 et
1214 1939 1333 2002 pro
1425 1918 1767 2002 evangelio
1845 1918 2226 1982 militarent.

293 2001 504 2086 Pergit
567 2005 625 2068 is
684 2003 770 2069 ad
816 2004 1163 2084 Tavum,
1187 2007 1243 2084 8)
1299 2005 1621 2071 vicarium
1667 2004 1874 2069 Ducis
1921 2001 2231 2070 Doenazae

294 2086 532 2153 divioni.
556 2092 617 2165 ⁴)
704 2089 995 2174 Rogavit
1059 2090 1126 2154 in
1187 2090 1321 2169 via,
1376 2098 1633 2156 essetne
1698 2091 1913 2155 solnta
1977 2085 2229 2156 obsidio

291 2172 798 2255 Matisconensis,
846 2186 913 2240 et
954 2171 1228 2242 audiens
1285 2175 1568 2241 solutam
1612 2172 2011 2242 exsecrande
2057 2173 2230 2239 deie-

290 2260 476 2324 ravit:
541 2259 721 2325 unde
820 2273 1016 2327 utant
1032 2264 1090 2340 ὅ)
1147 2263 1216 2326 in
1272 2262 1491 2326 animo
1550 2261 1793 2327 habere
1849 2267 2230 2344 expugnata

287 2363 357 2408 es
406 2345 562 2411 urbe
609 2347 765 2431 Lug
810 2368 1013 2413 unum
1071 2357 1313 2429 petere,
1380 2358 1455 2412 ut
1511 2368 1652 2413 eam
1709 2344 2029 2432 praedant
2046 2347 2104 2416 ⁶)
2164 2351 2232 2410 et

287 2432 616 2510 pecuniam
683 2433 1114 2515 interceptam
1182 2454 1336 2499 cum
1401 2435 1664 2498 foenore
1729 2433 2070 2515 accipiant,
2155 2436 2233 2495 nt

285 2516 570 2581 nonnulli
606 2517 870 2596 milites,
931 2517 1087 2583 dum
1124 2519 1502 2594 transirent,
1561 2539 1632 2584 se
1671 2519 1958 2584 facturos
1993 2515 2229 2582 minati

283 2611 440 2667 sunt.
525 2602 867 2669 Verentur
928 2603 1127 2687 aliqui
1183 2625 1266 2669 nc
1310 2604 1389 2669 'Pi
1524 2605 1704 2669 ‘num
1759 2603 2082 2670 auxilium
2142 2601 2230 2665 sit

283 2685 438 2767 quod
497 2697 793 2770 paratur,
851 2688 1027 2772 quod
1084 2689 1294 2756 serius
1348 2625 1714 2756 uffinoonti
1765 2690 1831 2753 ἰ.
1920 2687 2229 2754 Christus

281 2772 482 2837 omnia
528 2774 698 2840 bene
744 2787 975 2842 vertat.
1065 2775 1316 2841 Iterum
1365 2776 1528 2842 vale.
1616 2782 1676 2839 4.
1763 2773 1898 2840 ulii.

1144 3476 1337 3546 8818.

827 3648 1236 3716 VIRE'PUS
1286 3647 1658 3715 OALINO.

429 3819 673 3885 Beuici
714 3839 997 3885 rumores
1039 3822 1174 3885 iam
1215 3821 1430 3885 mimas
1467 3820 1727 3902 fior-‘osi
1766 3839 1959 3901 quam
2001 3840 2220 3901 nuper,

267 3925 623 4069 mam
669 3927 790 3969 mm
830 3907 1080 3971 omnim
1119 3906 1293 3987 salsi.
1385 3904 1536 3986 Ipse
1578 3906 1653 3970 de
1704 3924 1826 3969 sua
1868 3905 2223 3970 valetudine

264 4176 364 4243 (Ex
401 4180 529 4231 Cod.
569 4180 736 4233 Goth.
774 4179 894 4245 405,
931 4179 1002 4231 fol
1043 4178 1157 4233 108.
1231 4178 1422 4231 Edidit
1445 4177 1861 4232 Bretscbneider
1897 4194 1949 4248 p.
1993 4177 2089 4231 192
2125 4180 2218 4246 qui

318 4249 597 4316 exemplar
633 4249 765 4302 illud
809 4249 1184 4316 autographon
1219 4248 1368 4311 dicit,
1406 4248 1476 4302 de
1514 4263 1621 4314 quo
1659 4263 1757 4301 nos
1795 4248 2150 4311 dubitamus.)

451 4521 513 4589 2)
548 4522 684 4576 olim
721 4522 1016 4579 mellifer-i
1051 4520 1366 4574 Bor-nenena.

451 4590 1094 4655 3)'1'unanamBr.—·
1311 4589 2220 4647 .deSas1oeSr.deTaoanm

256 4654 680 4781 waldon)
738 4662 817 4713 ad
874 4660 1020 4713 latus
1072 4662 1122 4712 A
1276 4661 1323 4712 ii
1378 4659 1788 4727 ymbernatdon's
1838 4658 1964 4714 Bm·
2129 4664 2139 4674 “

339 4732 450 4781 ntea
491 4726 900 4783 Mureschallus
933 4734 1150 4783 creatus
1183 4730 1600 4795 protestantium
1635 4728 1810 4783 victor
1844 4727 1922 4782 ad
2018 4743 2219 4787 oncen-

263 4800 376 4847 toar
405 4796 521 4861 fuit
565 4806 618 4851 ee
664 4797 850 4851 caedis
887 4796 1364 4852 Banhozomaaeoae
1475 4801 1697 4851 omotor.
1767 4792 1962 4863 (Μία.
2000 4797 2068 4851 de
2113 4797 2216 4852 Ta·

259 4877 456 4919 mes
510 4882 610 4934 up.
671 4865 870 4920 Paitoi
907 4865 988 4918 ln
1031 4864 1180 4919 Se'n'e
1239 4864 1294 4919 T.
1423 4906 1435 4917 .
1475 4864 1746 4919 Barthold
1798 4881 1852 4933 p.
1900 4866 1950 4918 9.
2000 4865 2085 4933 Os.
2136 4866 2217 4923 N.

260 4928 388 4983 3802
423 4941 534 4987 not.
577 4933 644 4986 11
682 4941 731 4989 et
765 4934 904 4988 3809
939 4942 1049 4989 not.
1086 4932 1138 4988 3.

455 5000 519 5137 43
552 5004 758 5056 dicioni
793 5003 894 5057 Br.
929 5002 1174 5069 (Diiovi).

457 5073 492 5124 5
555 5080 718 5140 putes
754 5071 855 5125 ΒΥ.

458 5139 864 5205 emicant
961 5140 1185 5195 Viam
1231 5144 1395 5195 aanor
1441 5144 1502 5194 in
1548 5141 1864 5211 compendio
1907 5144 2219 5209 σαι-ὀρίνω

886 5209 1409 5277 ιιιεονῶοκυσῖἱα),
1444 5210 1717 5275 adnitor-te
1748 5212 2016 5265 ἁιαιόιιο
2048 5212 2218 5275 tur-it

732 5286 909 5332 entur.

259 5216 694 5278 “nmmum-⁸

261 5278 523 5331 vibere:
559 5295 596 5346 p

2089 360 2251 425 1562
2297 358 2482 426 IUN.

4155 361 4288 424 470

2505 546 2885 616 Clarissimo
2952 549 3094 615 viro
3158 547 3237 614 D.
3304 549 3539 615 Ioanni
3607 546 3885 615 Calvino
3963 549 4152 615 fiatri
4216 556 4286 614 et

2331 645 2739 718 symmystae
2778 633 3138 719 plurimum
3173 632 3459 700 colendo.
3773 718 4107 787 Gemme-

2504 887 2576 954 S.
2626 890 2891 955 Literae
2936 891 3069 956 fere
3133 910 3359 957 omnes
3418 892 3510 956 ita
3553 890 3636 956 ab
3680 891 3975 958 hostibus
4015 891 4287 960 interci-

2331 974 2623 1059 piuntur,
2691 984 2767 1041 ut
2830 976 2941 1041 vix
3008 975 3179 1042 ullae
3242 976 3326 1042 ab
3383 977 3608 1044 amicis
3673 978 3953 1061 scriptae
4017 975 4101 1041 ad
4165 998 4285 1044 nos

2379 1062 2676 1128 ervenire
2736 1062 3002 1144 possint,
3078 1061 3193 1126 sed
3246 1061 3424 1128 solae
3481 1083 3644 1145 quae
3705 1064 3787 1129 ab
3845 1061 4146 1129 hostibus
4199 1062 4285 1129 ad

2383 1155 2556 1212 ostes
2619 1147 2989 1227 mittuntur,
3063 1146 3296 1230 quibus
3366 1157 3588 1214 tamen
3642 1149 4115 1215 confirmantur
4171 1148 4289 1214 illa

2331 1232 2471 1298 fere
2515 1233 2736 1298 omnia
2777 1254 2944 1316 quae
2990 1254 3199 1317 nuper
3243 1231 3328 1298 ad
3370 1243 3434 1298 te
3468 1233 3720 1318 scripsi,
3760 1234 3885 1300 nisi
3928 1233 4101 1319 quod
4136 1233 4285 1301 hos-

2333 1319 2502 1382 tium
2548 1318 2920 1384 testimonio
2944 1317 3285 1385 Guisanus
3328 1319 3657 1385 exercitus
3699 1320 3887 1385 fusus
3910 1329 3979 1384 et
4018 1321 4286 1406 fugatus

2334 1424 2468 1469 non
2515 1402 2773 1481 dicitur,
2819 1401 2935 1470 sed
2978 1412 3234 1470 tantum
3281 1414 3427 1470 octo
3462 1404 3755 1472 millibus
3933 1404 4046 1472 ‘cis
4079 1413 4287 1471 retro-

2334 1509 2618 1573 gressus.
2714 1489 3044 1555 Tavamcm
3077 1496 3127 1569 ¹)
3184 1498 3437 1554 certum
3492 1499 3596 1555 est
3659 1511 3699 1555 a
3819 1491 4214 1557 atisconensi
4231 1491 4289 1575 ²)

2333 1574 2670 1641 obsidione
2714 1574 3097 1642 Cabilonem
3152 1574 3440 1642 rediisse.
3526 1576 3672 1643 Etsi
3726 1597 3877 1641 raro
3898 1579 3955 1660 ³)
4021 1576 4104 1642 ad
4170 1598 4287 1642 nos

2333 1660 2691 1728 amicorum
2737 1659 2964 1727 literae
3006 1662 3445 1745 perferuntur,
3512 1662 3893 1728 coniicimns
3936 1671 4163 1728 tamen
4204 1683 4289 1728 ex

2334 1745 2624 1812 hostium
2665 1747 2942 1826 silentio,
2978 1745 3147 1811 nihil
3180 1747 3337 1830 ipsis
3358 1746 3636 1815 feliciter
3667 1749 4073 1814 successisse.
4139 1746 4203 1812 N
4204 1768 4295 1812 on

2333 1832 2513 1897 enim
2558 1839 2695 1897 tam
2734 1830 3117 1897 diuturnum
3153 1839 3328 1898 esset
3361 1831 3696 1899 silentium
3732 1832 3791 1899 si
3829 1853 3991 1932 quas
4027 1842 4292 1918 possent

2332 1917 2557 1983 efflare
2578 1917 2843 2002 glorias.
2896 1918 3100 1983 Faxit
3119 1915 3308 1984 Deus
3326 1931 3406 1983 ut
3438 1917 3657 1985 felicia
3683 1938 3908 1983 omma
3928 1918 4010 1985 de
4047 1919 4291 1984 nostris

2332 2002 2678 2070 audiamus
2718 2011 2783 2069 et
2820 2004 3006 2069 nobis
3042 2004 3201 2069 novi
3235 2004 3471 2071 cantici
3516 2003 3863 2070 materiam
3906 2004 3977 2068 in
4022 2004 4297 2071 ecclesia

2381 2090 2691 2155 raebeant
2734 2087 2816 2154 ad
2997 2089 3239 2155 tiarum
3299 2090 3584 2155 actiones
3638 2100 3705 2154 et
3763 2088 4019 2156 divinas
4060 2089 4292 2156 laudes

2378 2175 2794 2242 ecantandas.
2943 2174 3365 2260 ugdunenses
3410 2176 3617 2240 nostri
3662 2174 4032 2241 consistorii
4075 2176 4291 2242 consi-

2332 2260 2420 2326 lio
2467 2271 2535 2326 et
2578 2259 2837 2327 decreto
2893 2260 3013 2325 hos
3073 2262 3344 2327 nuncios
3389 2271 3457 2326 et
3498 2260 3753 2347 legatos
3798 2260 3880 2326 ad
3924 2281 4047 2327 vos
4091 2261 4291 2327 mise-

2333 2357 2494 2412 runt
2538 2346 2618 2412 de
2680 2346 2916 2430 quibus
2973 2367 3236 2412 causam
3299 2346 3645 2432 legationis
3689 2347 3933 2412 audies.
3954 2349 4014 2420 ⁴)
4113 2345 4289 2412 Gon·

2335 2432 2615 2498 tendunt
2658 2433 2907 2498 multae
2950 2432 3259 2499 ecclcsiae
3304 2442 3377 2497 ut
3418 2431 3589 2516 apud
3635 2454 3707 2498 sc
3749 2450 4069 2512 maneam,
4185 2433 4293 2497 uia

2335 2539 2471 2583 non
2525 2519 2684 2583 satis
2744 2518 3157 2602 exploratum
3214 2518 3466 2584 habent
3519 2538 3714 2601 quam
3757 2517 3940 2585 brevi
3986 2518 4161 2584 omni
4210 2537 4291 2582 us

2335 2605 2595 2669 futurus
2639 2603 2762 2669 sim
2809 2601 3079 2681 inutilis,
3122 2603 3250 2668 nisi
3292 2623 3400 2668 me
3422 2603 3750 2669 Dominus
3783 2602 4142 2670 clementer
4179 2602 4291 2668 ad·

2333 2689 2598 2755 modum
2647 2689 2971 2773 respiciat.
3060 2687 3412 2754 Falluntur
3453 2689 3741 2772 plurimi,
3787 2689 4023 2773 quibus
4068 2689 4292 2754 videor

2332 2795 2621 2858 corpore,
2688 2776 3076 2858 praesertim
3120 2774 3327 2853 vultu,
3382 2775 3578 2858 paulo
3622 2774 3942 2842 habiliore
3985 2781 4052 2840 ct
4093 2794 4292 2859 vege-

2335 2862 2521 2939 tiore‚
2566 2858 2683 2927 sed
2724 2861 2978 2927 interea
3035 2860 3226 2925 velut
3280 2860 3582 2945 atrophia
3634 2860 3916 2944 quadam
3960 2870 4292 2926 extremae

2332 2947 2620 3030 corporis
2678 2955 2900 3029 partes
2958 2945 3274 3029 paulatim
3329 2946 3788 3013 contabescere
3845 2945 4172 3030 incipiunt
4225 2955 4293 3010 et

2331 3043 2635 3117 stupores
2679 3033 2890 3118 magis
2946 3053 3146 3116 asque
3202 3034 3418 3118 magis
3474 3041 3819 3119 augentur.
3905 3029 4057 3114 Quo
4097 3033 4175 3097 fit
4220 3040 4296 3097 ut

2334 3118 2524 3184 valde
2602 3126 2894 3184 metuam
2973 3139 3058 3184 ne
3135 3116 3220 3183 ad
3296 3118 3509 3202 prima
3591 3119 3836 3203 frigora
3902 3120 4291 3202 praesertim

2330 3224 2649 3269 manuum
2692 3204 2903 3269 officio
2948 3202 3266 3269 destituar
3322 3214 3388 3269 et
3430 3212 3610 3270 totus
3652 3204 3822 3270 lecto
3865 3203 4107 3270 affixus
4150 3225 4293 3270 ma-

2331 3310 2491 3354 nere
2556 3311 2771 3375 cogar.
2859 3288 2995 3356 Sed
3051 3287 3131 3354 de
3186 3288 3292 3354 his
3349 3289 3548 3356 latins
3605 3310 3845 3367 coram,
3912 3290 3971 3355 si
4038 3288 4293 3355 dederit

2329 3374 2659 3441 Dominus
2719 3384 2791 3439 ut
2848 3373 2930 3439 ad
2991 3396 3107 3440 vos
3160 3372 3362 3453 brevi,
3420 3388 3497 3440 ut
3549 3395 3740 3460 spero
3797 3384 3865 3441 et
3921 3376 4129 3459 cupio,
4186 3396 4292 3441 me

2327 3460 2657 3526 conferam
2736 3459 2972 3526 saltem
3049 3460 3132 3524 ad
3214 3459 3353 3527 dics
3431 3461 3710 3544 aliquot,
3778 3462 3834 3527 si
3897 3458 4026 3527 alio
4093 3461 4290 3526 remi·

2408 3545 2655 3611 andum
2709 3546 3113 3612 censueritis.
3214 3545 3465 3612 Oausas
3521 3546 3903 3612 intellexisti
3956 3568 4123 3630 quae
4180 3566 4289 3611 me

2378 3633 2433 3695 'c
2474 3628 2689 3697 adhuc
2726 3629 3038 3697 detinent.
3123 3630 3218 3696 De
3262 3632 3489 3697 multis
3524 3632 3717 3697 valde
3760 3653 3907 3699 sum
3952 3631 4285 3699 sollicitus.

2326 3714 2564 3868 ἵζουσι·
2610 3716 2972 3782 Dominum
3038 3725 3113 3781 ut
3156 3738 3261 3783 me
3315 3717 3692 3784 huiusmodi
3736 3718 4286 3785 sollicitudinibus

2350 3801 2371 3865 i
2419 3812 2579 3868 eret.

2502 3885 2728 3969 Quum
2771 3888 2892 3952 has
2932 3887 3154 3953 literas
3214 3887 3561 3973 obsignare
3626 3908 3946 3972 pararem,
3993 3888 4286 3955 certiori-

2325 3974 2449 4039 bus
2495 3972 2711 4040 adhuc
2756 3972 3017 4037 nunciis
3076 3974 3262 4041 nobis
3317 3976 3702 4041 confirmata
3746 3986 3900 4041 sunt
3942 3997 4108 4058 quae
4154 3976 4283 4039 iam

2324 4060 2573 4142 scripsi.
2658 4059 2813 4124 Dux
2856 4060 3129 4126 Gai-sius
3171 4061 3513 4127 manuario
3558 4070 3885 4126 tormento
3929 4061 3997 4125 in
4042 4062 4286 4125 femore

2325 4145 2570 4211 vulnus
2615 4146 2942 4228 accepisse
2998 4145 3224 4211 fertur.
3254 4149 3307 4222 8)
3395 4145 3760 4230 Sper-amus
3813 4147 3997 4213 brevi
4053 4146 4285 4212 certio·

2323 4252 2481 4296 rem.
2574 4228 2871 4296 Salutem
2915 4230 3191 4296 multam
3250 4231 3393 4298 dico
3437 4231 3705 4316 collegis
3763 4242 3831 4297 et
3875 4231 4101 4297 amicis
4145 4252 4287 4294 om-

2324 4315 2537 4381 nibus.
2598 4315 2767 4381 Vale
2813 4316 3057 4399 optime
3103 4338 3176 4383 ac
3215 4317 3601 4384 diutissime.
3654 4316 3969 4402 Lugduni
4009 4317 4281 4381 24.1un.

3309 4542 3490 4606 Tuus
3534 4540 3775 4606 Petrus
3817 4539 4105 4604 Viretus.

2320 4763 2497 4817 8813.
2522 4764 2578 4831 1)
2611 4764 2889 4844 Tananum
2919 4762 3021 4844 ‚BT‘
3187 4831 3198 4843 ι

2526 4831 2588 4967 23
2620 4833 2933 4954 ΜοοιιοΒοὲιι
2967 4832 3045 4885 ια.
3091 4831 3264 4896 (Vnde
3289 4829 3568 4899 praeced.)

2523 4900 2586 5033 Ξ)
2621 4917 2764 5040 Ἐξ.
2810 4940 2889 5023 au'
2924 4967 3140 5023 coma
3178 4967 3263 5023 27.
3302 4967 3431 5021 ιω..
3483 4967 3620 5020 mv.
3670 4965 3823 5035 Lyon
3870 4963 4136 5018 demando
4187 4967 4289 5021 vi-

2321 5046 2406 5091 ret
2442 5044 2585 5175 βω’5)
2619 5107 2798 5173 falsus
2831 5123 3038 5175 rumor,
3072 5109 3141 5172 cs.
3180 5106 3334 5171 earm
3368 5105 3445 5159 aa
3479 5101 3561 5154 17.
3602 5102 3708 5157 ιιιι.

3758 5360 3874 5412 m.
