4900 6125
262 394 368 460 325

257 585 639 648 coerceretur
716 576 1018 645 omnibus
1097 590 1311 647 notus.
1414 577 1770 646 Committe
1835 578 2177 663 negotium

254 674 392 731 tuae
442 662 831 748 prudentiae
884 670 952 730 et
1004 664 1159 732 fidei
1225 686 1309 732 ne
1352 663 1516 731 mihi
1573 661 1786 731 fraudi
1841 662 1947 743 sit,
2005 662 2179 748 quod

255 762 457 817 tamen
497 769 630 816 non
665 746 859 816 valde
899 758 1139 817 metuo.

403 833 507 900 De
561 841 740 901 statu
800 835 1193 920 reipublicae
1251 835 1591 919 utriusque
1656 834 1829 920 quod
1893 833 2174 902 scribam

253 942 371 989 non
413 920 634 1000 habeo,
683 921 812 987 uisi
853 942 961 986 me
1003 921 1188 988 nulla
1228 921 1469 987 amoris
1511 932 1578 987 et
1616 919 1997 987 concordiae
2033 941 2177 988 ves-

253 1005 397 1093 tigia
459 1026 755 1087 cernere,
829 1006 1140 1090 quamdiu
1183 1006 1369 1073 vobis
1433 1012 1659 1073 nostra
1713 1006 2004 1090 potentia
2068 1027 2177 1072 su-

250 1114 278 1159 s
384 1101 451 1157 ta
507 1101 636 1169 est,
695 1091 881 1159 nobis
936 1101 1156 1158 vestra
1209 1092 1494 1159 libertas.
1582 1092 1857 1159 Utinam
1899 1090 2007 1157 bis
2049 1092 2179 1157 Dei

249 1177 413 1329 mnis
447 1176 626 1243 utrin
669 1197 753 1243 ue
788 1192 1054 1244 utamur
1087 1177 1171 1243 ad
1211 1178 1420 1263 ipsius
1453 1177 1732 1262 gloriam
1776 1183 1843 1243 et
1883 1184 2177 1243 nostram

332 1273 523 1329 ntem.

250 1368 374 1414 esse
401 1369 624 1415 meum
657 1368 818 1434 erga
855 1347 1092 1416 fratres
1125 1350 1511 1417 sinceriores
1543 1346 1856 1426 studium,
1886 1358 1956 1414 et
1977 1368 2177 1433 quam

247 1433 414 1500 facile
465 1442 881 1500 contemnam
936 1456 1166 1501 omnes
1219 1435 1610 1501 offensiones
1662 1454 1739 1501 ac
1791 1432 2175 1512 simultates,

247 1520 478 1603 quoties
533 1518 1003 1603 impedimento
1058 1541 1201 1588 esse
1255 1520 1450 1586 video
1493 1518 1834 1587 christiani
1889 1519 2178 1585 hominis

244 1604 456 1671 officio.
530 1605 680 1672 Hoc
723 1614 798 1671 ut
838 1626 1034 1692 porro
1077 1606 1312 1674 faciam
1356 1604 1721 1672 Dominum
1765 1625 1885 1691 pro
1927 1624 2034 1671 me
2073 1605 2177 1670 in-

247 1690 603 1776 terpellato,
681 1691 929 1776 tibique
1006 1691 1327 1776 persuade
1391 1712 1634 1776 pancos
1698 1710 1842 1757 esse
1905 1711 2012 1757 me
2077 1690 2176 1756 tui

242 1774 667 1843 studiosiores.
758 1777 1059 1863 Tigurini
1104 1778 1430 1844 miserunt
1482 1797 1667 1843 suam
1714 1776 1795 1843 de
1838 1776 2174 1843 ecelesias·

243 1862 358 1927 tica
377 1861 723 1946 disciplina
757 1863 1174 1945 sententiam,
1195 1867 1249 1941 ⁸)
1284 1863 1380 1929 sic
1413 1868 1846 1946 temperatam
1881 1870 1957 1927 ut
1985 1861 2176 1930 valde

243 1947 572 2014 sceleratos
633 1968 778 2015 esse
839 1969 878 2014 o
962 1956 1136 2015 rteat
1193 1950 1309 2034 qui
1367 1969 1513 2015 eam
1574 1954 1898 2016 recusent.
1985 1947 2175 2027 Vale,

242 2044 300 2097 et
337 2053 439 2099 me
481 2033 760 2101 subinde
803 2055 885 2101 ve
954 2056 1071 2118 per
1114 2054 1588 2101 amanuensem
1643 2034 1852 2100 literis
1894 2033 2028 2099 tuis
2072 2053 2175 2099 re·

241 2138 390 2184 crea.
478 2119 743 2185 Bernae
811 2124 904 2186 10.
949 2120 1178 2187 Martii
1240 2124 1422 2185 1562.
1510 2117 1747 2186 Saluta
1790 2119 1940 2186 DD.
1981 2118 2176 2185 Rose-

239 2210 358 2269 m
373 2253 389 2283 ,
453 2203 902 2272 Botollieoium
967 2214 1035 2272 et
1099 2212 1355 2272 veteres
1416 2204 1661 2273 amicos
1723 2224 1952 2271 omnes
2016 2225 2178 2288 quos

240 2309 412 2372 spero
453 2311 566 2356 me
611 2291 911 2374 proximo
954 2292 1135 2358 Maio
1179 2292 1569 2358 invisurum.

449 2432 462 2447 ⁸
1025 2429 1209 2494 Tuus
1252 2427 1315 2494 N
1316 2428 1561 2494 ioolaus
1603 2426 2001 2495 Zerohintes.

679 1262 808 1329 uod
866 1261 951 1329 ad
1007 1285 1111 1330 me
1169 1264 1421 1339 attinet,
1485 1270 1644 1346 puto
1708 1270 1775 1329 te
1830 1269 2175 1346 expertum

1039 3032 1044 3037 .
1093 2972 1295 3043 3736.

692 3127 1167 3201 GALVINUS
1212 3127 1699 3196 TAMMERO.

390 3300 793 3369 Conmendat
833 3299 1109 3383 aliquem
1141 3300 1252 3381 qm·
1291 3299 1419 3380 filii
1459 3299 1691 3366 mortui
1732 3297 2175 3367 haereditatem

230 3387 519 3454 eduum
558 3387 698 3453 eius
737 3384 991 3452 consilio
1033 3405 1190 3467 opus
1228 3384 1385 3468 forte
1426 3384 1682 3453 habebit.

227 3557 324 3624 (Ex
370 3557 715 3628 autographo
761 3556 887 3610 Cod.
932 3555 1138 3610 Gener.
1177 3553 1319 3622 107⁸,
1368 3556 1461 3610 sol.
1504 3554 1625 3612 253.
1694 3556 2034 3610 Oontnlimns
2079 3572 2172 3610 ex-

230 3628 483 3695 emplaria
531 3626 810 3680 Tur-ratini
858 3623 987 3679 Cod.
1036 3622 1154 3692 108,
1203 3625 1293 3680 sol.
1333 3623 1437 3679 130
1496 3625 1773 3679 Bet-nense
1814 3623 1904 3678 vl.
1949 3623 2080 3679 1013
2114 3629 2174 3678 et

918 3692 1136 3748 simleri
1173 3693 1292 3747 ναι.
1333 3668 1474 3761 ιοεῖ)

229 3862 663 3933 ornatissimo
726 3867 872 3931 viro
937 3865 1021 3932 D.
1081 3863 1330 3931 doctori
1393 3863 1684 3949 Georgio
1740 3865 2086 3931 Tammero
2124 3868 2171 3942 ι)

427 3950 900 4019 iurisconsulto
944 3950 1109 4015 mihi
1150 3949 1513 4034 plurimum
1556 3950 1962 4015 honorando.

385 4123 457 4191 S.
532 4121 687 4189 Non
730 4121 1042 4207 putabam
1085 4143 1189 4187 me
1227 4141 1403 4187 nunc
1445 4121 1566 4188 tibi
1601 4121 2024 4205 scripturum,
2066 4141 2171 4187 or·

227 4209 560 4276 unanime
627 4209 766 4275 vir:
835 4229 991 4273 nam
1057 4206 1179 4274 has
1242 4208 1317 4271 in
1383 4228 1454 4271 se
1513 4215 1734 4289 partes
1798 4213 2175 4293 susceperat

229 4293 628 4361 &andonius
692 4305 937 4368 noster.
1004 4307 1071 4358 et
1135 4289 1405 4358 videbar
1468 4292 1636 4357 mihi
1701 4292 2051 4359 defunctus
2115 4292 2173 4359 si

227 4400 600 4447 communes
643 4388 865 4446 essent
907 4379 1151 4443 literae.
1243 4376 1449 4461 quue
1508 4379 1680 4443 bona
1736 4387 1850 4443 tua
1904 4399 2062 4463 pace
2104 4387 2175 4443 et

227 4467 430 4533 venia.
505 4464 642 4533 Sed
679 4464 786 4531 hic
822 4465 1104 4531 nuncius
1137 4465 1509 4548 importune
1543 4463 1902 4548 flagitando
1936 4462 2170 4530 breves

225 4550 444 4619 literas
502 4550 795 4617 extorsit.
871 4549 1099 4633 Neque
1159 4558 1381 4616 tamen
1437 4548 1635 4617 velim
1693 4550 2031 4617 existimes
2074 4549 2171 4633 pi-

226 4639 418 4721 gritia
462 4659 568 4703 me
627 4635 888 4702 tardum
948 4656 1106 4701 esse.
1197 4636 1448 4701 Verum
1493 4647 1568 4699 ut
1619 4635 1809 4701 faciie
1864 4636 1986 4702 hoc
2027 4635 2172 4701 vul-

229 4743 375 4807 gare
416 4724 709 4789 officium
756 4722 983 4787 amicis
1029 4723 1312 4799 remitto,
1375 4723 1465 4785 ita
1516 4718 1771 4787 confido
1813 4722 1898 4786 ad
1950 4722 2171 4806 ignos-

225 4808 498 4875 cendum
554 4809 693 4874 fore
748 4827 1125 4891 propensos,
1183 4806 1237 4870 si
1292 4827 1421 4872 non
1481 4813 1807 4890 praestem
1863 4805 2034 4890 quod
2089 4807 2170 4873 ab

227 5101 360 5154 nine
429 5100 811 5157 „ammaum
880 5105 1026 5160 nat,
1094 5106 1142 5153 a
1214 5098 1433 5154 mireris
1503 5097 1804 5154 Zeu-kinton·
1874 5098 2175 5169 qmdqucn'

420 5236 486 5306 e)
516 5237 593 5295 N.
629 5234 783 5292 3720.
821 5234 972 5290 3⁷22.

225 5302 400 5360 nse.
423 5308 480 5372 1)
523 5306 934 5363 vindobonense

1989 392 2153 457 1562
2195 389 2480 458 MART.

4101 392 4224 457 326

2275 599 2868 733 ffirengitgtrictus
2906 579 3905 750 inphrffagsffi-gmdlgbdemdiffise
3928 582 4230 750 ’ἳοξὲοῗὲ

2277 750 2526 817 deficio.
2597 752 2700 818 Ac
2763 750 3043 817 libenter
3097 748 3359 834 quidem
3417 751 3660 817 nuncio
3713 770 3913 835 quam
3961 749 4229 834 petebat

2276 835 2904 903 commendationem
2946 856 3101 903 mox
3144 835 3417 902 daturus
3460 857 3662 917 eram,
3706 836 3835 903 nisi
3871 833 4043 921 quod
4081 835 4225 902 eius

2275 931 2513 1007 rogatu
2572 929 2725 988 ante
2777 928 2912 988 tres
2954 941 3214 989 menses
3269 921 3495 989 literas
3546 920 3905 988 habueram
4122 928 4227 988 tas

2276 1028 2445 1092 qnae
2479 1007 2620 1074 eius
2654 1006 2845 1091 culpa
2878 1007 3231 1092 perierunt,
3266 1007 3422 1091 quia
3456 1007 3874 1092 profectionis
4025 1025 4227 1158 {Im

2277 1093 2607 1160 accinctus
2672 1100 2817 1160 erat
2878 1092 3221 1159 consilium
3287 1113 3360 1159 re
3443 1100 3557 1161 nte
3619 1092 3924 1159 mutavit.
4095 1112 4226 1158 une

2274 1187 2622 1262 postquam
2676 1198 2910 1245 rursus
2952 1178 3248 1245 animum
3291 1199 3366 1245 co
3418 1179 3559 1264 igit,
3616 1198 3753 1244 non
3811 1176 4063 1244 destitit
4119 1196 4227 1242 me

2555 1263 2759 1331 donec
2811 1264 3036 1331 literas
3078 1271 3524 1349 extorqueret,
3586 1284 3749 1348 quas
3804 1262 3927 1330 sibi
3985 1282 4226 1346 magno

2277 1349 2657 1417 admmcnto
2699 1350 2836 1416 fore
2879 1357 3117 1434 sperat.
3188 1349 3448 1416 Habuit
3479 1348 3691 1415 filium
3725 1370 3843 1432 per
3874 1367 4071 1432 quem
4105 1346 4226 1412 ali-

2278 1434 2538 1519 quando
2582 1434 2665 1500 ad
2707 1456 2815 1500 me
2870 1434 3187 1521 scripsisti
3240 1442 3308 1502 et
3364 1436 3477 1519 qui
3521 1435 3812 1502 vicissim
3866 1433 3989 1500 tibi
4044 1452 4227 1500 meas

2276 1520 2579 1588 reddidit.
2648 1519 2720 1587 Is
2764 1519 2938 1605 apud
2974 1542 3091 1587 vos
3125 1527 3426 1587 mortuus
3468 1526 3570 1587 est
3611 1519 3916 1604 proxima
3957 1524 4223 1585 aestate.

2275 1605 2425 1673 Etsi
2469 1614 2692 1672 autem
2725 1628 2860 1673 non
2895 1612 3037 1672 erat
3070 1604 3359 1690 locuples
3394 1606 3779 1691 negotiator,
3814 1605 3969 1689 quia
3999 1610 4227 1669 tamen

2274 1693 2452 1777 frugi
2493 1698 2635 1759 erat
2678 1701 2744 1758 et
2784 1691 3087 1777 impiger,
3131 1713 3253 1758 sua
3293 1691 3622 1758 industria
3662 1690 4076 1776 aliquantum
4118 1709 4226 1756 ac-

2277 1777 2611 1862 quisierat,
2645 1777 2819 1862 quod
2852 1785 3041 1862 pater
3074 1797 3192 1862 pro
3228 1798 3353 1843 sua
3384 1777 3705 1843 tenuitate
3739 1775 3921 1844 ducit
3953 1775 4227 1841 minime

2276 1862 2400 1930 sibi
2445 1883 2588 1930 esse
2628 1862 3119 1949 negligendum.
3189 1862 3338 1929 Hac
3392 1861 3475 1930 de
3531 1882 3727 1929 causa
3782 1861 3867 1929 ad
3912 1881 4029 1928 vos
4070 1880 4225 1928 con-

2276 1948 2467 2029 cedit,
2524 1956 2601 2015 ut
2641 1948 2813 2032 quod
2872 1947 3175 2017 relictum
3218 1955 3322 2015 est
3362 1967 3404 2014 a
3442 1947 3579 2014 filio
3636 1947 3872 2014 saltem
3928 1949 4003 2012 in
4053 1944 4229 2013 orbi-

2276 2035 2434 2100 tatis
2487 2035 2798 2101 solatium
2855 2042 3211 2118 recuperet.
3284 2032 3617 2119 Quoniam
3671 2033 3866 2100 homo
3920 2038 4026 2098 est
4076 2052 4229 2116 pro-

2276 2121 2400 2187 bus
2443 2127 2513 2186 et
2553 2120 2830 2206 integer,
2876 2128 3072 2203 atque
3111 2120 3314 2185 etiam
3356 2118 3705 2197 officiosus,
3749 2119 3991 2185 iterum
4036 2123 4230 2201 atque

2275 2206 2522 2271 iterum
2568 2214 2634 2271 te
2676 2226 2855 2290 rogo,
2912 2205 3153 2271 eximie
3198 2204 3319 2285 vir,
3362 2211 3456 2284 ut,
3515 2204 3692 2288 quod
3735 2211 3848 2270 tuo
3889 2202 4231 2271 commodo

2277 2299 2344 2359 et
2385 2292 2553 2358 citra
2592 2291 2962 2358 molestiam
2986 2291 3247 2374 poteris,
3292 2310 3442 2356 eum
3464 2289 3738 2357 consilio
3998 2307 4229 2373 opera-

2276 2398 2403 2461 que
2469 2377 2759 2446 adiuves.
2869 2374 3205 2459 Quidquid
3277 2376 3352 2441 in
3418 2396 3570 2442 enm
3643 2309 4001 2442 contuieris
4063 2373 4225 2440 mihi

2277 2463 2556 2547 perinde
2599 2470 2865 2548 gratum
2908 2462 3038 2529 erit
3078 2481 3156 2528 ac
3197 2463 3255 2528 si
3293 2461 3459 2527 mihi
3495 2460 3951 2545 praestitisses.

2452 2549 2593 2615 Res
2638 2547 2900 2615 Galliae
2942 2548 3057 2614 vix
3099 2547 3425 2632 attingere
3470 2546 3696 2625 audeo,
3754 2547 3849 2611 ita
3888 2544 4230 2612 turbulen-

2278 2642 2388 2701 tae
2431 2643 2594 2700 sunt
2635 2653 2713 2700 ac
2754 2634 3077 2700 confusae.
3175 2631 3434 2701 Crescit
3487 2631 3751 2716 quidem
3804 2632 4046 2714 ubique
4132 2631 4228 2696 io-

2279 2740 2430 2820 rum
2474 2740 2809 2872 mimerus.
2856 2719 3233 2887 2)Mli¹'⁸·t2⁸0ss
3280 2718 3587 2819 alacritas
3580 2727 3773 2869 rfieizm
3762 2717 4067 2870 feaetlum
4085 2651 4230 2867 get}

2278 2827 2481 2873 umus
2588 2826 2827 2871 ominis
2991 2824 3097 2871 evi
3235 2854 3251 2882 ,
3306 2825 3441 2870 imo
4126 2822 4198 2868 es

2280 2897 2359 2957 ut
2412 2893 2598 2958 curia
2638 2891 3032 2956 Parisiensis
3089 2891 3420 2957 obstinato
3626 2910 3697 2955 re
3738 2886 4074 2956 Ohristum
4120 2908 4230 2971 op-

2279 2985 2607 3130 gmuznet.
2570 2979 2691 3130 ⁴310
2711 2973 4228 3145 νέἇῶῗέἓωὼξιέῗοὲωῗὲῗορὲῗῖὣ

2278 3157 2347 3216 et
2402 3168 2641 3251 graves
2693 3149 3034 3216 conflictus
3089 3146 3347 3216 assidue
3399 3148 3698 3214 sustinet.
3778 3112 4110 3214 Damus
4163 3153 4230 3212 te

2279 3235 2517 3319 spiritu
2552 3255 2670 3302 suo
2692 3234 3029 3320 gubernet,
3074 3232 3321 3300 virtute
3364 3234 3683 3301 sustineat
3726 3240 3795 3298 et
3834 3231 4231 3300 incolumem

2278 3320 2390 3386 diu
2434 3329 2672 3388 servet.
2747 3320 3060 3387 Genevae
3108 3324 3205 3386 10.
3250 3319 3483 3386 Martii
3531 3322 3716 3385 1562.

3190 3455 3479 3522 Ioannes
3520 3454 3840 3522 Calvinus
3882 3465 4055 3522 tuus.

3154 4001 3351 4072 ³787.

2688 4155 3156 4225 GALVINUS
3199 4156 3829 4225 BULLINGERO.

2448 4327 2736 4394 Maxime
2774 4332 3064 4395 versatur
3104 4330 3176 4394 in
3218 4329 3603 4395 enarrandis
3642 4328 3827 4394 rebus
3873 4328 4128 4414 qauieis
4170 4331 4230 4392 et

2274 4415 2439 4480 inter
2495 4414 2634 4479 alia
2688 4415 2991 4481 rationem
3047 4413 3257 4480 reddit
3307 4413 4237 4481 consiliiBeeaautoreasc·

2273 4501 2538 4566 exarati.
2629 4498 2836 4566 Addit
2889 4498 3198 4581 quaedam
3252 4498 4229 4567 deBemensidNeocomensi

2271 4754 2663 4826 (Describimns
2705 4772 2776 4811 ex
2820 4755 2950 4811 Ood.
2989 4754 3190 4811 Gener.
3229 4754 3372 4822 10⁷⁸,
3422 4757 3518 4811 nbi
3562 4757 3621 4811 in
3667 4756 3854 4810 eadem
3900 4755 4090 4810 charta
4141 4770 4230 4810 se-

2275 4826 2464 4895 qnitur
2487 4825 2903 4895 praecedentem
2927 4824 2998 4879 ad
3016 4824 3380 4894 Tammernm,
3413 4825 3495 4880 ita
3530 4829 3713 4880 tamen
3735 4829 3797 4879 nt
3819 4825 3890 4879 ab
3911 4824 4225 4879 amanuensi

2479 5096 3777 5169 2)Dequahocoemporererenihdalibi.
3860 5097 4226 5154 Videmus

2275 5173 2607 5300 &quenz-⁸}
2682 5236 2696 5249 ⁶
2757 5235 3074 5292 Navem-ae.

2477 5304 2540 5374 4)
2638 5349 2648 5360 .
2685 5302 2837 5360 8731.
3705 5387 3814 5442 21*
