4900 6125
628 434 758 499 195
2158 426 2683 496 EPIS'DOLAE
2723 431 3153 497 4047—4050
4497 437 4592 500 m

631 621 862 686 futura
902 617 1192 684 scintilla
1232 619 1399 685 haec
1439 618 1789 703 sugillatio.
1850 656 1936 667 —
1994 654 2080 665 -
2138 654 2217 665 -
2274 655 2361 666 -
2404 617 2598 694 Βωῇ-

634 705 779 771 leae
832 724 1093 770 summo
1144 703 1430 771 diluculo
1482 703 1567 769 ad
1624 705 1910 771 olentem
1954 702 2296 772 lucernam
2339 707 2423 769 25
2471 702 2600 769 diei

632 789 1034 856 Novembris
1076 791 1235 856 anni
1286 794 1468 856 1563.

1395 927 1521 992 'l'ui
1563 947 1757 1011 quem
1802 924 2556 1077 noswtivgtudiosissimus.

1524 1553 1727 1626 4⁰48.

1098 1706 1770 1777 BULLINGERUS
1814 1708 2140 1776 BEZAE.

632 1966 707 2032 α.
787 1879 1092 2048 mus
1140 1879 1371 1945 Turico
1416 1879 1698 1962 pellitur.
1788 1879 2290 1948 Locamensium
2347 1882 2600 1949 ecclesia

680 1986 801 2033 κει
993 2015 1009 2031 .

959 2135 1071 2204 (Ex
1107 2136 1446 2206 autographo
1481 2135 1612 2191 Cod.
1650 2134 1857 2191 Genev.
1896 2134 2016 2200 120,
2048 2137 2142 2192 rol.
2179 2137 2292 2205 12.)

637 2306 1020 2373 Clarissimo
1067 2307 1206 2372 viro
1250 2308 1335 2373 D.
1382 2307 1727 2373 Theodoro
1770 2308 1987 2375 Bezae
2029 2310 2208 2376 fideli
2245 2310 2599 2377 Geneven·

634 2393 729 2460 sis
771 2392 1080 2460 ecclesiae
1123 2393 1425 2459 ministro
1470 2392 1734 2460 domiuo
1778 2416 1925 2460 meo
1970 2395 2242 2462 colendo
2301 2405 2367 2462 et
2409 2396 2601 2462 fratri

965 2478 1322 2545 carissimo.
1408 2479 1511 2545 Eo
1552 2480 1820 2547 absente
1855 2482 1939 2547 D.
1985 2480 2286 2547 OalvinO.

632 2733 1033 2802 Bernardiui
1085 2733 1310 2801 Gabini
1351 2735 1667 2821 Dialogos
1724 2735 1874 2803 illos
1933 2740 2014 2802 30
2081 2738 2525 2823 inspeximus:
2553 2743 2602 2816 ι)

634 2821 851 2904 capita
926 2819 1242 2904 quaedam
1321 2841 1789 2905 perversarum
1868 2821 2317 2890 doctrinarum
2393 2824 2602 2908 (totus

632 2907 802 2973 liber
844 2905 939 2971 nil
983 2904 1162 2971 aliud
1206 2914 1310 2972 est
1353 2928 1549 2990 quam
1592 2908 1799 2991 impia
1842 2910 2271 2992 perversitas)
2326 2920 2600 2975 annota-

636 2992 874 3071 vimus,
920 2991 1003 3058 ad
1046 3001 1348 3058 senatum
1392 2992 1758 3072 retulimus,
1803 2994 1919 3078 qui
1961 2995 2389 3061 vehementer
2430 2996 2602 3063 iuste

635 3089 999 3146 commotus
1045 3078 1330 3145 hominis
1374 3079 1648 3147 audacia
1692 3088 1762 3147 et
1801 3081 2183 3165 impuritate
2242 3083 2458 3166 ipsum
2504 3081 2601 3147 cf-

633 3165 784 3231 ficio
828 3163 1081 3242 deiecit,
1127 3164 1403 3248 denique
1447 3166 1610 3231 urbe
1653 3176 1721 3232 et
1761 3185 1922 3250 agro
1965 3166 2175 3233 eiecit.
2192 3169 2250 3245 ²)
2322 3166 2602 3233 Conces-

638 3250 728 3316 sit
781 3251 840 3316 ei
899 3250 1184 3333 spatium
1242 3271 1314 3316 se
1372 3251 1595 3317 itineri
1652 3251 2036 3337 accingendi
2093 3251 2232 3318 dies
2283 3258 2359 3317 14
2404 3261 2474 3319 et
2519 3252 2603 3317 ad

636 3357 971 3402 summum
1016 3337 1416 3419 septimanas
1474 3346 1631 3418 tres,
1689 3358 1964 3421 quarum
2025 3358 2164 3403 una
2219 3340 2353 3403 iam
2412 3359 2602 3422 prae-

636 3421 836 3488 teriit.
904 3421 1151 3486 Parum
1188 3419 1392 3486 defuit
1425 3423 1582 3505 quin
1628 3423 1822 3507 longe
1867 3422 2060 3489 aliter
2102 3444 2257 3490 cum
2300 3445 2456 3490 sene
2501 3423 2602 3488 in-

635 3514 934 3574 veterato
998 3505 1252 3572 dierum
1297 3507 1618 3573 malorum
1664 3517 1884 3575 actum
1928 3508 2177 3575 fuisset.
2248 3510 2604 3576 Praeterea

637 3594 1043 3677 scripserunt
1098 3593 1311 3658 nostri
1363 3615 1616 3677 quoque
1658 3594 1993 3660 Basileam
2018 3596 2074 3678 ³)
2126 3594 2209 3660 ad
2254 3597 2603 3678 magistra-

638 3690 781 3744 tum
827 3679 1234 3762 postulantes
1278 3688 1353 3743 ut
1394 3678 1467 3743 hi
1511 3679 1667 3745 libri
1718 3682 2176 3832 optpyrmantur
2219 3690 2285 3745 et
2327 3680 2605 3765 posthac

637 3764 804 3830 nulli
864 3764 1031 3829 tales
1090 3765 1503 3830 excuduntur
1561 3776 1679 3833 etc.
1861 3765 2302 3850 yssemburyus
2317 3770 2374 3844 ⁴)
2433 3767 2604 3832 datis

639 3849 724 3915 ad
767 3871 873 3915 me
913 3849 1123 3915 literis
1165 3849 1456 3916 ostendit
1506 3849 1927 3921 Castalionem
1982 3872 2124 3917 esse
2178 3853 2416 3918 horum
2463 3852 2600 3917 dia-

637 3935 944 4021 logorum
991 3937 1435 4019 interpretem,
1457 3940 1512 4019 ὅ)
1556 3938 1667 4021 qui
1712 3937 1836 4004 hoc
1871 3938 2135 4002 nomine
2171 3938 2601 4020 periclitetur,

640 4031 710 4088 et
754 4021 879 4088 hoc
922 4022 1194 4106 gravius
1233 4021 1408 4105 quod
1452 4030 1569 4088 tua
1612 4024 1938 4091 accusatio
1973 4023 2322 4090 accesserit
2354 4024 2604 4090 iussus-

634 4129 764 4192 que
806 4109 897 4174 sit
936 4107 1332 4191 respondere
1374 4116 1495 4174 etc.

636 4381 1060 4447 40481)οά
1104 4383 1221 4449 ipse
1266 4394 1389 4435 cum
1428 4381 1695 4436 (ἔπαυεν-ο
1739 4386 1792 4436 et
1837 4378 2331 4444 Woffloamaiu
2378 4382 2457 4436 ad
2502 4382 2605 4438 hoc

636 4450 930 4519 aenigmati.
1002 4450 1360 4517 Bullinaerue
1405 4450 1495 4504 die
1538 4448 1626 4504 22.
1662 4448 1811 4505 Non.
1845 4452 2106 4518 smmum
2142 4449 2409 4505 iudicium
2440 4467 2602 4519 prae·

635 4517 1691 4669 fflffxswvfflm..
1704 4516 2604 4658 §.mammasti

632 4658 1193 4788 Μ’ἔβῖξζᾜῶ
1237 4726 1347 4781 ..ω
1390 4732 1443 4781 ee
1484 4671 1693 4807 ..32⁶3
1717 4671 2035 4780 ἕῖἂροῖἕέῐ.
2110 4725 2289 4807 ω..
2320 4739 2494 4795 usaue
2526 4726 2605 4782 aa

632 4793 860 4850 vernale
893 4799 1120 4862 kaput.
1192 4794 1427 4850 coactus
1460 4801 1539 4849 est
1574 4794 1851 4850 <incedere
1876 4802 2001 4864 post
2185 4793 2299 4849 Cal.
2334 4794 2471 4850 Dee.

640 4930 756 4986 Ρ.
830 4861 2602 5002 amffifmwwffrffimmw

849 5000 2201 5137 .,⁶xf”.ss.·³-5”?f“÷⁸ffl⁶²·s..vz..⁰fs⁶”⁴⁰··
2587 4974 2602 5001 ’

850 5135 914 5203 5)
952 5108 1183 5193 Fatetur
1235 5110 1397 5193 caste
1445 5140 1495 5193 ‘o
1525 5109 1620 5193 'se
1674 5155 1798 5194 eum
1855 5138 2057 5192 librum
2111 5136 2303 5191 secisse
2354 5136 2602 5205 latinum,

642 5206 895 5260 mercede
931 5224 965 5260 a
1280 5207 1353 5262 ho
1399 5208 1742 5273 conductum,
1786 5206 1883 5261 sed
1928 5222 2213 5261 censuram
2259 5204 2464 5259 nullam
2508 5207 2605 5261 ud-

632 5273 993 5414 lirim-'111
1012 5360 1068 5414 p·
1101 5292 1222 5412 3¹33
1253 5292 1340 5331 ms
1374 5275 1578 5330 nuum
1612 5277 1860 5331 haberet.
1923 5273 2244 5346 (Wyneab.
2275 5288 2376 5343 αι).
2414 5274 2607 5346 Meyer

2875 616 3057 699 Quid
3097 619 3394 686 futurum
3438 620 3528 685 sit
3591 639 3742 685 cum
3783 618 4193 685 Locarnensi
4234 617 4476 686 ecclesia
4507 641 4594 686 ve-

2701 703 3045 771 hementer
3100 704 3340 771 dubito.
3429 703 3801 788 Dissipavit
3853 704 4042 783 hanc,
4112 723 4352 782 vereor,
4415 705 4596 771 infelix

2698 789 2812 856 ille
2854 811 3078 858 senex.
3169 791 3319 856 Non
3384 801 3546 875 puto
3589 810 3712 875 ego
3753 788 3886 856 illis
3929 789 4136 856 alium
4180 788 4451 856 dandum

2699 882 2932 941 torem.
2950 877 3010 950 ⁶)
3095 874 3237 943 Ora
3279 897 3398 958 pro
3441 875 3630 942 nobis
3671 875 4035 941 Dominum
4083 884 4154 941 et
4191 875 4352 942 vale.
4514 885 4602 941 uh

2700 960 2786 1026 D.
2836 960 3190 1042 Calvinum,
3235 963 3319 1028 D.
3366 961 3803 1040 laudaticum,
3840 962 3924 1028 D.
3969 959 4324 1039 Eudamus,
4381 971 4442 1027 et
4475 961 4600 1027 ulio·

2701 1046 2890 1113 nobis
2961 1056 3153 1114 notos
3217 1057 3285 1113 et
3349 1068 3535 1115 caros
3598 1047 3857 1112 fratres.
3955 1046 4184 1113 Nostri
4240 1068 4472 1131 quoque
4511 1067 4604 1113 vos

2697 1133 3011 1199 salutant.
3100 1134 3329 1218 Tiguri
3376 1137 3478 1198 28.
3521 1132 3839 1198 Novemb.
3896 1135 4076 1197 1563.

3841 1269 4278 1354 Bullingerus
4317 1278 4473 1334 tuus.

3581 1812 3782 1884 4⁰49.

3177 1980 3714 2050 GALLASIUS
3761 1980 4199 2050 OALVINO.

2877 2153 3023 2219 Iam
3066 2153 3378 2221 Aureliae
3418 2154 3625 2236 officio
3684 2174 3800 2220 suo
3854 2154 4147 2238 funyitur
4187 2155 4453 2221 caderis
4487 2173 4623 2220 ηα-

2701 2239 2880 2304 satis.
2975 2238 3223 2306 Statum
3269 2238 3558 2306 ecclesiae
3599 2240 3851 2322 exponit
3902 2246 3960 2306 et
3999 2260 4159 2323 quae
4197 2241 4440 2308 interea
4483 2239 4622 2304 Lude·

2701 2325 2829 2392 tiae
2871 2329 3011 2391 ada
3052 2327 3182 2391 sint
3212 2324 3416 2407 paulo
3453 2325 3671 2407 fusius
3712 2331 3956 2392 narrat.

2702 2497 2815 2566 (Ex
2867 2496 3207 2566 autographo
3262 2495 3394 2549 Cod.
3448 2495 3617 2552 Goth.
3666 2494 3787 2563 405,
3841 2496 3935 2551 fol.
3970 2495 4057 2549 29.
4144 2497 4456 2551 Ediderunt
4501 2495 4630 2549 Ijnbt

2706 2583 2759 2636 p.
2797 2564 2868 2620 55
2902 2565 3402 2619 etBretschneider
3436 2563 3629 2633 p.218.
3683 2565 3771 2618 Ex
3805 2565 3902 2620 ino
3936 2565 4110 2619 deser.
4147 2565 4505 2621 simionvol-
4521 2561 4634 2628 lm)

3039 2739 3104 2802 A
3144 2736 3492 2804 Monsieur
3534 2735 3884 2802 Monsieur
3927 2737 4335 2822 Despeville.

2880 2888 2952 2957 S.
2997 2889 3365 2957 Consilium
3412 2899 3598 2956 tuum
3625 2891 3678 2975 ¹)
3721 2890 3890 2956 mihi
3934 2893 4101 2957 tanti
4144 2891 4292 2970 fuit,
4337 2892 4433 2955 mi
4471 2901 4634 2974 pater.

2707 2983 2782 3042 ut
2822 2977 3044 3059 ipsum
3089 2976 3286 3061 longe
3342 2977 3769 3059 praetulerim
3825 2997 3992 3056 meo,
4048 2975 4222 3060 quod
4281 2995 4632 3061 suspensum

2705 3071 3051 3129 tenueram
3096 3060 3302 3128 donec
3345 3064 3661 3129 Amiralii
3695 3064 4093 3129 sententiam
4128 3060 4380 3141 audivi,
4423 3063 4528 3146 qui
4556 3080 4632 3125 me

2704 3149 2840 3215 iam
2901 3158 3057 3214 ante
3122 3147 3482 3214 adventum
3551 3169 3769 3213 meum
3825 3149 4468 3226 Nemausensibus2)
4517 3168 4634 3213 con-

2706 3243 3011 3301 cesserat.
3101 3233 3293 3314 Quod
3339 3234 3396 3299 si
3441 3232 3607 3298 mihi
3651 3236 4086 3300 constitutum
4130 3237 4405 3300 omnino
4446 3236 4634 3299 suimet

2707 3320 2791 3386 ad
2834 3320 3011 3402 ipsos
3054 3319 3400 3402 proficisci,
3455 3318 3628 3384 nihil
3686 3339 3851 3402 opus
3905 3330 4048 3384 erat
4100 3328 4372 3385 tantum
4424 3319 4636 3385 itineris

2702 3406 2921 3470 facere
2984 3415 3062 3468 ut
3118 3415 3346 3488 postea
3403 3403 3805 3488 regrederer.
3896 3405 4272 3470 Potuissem
4332 3407 4506 3471 enim
4539 3404 4636 3467 mi·

2704 3512 2865 3556 nore
2905 3490 3207 3555 molestia
3249 3509 3640 3571 responsum
3674 3490 3763 3555 D.
3800 3491 4118 3556 Amiralii
4150 3490 4330 3573 quod
4355 3500 4636 3642 Eur-tun

2704 3588 2850 3641 erat
2912 3574 3150 3641 alicubi
3214 3589 3614 3658 exspectare.
3727 3576 3819 3640 Et
3895 3597 4095 3660 quum
4177 3596 4288 3641 me
4421 3575 4634 3660 ugdum'

2700 3658 2977 3726 offendit
3058 3659 3429 3740 Verawsss)
3496 3660 3772 3726 redditis
3838 3661 4400 3727 Nemausensiurn
4463 3658 4634 3726 lituris

2702 3746 2939 3830 quibus
3004 3747 3220 3811 acrius
3276 3746 3582 3829 urgebar,
3649 3745 4007 3811 admodum
4070 3747 4321 3811 institit
4387 3762 4464 3812 ut
4515 3745 4634 3811 sub-

2701 3833 3001 3898 sisterem
3061 3831 3380 3915 Lugduni
3439 3832 3642 3897 donec
3685 3833 4052 3898 Amiralius
4106 3853 4225 3916 per
4283 3834 4509 3899 literas
4557 3850 4633 3894 m·

2701 3916 3105 4002 spondisset:
3174 3937 3295 3982 nec
3354 3915 3801 3983 dissimulavit
3843 3939 3916 3983 se
3962 3918 4400 3984 vehementer
4455 3917 4636 3983 dolen

2702 4003 2872 4087 quod
2909 4004 3051 4069 eius
3085 4003 3357 4068 consilio
3392 4024 3625 4085 parere
3659 4003 3926 4078 nollem,
3961 4005 4239 4069 fortasse
4262 4004 4634 4088 prospiciam

2703 4091 2922 4155 animo
2966 4096 3083 4154 aut
3125 4088 3435 4153 dubitans
3489 4087 3647 4171 quid
3701 4100 4097 4154 eventurum
4157 4100 4352 4155 esset.
4443 4088 4636 4171 Qum

2703 4195 2860 4241 vero
2903 4176 3144 4241 accessi
3189 4173 3274 4237 ad
3315 4172 3402 4238 D.
3449 4174 3846 4240 Amiralium
3863 4179 3921 4247 ⁴)
3975 4175 4165 4241 facile
4219 4177 4478 4242 assensi
4521 4175 4636 4237 eius

2702 4261 3089 4337 sententiae,
3155 4270 3298 4324 tum
3354 4261 3511 4343 quia
3564 4261 3747 4343 prius
3804 4261 4143 4337 nutabam,
4165 4265 4219 4337 ⁸)
4283 4274 4430 4326 tum
4472 4260 4638 4326 ain

2702 4345 2875 4429 quod
2931 4346 3204 4410 minime
3273 4355 3786 4411 consentaneum
3844 4345 4185 4412 videretur
4240 4348 4305 4412 ei
4363 4348 4638 4413 resim

2702 4431 2785 4497 ad
2850 4432 3038 4499 cuius
3104 4452 3211 4497 me
3277 4429 3682 4496 voluntatem
3748 4432 4138 4497 retulissem.
4239 4431 4324 4497 Id
4379 4431 4544 4516 quod
4588 4427 4636 4491 ci

2911 4722 2972 4790 6)
3006 4720 3102 4777 Ita
3149 4721 3420 4777 decretum
3462 4728 3540 4777 est
3590 4739 3626 4777 a
3672 4728 3883 4786 unam,
3923 4724 4023 4792 qui
4058 4723 4350 4802 plerosque
4383 4722 4638 4805 pau-p

2699 4796 3013 4863 monice
3044 4791 3238 4846 cauere
3273 4792 3471 4854 aiebat,
3507 4792 3738 4846 caeteris
3770 4791 3980 4846 hm
4290 4791 4453 4846 οδιη
4481 4804 4628 4844 σε*

2697 4858 3303 5061 Μὲξεέἐιωῆαω
3335 4929 3520 4994 eundi,
3555 4931 3672 4983 nisi
3701 4929 3965 4995 fallimur.
4035 4928 4140 4997 (N.
4174 4927 4360 4995 4⁰26.)

2909 5065 4642 5139 &quemcumstqdumvm'busetwnboffl

2702 5135 3313 5263 &persev-mdis&
3369 5137 3605 5205 poemia
3667 5135 3934 5193 acuenda
4001 5134 4432 5206 κάρ-ἀιδην
4495 5134 4638 5201 qi-

2889 5221 2968 5337 ri)
3003 5274 3067 5328 in
3107 5272 3382 5329 Οήἅιαῖῐοη
3417 5288 3517 5329 m
3551 5272 3737 5344 Loinq
3772 5280 4210 5330 morum.

2914 5342 2975 5411 5)
3006 5343 3284 5398 munh-m
3319 5341 3426 5398 Br.
