4900 6125
290 435 394 498 365

286 619 486 686 fundet
521 618 929 705 fugabitque,
973 618 1033 684 is
1076 631 1144 684 te
1180 617 1435 696 ἐνδόξως
1468 621 1882 702 θριαμβεῦσαι
1911 622 2056 704 περὶ
2097 620 2219 683 τῶν

283 713 637 786 νενικημένον
677 706 928 790 ἐχθρῶν
969 703 1222 783 ποήσω.
1303 702 1387 769 Id
1420 723 1617 789 quam
1654 705 1945 788 primum
1987 712 2063 769 ut
2100 705 2221 771 fiat

283 811 388 858 nos
422 811 568 858 eum
609 811 811 876 quam
863 810 1214 876 possumus
1270 788 1729 857 ardentissime
1783 787 2216 875 precabimur.

429 876 612 944 Haec
664 877 1264 962 inpraesentiarum
1307 895 1523 960 pauca
1537 922 1556 953 ‚
1619 877 2012 944 suavissime
2066 876 2218 942 doc-

279 962 635 1047 tissimeque
680 961 972 1043 Calvina,
1035 970 1115 1027 ut
1157 961 1403 1028 habeas
1445 961 1650 1028 animi
1693 983 1853 1046 erga
1896 971 1962 1028 te
2005 962 2217 1029 nostri

275 1048 641 1130 μνημόσυνον.
728 1046 815 1113 D.
868 1046 1275 1126 Pharellum,
1340 1067 1544 1132 quum
1612 1047 1861 1115 invicto
1935 1048 2217 1132 pectoris

275 1134 514 1214 robore,
579 1141 727 1199 tum
769 1133 1089 1218 singulari
1136 1133 1432 1200 doctrina
1472 1132 1844 1219 pietateque
1888 1133 2215 1200 excellen-

273 1229 395 1285 tem
432 1219 783 1296 hominem,
828 1220 1075 1286 nostris
1120 1218 1341 1287 verbis
1384 1218 1721 1286 salutabis.
1793 1218 2035 1287 Salvos
2063 1220 2218 1286 iube

269 1303 355 1371 D.
401 1303 807 1387 Obodanum,
847 1306 934 1372 D.
973 1303 1350 1385 Fontanum,
1399 1306 1672 1371 fratrem
1715 1319 1927 1385 tuum,
1971 1306 2217 1372 amicos

266 1399 507 1457 nostros
561 1392 869 1459 sinceros.
959 1391 1395 1459 Oonterranei
1450 1392 1658 1458 nostri
1701 1400 1875 1458 totos
1917 1390 2217 1458 cumulos

266 1476 558 1543 salutum.
645 1477 834 1543 Bene
877 1478 1045 1556 vale,
1090 1477 1447 1545 carissime.
1469 1481 1524 1558 ¹)

1027 1773 1372 1782 ψ-
1403 1773 1430 1781 .-

1136 1987 1337 2060 4138.

763 2140 1218 2209 ΤΒΔΗΕΒΟ
1259 2142 1699 2211 OALVINO.

425 2314 628 2381 Citius
668 2334 861 2397 quam
891 2319 1180 2398 potasset
1221 2316 1293 2381 in

235 2401 434 2553 guizo
472 2402 841 2467 memoriam
897 2420 1224 2482 nunquam

229 2657 456 2728 (Exsu

361 2742 411 2795 p.
444 2725 510 2780 21

1459 2316 1628 2381 riam
1670 2320 2004 2396 revocatus,
2050 2317 2211 2383 ami·

1500 2401 1514 2415 '
1565 2421 1631 2468 se
1679 2421 2039 2485 passurum
2096 2407 2211 2468 tes·

615 2658 728 2728 pho
763 2658 898 2713 bibl.
932 2656 1136 2712 Genev.
1174 2656 1302 2712 Cod.
1339 2657 1440 2712 109
1516 2658 1610 2712 fol.
1651 2656 1768 2712 156.

584 2735 644 2781 et
677 2726 888 2795 anglice
925 2726 1152 2782 ratker.
1188 2727 1231 2780 1.
1268 2725 1388 2781 aas.
1447 2699 1794 2798 semim-...1

1825 2656 2206 2795 lgppiog'iff'

227 2898 410 2963 Viro
472 2897 721 2963 eximia
785 2896 1029 2980 pietate
1095 2899 1365 2981 parique
1432 2897 1729 2963 doctrina
1776 2899 1857 2964 D.
1920 2898 2206 2964 Iohanni

491 2982 770 3050 Oalvino
814 2985 1022 3052 amico
1066 3005 1219 3051 cum
1263 2985 1495 3069 primis
1539 2984 1965 3050 observando.

227 3156 406 3222 ‘Viro
448 3157 646 3241 longe
690 3155 986 3223 omnium
1043 3156 1420 3223 doctissimo
1464 3158 1548 3224 D.
1595 3157 1881 3224 Iohanni
1924 3156 2206 3223 Calvino

431 3241 977 3309 Bartholomaeus
1021 3242 1426 3310 'Prehernius
1471 3242 1542 3310 S.
1591 3245 1657 3308 in
1703 3244 2008 3309 Domino.

411 3412 517 3480 Re
549 3413 696 3497 ipsa
730 3415 1053 3499 experior,
1100 3413 1542 3482 eruditissime
1569 3413 1843 3495 Calvino,
1886 3413 2207 3499 quidquid

219 3500 544 3567 homines
578 3498 1088 3567 deliberaverint
1125 3509 1242 3566 aut
1274 3502 1649 3579 statuerint,
1685 3520 1949 3566 omnem
1984 3509 2205 3565 tamen

217 3595 553 3653 eventum
607 3584 897 3670 pendere
955 3606 1036 3652 ex
1083 3587 1210 3652 Dei
1251 3585 1630 3667 voluntate,
1692 3606 2015 3670 saepeque
2063 3587 2208 3652 fieri

221 3684 311 3738 ut
378 3669 556 3755 quod
621 3692 744 3737 nos
808 3672 1096 3755 primum
1161 3693 1358 3757 agere
1428 3672 1909 3739 decreverimus
1967 3670 2035 3737 id
2091 3680 2210 3738 aut

217 3776 585 3840 nunquam
626 3768 743 3822 aut
783 3756 984 3856 longo
1027 3767 1178 3842 post
1221 3770 1517 3841 tempore
1560 3760 1694 3824 fiat.
1783 3758 1956 3823 Nam
2001 3778 2209 3908 Quum

215 3841 409 3908 mihi
456 3843 528 3907 in
573 3844 793 3908 animo
835 3842 1068 3909 fuisset
1112 3854 1366 3910 certum
1409 3845 1767 3927 fixumque,
1810 3853 1886 3909 ut
1922 3854 1988 3908 te
2067 3842 2209 3910 revi

211 3930 622 4009 reviserem,
668 3929 760 3993 ita
801 3948 984 3996 nunc
1025 3930 1248 3995 evenit
1292 3937 1369 3994 ut
1411 3929 1672 4015 quando
1715 3929 1781 3994 id
1828 3929 1952 3995 sim
1999 3928 2208 3995 factu-

209 4035 353 4081 rus
397 4014 599 4100 plane
643 4015 951 4081 nesciam.
1033 4015 1230 4081 'Pales
1267 4014 1444 4081 enim
1488 4013 1716 4081 literas
1759 4036 1800 4081 a
1841 4016 2057 4098 patria
2100 4034 2209 4080 ac-

207 4099 535 4184 cepimus
576 4109 652 4165 ut
696 4099 886 4166 nobis
921 4100 1200 4185 Anglia,
1244 4100 1528 4167 velimus
1562 4101 1879 4180 nolimus,
1938 4100 2209 4186 propius

207 4187 319 4253 sit
368 4184 697 4265 adeunda,
737 4205 866 4269 quo
911 4184 1078 4251 mihi
1121 4185 1299 4253 haud
1344 4188 1482 4255 scio
1524 4207 1608 4253 an
1645 4185 1999 4271 quidquam
2036 4187 2209 4253 acci·

207 4272 394 4337 dere
465 4271 757 4355 potuerit
821 4271 1113 4350 tristius,
1201 4274 1541 4339 insuavius
1605 4281 1783 4339 certe
1848 4291 2207 4357 nunquam.

205 4356 609 4441 Oupiebam
652 4357 828 4423 enim
875 4378 1084 4423 unum
1124 4358 1358 4425 saltem
1395 4378 1643 4424 annum
1681 4357 1856 4443 apud
1891 4369 1956 4424 te
1992 4368 2209 4425 trans-

547 4663 614 4719 In
647 4663 978 4729 ὼβηόοηᾶίε
1009 4665 1293 4721 mulabus
1325 4664 1495 4720 hum
1527 4664 1788 4734 epistolae
1807 4664 2209 4733 Hminqioedo

543 4774 556 4786 .
590 4731 724 4800 376)
783 4734 918 4790 hoec
966 4739 1296 4790 namu.-
1347 4733 1705 4803 Bullo’nysru
1754 4733 1833 4788 cd
1870 4733 2022 4791 Uale.
2061 4734 2206 4791 Noe.

412 4800 2207 4872 (IV-mombitButlaeaa-eanuh’isdnlisstricoGsne·

789 4871 964 4926 Porro
1002 4870 1259 4926 Paullus
1296 4869 1576 4927 Palicano
1630 4887 1684 4927 a.
1738 4871 1793 4925 d.
1860 4871 2028 4927 17111.
2087 4871 2204 4929 Gal.

1880 429 2669 497 SUPPLEMENTUM.

4161 429 4293 496 806

2324 619 2540 703 igere,
2607 625 2839 701 utpote
2894 617 3081 685 cuius
3137 616 3542 684 consuetudo
3598 616 3766 682 mihi
3820 616 4018 702 longe
4081 638 4287 702 quun

2321 703 2721 770 suavissima
2805 711 2950 770 tum
3048 703 3570 770 fructuosissima
3652 703 3796 769 visa
3880 711 3999 770 est.
4128 703 4285 786 Sed,

2320 799 2396 855 ut
2477 788 2671 856 video
2687 838 2704 868 ‚
2783 808 2912 873 quo
2990 788 3132 856 fata
3208 789 3490 855 trahunt
3561 789 3752 855 nobis
3829 788 4115 857 eundum
4164 798 4286 858 est.

2321 874 2588 956 Quaeso
2630 876 2851 959 itaque
2895 883 2989 954 ut,
3035 875 3297 941 tametsi
3342 873 3725 959 corporibus
3767 873 3966 959 longe
4004 877 4287 944 seiuncti

2319 961 2672 1042 fuerimus,
2738 960 2978 1027 animis
3043 969 3269 1027 tamen
3325 962 3726 1042 σννοικοὸμεν.
3816 960 3962 1026 Lon
4109 965 4286 1030 enim

2320 1046 2402 1113 de
2469 1068 2577 1112 me
2641 1046 2838 1112 aliter
2901 1046 3179 1113 meritus
3244 1067 3348 1126 es,
3416 1067 3615 1130 quam
3659 1055 3738 1113 ut
3780 1046 3878 1111 tui
4006 1046 4289 1133 ‘quando

2318 1133 2667 1199 immemor
2710 1153 2855 1199 esse
2897 1152 3149 1215 queam.
3237 1131 3390 1198 Non
3457 1133 3636 1198 enim
3703 1130 3836 1197 alia
3899 1152 3973 1197 re
4027 1134 4158 1201 tuis
4212 1135 4286 1199 in

2320 1239 2427 1284 me
2472 1218 2808 1284 beneficiis
2852 1217 3247 1302 respondere
3290 1237 3587 1301 possum,
3654 1238 3850 1300 quam
3896 1217 4075 1284 fideli
4119 1219 4285 1286 ami·

2318 1304 2514 1371 citiae
2594 1315 2860 1370 nostrae
2946 1305 3269 1370 memoria
3376 1324 3532 1369 uam
3598 1301 3720 1368 tibi
3784 1301 4285 1388 diligentissime

2319 1389 2816 1473 diutissimeque
2870 1389 3233 1474 praestabo.
3391 1389 3521 1456 uod
3589 1398 3892 1473 superest
3935 1388 4014 1456 de
4058 1389 4285 1457 decem

2318 1477 2646 1542 coronatis
2689 1497 2853 1559 quos
2897 1476 3017 1541 tibi
3060 1475 3303 1542 tradidi
3347 1496 3478 1541 non
3525 1482 3816 1558 peterem
3853 1476 3985 1541 nisi
4019 1496 4288 1543 vererer

2318 1583 2404 1627 ne
2448 1561 2617 1627 mihi
2674 1561 3049 1629 defuturum
3117 1562 3204 1628 sit
3265 1562 3593 1628 viaticum.
3686 1559 3858 1626 Vide
3926 1573 4144 1628 tamen
4201 1584 4286 1629 ne

2316 1647 2340 1712 i
2388 1667 2463 1714 se
2520 1647 2738 1713 ullum
2796 1647 3012 1732 capias
3074 1646 3566 1714 detrimentum.
3656 1646 3998 1714 Eximium
4066 1648 4286 1713 virum

2385 1755 2444 1800 o.
2497 1732 2871 1799 Pharellum
2928 1733 3092 1800 meis
3152 1733 3372 1801 verbis
3426 1732 3744 1800 salutabis
3800 1752 3951 1799 cum
4017 1733 4135 1800 reli
4181 1732 4285 1798 uis

2317 1819 2547 1886 amieis
2591 1819 2899 1885 omnibus
2953 1820 3362 1886 nominatim.
3454 1818 3623 1885 Vale
3641 1870 3656 1901 ,
3715 1819 4053 1886 carissime
4068 1871 4082 1898 ,
4139 1754 4283 1884 ileli-

2317 1906 2483 1971 citer
2525 1904 2786 1990 diuque.
2823 1905 2871 1991 ¹)

3203 2449 3401 2521 4184.

2312 2603 2727 2673 OLASSES
2765 2603 3259 2775 ΘΔΙΑΒΙΞΞΕ
3287 2603 3711 2775 ΒἸΞΞΞᾸΟΝῙΒ
3747 2604 4279 2673 ΒΕΒΝΕΝΒῙΒ

3262 2710 3321 2774 Δ
3492 2758 3505 2773 .

2487 2879 2826 2948 Βαὸεοηὺιι“
2826 2885 2892 2945 nt
2954 2880 3218 2946 decretis
3274 2879 3500 2964 synodi
3544 2878 4027 2946 Lausannensis
4059 2881 4279 2963 pridie

2318 2963 2456 3036 Gal.
2494 2968 2660 3050 Apr.
2705 2965 2967 3032 habitae.
2986 2969 3036 3046 ¹)

2309 3138 2421 3205 (Ex
2456 3146 2686 3207 autogra
2723 3137 2797 3191 ho
2833 3138 3016 3192 Vireti
3049 3138 3186 3192 Ood.
3223 3139 3356 3191 bibl.
3392 3139 3498 3191 civ.
3538 3138 3719 3193 Turio.
3758 3138 3821 3195 1³¹.
3855 3138 3943 3201 82,
3980 3141 4109 3194 olim
4136 3141 4281 3212 Bpp.

2310 3208 2467 3262 Tem.
2503 3205 2591 3274 47,
2625 3207 2680 3261 so
2704 3245 2717 3259 .
2752 3205 2872 3261 212.
2915 3235 2985 3246 —
3029 3207 3227 3261 Simler
3262 3206 3382 3260 Vol.
3436 3205 3524 3261 89.
3595 3207 3787 3263 Hermi
3831 3207 3947 3261 'ard
3984 3208 4048 3265 T.
4086 3210 4185 3264 IV.
4223 3228 4275 3280 p.

2630 3272 2737 3329 413
2770 3280 2981 3329 textum
3018 3274 3243 3330 exbibet
3276 3277 3394 3330 sine
3431 3226 3961 3346 sub-criptiompssus.)

2481 3446 2758 3515 Fratres
2800 3467 3030 3513 omnes
3071 3449 3184 3532 qui
3228 3447 3312 3514 ad
3360 3448 3904 3514 Lausannensem
3943 3446 4273 3549 synodum

2309 3544 2767 3600 convenerunt
2809 3532 3274 3599 communibus
3316 3533 3650 3619 suffragiis
3684 3554 3763 3600 ac
3794 3536 4098 3600 unanimi
4122 3556 4276 3603 cou-

2309 3638 2510 3686 sensu
2557 3618 2968 3684 admiserunt
3000 3619 3494 3704 probaruntque
3529 3620 3970 3686 caeremonias
4004 3628 4073 3687 et
4106 3621 4276 3688 ritus

2309 3704 2673 3771 Beruensis
2717 3703 3027 3770 eeclesiae
3072 3724 3240 3788 quae
3282 3705 3472 3771 nobis
3516 3705 3587 3770 in
3634 3704 3887 3790 syuodo
3931 3717 4088 3772 sunt
4123 3728 4273 3791 pro·

2310 3790 2545 3874 posita,
2565 3809 2803 3873 nempe
2825 3790 3155 3873 baptizare
3191 3790 3273 3856 ad
3310 3790 3593 3874 lapidem
3620 3791 3762 3856 sive
3796 3788 3877 3857 ba
3929 3792 4276 3873 tisterium,

2308 3876 2413 3941 uti
2470 3874 2758 3963 panibus
2825 3877 3079 3959 azymis
3144 3875 3214 3941 in
3267 3897 3472 3942 coena
3513 3874 3819 3957 Domini,
3932 3898 4008 3945 ac
4053 3888 4277 3946 tamen

2307 3961 2456 4045 lege
2501 3970 2579 4027 ut
2621 3962 2704 4026 ad
2750 3961 3004 4027 nullam
3038 3973 3286 4027 certam
3330 3982 3574 4045 panum
3619 3961 3900 4029 formam
3958 3967 4275 4047 supersti-

2309 4047 2475 4113 tiose
2533 4046 2919 4132 adigantur,
2978 4046 3092 4112 sed
3152 4047 3266 4132 qui
3306 4046 3528 4147 frangi
3572 4049 3830 4132 possint
3871 4051 4274 4116 constituan-

2308 4142 2551 4217 turqne
2594 4134 2707 4218 qui
2752 4132 2918 4200 tales
2960 4154 3165 4217 panes
3208 4134 3636 4217 suppeditent
3691 4143 3757 4200 et
3799 4146 4033 4200 curent
4074 4138 4275 4202 confi-

2309 4218 2606 4300 ciendos,
2671 4240 2885 4303 neque
2949 4219 3163 4305 magis
3219 4219 3577 4286 abhorrent
3632 4241 3673 4286 a
3716 4219 3948 4286 diebus
3989 4220 4193 4287 festis.
4219 4227 4276 4296 ²)

2308 4305 2460 4372 Hoc
2523 4304 2740 4371 solum
2806 4305 3048 4371 obnixe
3113 4315 3355 4389 rogant
3421 4315 3497 4372 ut
3557 4305 3925 4391 magnificis
3969 4305 4275 4373 Dominis

2307 4392 2561 4476 placeat
2606 4391 2944 4457 remittere
2998 4391 3200 4457 nimis
3253 4402 3554 4457 exactam
3619 4392 3815 4458 istam
3861 4391 4273 4475 quorundam

2307 4476 2791 4562 praefectorum
2849 4478 3269 4543 severitatem
3285 4527 3304 4556 ,
3364 4477 3422 4543 si
3479 4478 3589 4561 qui
3643 4477 3882 4561 alioqui
3944 4477 4075 4544 viri
4119 4479 4275 4545 boni

2304 4733 2489 4816 usa.
2517 4735 2575 4803 1)
2606 4732 2699 4816 D‘.
2754 4732 3062 4789 Damone
3107 4734 3224 4815 sies
3268 4730 3568 4787 ficher-nio
3611 4732 3684 4798 es.
3717 4731 3783 4786 N.
3828 4731 3982 4790 16⁶0.
4030 4733 4167 4790 1748
4221 4744 4277 4793 et

2303 4818 2589 4928 zm..
2617 4801 3021 4953 mm
3052 4803 3742 4951 mmmmm»,
3856 4810 3985 4885 ....
4025 4820 4079 4859 ⁰·
4115 4803 4275 4956 ¹⁶5⁹:

2287 4937 3855 5148 πμῇψψψ..
3864 4939 4276 5135 m:

2297 5146 2491 5271 m
2513 5145 2819 5340 ῗῗιδέγῃέἷ
2856 5213 2977 5272 106.
3036 5214 3240 5286 Boua,
3274 5215 3402 5271 hist.
3439 5213 3521 5270 du
3560 5216 3759 5284 puple
3791 5213 3861 5271 ds
3896 5214 3966 5272 θ.
4004 5216 4056 5271 1.
4087 5232 4143 5286 ρ.
4177 5215 4266 5272 st.

2304 5286 2569 5421 Budua)
2604 5351 2674 5409 ds
2706 5298 2915 5425 qut-⁸⁸⁸·
2942 5353 3066 5409 eide
3104 5352 3179 5409 N.
3218 5349 3319 5407 106
3352 5358 3466 5407 not.
3504 5350 3553 5407 2.
3626 5349 3711 5419 01.
3751 5356 3917 5408 κίοσι
3956 5352 4030 5409 Ν.
4069 5352 4187 5409 101.
