4900 6125
302 395 404 460 583

297 576 409 646 sed
445 574 654 643 dubito
696 596 786 643 an
841 576 1114 663 perinde
1169 578 1365 646 liceat
1657 580 1672 595 ⁸
1723 580 1887 660 ulas,
1932 581 2200 650 61161166

295 673 351 731 et
401 659 646 729 fritillos
709 663 816 732 vel
869 663 1076 731 animi
1128 664 1403 731 relaxan
1453 668 1467 680 “
1527 668 1745 751 gratia
1795 667 2198 752 permittere.

296 747 759 901 Quodousniblioet,
829 757 1155 835 quatenus
1207 749 1279 816 id
1327 750 1503 818 licite
1554 753 1699 819 fieri
1750 754 1977 837 possit,
2033 753 2204 820 scire

433 920 532 986 De
568 918 747 987 iactu
785 917 1080 1004 lapidum
1141 920 1488 1005 planorum
1530 923 1613 989 ad
1655 932 1902 991 metam
1958 930 2027 991 et
2071 923 2207 1008 pila

287 1004 573 1092 palmaria
611 1026 820 1089 usque
859 1005 1022 1073 adeo
1075 1007 1278 1073 animi
1320 1007 1556 1076 dubius
1597 1029 1733 1075 non
1777 1031 1944 1089 sum,
2010 1030 2205 1095 prop·

286 1105 445 1244 32⁶:
482 1089 653 1243 Ἓέἓ
695 1099 840 1243 ²:3⁰
854 1094 2013 1266 AEssffinssmi‘oeffffssssfssfflss
2054 1116 2209 1247 ffi

285 1262 370 1328 illi
405 1260 664 1329 concedi
720 1261 1021 1343 debeant,
1088 1263 1499 1348 aliquatenus
1555 1266 1832 1352 ambigo.
1919 1265 2093 1332 Nam
2148 1265 2209 1331 si

285 1348 356 1413 iis
405 1346 512 1431 qui
563 1347 834 1431 opifices
889 1369 1028 1416 nou
1085 1358 1243 1416 sunt
1305 1360 1375 1417 et
1434 1352 1579 1417 siue
1620 1373 1943 1418 manuum
1984 1351 2209 1418 labore

283 1434 495 1498 vivunt
554 1430 684 1499 den
854 1442 984 1513 tur,
1048 1455 1442 1518 responsum
1485 1436 1826 1504 habebunt
1863 1446 2208 1521 paratum:

283 1517 349 1585 Si
388 1517 566 1585 nobis
609 1517 766 1585 licet
807 1518 913 1585 (116
946 1519 1293 1599 dominico,
1382 1522 1491 1589 uia
1529 1544 1570 1589 a
1601 1522 1937 1589 laboribus
1972 1529 2040 1589 et
2072 1543 2210 1588 1116-

279 1625 466 1670 66661
520 1605 826 1687 operibus
887 1614 1202 1686 cessatur,
1265 1607 1335 1672 lu
1381 1628 1510 1688 ere,
1575 1607 1741 1674 illud
1797 1607 1972 1673 idem
2016 1606 2211 1674 hodie

279 1709 512 1773 quoque
545 1687 739 1756 nobis
770 1690 955 1756 licet:
994 1689 1227 1758 diebus
1262 1693 1440 1758 enim
1474 1692 1874 1778 quibuslibet
1911 1692 2210 1761 laborum

278 1787 337 1840 et
371 1794 639 1859 operum
673 1796 903 1842 sumus
935 1777 1283 1844 immunes.
1350 1776 1480 1844 Sin
1512 1778 1970 1858 concedantur,
2015 1779 2211 1862 pauci

278 1871 454 1926 erunt
537 1860 610 1926 ui
647 1860 913 1927 illorum
955 1883 1230 1929 numero
1271 1884 1416 1930 sese
1450 1884 1584 1931 non
1605 1864 1923 1946 inserant,
1965 1863 2210 1931 adden-

277 1955 362 2011 toe
399 1967 468 2012 68

272 2032 390 2097 suis
430 2031 600 2096 nihil
642 2032 1002 2099 lucrentur.
1066 2033 1300 2118 Itaque
1342 2035 1614 2102 consilio
1650 2043 1763 2101 tuo
1806 2035 1915 2102 hic
1956 2055 2210 2119 quoque

271 2115 416 2181 mihi
457 2136 628 2200 opus
669 2125 786 2184 661.

420 2200 720 2269 01161666
753 2212 822 2269 61
853 2203 1237 2272 saltationes
1269 2212 1430 2271 sunt
1463 2206 1571 2273 hic
1593 2206 1944 2273 autoritate
1962 2206 2208 2290 magis·

267 2295 461 2354 tratus
490 2287 897 2356 interdictae.
918 2289 979 2376 Β)
1033 2289 1231 2357 Unde
1262 2291 1342 2357 fit
1374 2298 1453 2357 ut
1484 2291 1707 2358 nullae
1742 2303 1860 2358 aut
1892 2292 2209 2375 paucissi-

263 2392 394 2438 mae
432 2373 696 2457 publice
728 2374 1186 2441 instituantur.
1254 2375 1390 2442 Sed
1423 2377 1495 2442 in
1531 2377 1835 2444 tricliniis
1868 2378 1938 2443 16
1973 2377 2209 2461 quibus

263 2458 569 2541 nuptialia
603 2460 910 2527 convivia
943 2461 1054 2545 agi
1073 2469 1574 2543 consueverunt,
1611 2463 1840 2529 saltari
1863 2462 2205 2529 audimus:

259 2564 381 2696 2⁰ss
399 2545 1128 2715 Ἢξῗέθὲὲῖἒῗ
1155 2546 2009 2700 fflfflsszfflssffl
2028 2548 2206 2700 333}

257 2713 572 2783 ficationis
648 2725 842 2798 66661,
922 2717 1151 2784 diebus
1220 2720 1524 2802 profestis
1565 2719 1839 2803 nuptias
1892 2718 2208 2786 celebrari

255 2820 437 2882 quam
481 2801 851 2883 dominicis,
892 2802 1443 2887 quemadmodum
1485 2805 1558 2870 in
1597 2805 1863 2872 Ducatu
1884 2805 2205 2872 Wirtem-

257 2884 552 2970 bergensi
597 2888 743 2954 fieri
787 2887 999 2955 audio.
1081 2888 1254 2954 Nam
1317 2890 1577 2956 etiamsi
1622 2889 1853 2957 diebus
1894 2889 2208 2973 profestis

253 2970 619 3125 salfflr,
678 2973 868 3040 nulla
906 2982 1133 3041 tamen
1171 2974 1331 3041 inde
1371 2982 1683 3059 sequetur
1726 2976 1858 3042 diei
1898 2975 2206 3041 dominici

517 3060 638 3126 tio.

252 3077 360 3140 pm
407 3144 610 3212 Haec
673 3153 834 3212 sunt
872 3166 1041 3229 quae
1095 3145 1526 3228 familiariter,
1593 3153 1905 3231 tanquam
1994 3154 2205 3213 atrem

249 3228 614 3315 benignum
677 3230 1033 3314 alloquens,
1097 3233 1526 3316 proponenda
1587 3232 1815 3298 habui:
2038 3253 2207 3316 quae

247 3313 506 3401 sing-ula
547 3316 690 3397 ubi,
734 3317 794 3382 si
836 3316 956 3382 tibi
997 3324 1102 3383 est
1142 3319 1348 3383 otium
1391 3325 1462 3385 et
1502 3318 1561 3385 si
1603 3317 1728 3397 vis,
1771 3317 2205 3402 responderis,

246 3403 532 3468 maximo
602 3409 783 3468 certe
846 3410 917 3467 et
976 3403 1366 3487 gravissimo
1428 3424 1537 3469 me
1601 3403 1927 3471 levaveris
1987 3424 2203 3470 onere.

245 3483 576 3555 Dominus
622 3488 810 3555 Deus
853 3497 920 3555 et
959 3496 1148 3572 pater
1189 3497 1416 3556 noster
1456 3486 1756 3556 coelestis
1798 3488 2040 3573 spiritu
2081 3509 2206 3554 suo

245 3582 468 3639 sancto
532 3594 806 3657 semper
857 3580 926 3639 te
980 3580 1171 3659 regat
1231 3582 1301 3640 et
1364 3574 1705 3674 gubernet,
1770 3575 2208 3658 ecclesiaeque

243 3676 391 3724 suae
432 3659 845 3726 incolumem
886 3679 1084 3743 quam
1126 3659 1496 3726 diutissime
1536 3669 1901 3740 conservet,
1947 3681 2067 3745 per
2108 3657 2207 3724 di-

243 3740 480 3810 lectum
523 3745 746 3811 filium
781 3764 979 3810 suum
1011 3743 1379 3811 Dominum
1413 3753 1714 3811 nostrum
1733 3746 1960 3812 Iesum
1981 3745 2212 3812 Chris-

243 3836 380 3894 tum
423 3830 556 3897 sibi
601 3839 1047 3909 coaeternum,
1092 3830 1602 3911 coessentialem,
1646 3839 1715 3897 et
1748 3831 1937 3916 regni
1971 3830 2210 3897 coeles·

241 3914 323 3979 fis
362 3915 448 3983 ab
493 3924 775 3982 aeterno
826 3922 1214 3982 consortem.
1295 3918 1530 3982 Amen.
1614 3917 1838 3983 Dabat
1875 3915 2208 3984 116611161-

241 4000 445 4082 gurdi,
493 4003 589 4068 xi.
640 4000 966 4068 calendas
1000 3999 1307 4068 Octobris
1360 4005 1519 4066 1562

972 4138 1160 4205 Tuus
1203 4138 1468 4204 omnino
1511 4136 1821 4204 obediens
1864 4136 2038 4203 filius

1138 4224 1491 4291 Mathaeus
1533 4223 1857 4289 Vatellus.

558 1946 756 2013 abere
797 1945 974 2013 unde
1015 1947 1133 2014 illo
1172 1948 1279 2015 die
1313 1950 1565 2029 vivant,
1611 1950 1870 2016 etiamsi
1904 1950 2212 2016 manibus

443 4410 506 4480 s)
555 4410 884 4482 Dumoy,
923 4397 1153 4478 Ephem.
1194 4408 1339 4478 Sept.
1385 4409 1521 4464 1562
1564 4426 1619 4479 ρ.
1656 4408 1763 4465 342
1782 4427 1802 4463 .-
1882 4408 2064 4465 visito
2115 4409 2213 4464 ‹1oe

235 4478 433 4549 figline·
478 4480 562 4535 du
600 4478 906 4561 comte-de
939 4477 1310 4533 Moutbe'liard
1354 4485 1414 4532 et
1446 4478 1605 4561 deda
1636 4478 1953 4560 §signem-ie
1986 4480 2057 4561 de
2090 4478 2216 4533 Bla-

1930 394 2095 461 1562
2139 392 2594 464 mmm.

4130 396 4261 461 534

3184 579 3389 653 8854.

2357 733 2538 803 Lus
2581 732 3090 803 1111661666
3133 731 3318 802 666
3362 717 3763 803 11661666
3808 734 3935 802 DE
3978 732 4203 803 Pso-

2629 836 2942 904 VENoE:
2987 838 3052 902 A
3084 836 3342 905 caux
3376 837 3502 903 DE
3540 823 3943 904 GENEVE.

2361 959 2372 970 ο
2480 1006 2772 1076 Phimes
2812 1011 3017 1073 come
3044 1007 3374 1089 plusieurs
3412 1010 3733 1075 ministres
3763 1014 3822 1074 et
3844 1009 4057 1091 priore
4086 959 4261 1077 d'ai-

2306 1092 2419 1160 der
2481 1094 2601 1160 soit
2640 1113 2775 1176 par
2833 1092 2943 1159 des
3001 1094 3266 1160 conseils
3327 1095 3619 1161 adressbs
3678 1115 3813 1160 aux
3865 1095 4259 1179 plaiqnmuts,

2306 1181 2754 1332 soitpdgsstzae
2810 1179 3064 1246 adressa
3121 1179 3518 1263 auSynode‚
3575 1180 3618 1244 ὰ
3668 1200 3732 1246 ce
3787 1180 4261 1262 qu’onensoit

2311 1435 2699 1506 (Antographe
2734 1435 2804 1489 de
2836 1436 2893 1489 la
2915 1433 3305 1505 Bibliotheque
3336 1435 3404 1490 (16
3423 1433 3659 1491 Geneve.
3697 1431 3819 1490 Vol.
3862 1434 3981 1503 196,
4013 1436 4106 1491 fol.
4146 1433 4261 1504 25.)

2484 1606 2550 1672 A
2613 1606 2953 1705 monsieur
3014 1605 3356 1672 Monsieur
3420 1606 3699 1674 Charles
3739 1606 4137 1691 D’espeville
4192 1614 4264 1675 et

2312 1711 2717 1776 oomeme.
3693 1778 3749 1840 A
3794 1776 4085 1845 Geneve.

2311 1948 2416 2014 La
2458 1969 2654 2033 grace
2697 1946 2779 2014 de
2829 1954 3052 2014 nostre
3108 1947 3241 2014 bon
3294 1948 3467 2014 Dieu
3525 1968 3689 2014 vous
3731 1949 3857 2013 soit
3897 1947 4260 2033 multiplice

2310 2054 2430 2117 par
2471 2042 2692 2100 nostre
2731 2032 3063 2118 Seigneur
3102 2033 3293 2100 Iesus
3338 2033 3567 2102 Ohrist
3609 2042 3677 2099 et
3717 2033 3782 2099 16
3823 2035 4263 2102 communica·

2953 2119 3093 2186 tion
3130 2119 3220 2185 du
3263 2119 3335 2186 S.
3381 2119 3625 2203 Esprit.

2480 2254 2645 2321 'I'res
2687 2255 2880 2321 chers
2921 2251 3285 2340 Seigneurs
3327 2266 3395 2320 et
3445 2274 3698 2321 comme
3741 2254 3964 2334 Peres,
4036 2263 4259 2322 nostre

2309 2338 2605 2424 debvoyr
2646 2341 2851 2406 seroit
2894 2340 3042 2406 bien
3090 2340 3169 2405 (16
3235 2362 3398 2407 vous
3453 2341 3736 2424 escripre
3778 2341 3926 2425 plus
3969 2350 4259 2406 souvent

2309 2432 2376 2491 et
2416 2424 2532 2492 des
2566 2425 2826 2492 affaircs
2869 2426 2983 2492 (166
3026 2425 3289 2511 Eglises
3332 2427 3414 2493 de
3457 2448 3530 2494 66
3571 2427 3714 2510 pais
3752 2424 3832 2492 (16
3852 2427 4256 2493 Prouvence.

2309 2511 2485 2577 Mais
2530 2509 2806 2576 dautant
2848 2531 2974 2595 666
3016 2532 3183 2578 6666
3238 2533 3521 2578 66161666
3586 2533 3882 2578 66666166
3926 2532 4052 2595 666
4095 2533 4261 2578 vous

2310 2617 2470 2662 avez
2513 2616 2695 2664 assos
2729 2596 2810 2662 de
2846 2598 3122 2681 charges
3157 2605 3226 2663 et
3259 2598 3538 2675 affaires,
3583 2617 3623 2662 a
3656 2607 3829 2664 66616
3863 2618 4058 2664 66666
4092 2619 4260 2664 nous

2310 2680 2632 2748 desistons
2677 2682 2758 2748 de
2802 2701 2875 2748 66
2916 2683 3098 2764 faire,
3143 2681 3440 2749 (16611666
3481 2684 3767 2766 plustost
3808 2681 3889 2748 (16
3923 2703 4086 2748 vous
4109 2704 4259 2748 sou-

2310 2766 2494 2851 lager
2559 2789 2687 2850 que
2753 2766 2833 2834 de
2904 2789 3065 2835 vous
3129 2768 3536 2852 importuner
3599 2777 3748 2853 trop
3812 2767 4259 2852 legierement.

2310 2853 2676 2919 'l'outesfois
2719 2863 2940 2920 661666
2981 2863 3130 2920 1666
3187 2853 3541 2937 persuades
3598 2872 3726 2937 que
3767 2873 3852 2919 66
3895 2854 4264 2919 trouveries

2311 2938 2440 3004 bon
2501 2958 2673 3022 6666
2738 2959 2902 3005 vous
2966 2947 3355 3024 espargnast
3418 2961 3498 3006 66
3564 2958 3637 3005 66
3702 2960 3830 3023 666
3893 2939 4132 3006 1666116
4196 2938 4262 3004 16
4388 2997 4392 3002 ,

2354 3022 2515 3090 16116
2558 3022 2640 3090 (16
2676 3024 2866 3103 Dieu,
2931 3025 3334 3109 pacification
3390 3032 3458 3092 et
3499 3023 3975 3092 advancement
4016 3024 4097 3092 (16
4140 3044 4263 3092 666

2308 3045 2568 3195 {legum
2611 3132 2829 3209 avons
2866 3119 2977 3176 ose
3019 3133 3180 3179 vous
3223 3112 3401 3196 prior
3444 3110 3526 3177 (16
3567 3132 3734 3177 6666
3774 3111 4032 3210 ν661611
4062 3111 4261 3177 assis-

2307 3203 2413 3261 161
2470 3194 2552 3262 (16
2615 3195 2861 3263 6666611
2913 3217 3048 3263 aux
3105 3197 3368 3264 affaires
3426 3216 3552 3281 666
3594 3197 3780 3263 Vous
3822 3195 4261 3264 declalrerons

2356 3302 2432 3349 ar
2474 3302 2510 3346 c
2597 3302 2637 3346 a
2682 3303 2808 3349 res.

2309 3301 2353 3365 p
2550 3304 2768 3485 66111116
2801 3367 2865 3467 le
2903 3374 3112 3450 temps
3147 3388 3274 3451 666
3307 3374 3531 3434 nostre
3564 3368 3736 3435 frere
3769 3366 3937 3435 dela
3964 3366 4180 3434 Garde
4204 3371 4258 3449 ¹)

2307 3452 4259 3638 εῖῃξπὲξθᾎῑῃεῑξῄὲῑῃῗᾞᾶ161366οῑ11ῑῖ6

2309 3621 2425 3688 dez
2469 3645 2788 3773 ennettrlnlys
2830 3623 3265 3709 domest1ques
3305 3623 3385 3690 (16
3408 3623 3636 3690 0111161
3671 3624 3956 3708 16666616
3987 3631 4260 3707 portans

2309 3729 2463 3774 nom
2520 3717 2588 3774 et
2680 3710 2828 3775 ‘tre
2884 3708 2966 3775 de
3008 3710 3349 3775 Ministres
3407 3707 3487 3774 de
3541 3709 3913 3794 l’Evangile
3968 3730 4053 3775 ne
4107 3717 4260 3776 sont

2309 3794 2458 3859 rien
2513 3795 2728 3861 moins
2792 3816 2918 3877 que
2973 3794 3129 3860 cela.
3219 3796 3319 3860 Le
3363 3792 3693 3880 Seigneur
3745 3816 3828 3860 on
3873 3795 4112 3863 vueille
4155 3816 4259 3862 re-

2352 3899 2556 3964 61361
2598 3900 2715 3946 666
2759 3878 3003 3965 Eglise.
3090 3878 3274 3947 Nous
3319 3900 3526 3947 avons
3626 3901 3733 3947 166
3794 3887 3862 3947 61
3904 3901 3990 3946 66
4031 3880 4260 3947 11111166

2308 3900 2392 4030 ge
2457 3985 2622 4031 nous
2685 3986 2824 4049 ung
2886 3965 3324 4050 personnaige
3388 3966 3578 4049 leque
3664 3966 3817 4033 bien
3870 3967 4263 4052 cognoisses,

2311 4072 2351 4116 a
2397 4050 2571 4135 pelle
2593 4050 2927 4117 Matthieu
2964 4051 3314 4131 Yssautier,
3359 4051 3525 4119 beau
3569 4052 3741 4117 frere
3783 4051 3871 4118 du
3913 4052 4265 4119 venerable

2318 4070 2618 4214 gustatio,
2661 4136 2878 4219 lequel
2922 4157 3113 4221 apres
3154 4138 3341 4204 avoir
3386 4134 3568 4227 [6616]
3615 4159 3656 4203 6
3697 4137 3764 4202 16
3807 4134 4075 4224 Synode
4117 4158 4267 4204 cen·

2311 4230 2464 4286 sure
2528 4221 2611 4287 (16
2675 4221 3004 4305 plusieurs
3068 4230 3214 4306 trop
3277 4221 3539 4288 lourdes
3594 4222 3852 4303 faultes,
3916 4231 4063 4289 1661
4127 4227 4264 4289 6’66

2313 4305 2483 4371 fault
2525 4306 2685 4390 qu’il
2725 4316 3021 4375 monstro
3062 4308 3339 4393 quelque
3381 4307 3858 4387 amendement,
3902 4329 4028 4392 666
4082 4308 4265 4392 plus-

2314 4400 2449 4459 tost
2525 4392 2773 4459 semble
2851 4392 3109 4461 vouloir
3177 4413 3428 4460 comme
3491 4414 3611 4478 par
3681 4393 3898 4479 despit
3960 4394 4261 4477 empirer.

2315 4478 2452 4545 Les
2510 4478 2716 4545 dictes
2779 4478 3018 4545 faultes
3072 4479 3292 4545 furent
3354 4478 3572 4546 telles:
3639 4499 3955 4565 ascavoyr
3997 4479 4267 4566 d’avoyr

2316 4562 2703 4630 administre
2743 4564 2811 4630 la
2844 4563 2915 4631 S.
2940 4563 3116 4630 0666
3160 4586 3202 4630 6
3243 4564 3417 4631 deux
3457 4584 3819 4648 personnes
3859 4565 4268 4647 priveement

2190 4640 2218 4661 ⁸
2316 4650 2550 4715 1616616
2593 4670 2680 4715 66
2719 4657 3050 4734 pax-avant
3090 4670 3358 4717 1666666
3402 4670 3487 4716 66
3531 4671 3787 4717 aucune
3829 4650 4077 4735 Eglise,
4126 4651 4266 4718 cela

2316 4755 2472 4801 sans
2529 4734 2891 4803 assemblee
2948 4735 3383 4820 quelconque:
3468 4733 3765 4821 D’avoyr
3807 4734 4117 4803 derechef
4150 4735 4268 4802 ad-

2314 4821 2619 4886 ministro
2660 4820 2727 4886 la
2746 4820 2926 4887 Oene
2969 4841 3011 4886 a
3052 4828 3234 4888 toute
3275 4842 3395 4887 son
3416 4820 3643 4906 Eglise
3688 4821 3803 4905 qui
3843 4831 3947 4888 est
3988 4821 4070 4887 de
4104 4824 4267 4890 trois

2315 4925 2402 4973 ou
2444 4914 2675 4992 quatre
2716 4927 2872 4973 cens
2913 4926 3271 4990 personnes
3294 4907 3496 4993 (Dieu
3538 4906 3700 4973 66611
3740 4907 3957 4991 666116
3998 4908 4267 4976 16(16666

2315 5160 4271 5289 ffl1)N.ffiPmilzma}demhn

2316 5232 3392 5373 zammeywffomddl.
3526 5269 3544 5288 ⁶
3671 5233 4269 5440 ereum
