4900 6125
283 425 404 491 433
717 437 732 476 α

283 616 684 679 tueusement
724 630 809 676 au
856 631 1011 677 nom
1055 609 1137 676 de
1173 608 1345 674 Dieu
1390 615 1459 674 et
1501 627 1621 691 par
1655 613 1849 674 vertu
1869 607 1966 676 ·de
2002 612 2229 673 nostre

282 697 818 782 combourgeoisie
853 696 908 782 jl
930 716 1099 762 vous
1134 693 1342 778 plaise
1375 694 1529 760 bien
1565 713 1758 778 peser
1789 694 1888 760 les
1926 695 2230 760 matieres

282 791 344 849 et
397 783 577 849 avoir
634 791 859 849 nostre
928 781 1233 847 honneur
1287 800 1540 846 comme
1596 779 1678 846 de
1722 801 1842 846 voz
1898 779 2230 846 tresehers

281 868 762 954 eombourgeois
819 876 888 935 et
947 868 1027 933 de
1084 875 1309 932 nostre
1366 865 1570 950 eglise
1627 887 1711 931 en
1768 865 1923 932 telle
1977 885 2228 932 recom-

278 954 645 1021 mandation
667 975 793 1038 que
829 975 909 1020 en
934 952 1263 1039 puissions
1282 953 1705 1036 congnoistre
1727 951 1948 1019 leffect
1976 971 2230 1019 comme

279 1042 465 1119 aussi,
501 1041 940 1124 magnifiques
959 1039 1265 1124 puissans
1290 1035 1776 1104 tresredoubtes
1798 1044 1865 1103 et
1900 1037 2231 1103 tresohers

276 1126 775 1211 combourgeois,
813 1146 1097 1193 sommes
1133 1124 1214 1189 de
1249 1131 1394 1189 tout
1427 1131 1651 1190 nostre
1685 1123 1968 1208 possible
2011 1129 2231 1207 presta

274 1234 435 1279 nous
470 1211 788 1295 emploier
821 1233 861 1277 a
896 1232 1058 1279 vous
1102 1210 1267 1276 faire
1310 1219 1459 1275 tous
1537 1209 1755 1276 laisirs
1790 1216 1861 1275 et
1893 1209 2232 1275 honneurs

274 1307 336 1364 et
368 1298 447 1363 de
481 1298 659 1382 prier
695 1299 867 1364 Dieu
902 1318 1067 1381 pour
1106 1295 1174 1360 la
1216 1305 1578 1379 prosperite
1620 1310 1686 1361 et
1729 1295 2230 1380 augmentation

274 1383 348 1450 de
402 1393 626 1450 vostre
670 1385 1071 1468 magnifique
1129 1389 1317 1448 estat.
1411 1380 1516 1446 De
1561 1380 1833 1448 Geneve
1888 1401 1962 1446 ce
2019 1379 2228 1464 lundy

273 1470 552 1553 premier
595 1469 674 1534 de
714 1469 952 1537 Julliet
982 1474 1036 1552 ¹)
1093 1472 1273 1532 1555.

1041 1758 1463 1767 ————

1156 2013 1344 2084 4177.

719 2166 1286 2252 QUEROULUS
1332 2166 1772 2234 OALVINO.

378 2431 392 2444 ⁶
438 2342 723 2444 Salutem
767 2343 826 2406 ei
867 2340 1020 2408 dicit
1073 2340 1320 2406 nomine
1369 2339 1682 2423 Geryonis
1725 2338 1965 2424 Seyleri
2008 2339 2230 2405 veteris

257 2450 470 2496 omncs.

560 2602 672 2666 (Ex
708 2597 1048 2667 autographo
1083 2596 1214 2652 Ood.
1252 2596 1455 2652 Gener.
1498 2595 1616 2666 109,
1650 2595 1742 2650 fol.
1780 2596 1926 2664 183.)

433 2774 705 2840 Eximio
774 2769 1023 2836 Christi
1090 2788 1282 2835 servo
1352 2770 1433 2834 D.
1499 2769 1580 2833 D.
1647 2769 1885 2833 Ioanni
1950 2766 2229 2834 Calvino

256 2860 681 2927 Genevensis
725 2856 1035 2923 ecclesiae
1082 2855 1325 2940 pastori
1372 2853 2055 3006 fidelissimcaenem·

431 3115 508 3183 S.
557 3117 639 3181 D.
715 3113 911 3195 Quod
975 3111 1093 3178 tibi
1172 3113 1438 3199 ignotus
1503 3111 1963 3179 excellentiam
2042 3118 2227 3177 tuam

251 3201 469 3268 literis
516 3199 937 3284 interpellare
982 3198 1211 3279 audet,
1279 3199 1447 3264 forte
1504 3199 1864 3277 mirabere,
1929 3198 2227 3263 omnium

246 3286 652 3356 doctissime.
742 3285 880 3352 Sed
937 3305 1138 3370 quum
1201 3283 1283 3349 ad
1339 3284 1579 3350 harum
1641 3283 1979 3349 literarum
2026 3285 2226 3349 finem

242 3373 539 3460 legendo
582 3371 968 3456 perveneris
1025 3372 1269 3436 factum
1316 3391 1536 3436 meum
1579 3368 1890 3436 audaciae
1935 3368 2223 3447 minime,

245 3470 326 3524 ut
361 3480 583 3544 spero,
620 3456 969 3524 adscribes.
1020 3457 1171 3522 Etsi
1195 3458 1372 3522 enim
1409 3464 1564 3521 ante
1586 3476 1794 3521 annos
1821 3454 2070 3539 aliquot
2092 3476 2228 3520 non

244 3547 396 3611 sine
446 3567 518 3610 m
655 3565 693 3609 o
739 3543 954 3609 fructu
1006 3541 1436 3626 coelestisque
1481 3540 1816 3607 doctrinae
1861 3540 2229 3607 accessione

243 3632 434 3697 omni
595 3630 944 3695 miratione
1012 3628 1230 3713 dignis
1307 3627 1727 3694 concionibus
1806 3627 1941 3692 tuis
2026 3625 2228 3705 adfui,

241 3719 456 3783 etiam
530 3714 854 3781 nonnulla
915 3736 996 3780 ex
1056 3712 1514 3779 eruditissimis
1582 3712 2032 3778 monumentis
2098 3713 2229 3779 tuis

241 3804 498 3880 evolvi,
547 3822 677 3866 non
723 3801 963 3866 idcirco
999 3807 1222 3865 tamen
1257 3807 1334 3865 ut
1371 3799 1455 3863 ad
1492 3810 1556 3864 te
1591 3799 1945 3864 scriberem
1989 3797 2229 3881 impul·

240 3910 360 3956 sus
407 3910 585 3955 sum.
677 3887 849 3952 Nam
895 3885 963 3952 id
1007 3905 1237 3950 omnes
1282 3887 1396 3968 qui
1455 3892 1523 3949 te
1577 3884 1858 3950 audiunt
1911 3884 1967 3949 si
2011 3883 2230 3951 facere

241 3977 688 4043 instituerent
721 3973 840 4036 vix
875 3971 1190 4055 temporis
1234 3970 1352 4035 tibi
1399 3970 1787 4054 praesertim
1833 3972 1904 4034 in
1949 3969 2230 4054 negotiis

243 4061 549 4127 maxime
608 4059 797 4123 seriis
855 4056 1361 4140 occupatissimo
1418 4055 1500 4120 ad
1555 4076 1783 4121 eorum
1841 4054 2229 4122 reserandas

240 4148 489 4214 literas
547 4144 710 4211 satis
765 4166 840 4209 su
890 4150 1159 4227 peteret.
1255 4142 1407 4207 Alia
1461 4142 1666 4226 igitur
1719 4142 1889 4207 ratio
1944 4150 2044 4206 est
2099 4163 2229 4225 qua

237 4233 372 4298 hoc
421 4241 721 4314 tempore
763 4231 834 4294 in
883 4237 1071 4296 uetus
1126 4248 1274 4293 sum
1319 4237 1394 4293 ut
1452 4228 1521 4292 in
1566 4228 1994 4311 gravissimas
2037 4247 2227 4294 occu-

237 4321 559 4402 pationes
603 4324 753 4381 tuas
796 4314 1304 4398 intempestivus
1351 4314 1518 4379 forte
1564 4316 2015 4397 irrumperem.

433 4402 748 4468 Amicitia
792 4421 990 4484 quam
1032 4401 1103 4465 in
1164 4399 1447 4466 comitiis
1493 4398 2086 4484 Ratisponensibus
2130 4407 2226 4464 te-

235 4512 398 4556 cum
451 4489 603 4554 iniit
636 4487 1044 4554 clarissimus
1079 4487 1186 4551 vir
1208 4487 1294 4551 D.
1319 4485 1595 4570 Geryon
1625 4484 1934 4569 Scylems,
1961 4486 2225 4569 Augus-

236 4586 455 4642 tanus
500 4573 790 4639 medicus
845 4571 1463 4649 excellentissimus,
1523 4592 1691 4655 quae
1733 4580 1964 4656 postea
2016 4571 2227 4636 literis

235 4662 508 4729 vestris
565 4659 739 4725 ultro
794 4660 1084 4742 citroque
1137 4656 1311 4724 datis
1367 4658 1779 4742 acceptisque
1836 4664 2226 4723 conservata

237 4758 350 4814 est
397 4756 604 4830 atque
648 4746 1065 4822 confirmata,
1112 4764 1190 4810 ea
1233 4745 1382 4827 ipsa
1423 4742 1491 4808 in
1537 4763 1736 4809 causa
1778 4753 1880 4808 est
1967 4741 2095 4809 uod
2140 4742 2222 4808 ad

235 4842 308 4900 te
333 4853 532 4899 nuno
564 4832 850 4898 scribere
874 4830 1170 4897 audeam.
1233 4831 1377 4914 Ego
1412 4830 1481 4895 in
1504 4828 1773 4895 aedibus
1798 4828 1882 4893 D.
1975 4829 2227 4912 eryonis

234 4941 412 5005 ago,
476 4918 557 4983 ab
602 4918 741 5001 ipso
784 4916 914 4982 huc
958 4914 1039 4981 ad
1085 4913 1520 4982 erudiendum
1566 4914 1774 4980 filium
1820 4934 2014 4980 suum
2060 4923 2222 4980 natu

233 5135 2046 5209 4170.1)Leuomdunoien'estpasbimlin'bb,naiaela

229 5209 1049 5277 nondumnepomaet
1233 5206 1494 5290 {edocta
1569 5205 2052 5262 &common

229 5298 354 5405 ¹1⁹3?
354 5275 997 5417 sauram&
1009 5274 1688 5415 &fatam
1720 5275 1952 5398 W
1974 5274 2135 5401 2:4¹.-
2173 5280 2224 5332 ‘³‘

472 5433 691 5489 Calvina·
734 5448 918 5502 opera.
997 5431 1116 5487 Vol.
1145 5429 1278 5487 XX.

1896 417 2686 488 SUPPLEMBNTUM.

4174 426 4309 489 434

2332 606 2658 673 minorem
2703 608 3060 674 Lausanna
3105 609 3479 675 accersitus.
3551 609 3739 688 Heri,
3784 630 3984 692 quum
4031 608 4112 677 de
4156 610 4309 676 lite-

2333 694 2427 758 ris
2465 692 2810 759 Genevam
2846 693 3188 761 mittendis
3221 716 3445 762 seeum
3466 699 3503 734 ⁵
3543 694 3750 761 verba
3782 695 4086 772 facerem,
4131 699 4307 763 serio

2331 778 2627 844 iniunxit
2668 787 2763 858 ut,
2853 800 3199 864 uacunque
3238 782 3491 847 ratione
3535 782 3679 847 fieri
3716 788 3952 865 posset,
4001 802 4306 848 curarem

2332 863 2683 948 diligenter
2747 886 2781 929 s
2850 874 3029 931 utem
3097 885 3218 931 suo
3274 865 3542 932 nomine
3602 866 3720 932 tibi
3780 865 4134 951 plurimam
4179 870 4305 934 im-

2331 949 2581 1034 pertiri,
2619 959 2816 1034 atque
2851 951 3213 1035 significari
3249 953 3634 1018 memoriam
3671 953 3768 1018 tui
3803 952 4094 1019 absentis
4128 952 4304 1038 apud

2331 1057 2402 1102 se
2446 1045 2763 1119 perpetuo
2798 1036 3024 1121 vigere
3058 1037 3600 1122 sanctissimeque
3635 1040 4033 1105 conservari.
4105 1037 4304 1121 Quod

2332 1121 2633 1205 equidem
2678 1121 2955 1207 ipsemet
2992 1122 3446 1207 significasset,
3489 1123 3548 1188 si
3582 1144 3705 1209 per
3737 1124 4000 1191 infinita
4036 1147 4079 1190 n
4168 1126 4307 1191 otia

2333 1206 2567 1290 quibus
2625 1215 2936 1291 perpetuo
2993 1207 3373 1293 implicatur
3430 1230 3702 1275 manum
3758 1209 4011 1276 calamo
4076 1231 4115 1275 a
4162 1232 4305 1277 mo·

2335 1313 2491 1359 vere
2534 1293 2844 1359 licuisset.
2918 1291 3245 1377 Sperabat
3280 1295 3542 1377 quidem
3589 1297 3729 1361 fore
3764 1305 3843 1362 ut
3885 1296 4061 1362 filius
4095 1297 4306 1362 maior

2334 1386 2496 1444 natu
2564 1399 2651 1444 ex
2711 1378 2934 1445 Gallia
2995 1378 3258 1446 rediens
3316 1389 3381 1446 te
3437 1381 3760 1450 inviseret
3814 1381 4304 1466 amicitiamque

2332 1473 2701 1530 renovaret.
2802 1463 2940 1531 Sed
2993 1464 3106 1531 ille
3165 1475 3429 1549 arrepta
3485 1466 3901 1533 induciarum
3960 1468 4306 1536 occasione

2332 1570 2451 1633 per
2497 1550 2933 1633 Antverpiam
2995 1552 3121 1617 iter
3176 1553 3421 1620 faciens
3466 1552 3550 1618 ad
3594 1574 3714 1619 nos
3768 1554 3916 1619 istis
3960 1553 4189 1620 diebus
4231 1575 4305 1620 se

2333 1636 2601 1719 recepit.
2711 1636 2989 1702 Iuvenis
3054 1645 3229 1704 certe
3306 1638 3593 1704 eximius
3616 1690 3632 1718 ,
3714 1637 3924 1703 multa
3988 1647 4054 1705 et
4117 1640 4306 1706 varia

2333 1722 2610 1788 scientia
2652 1730 2942 1800 ornatus,
2990 1722 3109 1788 tali
3151 1722 3476 1789 modestia
3509 1733 3575 1790 et
3619 1724 3974 1790 sobrietate
4017 1726 4308 1793 instruc-

2335 1815 2442 1873 tus
2486 1816 2564 1873 ut
2604 1807 2782 1873 inter
2804 1807 3177 1874 Germanos
3213 1810 3473 1893 aliquod
3510 1830 3655 1875 esse
3700 1817 4067 1877 monstrum
4111 1810 4305 1877 facile

2335 1892 2601 1959 dixeris.
2692 1894 2783 1958 Et
2828 1893 3001 1978 quod
3058 1896 3152 1959 rei
3196 1896 3625 1979 praecipuum
3682 1907 3885 1980 caput
3927 1905 4057 1972 est,
4116 1905 4306 1963 tanta

2333 1980 2580 2063 pietate
2625 2000 2701 2046 ac
2754 1981 2991 2046 timore
3034 1979 3165 2046 Dei
3224 1980 3561 2064 praeditus
3615 1989 3693 2046 ut
3747 2002 3786 2046 a
3845 1981 4307 2066 pulcherrimis

2334 2065 2894 2148 sanctissimisque
2958 2068 3255 2149 parentis
3320 2068 3425 2132 sui
3485 2068 3784 2152 vestigiis
3843 2088 3920 2133 ac
3984 2068 4306 2152 exemplis

2335 2150 2519 2216 nulla
2568 2150 2637 2215 in
2686 2172 2757 2215 re
2803 2151 3202 2236 degenerare
3248 2152 3568 2218 videatur.
3659 2153 3985 2220 Dominus
4029 2154 4189 2221 velit
4231 2155 4304 2220 in

2335 2256 2412 2301 eo
2476 2237 2791 2318 perficere
2836 2236 3008 2321 quod
3066 2238 3329 2321 incepit.
3420 2238 3564 2305 Hoc
3619 2260 3741 2323 ego
3799 2259 4065 2322 possum
4123 2261 4303 2307 asse-

2333 2342 2500 2397 rere,
2548 2321 2939 2406 religionem
2976 2325 3359 2406 papisticam
3401 2344 3643 2407 paucos
3678 2337 3815 2390 tam
3852 2345 4036 2391 acres
4079 2326 4304 2391 inimi-

2333 2426 2478 2483 cos,
2544 2419 2811 2491 tamque
2877 2409 3002 2476 sibi
3071 2409 3402 2475 hostiliter
3458 2410 3755 2476 infensos
3812 2411 3882 2474 in
3945 2409 4312 2477 Germania

2336 2492 2579 2558 habere
2622 2493 2834 2575 qualis
2877 2495 3019 2578 ipse
3064 2494 3325 2561 futurus
3368 2502 3488 2572 est,
3535 2495 3595 2561 si
3639 2495 3723 2560 ad
3767 2496 4053 2579 aliquam
4092 2496 4310 2583 digni-

2335 2586 2559 2657 tatem,
2605 2579 2676 2643 in
2714 2600 2847 2663 qua
2880 2580 3237 2646 maioribus
3282 2581 3592 2666 auspiciis
3631 2581 4032 2647 Antichristi
4078 2591 4311 2668 tyran-

2334 2663 2554 2729 nidem
2623 2663 3017 2731 labefactare
3081 2667 3290 2749 possit
3313 2718 3329 2745 ,
3409 2667 3608 2732 fuerit
3686 2676 3972 2735 evectus.
4077 2669 4311 2753 Itaque

2334 2771 2537 2834 quum
2582 2750 2713 2815 alia
2757 2751 2868 2816 via
2909 2772 3111 2835 quam
3163 2753 3306 2835 ipse
3359 2761 3746 2836 speraverat
3790 2753 3964 2819 filius
4020 2754 4308 2838 redierit,

2336 2843 2404 2900 et
2446 2836 2573 2902 hoc
2617 2844 2809 2919 pacto
2865 2857 2937 2903 se
2981 2839 3475 2921 exspectatione
3534 2860 3655 2905 sua
3701 2836 4023 2905 decidisse
4069 2840 4308 2919 videat,

2334 2922 2469 2986 iam
2532 2941 2650 3004 per
2714 2921 2944 2988 literas
3009 2923 3076 2988 id
3142 2925 3401 2990 efficere
3477 2932 3756 2991 conatur
3822 2924 3994 3008 quod
4062 2926 4309 3010 alioqui

2333 3006 2454 3073 filii
2523 3009 2896 3091 praesentia
2963 3009 3159 3096 longe
3226 3007 3632 3077 commodius
3697 3011 4038 3077 effecisset.
4153 3011 4309 3079 Non

2333 3094 2542 3179 igitur
2584 3094 2709 3158 erit
2755 3093 3043 3160 alienum
3092 3095 3175 3161 ab
3221 3095 3663 3175 humanitate,
3709 3097 4064 3181 prudentia
4108 3108 4307 3183 atque

2334 3179 2498 3245 adeo
2544 3181 2912 3245 constantia
2966 3193 3085 3248 tua
3127 3182 3300 3249 hanc
3359 3203 3518 3248 suae
3559 3183 3926 3250 voluntatis
3971 3184 4308 3269 significa-

2333 3265 2577 3330 tionem
2645 3265 2798 3331 boni
2866 3268 3204 3333 consulere
3223 3319 3238 3343 ,
3309 3274 3503 3353 teque
3568 3268 3795 3335 eodem
3861 3289 4023 3354 erga
4084 3271 4307 3354 ipsum

2333 3371 2476 3417 esse
2521 3350 2742 3416 animo
2787 3372 2914 3435 quo
2959 3352 3073 3418 ille
3115 3373 3275 3438 erga
3319 3362 3405 3433 te,
3462 3355 3585 3421 hoc
3629 3362 3750 3434 est,
3794 3355 3993 3439 longe
4037 3357 4305 3440 optimo.

2504 3437 2613 3502 Ex
2656 3437 2913 3520 imperii
2971 3437 3166 3505 rebus
3211 3439 3530 3505 nonnulla
3573 3439 3683 3505 hic
3740 3439 4023 3507 adscribi
4079 3462 4308 3509 ouras-

2329 3530 2462 3600 set,
2522 3521 2651 3587 nisi
2710 3532 2888 3589 certo
2932 3544 3321 3607 persuasum
3366 3524 3644 3591 haberet
3700 3527 3923 3592 omnia
3982 3528 4103 3593 tibi
4148 3549 4300 3595 cum

2331 3607 2415 3672 D.
2456 3607 2770 3675 Heinrico
2816 3608 3215 3694 Bullinyerm
3263 3610 3347 3675 ad
3392 3632 3586 3695 quem
3633 3611 3714 3678 de
3754 3612 3949 3679 rebus
3996 3613 4305 3679 omnibus

2329 3693 2656 3760 fusissime
2712 3695 2995 3761 scribere
3041 3695 3238 3771 solet,
3299 3718 3442 3762 esse
3497 3700 3887 3764 communia.
3980 3699 4305 3782 Superest

2329 3780 2535 3864 igitur
2579 3788 2656 3846 ut
2710 3791 2777 3845 et
2834 3802 2954 3847 suo
3013 3790 3079 3846 et
3124 3782 3241 3847 filii
3288 3803 3561 3867 meoque
3618 3785 3886 3849 nomine
3943 3786 4304 3868 plurimam

2328 3865 2439 3932 hic
2475 3865 2756 3932 salutem
2795 3887 3137 3950 apponam,
3185 3866 3536 3953 Deumque
3579 3869 3968 3953 suppliciter
4003 3892 4185 3937 orem
4230 3880 4307 3937 ut

2329 3951 2401 4015 in
2461 3951 2756 4017 omnium
2816 3951 3234 4018 ecclesiarum
3296 3975 3371 4021 ac
3428 3955 3843 4040 singulorum
3886 3955 4304 4022 Christiano-

2333 4058 2479 4101 rum
2527 4036 2878 4103 utilitatem
2925 4047 2991 4103 te
3036 4040 3224 4106 nobis
3270 4038 3520 4106 diutius
3565 4042 3824 4106 salvum
3869 4042 4303 4108 incolumem-

2331 4143 2460 4205 que
2503 4133 2864 4190 conservet.
2958 4124 3154 4203 Vale,
3201 4125 3306 4191 vir
3349 4134 3418 4191 et
3463 4125 3834 4193 doctissime
3879 4138 3945 4193 et
3988 4128 4301 4212 piissime.

2330 4212 2676 4295 Augustae
2720 4209 3215 4277 Vindelicorum
3263 4211 3475 4296 pridie
3517 4212 3667 4279 idus
3709 4212 3883 4279 Iulii.
3914 4216 3961 4290 ¹)

3064 4348 3517 4415 Excellentiae
3561 4358 3716 4416 tuae
3762 4349 4213 4418 deditissimus

3019 4435 3311 4501 Thomas
3354 4434 3732 4517 Querculus
3777 4434 4297 4520 Andegavensis.

2324 4602 2505 4657 4177.
2546 4604 2597 4671 1)
2638 4602 2753 4658 Gal.
2797 4604 2940 4659 Nov.
2986 4603 3119 4658 1554
3170 4605 3222 4659 G
3357 4624 3394 4660 n
3442 4604 3697 4676 Scyleras
3811 4607 3824 4619 “
3960 4622 4122 4661 ουσιαι
4171 4606 4301 4664 Gal·

2325 4674 2456 4727 m‘no
2490 4672 2959 4727 commendaverat
3024 4673 3100 4729 N.
3138 4621 3525 4745 ἳθέἔῖῗςυεω
3558 4675 3651 4729 ille
3684 4692 3721 4729 a
3757 4681 3955 4731 umen
3990 4692 4103 4731 non
4138 4676 4297 4733 vidit.

2328 4742 2454 4795 Iam
2498 4740 2615 4795 alia
2649 4743 2744 4797 via
2790 4757 2857 4796 ea·
2897 4741 2949 4795 G
3028 4744 3087 4796 ia
3124 4744 3432 4812 Auqustan·
3478 4743 3661 4797 rediit.
3735 4742 3955 4813 Scripta
4000 4760 4130 4815 erqo
4164 4746 4301 4802 hooc

2325 4816 2406 4864 cet
2453 4810 2695 4874 fortasse
2741 4827 2796 4866 a.
2852 4809 3005 4866 1555.
3102 4809 3404 4880 Querculus
3462 4808 3586 4881 ipse
3636 4818 3930 4896 antequam
3987 4814 4297 4884 Amata·

2324 4880 2533 4934 venerit
2568 4878 2910 4934 Lousamae
2943 4882 3409 4950 commorabatur,
3455 4888 3519 4936 ut
3562 4882 3683 4949 ipse
3726 4882 3817 4937 luc
3861 4883 4015 4937 dicit.
4092 4882 4301 4940 Poma

2323 4948 2510 5003 codem
2531 4946 3081 5085 Ιέἒιξίἰὶὶέξὲὲῗῗὶ)
3130 4956 3179 5004 σε
3223 4967 3259 5004 α
3303 4949 3706 5006 θσησοσπεὲὸω
3756 4951 4039 5007 Luteciam
4091 4954 4299 5008 missus

2323 5023 2406 5073 m
2437 5033 2493 5071 a.
2786 5058 2798 5072 .
3007 5059 3020 5071 .
3670 5060 3677 5067 .
