4900 6125
307 435 437 496 409

312 619 537 686 silium
604 627 907 685 nostrum
974 618 1100 685 fuit
1161 618 1513 685 formulam
1594 618 1781 684 vobis
1858 616 2105 684 dictare
2176 618 2284 684 cui

308 707 605 789 praecise
671 705 994 772 subscribi
1045 703 1391 770 vellemus.
1481 702 1665 771 Satis
1733 725 2061 789 superque
2119 711 2283 783 erat,

313 791 681 859 doctrinam
747 811 946 875 quam
1014 812 1097 857 ex
1163 791 1365 857 verbo
1417 791 1550 856 Dei
1616 801 1951 874 acceptam
2017 799 2287 856 tuemur

311 878 564 945 calculo
606 886 829 944 vestro
872 876 1156 960 probari.
1246 876 1479 959 Neque
1522 876 1843 961 agebatur
1877 897 2075 961 quam
2121 876 2285 942 dex·

313 974 418 1030 tre
460 964 568 1030 vel
614 972 849 1049 argute
905 984 947 1028 a
1003 963 1192 1029 nobis
1247 971 1544 1032 tractata.
1583 962 1773 1029 foret.
1862 962 2008 1028 Imo
2062 981 2287 1029 crassa

311 1058 383 1114 et
424 1052 606 1116 omni
649 1050 928 1116 artificio
970 1069 1181 1114 vacua
1224 1048 1530 1114 tractatio
1575 1048 1865 1115 ostendit
1921 1068 2056 1115 non
2102 1047 2284 1114 aliud

309 1137 516 1203 fuisse
558 1134 748 1201 nobis
786 1135 1195 1219 propositum
1243 1135 1371 1199 nisi
1415 1143 1488 1199 ut
1547 1155 1786 1218 pravas
1846 1134 2136 1201 hominis
2180 1155 2285 1200 ca·

309 1221 600 1288 lumnias
642 1219 992 1286 refutando
1035 1227 1350 1286 testatum
1388 1221 1575 1300 foret,
1620 1221 1791 1286 nihil
1825 1222 1957 1287 nisi
1994 1241 2080 1286 ex
2116 1242 2283 1305 puro

309 1308 498 1374 verbi
535 1306 666 1372 Dei
709 1308 891 1373 fonte
935 1307 1247 1372 haustum
1291 1327 1412 1372 nos
1448 1306 1695 1371 docere.
1769 1308 1862 1372 Et
1895 1327 2282 1391 rogaveram

310 1415 400 1460 ne
462 1394 648 1459 vobis
714 1413 918 1478 grave
962 1401 1136 1458 esset
1179 1393 1595 1477 magistratui
1639 1401 1865 1458 nostro
1889 1445 1904 1468 ‚
1972 1394 2156 1476 quasi
2202 1392 2283 1457 de

309 1501 388 1545 re
431 1500 606 1545 nova
670 1487 738 1544 et
780 1478 1072 1562 integra,
1136 1478 1294 1543 dare
1351 1499 1755 1561 responsum.
1846 1478 2282 1544 Metuendum

311 1587 445 1631 non
490 1572 664 1645 erat,
732 1585 879 1630 meo
922 1564 1193 1642 iudicio,
1266 1572 1341 1628 ut
1386 1584 1506 1629 vos
1563 1563 1889 1630 mendacii
1933 1565 2284 1648 quisquam

309 1662 636 1737 argueret.
708 1649 889 1731 Quid
935 1652 1113 1715 enim
1159 1650 1432 1734 cogebat
1473 1650 1769 1732 profiteri
1806 1650 1888 1715 de
1923 1671 2053 1732 quo
2090 1669 2284 1715 nemo

309 1735 728 1822 quaesierat?
816 1737 1029 1819 Atqui
1097 1736 1283 1800 vobis
1349 1756 1536 1801 secus
1604 1757 1745 1801 esse
1813 1736 2026 1802 visum
2094 1734 2283 1801 facile

309 1823 545 1909 patior.
636 1821 829 1903 Quod
889 1821 1277 1886 modestiam
1339 1822 1405 1886 in
1462 1821 1649 1886 nobis
1692 1832 1760 1886 et
1801 1820 2281 1888 humanitatem

309 1910 701 1975 desideratis
746 1908 902 1974 inde
946 1909 1189 1973 factum
1236 1928 1380 1973 esse
1424 1906 1831 1991 colligimus,
1877 1909 2033 1989 quia
2078 1906 2282 1972 literis

309 1996 556 2062 nostris
600 1995 820 2059 minor
862 2014 1056 2077 quam
1118 1993 1388 2060 decebat-
1446 1992 1670 2059 habita
1713 2001 1818 2059 est
1859 1994 2041 2059 fides.
2132 1994 2280 2060 Uti·

305 2103 468 2147 nam
513 2093 688 2147 esset
713 2081 1146 2163 Hieronymus
1189 2080 1295 2145 vir
1340 2101 1472 2144 non
1519 2080 1751 2156 malus,
1798 2079 2059 2162 qualem
2093 2079 2282 2145 vobis

304 2168 792 2253 praedicarunt.
880 2166 1192 2244 Utinam,
1241 2164 1416 2248 quod
1461 2164 1705 2231 videris
1751 2166 1816 2229 in
1863 2187 1939 2230 eo
1985 2165 2282 2230 animad-

305 2256 624 2328 vertisse,
715 2254 937 2318 omnia
1004 2252 1130 2317 Dei
1197 2252 1451 2336 gratiae
1518 2252 1855 2317 tribueret.
1969 2250 2104 2317 Sed
2173 2251 2282 2333 qui

303 2339 737 2424 tranquillam
782 2337 1122 2405 ecclesiam
1170 2336 1474 2402 seditiose
1517 2337 1830 2414 turbavit,
1877 2339 1987 2420 qui
2031 2335 2283 2401 exitiali

306 2426 580 2492 dissidio
626 2447 743 2490 nos
788 2424 1087 2490 scindere
1132 2431 1407 2490 conatus
1452 2432 1583 2498 est,
1649 2424 1762 2505 qui
1821 2429 1914 2487 ne*
1948 2424 2284 2487 levissima

309 2512 576 2597 quidem
625 2512 869 2577 iniuria
911 2531 1207 2593 unquam
1252 2517 1645 2593 provocatus
1680 2510 1859 2573 omni
1894 2508 2282 2591 probrorum

307 2619 556 2683 genere
600 2619 717 2662 nos
764 2598 1085 2673 oneravit,
1132 2597 1241 2679 qui
1282 2594 1544 2678 publice
1579 2595 1968 2659 criminatus
2004 2605 2103 2660 est
2139 2595 2282 2659 Deo

307 2684 738 2768 tyrannicum
783 2683 1130 2766 imperium
1179 2703 1217 2746 a
1261 2680 1451 2746 nobis
1495 2681 1742 2764 affingi,
1789 2682 1921 2745 imo
1955 2681 2281 2763 poeticum

305 2769 539 2835 Iovem
611 2768 915 2833 fabricari
972 2766 1101 2832 Dei
1165 2767 1338 2832 loco:
1426 2787 1575 2832 eum
1639 2775 1862 2831 vestro
1920 2766 2283 2849 patrocinio

310 2854 574 2920 defendi
621 2875 938 2939 perquam
985 2853 1346 2919 absurdum
1389 2862 1508 2918 est.
1577 2852 1790 2917 Porro
1834 2873 1919 2916 an
1967 2853 2092 2917 Dei
2131 2873 2283 2935 gra-

308 2943 448 3006 tiae
505 2941 756 3007 tribuat
813 2940 1037 3005 omnia
1096 2939 1204 3022 qui
1266 2938 1603 3020 aequalem
1650 2939 1953 3003 omnibus
1999 2940 2282 3022 gratiam

307 3027 536 3094 offerri
579 3025 797 3103 iactat,
845 3026 988 3092 eius
1031 3033 1254 3092 autem
1297 3024 1652 3091 efficaciam
1700 3046 1782 3090 ex
1829 3022 2030 3090 libero
2066 3024 2285 3091 cuius-

308 3135 442 3199 que
486 3112 758 3179 arbitrio
801 3112 1116 3196 pendere,
1164 3113 1276 3195 qui
1320 3111 1628 3177 omnibus
1672 3111 2042 3194 promiscue
2086 3110 2287 3176 corda

307 3221 555 3267 carnea
590 3199 732 3264 dari
769 3199 998 3282 garrit,
1042 3197 1170 3264 hoc
1205 3207 1306 3263 est
1341 3199 1591 3281 gratiae
1626 3198 1909 3280 capacia,
1946 3206 2024 3261 ut
2058 3206 2283 3262 autem

305 3286 464 3371 quis
499 3285 782 3370 gratiam
818 3284 1090 3365 recipiat
1125 3305 1208 3349 ex
1245 3283 1510 3367 proprio
1544 3284 1864 3366 cuiusque
1896 3303 2040 3348 esse
2075 3289 2283 3361 motu,

305 3374 458 3456 ipse
503 3370 746 3437 videas.
834 3370 917 3434 In
964 3389 1223 3434 summa
1284 3369 1492 3451 ipsius
1557 3390 1793 3435 causae
1855 3370 2287 3434 vehementer

309 3457 522 3535 dolet,
567 3476 703 3521 non
747 3455 1082 3521 meliorem
1130 3476 1274 3521 esse
1318 3456 1492 3519 inter
1534 3475 1656 3519 nos
1700 3476 2091 3521 consensum
2113 3506 2128 3533 ,
2176 3454 2283 3520 vel

309 3543 552 3608 saltem
597 3541 977 3624 pleniorem.
1068 3539 1402 3623 Obstupui
1444 3560 1603 3606 sane
1647 3562 1849 3623 quum
1915 3543 1982 3605 in
2029 3542 2160 3606 tuis
2207 3540 2284 3605 li·

309 3629 482 3694 teris
522 3626 832 3711 legerem,
880 3624 1154 3692 docendi
1198 3647 1410 3711 genus
1453 3647 1582 3708 quo
1624 3636 1776 3691 utor
1817 3627 2048 3692 multis
2093 3626 2286 3691 bonis

297 3714 473 3779 viris
528 3711 965 3796 disciplicere:
1034 3714 1229 3778 sicuti
1296 3722 1366 3776 et
1409 3712 1804 3796 Zuingliano
1849 3713 2284 3797 Hieronymus

293 3799 680 3865 offenditur.
770 3798 1096 3876 Obsecro,
1156 3797 1312 3880 quid
1372 3798 1588 3863 simile
1635 3798 1981 3882 Zuinylii?
2059 3799 2283 3864 Huius

293 3885 605 3962 libellus,
682 3893 760 3950 ut
837 3883 1249 3950 familiariter
1320 3885 1389 3947 in
1472 3885 1691 3949 sinum
1773 3894 1962 3950 tuum
2028 3883 2282 3967 loquar,

293 3982 444 4038 tam
491 3970 674 4036 duris
765 3969 1068 4036 aradoxis
1113 3970 1397 4035 refertus
1458 3979 1587 4048 est,
1653 3979 1732 4035 ut
1772 3969 2153 4054 longissime
2198 3970 2283 4035 ab

295 4081 388 4125 ea
431 4077 625 4140 quam
671 4078 709 4121 a
757 4055 939 4121 hibui
985 4055 1431 4121 moderatione
1498 4055 1714 4120 distet.
1804 4056 2071 4121 Novum
2116 4077 2282 4143 opus

299 4166 348 4209 a
393 4164 501 4209 me
543 4143 857 4226 promitti,
902 4142 972 4206 in
1019 4163 1145 4224 quo
1191 4142 1407 4206 Deum
1452 4162 1587 4206 non
1626 4163 1769 4209 esse
1804 4144 2056 4224 peccati
2093 4151 2282 4208 auto-

299 4250 454 4297 rem
499 4228 1085 4294 demonstrandum
1131 4228 1505 4310 suscipiam,
1551 4249 1684 4292 non
1731 4237 1909 4293 recte
1954 4229 2279 4311 interpre-

301 4326 492 4381 tatus
547 4335 635 4380 es.
725 4313 900 4378 Nam
954 4334 1160 4397 quum
1218 4313 1347 4378 ista
1403 4313 1735 4379 calumnia
1792 4334 1900 4378 me
1965 4315 2281 4397 impostor

307 4411 653 4487 gravaret,
721 4400 864 4466 eius
907 4398 1300 4464 refellendae
1344 4419 1542 4464 causa
1582 4399 1787 4465 obieci
1832 4398 2002 4482 quod
2047 4420 2281 4465 verum

305 4497 473 4567 erat,
519 4507 624 4551 me
668 4485 846 4551 edito
889 4485 1057 4551 libro
1101 4485 1261 4550 satis
1305 4494 1619 4550 testatum
1663 4505 1808 4551 esse
1841 4495 2164 4569 quantum
2199 4485 2282 4551 ab

299 4572 430 4641 illa
490 4572 898 4654 blasphemia
959 4571 1350 4637 abhorream
1415 4591 1611 4651 quam
1678 4591 1763 4636 ex
1820 4574 2111 4655 professo
2165 4594 2203 4637 o

299 4678 555 4745 pugno.
611 4658 894 4723 Librum
935 4677 1133 4741 porro
1176 4664 1408 4722 contra
1442 4656 1818 4723 Libertinos
1851 4657 2106 4740 pridem
2142 4593 2281 4723 edi:

303 4756 458 4811 tum
502 4752 732 4810 notare
775 4743 1035 4808 animus
1079 4742 1222 4807 fuit.
1294 4743 1386 4807 Et
1420 4750 1641 4807 tamen
1688 4741 1889 4809 huius
1933 4742 2282 4810 nebulonis

305 4830 698 4913 improbitas
742 4850 850 4894 me
893 4850 1035 4895 com
1083 4828 1211 4893 ulit
1267 4836 1342 4892 ut
1397 4847 1551 4892 mox
1610 4826 1930 4895 adversus
1977 4828 2281 4913 Piyhium

305 4915 722 4999 responsioni
767 4935 966 4997 quam
1056 4935 1092 4979 e
1127 4913 1727 4997 praedestinatione
1762 4928 1831 4979 et
1865 4914 2284 4997 providentia

305 5002 446 5067 Dei
491 5001 781 5067 restabat
824 5010 1207 5066 attexerem.
1297 4997 1375 5065 Si
1431 5019 1655 5066 errare
1711 4998 1830 5064 tibi
1878 5001 2132 5080 videor,
2202 5002 2280 5066 li-

305 5088 546 5155 benter
589 5085 707 5153 abs
749 5096 816 5151 te
853 5085 1107 5151 moneri
1150 5084 1382 5168 patiar.
1455 5083 1805 5151 Caeterum
1843 5106 1960 5151 cur
1994 5086 2281 5170 ingenue

305 5195 440 5241 nec
483 5172 973 5240 dissimulanter
1030 5171 1363 5256 proferam
1466 5169 1597 5235 uod
1650 5172 1818 5237 mihi
1886 5173 2116 5238 datum
2161 5182 2280 5253 est,

303 5259 582 5326 uberius
636 5259 768 5324 illis
823 5278 1278 5325 commemoro.
1431 5258 1794 5342 ieronymus
1836 5260 1975 5344 ipse
2019 5258 2281 5341 publico

303 5344 551 5413 iudicio
593 5347 663 5410 in
707 5344 1014 5411 exsilium
1059 5343 1309 5409 eiectus
1342 5352 1464 5408 est.
1537 5344 1953 5412 Ati-ociorem
1993 5366 2278 5428 poenam

1941 427 2731 498 SUPPLEMEN'I'UM.

4228 439 4362 498 410

2387 639 2511 684 nos
2575 626 2881 702 expetere
2946 617 3112 684 falso
3154 617 3422 703 quidam
3464 617 3770 685 maledici
3811 627 4223 703 sparserunt,
4289 629 4361 688 et

2386 704 2591 770 stulte
2634 702 2957 770 creditum
3002 712 3123 771 est.
3192 703 3520 771 Fallesius
3560 712 3806 786 noster,
3852 706 4237 788 praesertim
4273 708 4357 773 ob

2387 796 2693 856 curatum
2753 789 3034 856 ancillae
3096 810 3426 870 cancrum,
3485 789 3647 855 adeo
3690 811 3761 858 se
3804 790 4059 856 homini
4102 790 4360 859 addixit

2387 883 2468 941 ut
2509 875 2985 960 propemodum
3029 876 3395 942 fascinatus
3439 874 3653 942 videri
3688 885 3901 960 queat.
3976 877 4359 945 Molestiam

2388 981 2429 1027 a
2471 963 2663 1029 nobis
2707 962 2811 1028 vel
2856 963 3069 1045 primo
3115 962 3220 1028 die
3264 969 3574 1029 excutere
3620 983 3752 1028 non
3794 963 4031 1029 fuisset
4072 962 4357 1031 difficile.

2387 1046 2524 1114 Sed
2569 1049 2826 1132 piorum
2872 1049 3149 1114 fratrum
3197 1056 3433 1132 rogatu
3475 1068 3553 1114 ea
3594 1056 3779 1132 peste
3823 1069 4056 1134 agrum
4102 1071 4361 1134 quoque

2386 1134 2798 1201 Beruensem
2864 1155 3150 1219 purgare
3211 1133 3426 1200 studio
3491 1133 3636 1200 fuit.
3725 1134 3921 1202 Nunc
3965 1157 4169 1220 quum
4214 1158 4359 1203 am-

2386 1221 2659 1305 biguum
2703 1220 2811 1286 vel
2855 1220 3087 1286 saltem
3134 1239 3265 1285 non
3312 1219 3634 1303 liquidum
3679 1242 4067 1305 responsum
4112 1221 4358 1306 produ-

2388 1308 2496 1386 cit,
2534 1306 2857 1391 gloriatur
2889 1307 3131 1372 nebulo
3166 1327 3285 1373 vos
3322 1308 3528 1371 errori
3565 1327 3685 1372 suo
3721 1307 4091 1392 suffragari.
4161 1307 4359 1389 Quod

2388 1392 2470 1457 de
2537 1390 2913 1477 tragoediae
2978 1393 3166 1457 exitu
3231 1391 3541 1475 cupiebas
3583 1392 3729 1457 fieri
3773 1395 4037 1470 certior,
4101 1395 4357 1460 utinam

2387 1475 2456 1543 id
2499 1478 2571 1542 in
2615 1479 2990 1561 praesentia
3034 1477 3259 1543 liceret
3316 1485 3670 1560 praestare.
3761 1477 3898 1544 Sed
3955 1500 4357 1565 magnopere

2389 1562 2579 1629 fallor
2647 1563 2777 1629 nisi
2843 1563 3220 1647 propediem
3286 1563 3599 1643 audiatis,
3668 1564 4027 1648 praeludiis
4089 1573 4357 1631 tantum

2387 1649 2778 1731 quibusdam
2842 1649 2923 1714 ad
2983 1650 3265 1715 maiores
3323 1650 3553 1715 turbas
3608 1649 3967 1717 movendas
4013 1653 4185 1716 viam
4230 1651 4356 1717 sibi

2388 1755 2540 1800 eum
2586 1736 2920 1800 stravisse.
2994 1737 3345 1801 Caeterum
3384 1733 3466 1800 de
3505 1745 3719 1801 vestro
3756 1757 4065 1819 responso
4085 1738 4356 1822 ignosce

2388 1822 2444 1885 si
2490 1842 2572 1886 ex
2617 1821 2926 1886 interiore
2971 1822 3173 1887 animi
3216 1821 3351 1886 mei
3393 1842 3596 1887 sensu
3641 1823 3813 1905 apud
3857 1833 3924 1888 te
3966 1822 4171 1889 libere
4205 1844 4351 1889 sum

2387 1917 2805 1989 conquestus.
2896 1907 3044 1990 Ego
3090 1907 3260 1991 quod
3306 1927 3517 1972 meam
3565 1908 4124 1991 exspectationem
4184 1910 4357 1974 frus-

2391 1996 2550 2058 trati
2594 1994 2752 2058 estis
2796 1994 3124 2058 amicitiae
3161 2003 3428 2059 nostrae
3463 1993 3745 2058 libenter
3778 1994 4093 2059 condon0.
4161 1993 4362 2079 Apud

2388 2079 2551 2145 alios
2595 2076 2868 2162 perinde
2914 2078 3258 2146 dissimulo
3326 2100 3402 2145 ac
3446 2081 3501 2143 si
3569 2080 3732 2144 mihi
3793 2083 3971 2145 omni
4032 2102 4114 2145 ex
4173 2089 4361 2166 parte

2388 2165 2797 2232 satisfactum
2844 2172 3037 2231 esset.

2561 2251 2915 2317 Caeterum
2983 2253 3138 2334 quia
3201 2250 3429 2316 fratris
3494 2252 3627 2316 mei
3693 2273 3876 2319 socer
3928 2251 4235 2318 nonnihil
4277 2252 4359 2317 de

2386 2336 2526 2401 filio
2590 2358 2708 2402 suo
2771 2358 2963 2420 quem
3031 2337 3178 2402 istic
3246 2335 3445 2401 habet
3487 2344 3589 2402 est
3633 2338 3980 2416 sollicitus,
4046 2358 4243 2422 cogor
4286 2339 4360 2402 in

2388 2425 2530 2488 eius
2573 2424 2859 2507 gratiam
2904 2422 3025 2487 tibi
3069 2424 3309 2488 iterum
3357 2421 3677 2488 molestus
3721 2445 3879 2490 esse.
3966 2424 4193 2491 Unum
4231 2423 4358 2490 hoc

2387 2509 2505 2575 abs
2551 2520 2615 2573 te
2660 2510 2804 2575 eius
2848 2510 3110 2574 nomine
3145 2509 3573 2591 impetratum
3621 2511 3827 2592 cupio,
3874 2518 3951 2574 ut
3991 2510 4180 2593 pueri
4214 2530 4360 2575 ma-

2389 2596 2669 2679 gistrum
2720 2595 2800 2660 ad
2848 2603 2917 2660 te
2960 2614 3154 2660 voces
3214 2594 3422 2677 deque
3466 2594 3646 2661 illius
3693 2596 3987 2678 profectu
4030 2596 4356 2678 inquiras:

2390 2700 2468 2745 ac
2512 2681 2569 2746 si
2613 2683 3007 2765 comperias,
3072 2682 3281 2765 patris
3326 2701 3509 2763 spem
3556 2689 3622 2746 et
3665 2689 3897 2746 votum
3941 2682 4011 2747 in
4057 2702 4134 2746 eo
4176 2682 4359 2746 frau-

2390 2765 2567 2846 dari,
2633 2765 2794 2832 mihi
2841 2767 3057 2850 prima
3101 2787 3358 2850 quaque
3402 2767 3740 2833 occasione
3794 2768 4141 2853 significes.
4229 2765 4359 2833 Sa·

2391 2851 2610 2918 lutant
2661 2875 2780 2918 vos
2838 2873 3066 2918 omnes
3123 2862 3547 2936 peramanter
3609 2852 3897 2938 collegae
3961 2854 4112 2920 mei.
4200 2853 4359 2918 Meo

2391 2939 2590 3004 etiam
2658 2940 2924 3004 nomine
2988 2959 3062 3004 ro
3109 2960 3148 3003 o
3213 2947 3290 3004 ut
3344 2937 3702 3022 plurimam
3761 2940 4039 3006 salutem
4085 2938 4359 3022 reliquis

2391 3023 2704 3092 fratribus
2769 3024 2963 3093 dicas.
3055 2960 3386 3091 ssominus
3471 3047 3591 3093 vos
3657 3045 3887 3093 omnes
3951 3033 4216 3092 tueatur
4278 3045 4355 3092 ac

3161 3111 3482 3178 Genevae
3525 3111 3837 3180 Calendis
3881 3111 4113 3180 Octob.
4165 3115 4353 3177 1552.

3120 3249 3400 3316 Ioannes
3445 3250 3767 3318 Calvinus
3811 3271 3966 3317 vere
4008 3258 4181 3316 tuus.

2389 3119 2580 3198 regat
2636 3112 2873 3196 spiritu
2932 3133 3069 3179 suo.

3281 3796 3477 3867 4164.

2851 3950 3406 4020 VILLIERIUS
3451 3953 3892 4019 CALVINO.

2559 4120 2776 4189 Multa
2816 4123 3014 4189 tradit
3057 4129 3116 4188 et
3158 4124 3472 4190 teterrima
3514 4126 3591 4190 de
3632 4126 4066 4192 vexationibus
4096 4128 4355 4209 piorum

2382 4209 2456 4273 in
2504 4208 2731 4275 Gallia
2771 4214 3064 4293 regnante
3107 4209 3385 4275 Hemico
3431 4209 3537 4275 ΙΙ.

2410 4380 2523 4448 (Ex
2560 4380 2902 4450 autographo
2937 4380 3066 4435 eod.
3096 4381 3304 4435 Geuev,
3342 4379 3462 4445 109,
3496 4381 3593 4438 fol.
3630 4381 3734 4436 152
3766 4384 3885 4437 sine
3917 4384 4317 4453 inscriptione.)

2556 4551 2628 4619 S.
2674 4551 2762 4618 D.
2849 4554 2998 4619 Etsi
3056 4574 3192 4619 non
3237 4552 3467 4619 dubito
3511 4554 3671 4637 quin
3724 4554 3919 4621 amici
3979 4555 4352 4639 complures

2383 4639 2496 4705 alii
2541 4660 2768 4704 eorum
2812 4659 2979 4722 quae
3024 4639 3133 4706 hic
3191 4648 3519 4724 geruntur
3581 4640 3927 4707 certiorem
3973 4650 4040 4706 te
4082 4642 4349 4721 faciant,

2383 4724 2793 4791 observande
2856 4724 3022 4790 mihi
3088 4735 3306 4807 pater,
3395 4732 3465 4791 et
3527 4724 3841 4810 pleraque
3915 4746 4351 4811 praecurrens

2380 4812 2560 4876 fama
2601 4809 2895 4889 nunciet,
2941 4810 3144 4877 malui
3190 4820 3413 4876 tamen
3454 4811 3691 4889 inutili,
3735 4812 3929 4878 modo
3964 4834 4048 4880 ne
4080 4813 4351 4897 ingrato

2380 4896 2520 4977 tibi,
2566 4897 2910 4963 literarum
2955 4897 3169 4964 officio
3213 4896 3484 4982 defungi
3526 4918 3725 4981 quam
3767 4898 3933 4964 illud
3976 4899 4094 4966 abs
4135 4907 4202 4963 te
4243 4920 4350 4965 re-

2382 4981 2575 5067 quiri.
2664 4983 2846 5068 Ergo
2910 4982 3152 5049 ardens
3216 4981 3381 5048 illud
3446 4981 3837 5069 crudeleque
3916 4983 4270 5052 concilium
4293 4986 4349 5067 ¹)

2380 5223 2571 5280 4164.
2597 5223 2654 5290 1)
2691 5222 2772 5278 On
2809 5223 3035 5278 establit
3062 5224 3095 5277 i
3111 5223 3267 5278 Paris
3302 5239 3410 5279 une
3444 5222 3704 5280 chambre
3732 5224 4173 5306 exta-sordium
4204 5241 4349 5295 pour

2381 5308 3010 5433 {2232210233‘12033
3047 5294 3303 5433 &3⁶03
3317 5294 4213 5418 „adsmfflsstssfflmatf
4240 5294 4347 5433 1:0⁰:
