4900 6125
283 422 400 483 665
1696 419 2001 488 INDEX
2042 422 2134 488 Π.
2182 420 2876 490 EPISTOLARUM.
4185 421 4309 486 666

281 607 671 691 Accepimus
714 618 781 674 et
823 608 1106 694 legimus
1154 610 1340 674 2776.

276 692 665 777 Accepimus
707 693 841 760 iam
886 694 1127 760 alteras
1169 699 1311 755 301.

278 779 665 863 Accepimus
710 779 935 845 literas
960 779 1225 846 Calvini
1267 782 1412 841 366.

275 866 665 947 Accepimus
708 865 936 932 literas
979 867 1409 950 magistratus
1461 870 1640 930 1561.

275 951 670 1035 Accepimus
711 950 937 1018 literas
982 962 1214 1036 quarto
1256 950 1401 1016 Ian.
1456 955 1637 1017 1583.

274 1036 664 1120 Accepimus
707 1037 931 1104 literas
978 1047 1232 1104 vestras
1276 1059 1360 1103 ex
1399 1038 1611 1122 iisque
1634 1038 1822 1104 2939.

270 1123 664 1207 Accepimus
707 1123 933 1189 literas
975 1132 1231 1190 vestras
1273 1122 1559 1208 legimus
1605 1129 1786 1189 1561.

267 1210 663 1293 Accepimus
704 1230 825 1293 per
868 1210 1049 1274 hunc
1092 1208 1514 1275 tabellionem
1565 1215 1743 1272 1813.

268 1296 667 1381 Accepimus
710 1316 979 1361 rursum
1023 1294 1531 1378 explicationem
1586 1300 1764 1359 1266.

270 1382 602 1465 Accepisti
648 1388 723 1447 ut
765 1382 999 1465 opinor
1044 1385 1187 1442 534.

266 1466 575 1550 Acceptis
618 1467 1094 1550 posterioribus
1136 1466 1344 1532 literis
1398 1470 1576 1532 1018.

266 1553 577 1636 Acceptis
618 1554 751 1618 tuis
793 1552 1000 1619 literis
1044 1552 1241 1618 anxie
1292 1557 1474 1617 1185.

265 1641 441 1705 Acce
492 1640 577 1704 tis
619 1640 751 1705 tuis
794 1638 1006 1704 literis
1048 1639 1278 1704 vocavi
1326 1642 1469 1703 930.

263 1725 425 1791 Acci
476 1725 531 1789 it
574 1724 792 1809 aliqua
834 1746 918 1790 ex
963 1733 1150 1807 parte
1197 1726 1382 1788 2221.

262 1809 530 1877 Accidit
572 1809 739 1876 mihi
781 1807 952 1894 quod
996 1810 1286 1875 maxime
1317 1813 1501 1875 2995.

258 1896 527 1964 Accidit
571 1896 746 1980 quod
790 1897 1163 1963 metuebam
1205 1900 1388 1960 3993.

254 1982 525 2050 Accidit
566 1981 741 2067 quod
783 1981 953 2049 solet
987 1986 1133 2046 483.

254 2069 530 2136 Accidit
570 2067 742 2152 quod
787 2067 1167 2151 suspicabar
1216 2068 1403 2129 2342.

254 2154 581 2221 Accinxit
622 2175 693 2220 se
738 2153 959 2219 itineri
1007 2156 1192 2217 2495.

256 2240 508 2323 Accipe
552 2240 855 2322 exempla
898 2239 1319 2322 epistolarum
1359 2241 1545 2304 2310.

250 2326 508 2409 Accipe
552 2328 682 2391 iam
729 2334 797 2391 et
840 2346 1062 2391 meum
1110 2327 1294 2386 2406.

248 2412 511 2494 Accipe
554 2411 712 2495 quid
757 2410 916 2476 novi
960 2410 1270 2476 acciderit
1316 2415 1502 2474 3677.

246 2499 505 2581 Accipe
549 2495 816 2562 tandem
862 2495 1074 2562 nostri
1116 2495 1419 2578 colloquii
1460 2499 1646 2560 3579.

246 2583 566 2667 Accipies
614 2581 743 2648 huc
780 2581 1029 2647 dudum
1080 2585 1261 2644 1872.

245 2671 469 2736 Actus
516 2677 780 2734 nostrae
823 2665 1200 2751 tragoediae
1248 2671 1432 2731 3936.

244 2755 359 2821 Ad
407 2754 659 2820 amicos
704 2753 869 2819 nihil
915 2774 1205 2837 unquam
1255 2755 1439 2817 3607.

243 2840 359 2906 Ad
408 2838 742 2906 decimum
785 2847 1093 2906 octavum
1138 2838 1314 2903 Iunii
1356 2843 1500 2903 495.

240 2926 357 2992 Ad
406 2925 743 2992 decimum
787 2926 1092 3009 quintum
1136 2924 1278 2990 Cal.
1325 2923 1469 2991 Ian.
1518 2927 1706 2989 3322.

240 3011 357 3078 Ad
405 3032 491 3079 ea
534 3032 702 3095 quae
745 3032 877 3077 non
924 3018 1180 3077 tantum
1230 3013 1414 3076 3068.

239 3098 356 3165 Ad
403 3118 594 3165 meas
639 3096 992 3164 Decembri
1045 3101 1223 3158 1608.

240 3183 356 3251 Ad
403 3184 777 3251 orationem
823 3191 1110 3248 vestram
1159 3187 1347 3245 3334.

237 3271 353 3337 Ad
404 3270 718 3336 tabernas
762 3269 1089 3335 Alsaticas
1134 3272 1321 3332 3740.

236 3357 353 3422 Ad
404 3366 475 3421 te
524 3356 714 3420 mitto
734 3364 801 3420 et
826 3355 909 3421 ad
933 3355 1176 3420 Bezam
1211 3359 1397 3419 2968.

235 3442 352 3509 Ad
404 3453 561 3507 tuas
605 3440 829 3506 literas
873 3461 1037 3523 quas
1083 3445 1267 3504 3544.

234 3529 352 3595 Ad
404 3546 562 3593 tuas
606 3527 834 3610 paucis
877 3526 1040 3591 haec
1091 3532 1276 3589 1265.

230 3614 351 3680 Ad
398 3615 718 3679 Viretum
763 3612 910 3677 misi
969 3615 1145 3672 1468.

232 3700 348 3766 Ad
400 3720 532 3766 vos
575 3720 682 3764 me
724 3698 1116 3781 recepissem
1165 3700 1351 3761 3339.

230 3785 502 3872 Adegit
546 3784 753 3850 fames
797 3783 1134 3850 ecclesiam
1185 3787 1370 3846 3471.

229 3872 436 3938 Adeo
484 3870 729 3936 obruor
771 3878 849 3934 ut
893 3869 1005 3932 vix
1045 3872 1188 3931 903.

229 3958 500 4024 Adhuc
544 3965 853 4038 exspecto
896 3953 1051 4036 quid
1086 3954 1348 4019 Bernae
1393 3958 1537 4019 418.

227 4040 673 4110 Admiranda
719 4049 819 4107 est
863 4039 1261 4123 dispensatio
1306 4043 1494 4103 2899.

227 4127 634 4195 Admodum
680 4127 1161 4192 contristarunt
1204 4146 1309 4190 me
1356 4130 1541 4190 3839.

225 4214 632 4281 Admodum
677 4212 856 4278 dolet
898 4225 964 4276 te
1008 4231 1140 4275 non
1185 4210 1531 4277 advenisse
1577 4213 1721 4275 251.

222 4299 634 4367 Admodum
679 4319 838 4364 sane
882 4295 993 4361 diu
1036 4300 1219 4359 2993.

224 4385 636 4454 Admodum
681 4383 996 4449 sollicitus
1041 4405 1184 4447 sum
1236 4386 1420 4449 2808.

224 4471 641 4540 Admonitio
681 4479 748 4534 et
791 4467 1104 4535 correctio
1149 4472 1292 4530 580.

220 4560 521 4627 Adsunt
566 4556 720 4621 novi
763 4554 963 4638 legati
1008 4556 1151 4618 966.

221 4645 605 4712 Adventus
643 4639 960 4708 Olbrachi
1006 4644 1192 4706 2500.

222 4731 604 4797 Adventus
647 4736 800 4793 tuus
846 4726 1004 4791 dum
1050 4726 1302 4791 tamdiu
1350 4730 1494 4790 843.

220 4814 645 4884 Adversarii
688 4826 1014 4895 quaerunt
1057 4813 1364 4878 omnibus
1411 4814 1553 4875 231.

216 4900 694 4970 Adversarius
736 4898 848 4964 ille
891 4912 1125 4981 potens
1170 4901 1355 4962 3273.

219 4989 469 5057 Aedes
511 4996 659 5052 tuas
693 4987 1160 5068 occupavimus
1207 4988 1391 5046 2529.

216 5072 624 5161 Aegritudo
658 5081 773 5136 tua
808 5071 1123 5136 diuturna
1161 5074 1344 5132 3058.

214 5165 563 5248 Agnosco
609 5176 841 5223 verum
876 5156 943 5221 id
988 5178 1132 5222 esse
1176 5160 1358 5218 1344.

214 5252 386 5334 Ago
410 5244 673 5345 gratias
695 5240 984 5306 Domino
1007 5241 1177 5325 quod
1211 5245 1391 5304 1691.

216 5339 385 5418 Ago
426 5340 744 5415 ingentes
787 5327 1033 5413 gratias
1077 5327 1159 5393 (16
1201 5327 1470 5393 consilio
1517 5329 1702 5392 3281.

2344 613 2492 694 Ago
2535 611 2658 676 tibi
2704 611 2953 695 gratias
2996 608 3399 673 immortales
3442 612 3624 673 1041.

2339 697 2490 780 Ago
2533 695 2653 761 tibi
2697 697 2942 780 gratias
2987 715 3105 777 pro
3140 693 3308 758 libro
3355 696 3497 757 618.

2341 783 2489 865 Ago
2535 782 2654 847 tibi
2697 783 2945 881 gratias
2988 801 3152 864 quas
3195 801 3461 862 possum
3503 783 3691 845 3913.

2340 868 2488 951 Ago
2532 867 2653 934 tibi
2693 875 2999 951 ingentes
3036 865 3280 949 gratias
3324 868 3510 928 2423.

2340 954 2488 1038 Ago
2533 953 2656 1018 tibi
2699 972 2975 1037 magnas
3018 961 3083 1016 et
3126 959 3405 1035 quantas
3455 955 3636 1013 1741.

2254 1072 2261 1079 -
2338 1041 2488 1189 ᾖα
2531 1039 2653 1105 tibi
2698 1058 2989 1104 summas
3033 1038 3279 1122 gratias
3317 1040 3458 1100 627.

2426 1123 2794 1191 exandrum
2837 1123 3101 1190 remitto
3145 1126 3332 1187 3318.

2337 1211 2700 1295 Aliquanto
2743 1211 2954 1276 serius
2999 1210 3119 1274 tibi
3161 1208 3521 1292 respondeo
3566 1211 3709 1274 462.

2337 1295 2609 1380 Aliquid
2653 1296 2851 1362 huius
2894 1317 3016 1362 nos
3061 1315 3326 1360 rursum
3373 1298 3519 1361 865.

2336 1383 2609 1467 Aliquot
2651 1379 2881 1447 diebus
2926 1391 3078 1446 ante
3128 1384 3311 1443 1459.

2337 1468 2606 1552 Aliquot
2649 1466 3128 1552 propositiones
3173 1465 3292 1530 tibi
3330 1469 3475 1529 601.

2336 1552 2624 1619 Aliunde
2667 1574 2921 1637 quoque
2960 1552 3264 1618 audimus
3288 1555 3474 1616 3127.

2333 1639 2629 1704 Allatum
2671 1649 2772 1706 est
2813 1637 2896 1703 ad
2941 1659 3060 1704 nos
3112 1643 3298 1702 4078.

2336 1725 2603 1790 Allatus
2647 1736 2749 1790 est
2792 1724 2980 1790 nobis
3027 1728 3212 1787 3443.

2336 1810 2739 1895 Alloquutus
2782 1830 2932 1877 sum
2975 1817 3091 1875 tua
3134 1828 3332 1875 causa
3382 1813 3564 1872 1873.

2334 1896 2643 1962 Alterum
2685 1916 2770 1961 ex
2814 1895 2918 1960 his
2962 1895 3217 1961 duobus
3269 1898 3449 1959 1160.

2336 1982 2615 2067 Alysius
2657 2003 2870 2065 nuper
2915 2003 2954 2046 a
2996 2001 3105 2046 me
3151 1982 3388 2063 repetit
3436 1985 3618 2044 1184.

2335 2069 2609 2134 Amicus
2653 2066 2915 2151 quidam
2961 2088 3149 2132 meus
3196 2071 3339 2130 727.

2333 2154 2610 2220 Amicus
2648 2152 2914 2236 quidam
2958 2173 3093 2217 non
3142 2151 3434 2236 vulgaris
3483 2155 3667 2217 1610.

2337 2240 2677 2304 Ammiani
2722 2238 3146 2306 scholarchae
3191 2237 3517 2304 adventus
3570 2241 3753 2301 1844.

2336 2325 2605 2390 Amoris
2649 2326 2720 2389 in
2762 2346 2869 2390 me
2914 2324 3011 2389 tui
3058 2327 3244 2387 2355.

2336 2411 2446 2475 An
2485 2412 2620 2494 piis
2662 2410 2858 2477 liceat
2895 2414 3012 2471 617
3040 2409 3160 2476 bis.

2334 2495 2544 2580 Angli
2585 2497 2698 2562 isti
2744 2496 2901 2560 dum
2944 2496 3029 2560 ad
3075 2517 3190 2562 vos
3242 2500 3421 2558 1851.

2336 2583 2625 2647 Animus
2668 2590 2812 2648 erat
2853 2581 2933 2646 ad
2981 2591 3048 2646 te
3091 2581 3376 2647 scribere
3421 2585 3606 2646 2940.

2332 2668 2535 2733 Anno
2579 2667 2913 2752 superiore
2956 2688 3180 2733 mense
3224 2666 3370 2734 Oct.
3422 2672 3605 2733 1731.

2331 2754 2514 2819 Ante
2557 2753 2833 2820 biduum
2879 2752 3174 2818 redditae
3216 2764 3374 2819 sunt
3423 2758 3605 2817 1440.

2335 2839 2514 2904 Ante
2560 2839 2698 2904 dies
2742 2839 2994 2922 aliquot
3036 2838 3270 2920 scripsi
3317 2842 3505 2904 2847.

2336 2925 2516 2990 Ante
2560 2924 2725 2990 duos
2771 2945 3031 2990 menses
3075 2924 3428 3008 scripserat
3473 2928 3660 2989 2897.

2336 3010 2516 3077 Ante
2560 3031 2852 3077 mensem
2895 3031 3106 3076 unum
3154 3011 3340 3074 2959.

2336 3097 2516 3161 Ante
2556 3118 2814 3163 menses
2857 3097 3109 3180 aliquot
3143 3094 3388 3162 nostris
3424 3101 3569 3161 590.

2335 3183 2516 3247 Ante
2557 3204 2815 3248 menses
2858 3182 3104 3265 aliquot
3148 3183 3331 3247 venit
3382 3184 3559 3246 1725.

2335 3268 2512 3333 Ante
2555 3269 2777 3334 omnia
2819 3267 3136 3334 salutabis
3183 3272 3371 3332 4042.

2335 3354 2514 3420 Ante
2558 3363 2840 3438 quatuor
2885 3353 3025 3419 dies
3068 3352 3151 3417 ad
3190 3362 3254 3419 te
3281 3356 3466 3417 3084.

2333 3440 2513 3505 Ante
2556 3449 2839 3524 quatuor
2882 3439 3021 3504 dies
3064 3438 3297 3522 scripsi
3345 3443 3532 3504 3578.

2331 3528 2710 3609 Antequam
2753 3527 3116 3592 Lausanna
3158 3534 3430 3591 vocatus
3477 3527 3662 3590 2272.

2332 3611 2709 3695 Anmquam
2751 3611 2920 3676 mihi
2963 3609 3218 3676 reddita
3262 3615 3449 3675 3591.

2332 3697 2714 3781 Antequam
2759 3706 3017 3763 vestrae
3053 3697 3242 3762 nobis
3280 3700 3467 3763 3636.

2330 3780 2700 3848 Antonium
2746 3782 3224 3849 Franchesium
3271 3786 3412 3847 500.

2329 3868 2688 3951 Appellavi
2733 3876 2797 3934 te
2842 3868 2986 3934 heri
3034 3872 3222 3931 3406.

2331 3955 2580 4037 Appuli
2623 3956 2694 4019 in
2739 3953 2959 4019 aulam
3008 3958 3175 4015 3490
3202 3952 3316 4019 bis.

2332 4038 2580 4123 Appuli
2622 4040 2926 4105 sabbathi
2972 4044 3157 4104 3627.

2329 4126 2614 4208 Appulit
2658 4136 2812 4191 ante
2856 4144 3096 4208 paucos
3141 4125 3282 4190 dies
3326 4129 3510 4191 3373.

2205 4269 2219 4289 ,
2330 4210 2532 4294 Apud
2578 4210 2662 4275 D.
2711 4213 3080 4295 Martyrem
3131 4215 3317 4274 2448.

2328 4296 2530 4380 Apud
2572 4298 2940 4363 'sessanum
2987 4301 3133 4365 683.

2329 4382 2637 4447 Arbitror
2680 4383 3005 4465 aliquibus
3051 4392 3343 4450 vestrum
3401 4386 3536 4447 163.

2326 4468 2639 4533 Arbitror
2683 4467 3039 4535 Calvinum
3095 4473 3274 4532 1386.

2326 4552 2636 4619 Arbitror
2681 4574 2862 4620 meas
2907 4555 3132 4620 literas
3178 4559 3365 4619 3809.

2327 4639 2635 4704 Arbitror
2677 4650 2743 4704 te
2785 4639 3013 4705 literas
3057 4641 3382 4724 accepisse
3429 4644 3574 4702 499.

2323 4725 2632 4791 Arbitror
2672 4727 2792 4792 tibi
2833 4724 3123 4791 redditas
3166 4727 3368 4792 fuisse
3412 4728 3599 4790 3657.

2326 4812 2635 4876 Arbitror
2677 4811 2867 4877 vobis
2910 4811 3170 4877 abunde
3217 4817 3316 4877 48.

2325 4899 2717 4963 Aretissima
2754 4898 3168 4963 familiaritas
3215 4901 3358 4963 310.

2325 4981 2629 5049 Arduum
2675 4997 2775 5049 est
2818 4992 3151 5049 certamen
3200 4987 3383 5045 2836.

2325 5070 2766 5154 Argentinam
2810 5069 3056 5135 relictis
3098 5071 3377 5136 Parisiis
3424 5072 3525 5134 23.

2324 5156 2766 5239 Argentinam
2813 5156 2969 5220 veni
3022 5159 3202 5220 1192.

2328 5241 2646 5307 Arianam
2690 5241 2993 5307 haeresin
3041 5245 3229 5305 3288.

2325 5328 2687 5393 Audieram
2730 5328 2990 5411 saepius
3036 5330 3221 5393 2964.
