4900 6125
287 440 394 508 18⁷

282 625 508 694 iubent.
587 622 1041 711 singulariter
1073 629 1294 690 autem
1332 621 1710 692 Ionvffleum
1748 629 2050 692 nostrum
2092 624 2218 691 hu·

281 710 643 778 manissime
684 709 1019 778 salutabis.
1107 708 1283 776 Vale
1325 717 1685 777 aeteruum.
1767 710 2097 777 Dominus
2151 716 2221 776 te

281 796 454 864 nobis
516 794 629 862 diu
694 796 1090 865 incolumem
1156 802 1396 864 servet
1482 796 1715 882 'Piguri
1768 800 1872 864 22.
1929 795 2221 882 Augusti

286 884 455 948 1563.

1378 1019 1562 1087 mnus
1601 1018 2047 1105 samagam.

1030 1312 1441 1324 -————

1144 1564 1347 1636 4010.

696 1717 1314 1789 GRINDALLUS
1359 1719 1544 1788 ΖΔΝ
1546 1718 1795 1788 omo.

773 1890 929 1976 Quid
980 1891 1059 1958 de
1106 1891 1560 1975 monrium
1615 1892 1754 1959 eius
1807 1892 2223 1975 Auqustanae

267 1975 429 2058 sacta
458 1976 709 2057 micet,
744 1997 812 2045 se
844 1974 1098 2044 Calvini
1130 1977 1443 2044 Minium
1475 1997 1681 2043 suum
1701 1977 1907 2060 facere
1938 1981 2220 2058 astatur,

265 2063 613 2130 moero
667 2067 741 2129 at
792 2062 889 2130 vel
941 2062 1933 2131 iaaadvoesariioontentisint
1984 2061 2218 2145 futuri.

533 2233 651 2300 (nx
683 2232 911 2290 zmohfi
944 2232 1088 2304 epp.
1121 2233 1277 2288 'rom
1314 2232 1464 2290 vm.
1502 2234 1563 2290 P.
1599 2235 1677 2291 11.
1712 2252 1766 2306 p.
1801 2232 1949 2300 ιω.)

425 2402 498 2472 S.
539 2404 628 2472 D.
718 2403 913 2487 Quod
970 2411 1107 2470 tam
1173 2405 1433 2505 copiose
1497 2403 1584 2470 ad
1645 2424 1754 2468 me
1817 2403 1899 2470 de
1966 2403 2219 2471 dissidii

261 2491 459 2555 vestri
512 2491 984 2575 compositione
1041 2491 1379 2574 scripsisti,
1435 2490 1798 2558 clarissime
1839 2489 1924 2555 D.
1966 2489 2220 2559 Doctor

258 2575 518 2657 Zamhi,
583 2577 834 2662 gratias
887 2596 1043 2661 ago:
1112 2576 1288 2660 quod
1348 2584 1567 2643 autem
1626 2577 1814 2659 petis,
1870 2584 1948 2641 ut
1996 2596 2217 2643 meam

259 2661 668 2745 aliorumque
720 2662 1082 2728 amisorum
1134 2671 1400 2729 tuorum
1456 2662 1852 2730 sententiam
1894 2683 1977 2727 ea
2018 2659 2100 2728 de
2141 2682 2217 2728 re

256 2747 684 2848 perscribam,
729 2746 817 2848 ‘id
875 2746 1017 2848 boc·
1068 2757 1363 2849 tempore
1424 2748 1621 2833 plene
1658 2755 2014 2849 ‘praestare
2077 2764 2215 2848 non

253 2835 963 3018 ..ffifflfffuzssm
975 2831 1254 3003 ἐξὲξ
1296 2842 2055 3020 ffiffffimmss
1910 2831 2216 2984 ¹¹⁰⁰&

254 3002 450 3087 Quod
495 3003 582 3071 ad
623 3023 733 3071 me
776 3012 1036 3084 attinet,
1093 3011 1357 3071 tantum
1402 3006 1619 3072 tribuo
1708 3012 1894 3071 letati
1937 3023 2015 3069 ac
2102 3025 2215 3069 ru-

254 3089 513 3157 dentiae
566 3097 753 3169 tuae,
807 3098 887 3156 ut
940 3089 1023 3155 de
1077 3090 1381 3157 omnibus
1437 3090 1681 3156 actioni
1722 3110 1803 3156 us
1857 3090 1993 3154 tuis
2044 3025 2215 3156 gene

251 3177 554 3243 sentiam.
646 3174 917 3243 Accedit
970 3175 1171 3241 etiam
1228 3177 1354 3253 (uti
1398 3178 1524 3256 ais)
1565 3176 1653 3242 D.
1699 3173 1956 3253 Calvino·
1996 3174 2217 3242 calcu-

252 3259 371 3339 lus,
406 3263 525 3346 qui
558 3261 1108 3345 subscriptionem
1142 3268 1347 3341 tuam,
1384 3282 1536 3328 cum
1570 3260 1703 3328 illis
1735 3259 2218 3328 conditionibus

250 3354 318 3412 et
357 3347 863 3432 exceptionibus
904 3346 1311 3432 approbavit,
1364 3345 1538 3431 quod
1578 3368 1688 3413 me
1729 3346 2017 3413 multum
2058 3366 2216 3413 con·

249 3433 487 3501 firmat.
576 3433 755 3499 Nam
808 3432 986 3499 illius
1041 3430 1285 3499 iudicio
1334 3432 1619 3499 multum
1675 3431 1853 3500 soleo
1904 3432 2216 3498 tribuere.

248 3516 397 3585 Hoc
432 3540 651 3586 unum
689 3526 931 3595 metuo,
974 3537 1061 3584 ne
1093 3518 1347 3602 priores
1379 3517 1761 3596 adversarii,
1804 3517 1937 3584 uisi
1978 3524 2054 3584 tu
2095 3516 2220 3585 tibi

247 3604 318 3668 in
380 3605 538 3671 istis
615 3603 1081 3672 controversiis
1158 3603 1495 3670 silentium
1534 3624 1825 3704 ‘prorsus
1896 3603 2218 3704 indixeris

246 3689 457 3842 iffi}
481 3691 682 3843 «ἐξ
722 3698 1698 3875 ἓίῗῌέῳῗῗέωᾶθῖὲῖἑ)
1720 3688 2219 3843 ζὲῒέἲὶἳῗέ

245 3862 582 3944 positione
624 3862 904 3945 gradum
957 3860 1085 3927 sssn
1137 3867 1402 3927 struant
1444 3859 1531 3926 ad
1570 3882 1779 3928 novas
1830 3861 2063 3929 turbas
2104 3882 2221 3928 ex-

245 3947 572 4027 citandas,
638 3967 716 4012 ac
779 3954 924 4012 tum
987 3945 1355 4030 simplicem
1416 3946 1987 4031 subscriptionem,
2051 3966 2221 4031 quae

244 4030 463 4099 literis
497 4033 888 4117 consignata
920 4041 1043 4116 est,
1076 4039 1390 4117 urgeant:
1435 4035 1848 4117 exceptiones
1880 4053 2040 4101 vero
2073 4032 2221 4099 illas

243 4130 312 4182 et
374 4120 911 4203 protestationes,
976 4138 1145 4202 quae
1207 4119 1368 4185 viva
1432 4138 1590 4186 voce
1665 4126 1933 4185 tantum
2008 4119 2221 4186 factae

243 4214 425 4285 sunt,
473 4225 615 4271 non
668 4213 1042 4289 agnoscant.
1132 4200 1271 4270 Sed
1314 4203 1397 4269 de
1449 4204 1691 4271 futuris
1747 4205 2073 4272 incertum
2117 4211 2222 4270 est

242 4288 605 4357 iudicium:
651 4310 732 4356 ea
772 4290 793 4355 i
847 4290 978 4356 ‘tur
1008 4287 1301 4355 Domino
1344 4289 1898 4370 commendemus,
1942 4291 2055 4374 qui
2097 4289 2221 4357 tibi

244 4376 455 4442 etiam
500 4382 668 4455 (non
711 4310 968 4452 duffito)
1010 4395 1086 4441 os
1129 4383 1197 4442 et
1251 4376 1640 4459 sapientiam
1684 4373 1883 4457 dabit,
1932 4377 2042 4443 cui
2083 4396 2221 4443 non

238 4468 566 4543 poterunt
605 4461 916 4528 resistere
958 4460 1324 4527 adversarii
1367 4461 1684 4529 veritatis.
1759 4461 1933 4528 Vale
1975 4462 2046 4528 in
2081 4462 2221 4529 Do-

241 4548 429 4613 mino
477 4567 684 4633 quam
722 4546 989 4631 optime.
1058 4546 1166 4613 Ex
1199 4546 1576 4614 suburbano
1610 4567 1759 4614 meo
1790 4546 2222 4616 Iubalmiensi

243 4630 329 4697 ad
370 4634 595 4719 ripam
638 4632 1037 4700 ‘Pbamensis
1080 4635 1183 4699 23.
1229 4634 1519 4718 August.
1571 4636 1755 4699 1563.

1396 4769 1581 4838 'suus
1620 4768 1693 4836 in
1736 4768 1939 4838 Ohns‘
1939 4779 2008 4837 to

1283 4852 1679 4923 Edmundus
1721 4854 2115 4926 Grindallus

1272 4940 1560 5027 Episcop‘
1559 4963 1641 5009 us
1673 4941 2140 5012 Londinensis.

1962 437 2130 505 156⁸
2168 433 2567 506 AUGUST.

4152 440 4282 506 188

3205 621 3396 693 wll.

2749 774 3260 845 WOLPHIUS
3305 774 3854 845 LISMAMNO.

2495 945 2602 1015 De
2656 945 2861 1015 mbas
2913 947 3282 1033 domat-‘06⁸
3319 948 3395 1014 in
3437 946 3706 1015 folonia
3757 947 3855 1014 ita
3908 947 4169 1016 aem
4207 953 4284 1014 ut

2317 1033 2509 1118 facile
2558 1033 2864 1120 saeuiqat
2915 1034 3157 1117 aliquis
3210 1034 3427 1116 ipsum
3477 1033 3929 1101 ΒΜ
3761 1033 3778 1047 “
3978 1054 4024 1101 a
4084 1033 4284 1101 Turi·-

2325 1291 2440 1358 (Ex
2474 1290 2792 1362 apographo
2824 1290 2970 1414 1213&
2992 1291 3107 1413 εἰν.
3143 1290 3427 1415 Τὲιῖἑῗπᾙ.
3435 1289 3565 1414 vgi-
3581 1290 3715 1414 011ξέ
3724 1290 3887 1426 ›Epp
3905 1290 4032 1348 Vol.
4045 1289 4149 1346 vl.
4183 1290 4282 1346 fol.

2321 1651 2410 1664 —
2444 1615 2646 1698 Quod
2679 1616 2762 1682 de
2795 1615 3097 1686 libertate
3129 1623 3201 1682 et
3231 1615 3687 1701 progressibus
3707 1614 4044 1684 doctrinae
4076 1633 4281 1682 evan-

2322 1701 2573 1789 gelicae
2623 1700 2857 1770 scribis
2891 1706 2945 1780 ¹)
2993 1711 3382 1787 pergratum
3421 1722 3666 1786 perque
3719 1700 4084 1770 iucundum
4127 1720 4282 1786 cog·

2322 1788 2472 1856 nitu
2513 1787 2674 1854 fuit:
2733 1787 2851 1854 sed
2893 1808 3127 1855 rursus
3179 1788 3368 1854 triste
3411 1794 3479 1854 et
3519 1786 3826 1854 acerbum
3881 1786 4065 1867 illud,
4110 1786 4284 1871 quod

2322 1894 2552 1942 eorum
2626 1873 2740 1958 qui
2803 1874 3197 1958 profitentur
3258 1872 3677 1958 evangelium
3757 1871 4152 1940 factionibus
4212 1871 4285 1937 id

2321 1965 2670 2044 tantopere
2710 1958 3126 2043 impediatur.
3211 1958 3404 2041 Quae
3455 1958 3651 2042 culpa
3692 1956 3776 2024 ab
3830 1958 3917 2024 iis
3960 1958 4076 2041 qui
4126 1956 4286 2024 inde

2326 2044 2410 2112 ad
2450 2066 2574 2112 nos
2616 2045 2919 2112 scribunt
2943 2049 3001 2125 ²)
3041 2045 3258 2112 omnis
3298 2044 3373 2110 in
3405 2043 3835 2111 Blandratam
3866 2053 3936 2109 et
3974 2042 4286 2111 acuatum

2324 2132 2688 2197 coniicitur.
2797 2130 2943 2197 Hos
3007 2130 3184 2197 enim
3249 2130 3550 2197 scribunt
3623 2129 4038 2214 blasphemos
4097 2128 4286 2194 Arrii

2323 2236 2581 2284 errores
2642 2216 2844 2283 isthic
2897 2216 3266 2283 suscitasse.
3356 2220 3447 2282 Ac
3501 2235 3878 2300 quanquam
3919 2213 4286 2281 Blandrata

2322 2303 2415 2370 sit
2456 2302 2737 2369 astutior
2778 2309 2850 2369 et
2881 2311 3060 2370 certe
3097 2308 3177 2368 ut
3217 2302 3428 2368 fertur
3467 2322 3803 2368 venenum
3843 2320 4038 2368 suum

2323 2396 2548 2455 tamen
2590 2409 2674 2456 ex
2718 2389 2860 2455 eius
2897 2408 3018 2472 pro
3139 2386 3447 2454 itionibus
3468 2385 3623 2472 quid
3669 2388 3911 2453 sentiat
3951 2405 4088 2452 non
4131 2386 4282 2452 obs-

2320 2495 2480 2542 cure
2541 2473 2891 2559 colligitur.
3049 2494 3178 2539 uae
3218 2474 3421 2539 etiam
3461 2473 3647 2559 prius
3681 2472 4000 2539 Genevae
4042 2471 4285 2538 erroris

2320 2560 2466 2627 eius
2505 2559 2753 2626 indicia
2793 2557 3191 2643 praebuerit,
3238 2557 3563 2635 Calvinus,
3600 2557 4018 2643 Bullinyems
4059 2562 4129 2624 et
4167 2556 4283 2623 alii

2322 2644 2574 2711 dudum
2614 2644 3012 2712 indicarunt.
3079 2645 3310 2729 'Buque
3344 2666 3453 2711 eos
3491 2643 3616 2714 hoc
3647 2643 3794 2729 ipso
3828 2643 4038 2709 solum
4073 2643 4283 2710 offen·
4329 2708 4333 2712 4

2321 2730 2508 2810 disti,
2576 2728 2748 2815 quod
2814 2730 2877 2796 ei
2940 2729 3159 2796 locum
3224 2732 3295 2796 in
3361 2729 3637 2797 ecclesia
3702 2727 3961 2796 dedisse
4024 2727 4282 2796 diceris.

2322 2815 2479 2898 Qua
2521 2816 2603 2883 de
2643 2837 2719 2883 re
2759 2817 2844 2883 D.
2896 2815 3152 2884 Trebius
3205 2816 3327 2882 tibi
3380 2835 3600 2884 coram
3643 2815 3840 2899 plura
3890 2834 4283 2882 commemo·-

2318 2900 2512 2968 rabit.
2535 2905 2591 2980 ⁸)
2656 2901 2829 2968 Oum
2868 2920 2947 2968 eo
2982 2903 3202 2986 copias
3243 2909 3393 2969 tuas
3428 2900 3743 2969 adversus
3778 2899 3904 2968 hoc
3938 2899 4285 2967 hominum

2320 3007 2532 3073 genus
2594 2994 2673 3053 ut
2748 2988 3112 3073 coniungas
3173 2995 3242 3054 te
3302 2986 3731 3055 vehementer
3806 2987 4005 3053 etiam
4083 2994 4284 3071 atque

2320 3074 2518 3140 etiam
2562 3093 2746 3159 rogo,
2788 3095 2877 3139 ne
2919 3080 2988 3140 et
3021 3074 3336 3141 damnum
3376 3075 3594 3140 maius
3626 3073 3823 3139 detur
3864 3072 4177 3141 ecclesiae
4218 3079 4289 3139 et

2318 3160 2535 3243 turpis
2590 3158 3029 3228 contumeliae
3093 3167 3251 3227 nota
3304 3158 3643 3226 doctrinae
3697 3159 3908 3225 bonae
3959 3160 4281 3225 inuratur.

2319 3244 2466 3311 Our
2505 3265 2640 3311 non
2681 3246 2905 3328 potius
2958 3245 3278 3333 symbolis
3329 3245 3566 3331 priscis
3621 3244 3876 3312 statur?
3965 3243 4108 3310 Our
4150 3263 4284 3310 non

2319 3330 2606 3398 usitatae
2645 3331 2923 3414 phrases
2978 3331 3397 3398 retinentur?
3485 3330 3628 3398 Our
3669 3350 3802 3397 non
3846 3330 4060 3415 posita
4100 3336 4169 3396 et
4209 3330 4283 3395 in

2319 3415 2503 3482 aliud
2559 3424 2824 3502 tempus
2881 3415 3285 3483 commodius
3340 3416 3545 3483 dilata
3602 3418 3698 3483 rei
3755 3416 3935 3483 illius
3993 3416 4283 3500 exquisi-

2319 3502 2516 3581 tione,
2573 3508 2859 3587 papatus
2901 3503 3118 3587 potius
3160 3502 3528 3570 coniunctis
3570 3503 3772 3587 copiis
3814 3499 4282 3587 expugnatur?

2320 3587 2423 3655 Ac
2475 3589 2532 3654 si
2984 3589 3328 3674 negotium
3388 3588 3672 3655 facessat
3735 3587 4047 3655 ecclesiae
4063 3638 4082 3668 ,
4146 3606 4282 3653 non

2318 3693 2485 3757 opus
2528 3681 2630 3739 est
2669 3671 2861 3740 nobis
2903 3674 3223 3742 adversus
3266 3675 3445 3740 hunc
3490 3673 3697 3740 armis
3742 3672 3935 3740 Arrii.
4003 3672 4157 3755 Qua
4199 3671 4282 3736 de

2318 3778 2395 3825 re
2435 3758 2739 3842 pluribus
2781 3758 2868 3825 ad
2924 3767 2991 3826 te
3034 3758 3257 3827 verbis
3298 3767 3496 3825 antea
3535 3759 3769 3844 scripsi
3808 3795 3893 3807 —
3938 3792 4021 3805 -
4065 3795 4154 3807 -
4195 3791 4282 3804 ·-

2324 3879 2401 3893 —
2454 3883 2532 3895 -
2581 3881 2667 3895 -
2710 3881 2796 3893 -
2839 3846 3074 3931 Tiguri
3117 3849 3220 3912 23.
3267 3845 3576 3932 Augusti.

3208 3983 3494 4050 Ioannes
3537 3980 3896 4066 Wolphius
3935 3987 4108 4048 tuus.

3792 4268 4095 4325 ‚Nomas

3459 4344 3471 4355 .
3530 4346 3696 4398 m
3923 4341 3934 4353 .

2530 4408 2568 4464 3
2628 4377 4282 4477 flmmmm-mkw

2323 4477 3365 4551 lucau-ammonis.

2321 4272 2506 4329 4011.
2537 4274 2559 4324 1
2632 4271 3692 4409 erw·oe
