4900 6125
307 390 412 454 513

303 574 414 642 His
467 571 634 640 enim
697 570 899 638 simul
960 571 1268 638 omnibus
1331 570 1546 656 plagis
1602 570 1917 639 miserum
1962 570 2225 638 Galliae

301 678 546 745 regnum
592 679 632 724 a
674 658 964 724 Domino
1006 678 1143 723 non
1186 667 1324 723 tam
1365 657 1636 724 videtur
1674 659 1982 742 castigari
2026 678 2225 741 quam

302 746 375 812 ad
409 744 910 810 internecionem
953 742 1177 810 deleri.
1259 742 1396 810 Sed
1442 753 1666 810 tamen
1709 744 1877 810 vivit
1894 742 2227 810 Dominus

300 843 358 897 et
391 828 604 915 procul
645 827 847 895 dubio
904 849 1060 895 suos
1116 829 1442 914 respiciet,
1508 835 1577 896 et
1631 831 1901 896 omnino
1956 828 2229 909 confido,

299 919 347 983 si
388 915 482 980 vel
519 936 648 980 una
687 914 876 981 nobis
929 936 1008 981 su
1056 916 1220 981 ersit
1270 914 1564 994 Aurelia,
1631 925 1885 982 certum
1929 915 2228 982 hostibus

296 1001 543 1068 exitium
585 1000 951 1067 imminere.
1209 1003 1387 1068 enim
1430 1009 1683 1067 certum
1727 1011 1829 1068 est
1850 1001 2227 1086 Anglorum

296 1086 628 1154 subsidium
673 1085 1112 1172 quadraginta
1154 1087 1440 1153 navibus
1481 1087 1552 1152 in
1585 1086 2066 1154 Normanniam
2111 1107 2229 1170 ap·

294 1174 510 1258 pulisse
534 1176 620 1248 ¹⁸)
663 1182 733 1237 et
792 1170 877 1238 ad
934 1173 1105 1239 diem
1167 1195 1280 1239 xv.
1332 1172 1533 1239 huius
1591 1175 1838 1240 mensis
1881 1172 2230 1239 Andelotus

294 1258 641 1326 Admiraldi
683 1259 891 1324 frater
934 1279 1084 1325 cum
1120 1259 1380 1326 selectis
1404 1258 1894 1325 Germanorum
1929 1258 2229 1342 equitum

293 1346 587 1515 triga-{het
628 1343 924 1429 peditum
968 1345 1257 1429 quinque
1290 1344 1585 1411 millibus
1615 1345 2020 1430 Campaniae
2064 1346 2229 1411 fines

291 1431 352 1497 in
506 1431 654 1496 ‘tur.

441 1519 655 1599 Atque
699 1515 956 1582 utinam
1002 1537 1119 1582 vos
1161 1537 1417 1600 quoque
1458 1514 1729 1583 tandem
1772 1516 2230 1602 expergefiatis

289 1613 347 1666 et
398 1601 880 1668 Germanorum
937 1601 1325 1687 Principum
1399 1602 1777 1687 exemplum
1855 1602 2227 1669 imitemini.

289 1687 442 1754 Nam
484 1689 537 1753 si
593 1687 689 1751 ita
747 1695 922 1753 esset
978 1709 1135 1754 mox
1177 1688 1549 1754 mirabilem
1594 1709 1819 1754 rerum
1861 1687 2232 1755 conversio-

286 1794 421 1838 nem
456 1781 653 1856 atque
696 1772 857 1840 adeo
901 1783 1217 1857 papatum
1281 1794 1552 1858 prorsus
1594 1793 1901 1842 eversum
1942 1774 2233 1858 profecto

286 1859 810 1942 conspiceremus.
895 1860 1154 1926 Verum
1198 1882 1284 1926 ne
1327 1863 1384 1925 si
1427 1860 1621 1926 aliter
1673 1860 1936 1944 quidem
1981 1858 2234 1927 accidat

285 1943 780 2027 desperabimus,
825 1947 1136 2030 quoniam
1180 1966 1330 2029 spes
1375 1955 1602 2012 nostra
1645 1944 1716 2010 in
1756 1946 1954 2012 coelis
1987 1943 2233 2012 residet

284 2050 396 2113 qno
434 2031 812 2115 pertingere
877 2052 1010 2096 non
1063 2040 1346 2115 possunt
1399 2031 1692 2096 hostium
1750 2052 2006 2097 manus.
2099 2033 2232 2097 Ar-

282 2117 570 2200 gentinae
637 2116 873 2201 reliqui
937 2118 1254 2202 principis
1324 2117 1670 2184 Condensie
1731 2136 2010 2195 socrum,
2077 2138 2227 2183 cum

281 2202 552 2285 quinque
585 2201 767 2269 illius
804 2202 1049 2280 liberis,
1085 2201 1158 2269 id
1193 2211 1298 2269 est
1331 2202 1611 2268 sexenni
1643 2203 1800 2282 filia,
1836 2201 2231 2287 quadrienni

281 2286 419 2363 filio,
481 2288 693 2354 altera
736 2288 982 2355 trienni
1025 2289 1166 2354 filia
1221 2297 1288 2355 et
1346 2288 1602 2356 duobus
1646 2289 2069 2356 semestribus
2114 2307 2231 2371 ge·

278 2373 491 2440 mellis.
516 2374 604 2458 ¹²)
693 2374 928 2458 Neque
970 2376 1147 2440 enim
1205 2374 1370 2440 haec
1427 2373 1623 2439 turba
1675 2373 1782 2440 vel
1827 2373 2007 2440 domi
2068 2374 2230 2440 satis
2267 2421 2278 2440 .

278 2463 414 2523 tuta
460 2479 608 2526 esse
674 2459 995 2527 adversus
1053 2459 1449 2545 populorum
1522 2458 1773 2526 rabiem
1827 2481 1946 2543 per
2002 2480 2230 2526 omnes

278 2565 456 2628 agros
474 2546 757 2612 effusam
782 2555 899 2612 aut
908 2545 1413 2613 Aurelianensis
1434 2543 1794 2612 obsidionis
1816 2544 2232 2613 incommoda

278 2631 585 2698 sustinere
654 2632 994 2716 potuisset.
1087 2632 1380 2699 Uxorem
1433 2639 1658 2697 tamen
1706 2631 2017 2713 Princeps
2080 2651 2229 2696 cum

277 2714 402 2781 filio
463 2725 633 2784 natu
697 2718 991 2784 maximo
1045 2738 1268 2785 secum
1350 2718 1642 2784 retinuit.
1732 2716 2122 2785 Amiraldus
2144 2719 2229 2795 ¹⁸)

277 2820 515 2886 quoque
558 2812 632 2869 et
674 2803 787 2869 alii
828 2803 1098 2887 plurimi
1140 2805 1394 2889 primae
1438 2803 1800 2869 nobilitatis
1844 2823 1997 2869 suas
2039 2804 2229 2868 fami-

275 2885 387 2954 lias
427 2888 516 2954 ibi
560 2909 792 2956 secum
837 2890 1100 2968 habent,
1144 2890 1318 2973 quod
1362 2890 1550 2955 triste
1593 2888 2037 2973 spectaculum
2096 2889 2228 2954 uti-

275 2993 414 3038 nam
449 2976 723 3042 tandem
759 2996 988 3042 omnes
1025 2975 1455 3042 christianam
1480 2975 1821 3042 caritatem
1843 2976 2229 3058 profitentes

276 3072 692 3129 commoveat.

427 3148 789 3214 Caeterum
850 3147 1019 3231 quod
1078 3148 1164 3213 ad
1220 3169 1329 3215 me
1384 3149 1697 3232 privatim
1739 3148 1993 3225 attinet,
2062 3168 2230 3213 uxor

273 3228 388 3296 Dei
451 3232 772 3301 beneficio
834 3234 1183 3300 incolumis
1227 3234 1672 3319 Argentinam
1724 3235 2039 3318 pervenit,
2115 3231 2231 3299 ubi

270 3326 518 3385 coactns
561 3340 720 3385 sum
780 3318 1104 3385 defessam
1158 3318 1242 3384 ad
1298 3328 1563 3404 tempus
1605 3318 1994 3403 relinquere.
2082 3319 2230 3402 Ego

270 3401 344 3465 ad
387 3424 614 3471 meum
659 3416 925 3489 portum
955 3406 1036 3490 ¹⁴)
1081 3414 1396 3485 revertor,
1462 3407 1577 3471 ubi
1621 3426 1705 3470 an
1751 3408 1912 3470 satis
1956 3405 2085 3470 tuti
2127 3406 2230 3470 fu-

271 3488 393 3553 turi
453 3492 689 3572 simus,
755 3492 890 3557 imo
957 3492 1161 3557 etiam
1226 3513 1313 3557 an
1380 3491 1629 3558 diutius
1691 3492 1817 3556 sim
1884 3490 2230 3570 haesurus,

269 3576 494 3642 nescio.
588 3576 788 3659 Quod
849 3577 1026 3643 enim
1085 3577 1370 3643 suaserit
1426 3576 1718 3655 ecclesia,
1784 3577 1908 3642 hoc
1966 3576 2230 3641 demum

271 3662 605 3728 consilium
655 3684 911 3746 sequar.
978 3664 1226 3741 Habes,
1273 3664 1365 3728 mi
1400 3672 1605 3746 pater,
1650 3662 1920 3747 longam
1966 3671 2034 3728 et
2076 3663 2232 3727 tris-

269 3754 390 3810 tem
434 3748 807 3832 epistolam,
854 3748 968 3814 sed
1012 3749 1072 3815 is
1115 3756 1294 3815 certe
1336 3768 1444 3813 me
1488 3747 1930 3813 consolabitur
1972 3748 2085 3832 qui
2130 3747 2232 3813 lu-

268 3842 486 3914 gentes
531 3836 764 3901 beatos
807 3835 945 3901 fore
986 3832 1403 3917 pronunciat.
1481 3832 1847 3917 Rogandus
1884 3841 1986 3899 est
2028 3834 2233 3933 igitur

267 3926 444 3997 pater
486 3920 813 3998 coelestis,
883 3919 940 3987 si
980 3940 1275 4004 unquam
1331 3919 1513 3985 alias.
1605 3917 1800 3999 Quod
1844 3938 1885 3982 a
1927 3919 2119 3985 vobis
2165 3926 2235 3984 et

269 4000 558 4089 Reginae
611 4006 1046 4085 Navarrenae,
1114 4004 1517 4071 fortissimae
1574 4026 1652 4071 ac
1716 4025 1875 4070 vere
1930 4005 2233 4070 heroicae

267 4087 491 4159 indolis
551 4093 898 4169 foeminae,
965 4099 1035 4157 et
1097 4091 1312 4175 ipsius
1359 4090 1702 4157 condensis
1744 4097 1813 4155 et
1854 4086 2232 4157 Admirazdi

267 4182 328 4237 et
367 4188 781 4244 caeterorum
841 4176 1419 4243 innumerabilium
1479 4177 1763 4242 fratrum
1807 4177 2071 4243 nomine
2117 4176 2232 4241 ob·

571 4337 676 4345 ——-

429 4417 527 4484 11)
565 4417 696 4472 cide
724 4416 1150 4486 mumdum.

427 4486 526 4551 12)
563 4486 726 4541 Risu.
756 4488 880 4542 ecel.
915 4486 984 4540 11.
1024 4484 1155 4539 102.-
1223 4485 1271 4539 11
1322 4485 1522 4539 manda
1569 4485 1607 4540 a
1641 4486 1785 4540 Mad.
1840 4484 1910 4538 de
1957 4484 2114 4555 Roye
2171 4502 2235 4539 sa

264 4549 577 4629 belle-mere
623 4571 764 4624 pour
809 4572 870 4610 sa
917 4554 1134 4609 scurete'
1183 4553 1377 4624 qu'elle
1420 4570 1480 4608 66
1523 4556 1749 4608 retirast
1794 4570 1863 4607 en
1913 4553 2233 4624 Alemagne,

263 4634 328 4672 on
370 4624 473 4678 elle
517 4625 755 4694 ponvoit
805 4626 1085 4691 beaucoup
1132 4623 1326 4687 servir,
1373 4639 1507 4676 avec
1541 4639 1629 4677 ses
1663 4622 1805 4693 petis
1840 4622 2045 4691 enfans,
2079 4622 2113 4675 ὁ
2147 4639 2232 4677 sa·

263 4691 378 4743 voir
395 4693 664 4759 Francois
698 4709 799 4746 son
833 4693 920 4746 fils
1032 4692 1146 4746 ‘sne
1181 4692 1316 4761 aege
1343 4690 1624 4746 d'environ
1661 4698 1787 4762 sept
1820 4708 1919 4745 ans
1955 4691 2046 4763 [nv.
2085 4691 2231 4760 Sept.

265 4756 395 4811 15⁶8
426 4769 630 4816 naun
676 4762 815 4816 decit
848 4760 940 4815 De
1032 4762 1165 4815 orde
1206 4778 1266 4830 p.
1302 4759 1416 4831 32],
1452 4762 1533 4814 166
1567 4761 1712 4814 deux
1759 4761 1930 4814 freres
1976 4760 2231 4814 inmeaux

263 4823 390 4882 dont
433 4830 488 4884 la
525 4831 818 4885 Princesse
867 4832 1035 4884 estoit
1079 4830 1379 4885 acconcbee
1414 4846 1482 4883 an
1518 4830 1655 4884 mois
1691 4829 1900 4883 d'Avril
1932 4829 2232 4899 precedent

262 4904 320 4946 et
349 4899 775 4969 madamoyselle
821 4898 891 4953 de
929 4899 1200 4953 Bonrbon.
1285 4898 1361 4952 Oe
1447 4898 1605 4952 n’elle
1641 4898 1705 4952 fit
1747 4904 1931 4952 estant
1975 4904 2089 4952 tres
2132 4897 2230 4953 ho·

261 4966 642 5021 ποι-6111616666
675 4982 868 5021 recens
901 4976 959 5021 et
992 4968 1148 5035 loges
1185 4984 1252 5021 en
1288 4968 1345 5021 la
1377 4984 1432 5020 vi
1456 4968 1509 5020 16
1543 4967 1613 5020 de
1649 4967 1914 5021 Strasbon
2009 4968 2230 5036 iusques

262 5030 294 5083 a
333 5034 385 5087 16
427 5035 504 5091 fin
537 5037 732 5160 1(ὲ64ζ.16
776 5052 992 5105 guerre.
1070 5036 1186 5105 (Os.
1222 5035 1554 5102 Debborae,
1595 5034 1787 5091 Eleon.
1834 4984 2110 5107 derffioye,
2162 5036 2227 5091 P.

261 5098 412 5175 lffls’
429 5121 528 5238 ὕ)
565 5107 760 5228 Halm
800 5172 952 5241 filius
993 5180 1134 5229 aaut
1186 5175 1466 5229 maximus
1502 5173 1732 5245 Gaspar
1763 5175 1845 5230 ibi
1875 5189 2053 5244 nuper
2082 5180 2232 5244 peste

260 5240 582 5366 &uffae
613 5244 816 5307 fuerat.
884 5242 1227 5311 (Delaborde
1255 5260 1314 5314 p.
1350 5242 1495 5309 124.)

500 5314 526 5377 )
566 5311 859 5368 Genava-t.

464 5399 696 5455 0616ὴί
723 5413 911 5468 opera.
996 5399 1110 5454 Vol.
1145 5396 1321 5454 XIX.

1956 385 2120 450 1562
2160 380 2620 450 SEPTEMB.

4175 378 4309 442 514

2326 571 2490 638 nixe
2532 575 2707 656 peto,
2767 570 3093 655 simulque
3136 568 3275 649 tibi,
3330 569 3422 636 mi
3466 574 3672 654 pater,
3732 589 3810 636 ac
3852 568 3938 635 D.
3987 565 4299 651 Marma

2323 657 2412 724 D.
2465 656 2832 734 walthero,
2876 657 3281 740 caeterisque
3324 656 3395 721 in
3440 657 3731 723 Domino
3774 655 4135 740 plurimum
4178 653 4299 720 ob-

2325 742 2674 810 servandis
2734 742 3049 809 fratribus
3106 744 3323 808 fausta
3366 761 3444 808 ac
3486 742 3700 810 felicia
3755 742 3980 808 omnia
4035 759 4309 828 precor,

2326 829 2635 895 Basileae
2677 829 2947 897 Oalend.
2992 828 3330 912 Septemb.

3597 966 3784 1031 Tuus
3826 965 4026 1032 Besa.
4045 966 4129 1043 ι5)

3222 1513 3425 1585 3846.

2848 1669 3141 1736 ἮΒΕΤ
3183 1670 3249 1736 A
3292 1669 3780 1739 D'ANDUZE'.

2511 1842 2590 1908 Π
2651 1841 2918 1908 ᾶὲηοησε
2980 1841 3048 1907 la
3110 1841 3392 1907 conduite
3432 1843 3508 1908 de
3561 1843 3832 1909 certains
3881 1842 4311 1909 Totam-sains-

2334 1929 2451 2012 qai
2495 1932 2599 1994 ont
2641 1926 2975 1994 &iohannem
3008 1926 3204 2010 quiue
3237 1927 3419 2011 Lyon
3455 1928 3500 1993 ὰ
3540 1928 3894 2013 Z’approche
3934 1930 4026 1995 du
4066 1929 4307 2013 (166961-

2333 2021 2393 2082 et
2433 2035 2503 2082 se
2543 2019 2683 2081 sont
2722 2012 2949 2079 retires
2990 2013 3033 2078 ὰ
3082 2012 3338 2080 Θεηὲυε.

2330 2184 2718 2256 (Autographe
2753 2183 2825 2238 de
2858 2183 2914 2239 la
2948 2182 3333 2253 Bibliotheque
3368 2184 3438 2239 de
3474 2184 3708 2241 Geneve.
3755 2186 3878 2242 Vol.
3916 2185 4033 2259 197,
4065 2186 4158 2243 fol.
4192 2185 4313 2256 42.)

2384 2443 2398 2456 ⁶
2511 2357 2566 2421 A
2593 2355 2938 2423 Monsieur
2979 2354 3319 2423 d’Anduze
3363 2355 3556 2423 fidele
3576 2355 3879 2425 Ministre
3902 2357 3983 2425 de
4024 2357 4301 2426 l'Evan·

2334 2442 2486 2528 guo·
3723 2530 3788 2594 A
3832 2528 4128 2597 Geneve.

2511 2698 2585 2766 S.
2656 2700 2801 2785 I’ay
2852 2703 2993 2764 este
3050 2697 3271 2783 requis
3325 2718 3449 2781 par
3490 2699 3608 2765 Mt.
3644 2698 3938 2767 Barelles
3992 2701 4305 2770 Ministro

2337 2785 2419 2852 (16
2463 2785 2741 2870 l'Eglise
2776 2784 2857 2851 (16
2881 2782 3163 2852 'Pholose
3200 2788 3248 2862 ¹)
3293 2783 3602 2850 d'escrire
3636 2807 3677 2851 a
3699 2785 4044 2853 Monsieur
4076 2786 4305 2855 Calvio·

2337 2871 2428 2938 du
2472 2879 2628 2937 tour
2670 2891 2796 2955 que
2837 2870 3124 2937 certains
3167 2870 3249 2936 de
3292 2869 3573 2937 'I'holose
3615 2872 3732 2954 qui
3787 2876 3982 2939 s’esto
4029 2884 4143 2939 ent.
4191 2876 4306 2960 icy

2335 2958 2575 3024 retirez
2616 2977 2785 3022 nous
2827 2967 2945 3022 ont
2984 2957 3126 3024 fait.
3214 2954 3401 3022 Nous
3444 2957 3680 3023 avions
3735 2979 3931 3025 recen
4000 2966 4176 3026 etres
4219 2959 4305 3028 de

2334 3043 2601 3111 Nismes
2643 3065 2766 3128 par
2807 3065 2901 3110 un
2944 3041 3312 3110 conseillier
3346 3039 3428 3108 (16
3462 3043 3747 3110 'Pholose
3788 3066 3912 3128 par
3951 3044 4307 3131 lesquelles

2334 3130 2421 3195 ils
2464 3151 2633 3197 nous
2676 3135 3109 3214 asseuroyent
3151 3128 3269 3195 des
3324 3127 3538 3194 forces
3581 3129 3672 3195 du
3713 3131 4120 3217 Languedoc
4162 3133 4305 3200 ius·

2335 3236 2499 3299 ques
2544 3237 2586 3281 a
2626 3215 2790 3282 trois
2833 3235 2919 3280 ou
2961 3229 3194 3298 quatre
3234 3214 3416 3280 mille
3470 3215 3770 3281 hommes
3826 3238 3993 3302 pour
4051 3218 4307 3286 donner

2335 3320 2601 3368 seoours
2644 3321 2686 3366 a
2725 3301 3001 3385 l’Eglise
3044 3299 3128 3366 de
3169 3300 3472 3378 Thelme,
3528 3302 3585 3366 si
3628 3302 3725 3367 les
3766 3302 4019 3388 fngitifs
4059 3305 4174 3388 qui
4216 3326 4307 3372 en

2333 3395 2643 3472 estoyent
2683 3387 2842 3453 hors
2884 3407 2925 3452 a
2967 3406 3163 3453 cause
3218 3385 3301 3452 (16
3356 3386 3749 3479 l’Eyangile,
3803 3390 3917 3472 qui
3973 3400 4092 3456 ont
4147 3391 4307 3458 bien

2332 3473 2682 3557 puissance
2725 3473 2837 3557 d'y
2883 3473 3137 3538 donner
3191 3470 3381 3556 ayne,
3528 3472 3890 3558 vouloyent
3941 3477 4121 3542 aussi
4161 3498 4306 3543 em-

2331 3558 2565 3645 ployer
2617 3556 2699 3622 de
2750 3557 2928 3624 leurs
2983 3557 3189 3624 biens.
3261 3558 3396 3624 Car
3436 3556 3489 3622 11
3531 3581 3581 3643 y
3622 3580 3706 3625 en
3750 3581 3792 3626 a
3834 3561 3945 3644 qni
3989 3572 4107 3627 ont
4147 3562 4305 3629 bien

2333 3644 2416 3710 de
2461 3665 2656 3729 quoy.
2751 3643 2846 3709 Et
2900 3652 3218 3727 pourtant
3271 3643 3406 3728 i’ay
3449 3654 3589 3710 este
3647 3645 3866 3729 requis
3925 3647 4008 3713 de
4065 3648 4162 3715 les
4218 3671 4306 3716 en

2332 3729 2673 3810 exhorter,
2717 3748 2973 3794 comme
3014 3730 3193 3795 aussi
3236 3729 3299 3795 ie
3342 3729 3474 3814 l'ay
3516 3730 3653 3796 fait.
3726 3735 3943 3816 Apres
3981 3754 4140 3800 mon
4182 3756 4305 3801 ex·

2333 3816 2669 3882 hortation
2724 3813 2808 3880 ils
2859 3823 2978 3880 ont
3031 3815 3155 3880 fait
3206 3815 3536 3880 semblent
3578 3815 3829 3883 d’avoir
3866 3819 3997 3885 bon
4042 3820 4306 3889 vouloir

2335 3923 2376 3966 a
2418 3922 2494 3967 66
2536 3901 2719 3967 faire.
2800 3900 2897 3966 Et
2950 3907 3173 3966 estans
3230 3902 3465 3967 retirez
3521 3903 3856 3969 ensemble
3912 3914 4031 3970 ont
4071 3907 4304 3974 conclu

2335 3997 2527 4052 entre
2569 4008 2701 4053 eux
2736 3986 2930 4070 qu’ils
2964 3994 3443 4071 trouveroyent
3474 4007 3720 4072 moyen
3753 3988 3838 4055 de
3877 3991 4131 4057 fournir
4163 3993 4304 4059 ius-

2334 4093 2497 4156 ques
2539 4094 2580 4139 a
2622 4071 2890 4138 dixhnit
2942 4072 3121 4138 mille
3179 4082 3246 4137 et
3289 4073 3440 4156 cinq
3481 4094 3637 4139 cens
3681 4095 3870 4141 escus
3932 4097 4100 4159 pour
4164 4088 4305 4146 cest

2337 4159 2584 4224 affaire.
2664 4156 2754 4224 Ge
2808 4178 3059 4225 mesme
3110 4158 3261 4223 iour
3316 4157 3414 4225 les
3455 4159 3800 4228 nouvelles
3842 4160 3925 4228 de
3968 4162 4034 4228 la
4076 4165 4304 4247 prinse

2336 4244 2419 4309 (16
2462 4246 2735 4311 Mascon
2793 4264 2964 4310 nous
3022 4244 3250 4309 furent
3302 4253 3651 4327 apportees
3670 4297 3687 4327 ‚
3743 4247 3856 4330 qui
3912 4246 4007 4314 les
4062 4270 4301 4333 espon-

2334 4337 2688 4396 vanterent
2728 4331 3066 4396 tellement
3102 4331 3252 4412 qu’a
3293 4330 3488 4414 peine
3530 4344 3811 4415 peurent
3853 4333 3935 4398 ils
3979 4346 4152 4400 estre
4194 4357 4300 4402 re-

2335 4424 2534 4481 66666
2576 4436 2651 4481 66
2692 4436 2941 4483 mesme
2995 4417 3147 4481 iour
3187 4436 3270 4481 en
3314 4426 3489 4482 ceste
3531 4417 3705 4495 ville,
3762 4439 4013 4485 comme
4056 4422 4115 4485 si
4158 4430 4304 4488 tout

2335 4510 2485 4567 eust
2527 4509 2665 4568 este
2705 4501 2933 4585 perdu.
3002 4501 3097 4568 Et
3137 4521 3261 4585 par
3293 4503 3463 4567 ainsi
3506 4502 3589 4569 ils
3632 4504 3974 4588 perdirent
4014 4508 4193 4574 aussi
4236 4508 4303 4575 16

2508 4758 2601 4824 15)
2649 4757 3009 4828 Bullinum:
3058 4758 3202 4814 hm
3246 4772 3328 4828 ep.
3366 4758 3643 4814 Blaurero
3685 4760 3839 4815 misit
3878 4759 4012 4817 1·oeoe
4054 4762 4313 4820 addam.-

2330 4829 2639 4899 Epistolam
2684 4828 2824 4882 hanc
2869 4827 2995 4909 vide
3048 4843 3118 4881 ne
3154 4827 3489 4910 quibuslibet
3532 4829 3911 4893 communices,
3958 4833 4132 4902 magis
4165 4850 4306 4890 vero

2326 4914 2426 5021 a
2445 4898 2622 5025 390).oe
2680 4913 2802 4952 6666
2859 4913 3149 4967 qnisquam
3201 4897 3491 4967 intelligat,
3554 4903 3785 4966 propter
3834 4901 4100 4955 Bernates
4148 4903 4305 4971 (vide

2329 5006 2601 5103 664651)
2637 5033 2857 5089 υΗεα.
2895 5033 3017 5089 ωιι.
3052 5034 3156 5091 111.
3190 5034 3275 5088 11.
3321 5032 3407 5089 23.
3441 5033 3526 5088 63.
3561 5032 3807 5105 ιάρμιιο
3840 5053 3912 5089 un
3948 5037 4124 5106 aptit
4168 5048 4301 5111 trop

2330 5105 2619 5172 bouillant„
2664 5104 2998 5173 impetneux,
3041 5109 3093 5159 et
3134 5110 3358 5159 recente
3400 5104 3526 5173 qu’aei
3568 5103 3837 5158 Toulouse
3878 5105 3927 5159 le
3958 5104 4100 5173 jour
4138 5107 4206 5163 de
4239 5110 4303 5165 la

2334 5174 2618 5229 Pentecoeae
2650 5173 2691 5226 il
2725 5173 2879 5228 avoit
2898 5171 3117 5242 disput&
3153 5190 3227 5251 66
3257 5173 3438 5242 pleine
3472 5173 3657 5227 chaire
3689 5173 3788 5227 des
3821 5189 4011 5229 canses
4046 5175 4115 5230 de
4149 5189 4315 5234 cesto

2331 5258 2546 5313 guerre,
2584 5257 2713 5295 sans
2746 5242 2903 5297 avoir
2936 5242 3134 5313 esgard
3166 5261 3201 5296 a
3235 5258 3297 5296 66
3332 5242 3429 5311 qni
3463 5242 3689 5311 pouvoit
3721 5242 3951 5297 advenir
3984 5244 4141 5300 d'une
4166 5248 4341 5303 telle·-

2326 5311 2647 5382 procedure.
