4900 6125
635 387 766 452 387

637 573 792 640 istic
836 580 995 638 sunt
1037 573 1160 652 usi,
1203 573 1320 655 qui
1362 594 1405 637 a
1443 593 1553 637 me
1597 572 1717 637 tibi
1763 572 2117 658 diligenter
2174 571 2614 639 commendati

638 660 926 725 fuerunt.
1017 657 1153 725 Sed
1221 657 1408 724 nulla
1474 659 1864 741 cuiusquam
1932 666 2035 724 est
2091 665 2278 724 tanta
2337 657 2616 743 perfidia

638 767 809 828 quae
875 765 1095 810 meum
1161 745 1451 810 officium
1497 743 1843 828 impediat,
1915 744 2171 828 iterque
2214 744 2617 811 intercludat

637 829 1140 898 consuetudinis
1183 830 1359 909 eius,
1418 851 1549 913 qua
1592 830 1712 895 tibi
1757 851 1868 897 eos
1911 831 2371 897 commendare
2415 831 2613 908 soleo,

638 938 801 1001 quos
826 938 946 983 nec
969 938 1118 981 mea
1138 916 1704 982 commendatione
1732 937 1856 983 nec
1879 926 1994 982 tua
2024 917 2456 1000 opitulatione
2478 937 2615 982 non

639 1002 951 1086 indignos
996 1023 1139 1068 esse
1185 1003 1512 1067 existimo.
1601 1002 1752 1068 Hoc
1815 1004 1884 1066 in
1931 1024 2174 1087 genere
2219 1023 2295 1068 ac
2340 1024 2615 1068 numero

639 1096 743 1155 est
785 1091 910 1154 iste
954 1087 1065 1171 qui
1110 1088 1233 1153 has
1277 1088 1395 1153 tibi
1443 1087 1752 1152 reddidit:
1801 1089 1871 1153 in
1920 1110 2049 1172 quo
2093 1088 2614 1155 commendando

640 1195 847 1259 quum
890 1195 1024 1239 non
1072 1174 1294 1239 minus
1339 1174 1456 1239 tibi
1503 1195 1698 1257 quam
1736 1174 1901 1239 mihi
1937 1185 2135 1241 notus
2172 1175 2615 1258 probatusque

640 1262 762 1340 sit,
829 1261 1354 1325 testificationem
1423 1260 1747 1342 opinionis
1811 1281 2024 1338 meae,
2094 1281 2289 1343 quam
2346 1261 2428 1325 de
2474 1261 2615 1326 eius

640 1346 944 1413 doctrina
987 1346 1356 1429 pietateque
1394 1345 1619 1422 habeo,
1667 1367 2219 1429 supervacaneam
2258 1369 2402 1412 esse
2433 1356 2613 1430 puto,

641 1431 779 1499 Sed
826 1441 1047 1497 tamen
1093 1454 1226 1497 non
1262 1430 1551 1497 alienum
1599 1430 1681 1495 ab
1725 1433 1936 1498 officio
1980 1454 2085 1497 me
2128 1432 2461 1498 facturum
2500 1454 2615 1497 ex·

639 1518 953 1594 istimavi‚
998 1538 1209 1600 neque
1255 1518 1372 1582 tibi
1417 1518 1783 1602 ingratum,
1842 1520 1897 1583 si
1942 1517 2066 1584 hoc
2110 1540 2350 1603 genere
2390 1517 2615 1583 litera-

639 1626 788 1669 rum
836 1625 986 1669 eum
1025 1603 1195 1686 apud
1236 1613 1301 1668 te
1338 1624 1767 1686 prosequerer
1801 1604 2042 1686 quibus
2078 1604 2413 1669 hominem
2452 1603 2617 1669 mihi

639 1691 1072 1767 carissimum,
1141 1690 1254 1773 qui
1299 1711 1340 1754 a
1383 1688 1567 1754 nobis
1613 1690 1707 1754 ita
1750 1689 2114 1756 discederet
2153 1701 2232 1755 ut
2274 1689 2615 1756 vobiscum

638 1777 790 1842 istic
836 1778 1136 1840 victurus
1180 1785 1383 1854 esset,
1429 1776 1615 1858 quasi
1660 1796 1781 1858 per
1823 1797 2061 1841 manus
2097 1777 2219 1842 tibi
2265 1776 2615 1854 traderem,

639 1862 1031 1945 praesertim
1075 1862 1158 1925 iis
1203 1861 1704 1944 tempestatibus
1738 1862 2074 1940 iactatum,
2119 1863 2188 1927 in
2221 1862 2457 1944 quibus
2493 1862 2618 1927 iste

637 1958 871 2031 portus
915 1958 1173 2012 vestrae
1217 1955 1286 2011 et
1329 1947 1637 2012 ecclesiae
1683 1957 1749 2010 et
1792 1948 2289 2013 benevolentiae
2335 1948 2618 2013 maxim-

639 2053 838 2116 opere
899 2032 1366 2098 desiderandus
1421 2033 1743 2098 videatur.
1816 2034 1989 2098 Nam
2048 2055 2253 2117 quum
2311 2057 2396 2099 ex
2456 2053 2617 2115 pon-

643 2120 848 2186 tificio
908 2119 1224 2185 comitatu
1268 2118 1915 2202 Carpentoractoque
1972 2120 2291 2203 expulsus
2357 2119 2490 2184 hue
2534 2117 2617 2182 ad

645 2226 768 2272 nos
812 2206 1238 2289 confugisset,
1280 2205 1350 2269 in
1375 2203 1795 2288 Dominoque
1837 2205 2181 2272 nobiscum
2227 2204 2308 2270 de
2345 2215 2484 2271 tota
2519 2225 2619 2269 ra-

641 2291 821 2357 tione
888 2311 963 2356 ac
1030 2300 1209 2355 statu
1277 2311 1498 2355 rerum
1570 2312 1839 2356 suarum
1906 2292 2251 2358 consilium
2319 2293 2616 2373 cepisset,

641 2380 857 2443 visum
898 2388 1000 2441 est
1031 2389 1109 2442 ut
1144 2378 1313 2442 istuc
1348 2377 1430 2442 ad
1470 2399 1584 2442 vos
1622 2377 2162 2459 proficisceretur,
2210 2398 2413 2460 quum
2450 2376 2617 2441 nihil

639 2463 815 2546 apud
861 2484 980 2528 nos
1024 2472 1198 2528 esset
1240 2460 1413 2545 quod
1472 2463 1739 2527 nomine
1784 2461 2036 2529 Christi
2098 2464 2365 2546 eiusque
2411 2462 2616 2529 eccle-

636 2550 776 2615 siae
842 2570 1038 2633 agere
1103 2559 1342 2633 posset.
1437 2550 1562 2614 Est
1623 2557 1844 2613 autem
1918 2569 1993 2613 eo
2061 2571 2283 2614 rerum
2354 2570 2478 2614 usu
2549 2555 2618 2613 et

637 2635 988 2720 prudentia
1030 2656 1162 2718 qua
1206 2635 1492 2699 maximo
1552 2635 1700 2699 usui
1758 2646 1823 2698 et
1882 2634 2263 2700 adiumento
2306 2635 2617 2700 ecclesiae

639 2743 786 2788 esse
831 2729 1067 2805 potest,
1113 2741 1194 2785 ea
1237 2741 1394 2785 vero
1441 2729 1717 2785 naturae
1764 2722 2146 2806 ingeniique
2185 2721 2476 2786 bonitate
2518 2735 2613 2784 at-

640 2828 766 2891 que
813 2808 1171 2884 voluntate,
1221 2816 1297 2871 ut
1339 2807 1649 2889 indignus
1694 2827 1770 2871 eo
1816 2828 2057 2890 genere
2101 2807 2276 2871 vitae
2322 2817 2390 2870 et
2424 2806 2616 2871 insti-

643 2903 823 2971 tuto,
889 2894 960 2958 in
1005 2914 1135 2977 quo
1178 2893 1312 2957 iam
1359 2892 1472 2957 diu
1518 2903 1617 2957 est
1663 2901 1997 2970 versatus,
2054 2892 2248 2975 plane
2294 2892 2613 2959 videatur.

642 2979 880 3064 Itaque
924 3001 1042 3063 pro
1089 2991 1204 3043 tua
1250 2977 1601 3061 prudentia
1637 2977 1893 3043 videbis
1928 3000 2017 3043 an
2052 2998 2254 3061 opera
2292 2979 2435 3043 eius
2472 2977 2618 3042 istis

642 3069 887 3132 vestris
932 3066 1365 3131 sanctissimis
1399 3064 1692 3130 ecclesiis
1726 3074 2096 3148 opportuna
2130 3065 2441 3147 utilisque
2476 3085 2619 3130 esse

642 3154 869 3236 possit.

819 3238 1208 3303 Nostrarum
1254 3235 1517 3319 quidem
1560 3235 1984 3302 ecclesiarum
2036 3237 2093 3301 is
2137 3245 2239 3303 est
2295 3244 2509 3302 status
2551 3241 2619 3301 et

645 3324 1021 3390 miserrima
1064 3321 1368 3399 conditio,
1414 3321 1486 3385 in
1530 3343 1658 3404 qua
1703 3321 1887 3386 nulla
1921 3322 2190 3388 virtutis
2225 3322 2617 3405 pietatisque

647 3410 818 3475 ratio
862 3409 1157 3474 habetur.
1248 3406 1585 3473 Orbamur
1629 3407 1918 3490 quotidie
1961 3429 2041 3473 ea
2084 3408 2229 3474 luce
2287 3428 2457 3491 quae
2501 3429 2617 3473 no·

648 3495 752 3561 bis
787 3495 1108 3579 singulari
1129 3493 1402 3559 Domini
1437 3492 1843 3577 benignitate
1878 3494 1944 3559 in
1981 3493 2292 3559 maximis
2329 3493 2618 3559 tenebris

647 3582 994 3647 illuxerat:
1040 3579 1156 3645 sed
1201 3580 1354 3663 quia
1399 3578 1581 3644 nulla
1625 3580 1936 3645 ecclesiae
1979 3580 2206 3663 gravis
2241 3589 2342 3644 est
2375 3579 2618 3645 eonsti-

647 3678 797 3733 tuta
862 3665 1242 3750 disciplina,
1287 3685 1363 3729 ac
1427 3686 1690 3729 summa
1753 3666 1971 3748 potius
2026 3665 2322 3744 licentia,
2388 3686 2620 3730 sumus

651 3753 851 3818 iidem
919 3754 1028 3835 qui
1096 3753 1344 3817 fuimus
1410 3758 1637 3827 antea,
1707 3763 1823 3815 aut
1867 3751 2067 3815 etiam
2112 3750 2499 3828 deteriores,
2546 3759 2622 3815 ut

652 3838 841 3905 nulla
884 3836 1250 3903 emendatio
1306 3837 1855 3919 commutatioque
1899 3837 2241 3917 vitiorum,
2301 3836 2417 3902 sed
2468 3857 2618 3920 pro·

652 3926 908 4009 gressio
953 3924 1035 3989 ad
1081 3924 1394 3988 maiorem
1447 3922 1848 4005 impietatem
1895 3924 2067 3989 faeta
2110 3944 2253 3988 esse
2297 3921 2619 3987 videatur.

651 4011 735 4077 In
805 4010 928 4076 hac
994 4011 1360 4094 privatione
1419 4008 1687 4073 luminis
1742 4009 2219 4091 amissioneque
2264 4009 2447 4074 verbi
2492 4008 2622 4073 Dei

652 4099 854 4163 etiam
898 4096 1016 4160 illa
1059 4095 1233 4160 dona
1279 4094 1464 4160 nobis
1506 4095 1878 4178 eripiuntur
1920 4114 2085 4177 quae
2130 4116 2262 4159 una
2303 4116 2452 4160 eum
2488 4093 2621 4160 cla·

653 4184 918 4248 rissima
962 4181 1481 4263 suavissimaque
1526 4180 1643 4245 illa
1688 4180 1830 4245 luce
1867 4179 2255 4246 mirabiliter
2291 4180 2623 4245 illustrata

653 4270 944 4335 fuerunt.
1031 4268 1201 4332 Nam
1239 4267 1456 4332 omnis
1499 4275 1566 4331 et
1598 4266 1931 4350 elegantia
1964 4265 2308 4331 literarum
2353 4266 2625 4330 artium-

655 4377 782 4438 que
827 4354 1223 4438 optimarum
1262 4353 1679 4435 depravatur,
1728 4359 1795 4417 et
1832 4353 1932 4417 vis
1966 4353 2384 4436 ingeniorum
2421 4361 2623 4435 atque

654 4439 1029 4506 studiorum
1076 4439 1473 4517 debilitatur,
1518 4445 1595 4501 ut
1638 4438 1709 4502 in
1753 4458 2013 4502 summa
2048 4439 2341 4503 omnium
2398 4458 2622 4503 rerum

654 4526 1042 4592 infirmitate
1087 4525 1636 4608 corruptioneque
1694 4524 1914 4589 omnia
1973 4534 2199 4590 nostra
2261 4524 2515 4607 optima
2558 4532 2625 4589 et

655 4609 877 4680 studia
928 4622 996 4677 et
1052 4611 1230 4676 vitae
1286 4611 1598 4676 instituta
1652 4609 1787 4674 iam
1842 4611 2042 4675 finem
2087 4609 2395 4675 habitura
2437 4607 2623 4674 vide-

655 4708 873 4764 antur.
963 4697 1199 4780 Itaque
1257 4717 1380 4780 ego
1433 4716 1689 4779 quoque
1754 4698 1825 4760 in
1868 4717 2128 4761 summa
2174 4696 2345 4760 vitae
2390 4697 2625 4761 huma-

660 4806 786 4850 nae
855 4785 1145 4849 vanitate
1211 4782 1452 4865 incipio
1517 4781 1831 4866 languere
1896 4783 1966 4846 in
2026 4783 2130 4847 his
2175 4780 2412 4847 studiis
2456 4801 2626 4864 quae

657 4869 834 4955 apud
857 4874 890 4908 ⁸
936 4869 1180 4935 habent
1218 4869 1688 4954 professionem
1727 4867 2091 4933 seiunctam
2137 4867 2221 4932 ab
2255 4867 2399 4933 eius
2443 4867 2625 4932 cultu

658 4955 775 5039 qui
840 4976 962 5022 nos
1025 4954 1109 5020 ad
1185 4976 1264 5020 ea
1340 4952 1631 5020 deduxit.
1744 4952 2028 5019 Summa
2103 4964 2205 5019 est
2282 4954 2626 5018 hominum

657 5042 989 5126 ignoratio
1031 5050 1149 5106 aut
1190 5040 1598 5124 ingratitudo
1643 5050 1779 5104 tam
1823 5039 2052 5122 iniqua
2094 5048 2164 5104 et
2200 5038 2515 5105 scelerata
2552 5050 2629 5103 ut

663 5130 776 5192 vix
818 5127 1068 5193 diutius
1125 5127 1465 5192 toleranda
1522 5124 1842 5191 videatur.
1927 5124 2010 5190 In
2056 5124 2163 5190 his
2208 5126 2409 5190 tantis
2451 5125 2627 5208 peri-

660 5212 828 5279 culis
871 5235 948 5280 ac
991 5213 1281 5279 tenebris
1325 5233 1431 5277 me
1475 5210 1921 5293 familiamque
1964 5231 2182 5276 meam
2238 5211 2444 5277 verbo
2489 5211 2629 5275 Do·

659 5299 830 5364 mini
873 5306 1170 5365 sustento
1210 5308 1281 5365 et
1322 5299 1637 5364 confirmo
1678 5317 1757 5363 ea
1801 5295 2071 5380 pietatis
2092 5295 2440 5380 disciplina
2462 5314 2631 5380 quae

2159 383 2691 451 EPIS'POLAE
2732 389 3164 451 4149—4152
4504 390 4593 451 388

2719 572 2909 639 nobis
2965 573 3050 639 ab
3102 595 3180 641 eo
3237 573 3642 658 praescripta
3685 582 3803 640 est.
3894 574 4275 658 Amplector
4314 594 4422 640 vos
4456 577 4603 640 stim

2720 659 3042 739 absentes,
3088 661 3508 744 suaviterque
3550 659 3900 742 aliquando
3951 661 4024 724 in
4069 668 4325 726 vestrae
4364 660 4605 726 ecelesia

2718 745 2871 811 sinu
2917 746 3287 830 acquiesco,
3356 745 3609 811 lubenti
3663 745 3901 829 spiritu
3960 746 4189 812 fruens
4242 745 4323 811 iis
4370 745 4609 828 precibus

2719 852 2882 915 quas
2934 831 3018 897 ad
3062 834 3284 898 Deum
3339 840 3595 915 patrem
3652 852 3773 916 per
3815 830 4163 897 Christum
4227 833 4330 915 pie
4369 845 4431 897 et
4481 841 4610 896 essu

2718 917 3065 983 adhibetis.
3152 918 3386 1002 Itaque
3429 918 3882 1001 maximopere
3924 939 4043 1001 per
4086 917 4418 984 Christum
4462 919 4611 982 etiam

2719 1012 2917 1087 atque
2960 1005 3162 1069 etiam
3205 1013 3272 1069 te
3315 1023 3475 1089 rogo
3518 1011 3596 1069 ut
3637 1004 3710 1069 in
3750 1004 3874 1069 hoc
3916 1004 4114 1070 officii
4149 1024 4400 1088 genere,
4438 1004 4495 1067 in
4524 1025 4615 1085 qm

2718 1099 2819 1156 est
2870 1090 3045 1155 iusta
3100 1099 3167 1156 et
3208 1092 3580 1157 necessaria
3626 1109 3746 1173 pro
3790 1090 4018 1155 fratris
4061 1090 4275 1155 salute
4314 1087 4617 1154 sollicimdo

2719 1197 2794 1242 ac
2838 1175 3353 1255 commendatio,
3413 1175 3821 1260 singularem
3866 1186 4048 1241 tuam
4095 1177 4541 1241 humanitatem
4572 1187 4617 1238 et

2719 1262 3062 1328 caritatem
3107 1261 3293 1327 nobis
3336 1273 3649 1345 praestes.
3736 1261 3976 1327 Gratia
4017 1262 4291 1327 Domini
4333 1263 4417 1326 sit
4454 1271 4619 1326 tecum

2720 1369 2795 1414 ac
2839 1369 2988 1415 cum
3034 1347 3170 1413 tuis
3213 1348 3531 1413 omnibus.
3556 1351 3609 1431 ¹)

3736 1486 3918 1550 Tuus
3964 1486 4124 1569 App.
4172 1483 4494 1551 Claudius.

2814 2053 2845 2070 “-
3610 2030 3801 2100 4150.

3170 2184 3743 2253 BADUELLUS
3790 2185 4230 2252 CALVINO.

2900 2358 3298 2425 Commendat
3335 2357 3721 2423 Rollandum
3763 2359 4089 2439 quendam.

3036 2528 3148 2594 (Ex
3185 2530 3524 2599 autographo
3561 2529 3689 2583 Cod.
3728 2529 3934 2583 Genev.
3976 2530 4093 2594 115,
4130 2531 4223 2583 fol.
4270 2531 4379 2596 16.)

2897 2698 3169 2784 Optimo
3232 2702 3377 2765 viro
3444 2711 3641 2783 atque
3708 2700 4085 2767 doctissimo
4152 2702 4412 2767 homini
4454 2699 4640 2767 carolo

2722 2786 3050 2852 Phasello.

4186 2872 4515 2938 Lutetiae.

2896 3042 3319 3109 Conservabo
3376 3042 3917 3110 consuetudinem
3974 3064 4191 3109 meam
4211 3097 4227 3123 ,
4302 3055 4387 3110 ut
4428 3045 4539 3111 tibi
4570 3064 4645 3107 em

2723 3127 3206 3208 commendem,
3287 3130 3399 3212 qui
3443 3151 3563 3195 nee
3607 3149 3755 3194 mea
3798 3129 4376 3197 commendatione
4420 3153 4531 3197 nec
4564 3150 4645 3212 ap·

2721 3216 3105 3301 probatione
3184 3223 3300 3280 tua
3376 3236 3628 3298 opeque
3704 3212 3964 3297 indigni
4043 3237 4187 3282 esse
4268 3216 4643 3282 videbuntur.

2723 3302 3080 3369 Bollandus
3136 3301 3263 3366 iste
3307 3302 3421 3384 qui
3466 3301 3586 3366 tibi
3631 3320 3811 3365 meas
3854 3299 4171 3378 reddidit,
4238 3303 4475 3369 multis
4529 3303 4645 3365 viri

2720 3389 2911 3456 bonis
2969 3408 3046 3454 ac
3098 3387 3254 3469 piis,
3319 3388 3431 3471 qui
3489 3386 3637 3453 istic
3679 3384 3853 3469 apud
3899 3408 4018 3451 vos
4077 3398 4323 3471 agunt,
4393 3398 4574 3454 notus
4604 3400 4645 3448 ει

2720 3473 3031 3560 probatus
3074 3471 3237 3551 fuit,
3304 3471 3627 3556 multique
3670 3479 3829 3537 sunt
3872 3471 3943 3536 in
3986 3471 4112 3537 hac
4156 3474 4439 3558 regione
4480 3472 4577 3557 qui
4608 3472 4647 3535 ei

2720 3559 2971 3645 insigni
3025 3559 3292 3641 pietatis
3349 3567 3416 3623 et
3470 3557 3765 3625 caritatis
3822 3557 4278 3623 testimonium
4347 3560 4503 3625 dare
4538 3578 4647 3642 pu*-

2719 3649 2873 3726 sint,
2920 3643 3037 3712 sed
3080 3644 3389 3728 quoniam
3444 3665 3523 3709 ea
3567 3643 4005 3722 necessitudo,
4050 3664 4220 3726 quae
4264 3647 4439 3712 mihi
4482 3660 4649 3711 mem

2720 3730 3100 3809 intercedit,
3172 3729 3500 3813 plerisque
3564 3738 3724 3795 nota
3779 3737 3913 3807 est,
3980 3749 4186 3812 eaque
4229 3734 4461 3815 opinio
4498 3749 4649 3815 qm

2722 3828 2796 3884 tu
2841 3819 2922 3883 de
2965 3836 3074 3883 me
3120 3815 3340 3895 habes,
3383 3824 3729 3899 propterea
3776 3813 3860 3881 ad
3901 3836 4009 3880 me
4051 3816 4357 3902 confugit
4400 3830 4467 3883 et
4504 3838 4543 3881 a
4574 3833 4649 3878 ne

2723 3902 3081 3981 contendit,
3128 3911 3205 3966 ut
3246 3923 3448 3985 quum
3494 3902 3664 3967 istuc
3708 3900 3791 3966 ad
3834 3922 3952 3966 vos
3995 3903 4525 3983 proficisceretur
4558 3900 4649 3965 ὦ

2723 3989 2986 4073 aliquod
3064 4008 3249 4053 meae
3313 3987 3641 4070 opinionis
3707 3986 4160 4052 testimonium
4225 3988 4491 4065 darem,
4560 4005 4650 4070 qm

2724 4078 2975 4141 maiore
3029 4095 3180 4140 cum
3238 4071 3368 4138 fide
3433 4082 3501 4138 et
3565 4072 4022 4138 benevolentia
4080 4082 4305 4138 vestra
4368 4075 4651 4141 vobiscu-

2723 4165 2849 4229 isto
2886 4162 2958 4225 in
3006 4159 3145 4224 loco
3187 4159 3421 4223 vivere
3463 4159 3687 4242 possit.
3758 4157 3993 4241 Itaque
4034 4157 4324 4225 libenter
4360 4161 4527 4226 hane
4556 4170 4651 4222 tes-

2724 4247 3151 4314 tificationem
3216 4245 3276 4308 ei
3322 4244 3502 4325 dedi,
3567 4264 3698 4328 qua
3740 4244 4018 4327 accipies
4060 4245 4132 4307 in
4177 4254 4479 4313 vestram
4518 4266 4653 4312 α·-

2725 4334 3109 4399 munionem
3155 4331 3488 4396 hominem
3535 4329 3847 4413 probum,
3916 4328 4291 4396 modestum
4352 4344 4653 4413 vestroque

2722 4419 2941 4486 studio
2987 4437 3062 4482 ac
3122 4416 3576 4481 benevolentia
3621 4414 3918 4500 dignum.
4002 4415 4155 4482 Una
4220 4417 4295 4482 in
4366 4439 4439 4483 re
4500 4414 4653 4501 paulo

2728 4507 2947 4572 minus
3008 4503 3134 4567 fuit
3197 4502 3645 4567 consideratus
3663 4552 3678 4581 ,
3745 4500 3919 4585 quod
3983 4503 4481 4570 matrimonium
4538 4502 4653 4566 cuii

2727 4613 2878 4658 cum
2935 4611 3015 4655 ea
3066 4587 3349 4653 muliere
3408 4608 3603 4671 quam
3662 4597 3930 4671 propter
3975 4587 4461 4670 turpitudinem
4500 4598 4653 4671 atqu

2727 4675 3183 4743 infidelitatem
3227 4673 3596 4757 relinquere
3638 4682 3904 4740 coactus
3949 4686 4067 4739 est·
4095 4673 4177 4737 ad
4232 4695 4481 4760 vosque
4520 4677 4653 4740 isne

2727 4764 3114 4847 confugere,
3174 4757 3290 4825 sed
3333 4760 3459 4825 hoc
3500 4768 3842 4843 peccatum
3882 4768 3987 4823 est
4027 4759 4517 4843 imprudentiae
4552 4777 4653 4824 nun

2727 4849 3015 4916 malitiae
3078 4855 3196 4911 aut
3258 4845 3610 4929 nequitiae.
3722 4845 3947 4928 Quare
4014 4865 4148 4909 non
4216 4848 4441 4912 minus
4502 4862 4653 4911 earu

2729 4936 2916 5002 vobis
2960 4933 3102 4998 erit.
3173 4931 3279 4997 De
3319 4932 3565 4998 nostris
3599 4931 3793 4997 rebus
3831 4930 4125 4997 volebam
4163 4931 4361 5014 plura
4394 4931 4651 4999 scribae.

2729 5173 2918 5298 aa
2940 5171 3455 5322 affine&
3468 5174 4379 5323 mma
4392 5178 4655 5321 :ss

2732 5328 2784 5367 a.
2824 5309 2977 5365 1550.
3056 5309 3391 5376 Ganfrmus
3424 5309 3583 5363 nebu
3617 5325 3684 5363 ει
3718 5312 4033 5363 comoedum
4065 5323 4121 5361 a.
4160 5306 4297 5362 154⁷
4328 5310 4591 5363 ndu-s.
