4900 6125
616 445 747 504 bel

630 629 905 696 lamma
952 637 1104 694 tuae
1147 647 1311 710 quae
1359 645 1572 709 nuper
1619 626 1810 687 2351.

628 715 903 782 {austae
946 725 1103 780 tuae
1147 712 1391 796 quibus
1437 709 1726 794 negabas
1771 712 1919 773 431.

630 801 903 870 Ιιίιοτηθ
950 809 1100 864 ωηο
1145 818 1350 881 quum
1391 797 1538 861 aliis
1593 801 1733 857 171.

632 887 904 954 hiterae
951 895 1102 948 tuae
1148 903 1352 966 quum
1398 881 1625 947 multis
1671 881 1859 943 3237.

634 973 905 1040 laterae
950 985 1105 1034 tuae
1148 969 1363 1034 serius
1408 970 1595 1029 26o7.

632 1059 909 1124 Literae
954 1071 1109 1120 tuae
1152 1054 1413 1119 tametsi
1458 1050 1699 1136 gaudio
1752 1053 1935 1113 1297.

634 1145 903 1211 Literae
947 1151 1103 1205 tuae
1141 1139 1576 1204 vehementer
1613 1141 1757 1200 385.

636 1230 906 1296 Literae
952 1233 1214 1290 vestrae
1259 1223 1503 1307 duplici
1548 1223 1816 1287 nomine
1860 1224 2001 1284 318.

628 1315 905 1380 Literae
952 1321 1211 1376 vestrae
1253 1330 1573 1393 perquam
1618 1307 1809 1373 nobis
1849 1310 2039 1371 3609.

630 1401 904 1466 Literae
950 1409 1211 1461 vestrae
1255 1392 1467 1476 pridie
1510 1393 1851 1458 Kalendas
1896 1397 2084 1456 3765.

631 1487 905 1551 Literae
946 1493 1209 1547 vestrae
1254 1493 1328 1543 ut
1372 1501 1494 1563 par
1536 1487 1681 1545 erat
1727 1483 1871 1542 547.

630 1570 905 1637 Literas
949 1566 1068 1632 abs
1112 1577 1179 1630 te
1224 1566 1505 1648 scriptas
1552 1568 1739 1628 3564.

632 1656 903 1722 Literas
946 1652 1030 1720 ad
1076 1650 1431 1716 Calvinum
1484 1655 1667 1713 1245.

632 1740 905 1809 Literas
949 1736 1031 1802 ad
1077 1736 1417 1801 Farellum
1472 1739 1655 1799 1928.

633 1827 905 1894 Literas
948 1821 1202 1888 decima
1237 1822 1625 1888 Decembris
1680 1825 1857 1885 1337.

632 1912 904 1978 Literas
948 1909 1054 1973 his
1098 1907 1391 1974 inclusas
1436 1911 1625 1971 3336.

637 1998 907 2063 Literas
950 1993 1146 2059 hodie
1188 1994 1555 2076 accepimus
1598 1996 1741 2055 422.

637 2082 910 2148 Literas
954 2079 1388 2144 humanitatis
1431 2091 1583 2143 tuae
1626 2083 1811 2142 3549.

638 2169 907 2234 Literas
954 2185 1132 2230 meas
1178 2164 1297 2229 tibi
1342 2162 1629 2229 redditas
1683 2167 1863 2228 1030.

639 2253 907 2319 Literas
951 2271 1113 2333 quas
1155 2249 1237 2314 ad
1284 2249 1481 2315 hasce
1526 2269 1707 2314 mee-s
1752 2253 1941 2312 3123.

640 2339 906 2405 Literas
949 2357 1112 2418 quas
1156 2333 1241 2400 ad
1284 2356 1390 2400 me
1436 2339 1493 2398 3.
1538 2335 1717 2400 Iunii
1762 2337 1952 2398 2233.

641 2424 908 2489 Literas
951 2442 1117 2504 quas
1156 2419 1241 2486 ad
1286 2441 1391 2485 me
1438 2427 1539 2484 25.
1584 2422 1741 2486 Dec.
1788 2424 1975 2486 2377.

639 2511 909 2575 Literas
950 2529 1113 2589 quas
1157 2506 1240 2570 ad
1277 2528 1397 2572 nos
1438 2521 1670 2589 quarto
1716 2510 1861 2570 923.

643 2597 913 2660 Literas
956 2591 1218 2676 quidem
1264 2601 1416 2657 tuas
1457 2593 1680 2675 accepi
1730 2596 1870 2656 166.

643 2682 911 2747 Literas
951 2675 1213 2761 quidem
1260 2691 1408 2743 tuas
1444 2677 1823 2744 avidissime
1868 2680 2057 2742 2191.

642 2769 910 2833 Literas
951 2764 1252 2830 sereniss.
1300 2764 1661 2829 maiestatis
1705 2769 1894 2828 3181.

636 2853 908 2922 Literas
947 2857 1097 2915 tuas
1136 2849 1357 2932 accepi
1398 2848 1483 2915 ad
1522 2849 1767 2915 Bezam
1811 2853 1999 2913 3489.

642 2941 911 3008 Literas
954 2947 1107 3001 tuas
1150 2936 1369 3018 accepi
1414 2945 1608 3000 extra
1650 2939 1837 2999 2831.

643 3026 913 3094 Literas
957 3031 1105 3087 tuas
1148 3022 1365 3105 accepi
1407 3023 1654 3087 mixtas
1691 3025 1880 3086 3706.

642 3112 911 3180 Literas
954 3118 1103 3173 tuas
1146 3109 1364 3190 accepi
1407 3109 1601 3173 tertio
1647 3111 1835 3172 3989.

641 3197 911 3265 Literas
953 3206 1102 3259 tuas
1146 3192 1230 3259 ad
1264 3194 1593 3260 Bueerum
1636 3197 1781 3258 749.

642 3283 911 3350 Literna
954 3292 1102 3345 ωηο
1144 3277 1228 3344 ad
1276 3279 1737 3363 Bullingernm
1790 3282 1977 3344 1327.

643 3368 910 3436 Literas
946 3376 1095 3431 tuas
1138 3364 1222 3429 ad
1263 3385 1371 3430 me
1414 3365 1837 3448 peculiariter
1882 3368 2071 3430 2090.

645 3453 913 3521 Literas
954 3463 1105 3516 ωηο
1146 3450 1232 3515 ad
1272 3450 1617 3516 Nicolaum
1668 3460 1766 3517 11.

646 3540 913 3607 Literas
955 3548 1104 3602 ωηο
1147 3535 1232 3602 ad
1276 3536 1651 3602 Palatinum
1696 3540 1885 3602 3249.

644 3625 910 3692 Literas
948 3634 1097 3687 ωηο
1140 3622 1225 3687 ad
1267 3623 1651 3688 vicesimum
1694 3625 1879 3685 2642.

646 3713 912 3778 Literas
956 3722 1106 3773 ωηο
1151 3707 1504 3791 bibliopola
1549 3712 1737 3772 2198.

646 3796 916 3864 Literas
957 3804 1107 3858 ωηο
1145 3792 1457 3860 Calendis
1511 3796 1690 3858 1025.

645 3883 915 3950 Literas
960 3890 1109 3945 tuas
1152 3879 1338 3945 datas
1378 3880 1463 3945 ad
1504 3901 1610 3944 me
1662 3884 1843 3942 1240.

645 3968 915 4035 Literas
956 3976 1104 4030 ωηο
1148 3965 1399 4030 decimo
1438 3976 1669 4049 quarto
1714 3970 1859 4028 258.

642 4054 913 4122 Literas
955 4062 1105 4117 ωηο
1149 4050 1415 4117 demum
1468 4055 1650 4115 1302.

641 4140 907 4206 Literas
951 4148 1101 4202 ωηο
1144 4135 1527 4203 duodecimo
1549 4136 1727 4201 Iunii
1774 4139 1961 4201 3975.

642 4225 913 4294 Literas
956 4234 1102 4288 ωηο
1146 4222 1525 4288 duodecimo
1568 4232 1913 4306 postquam
1960 4225 2104 4287 956.

644 4312 913 4378 Literas
954 4324 1101 4375 ωηο
1143 4330 1265 4393 ego
1308 4319 1377 4372 et
1420 4308 1766 4374 Conradus
1814 4311 1999 4373 2638.

642 4398 912 4464 Literas
956 4408 1105 4461 ωηο
1147 4416 1229 4459 ex
1275 4394 1500 4459 nuncii
1546 4395 1748 4459 vestri
1794 4396 1983 4460 3020.

644 4483 911 4549 Literas
956 4492 1106 4545 ωηο
1149 4480 1566 4545 exosculatus
1612 4483 1797 4544 2196.

644 4570 913 4635 Literas
958 4578 1106 4631 ωηο
1149 4565 1582 4631 humanitatis
1617 4565 1847 4649 plenas
1893 4570 2071 4631 1409.

643 4656 914 4722 Literas
958 4662 1108 4717 ωηο
1150 4652 1388 4718 Iacobo
1434 4652 1708 4735 Meyero
1754 4655 1939 4717 2384.

644 4741 916 4806 Literas
956 4748 1105 4803 ωηο
1148 4736 1219 4802 in
1266 4737 1462 4803 boras
1507 4742 1651 4802 963.

645 4827 915 4892 Literae
959 4836 1108 4888 ωηο
1141 4822 1305 4888 mihi
1342 4823 1608 4888 demum
1658 4828 1843 4886 2908.

646 4912 915 4977 Literas
962 4920 1111 4974 ωηο
1155 4908 1319 4973 mihi
1365 4909 1650 4974 reddidit
1685 4914 1776 4971 15.

645 4997 913 5062 Literas
955 5004 1106 5059 ωηο
1144 4996 1435 5059 omnium
1482 4994 1673 5080 longe
1704 4999 1883 5060 1695.

647 5082 915 5147 Literas
958 5092 1105 5146 ωηο
1145 5080 1374 5166 paucis
1504 5092 1567 5145 st
1619 5082 1800 5143 1212.

646 5167 914 5232 Literas
958 5178 1107 5231 ωηο
1149 5168 1362 5249 primo
1404 5100 1709 5232 &tobi-is
1764 5168 1939 5231 1302.

649 5252 915 5317 Literas
959 5262 1106 5316 ωηο
1147 5272 1312 5336 quas
1353 5254 1689 5318 communi
1725 5255 1867 5316 299.

652 5337 917 5403 Literas
960 5346 1109 5403 ωηο
1150 5336 1386 5420 quibus
1432 5342 1618 5405 4165.

2100 432 2488 503 molem
2527 433 3220 502 EPIS'I'OLABUM.

2707 624 2976 690 Idteras
3017 633 3168 689 ωηο
3210 645 3358 690 sero
3401 622 3672 688 tandem
3720 624 3910 687 3892.

2711 710 2974 775 Literas
3019 721 3168 775 ωηο
3211 725 3400 774 sexto
3443 708 3600 773 Iulii
3639 712 3828 773 3827.

2705 796 2972 861 Literas
3015 807 3166 860 ωηο
3207 796 3405 860 tertio
3447 795 3716 859 demum
3761 796 3950 858 2138.

2707 883 2972 946 Litcras
3015 895 3168 945 tuas
3209 882 3526 947 vicesimo
3569 881 3785 964 primo
3830 882 3976 944 928.

2709 967 2972 1032 Literas
3017 979 3166 1031 ωηο
3211 968 3522 1032 vicesimo
3566 967 3799 1049 quinto
3846 969 4034 1032 3794.

2707 1053 2972 1118 Literas
3015 1063 3164 1117 tuas
3199 1074 3338 1117 una
3375 1074 3526 1117 cum
3571 1073 3694 1117 sex
3738 1055 3882 1114 572.

2707 1138 2972 1204 Literas
3010 1151 3268 1204 vestras
3309 1138 3396 1202 ad
3439 1158 3562 1202 nos
3606 1136 3794 1202 datas
3838 1141 3980 1202 345.

2708 1224 2974 1289 Literas
3015 1237 3272 1289 vestras
3311 1222 3396 1288 ad
3439 1245 3562 1289 nos
3605 1223 3740 1288 iam
3783 1226 3930 1287 324.

2653 1323 2662 1408 3
2707 1310 2972 1375 Literas
3015 1325 3276 1375 vestras
3315 1311 3546 1392 quinto
3599 1312 3778 1372 1363.

2707 1397 2975 1462 Litcras
3017 1409 3274 1460 vestras
3315 1397 3594 1478 septimo
3639 1397 3824 1456 2042.

2653 1457 2662 1556 Ι
2709 1481 2958 1547 Literis
3004 1481 3090 1546 ad
3133 1503 3240 1546 me
3283 1483 3418 1547 tuis
3466 1484 3653 1544 4236.

2709 1567 2958 1634 Lite-ris
2999 1568 3226 1632 fintris
3269 1568 3474 1632 nostri
3517 1566 3760 1631 Ribitti
3804 1568 3992 1630 2557.

2707 1653 2960 1719 Litoris
3002 1653 3170 1718 meis
3213 1653 3532 1736 proximis
3580 1657 3760 1715 1279.

2707 1738 2958 1805 Literis
3000 1741 3168 1804 meis
3208 1736 3653 1821 superioribus
3697 1742 3845 1803 917.

2709 1824 2957 1890 Literis
2999 1846 3164 1907 quas
3206 1827 3506 1907 proxime
3547 1822 3700 1890 dedi
3747 1825 3934 1889 2915.

2708 1910 2958 1976 Literis
3003 1910 3278 1975 Boberti
3319 1909 3544 1975 fratris
3588 1913 3648 1973 8.

2709 1996 2958 2062 Literis
2999 1997 3132 2060 tuis
3174 1996 3364 2062 cuius
3407 2005 3595 2060 erant
3647 1998 3786 2058 144.

2709 2082 2959 2147 Literis
3001 2083 3136 2146 tuis
3176 2083 3602 2163 impetratum
3649 2086 3793 2144 501.

2709 2167 2960 2233 Litoris
3003 2168 3138 2232 tuis
3177 2167 3422 2231 iterum
3469 2170 3658 2229 3889.

2710 2253 2960 2319 Literis
3003 2253 3138 2317 tuis
3179 2272 3347 2335 quae
3389 2251 3753 2334 penultima
3798 2252 3984 2315 3523.

2709 2338 2960 2403 Litcris
3004 2339 3139 2403 tuis
3179 2359 3344 2420 quas
3387 2336 3473 2401 ad
3515 2358 3622 2402 me
3667 2341 3854 2400 2385,

2710 2424 2960 2489 Litcris
3001 2426 3135 2488 tuis
3177 2445 3344 2506 quas
3387 2423 3596 2488 altero
3646 2426 3829 2487 1676.

2710 2510 2961 2575 Literis
3005 2511 3244 2574 vestris
3289 2511 3504 2574 serius
3547 2509 3716 2573 forte
3761 2509 3947 2572 2213.

2715 2596 2926 2662 Locos
2967 2597 3034 2660 in
3077 2594 3356 2679 epistola
3407 2598 3586 2656 1048.

2715 2683 2948 2764 Longe
2990 2682 3204 2765 magis
3245 2680 3634 2764 optabamus
3681 2680 3867 2741 2702.

2713 2768 3022 2851 Longum
3065 2777 3242 2832 esset
3282 2767 3608 2849 integram
3654 2766 3842 2829 2364.

2709 2853 3020 2937 Longum
3063 2863 3236 2918 esset
3276 2871 3550 2916 narrare
3595 2851 3784 2914 2590.

2709 2938 3024 3022 Longum
3067 2945 3242 3003 esset
3279 2956 3404 3002 nec
3445 2947 3642 3003 vacat
3687 2940 3831 2998 808.

2712 3024 2987 3092 Lubens
3023 3023 3156 3110 legi
3190 3042 3360 3107 quae
3402 3021 3832 3108 Bullingerus
3881 3023 4063 3088 1263.

2712 3111 3059 3177 Lubenter
3099 3112 3414 3178 iuvissem
3457 3110 3700 3174 bonum
3755 3111 3935 3172 1439.

2713 3196 3055 3262 Lubenter
3095 3208 3163 3261 te
3205 3195 3662 3261 convenissem
3699 3197 3844 3258 792.

2717 3284 3025 3348 Lutetiae
3069 3281 3174 3346 die
3217 3302 3393 3346 nono
3438 3283 3624 3343 3541.

3633 3484 3742 3553 M.

2713 3622 3149 3706 Magistratus
3193 3620 3778 3703 Argentoratensis
3823 3621 3965 3681 328.
4081 3672 4122 3689 ,,

2711 3710 2960 3792 Magna
2994 3729 3143 3774 cum
3191 3708 3528 3789 voluptate
3569 3705 3701 3790 legi
3753 3707 3932 3768 1252.

2709 3796 2961 3877 Magna
3003 3793 3258 3858 laetitia
3299 3802 3600 3858 sanctum
3643 3794 3790 3854 320.

2711 3881 2962 3961 Magna
3003 3900 3110 3944 me
3155 3878 3410 3945 laetitia
3452 3879 3641 3942 4213.

2711 3967 2961 4049 Magna
3004 3966 3390 4029 necessitate
3432 3961 3753 4044 compulsi
3800 3964 3946 4026 873.

2709 4053 2962 4134 Magna
3003 4048 3320 4133 quaedam
3364 4059 3464 4114 est
3515 4054 3587 4108 19
3631 4047 3749 4113 bis.

2709 4139 3031 4219 Magnam
3075 4145 3255 4201 certe
3298 4135 3620 4200 iacturam
3664 4132 3823 4199 fecit
3866 4135 4057 4198 3292.

2709 4225 3030 4305 Magnam
3077 4222 3200 4286 tibi
3241 4221 3522 4304 gratiam
3565 4217 3774 4283 habeo
3823 4221 4005 4284 1952.

2709 4310 3026 4391 Magnam
3069 4308 3189 4371 tibi
3232 4305 3442 4370 habeo
3486 4306 3764 4388 gratiam
3816 4307 3997 4368 1356.

2711 4395 2995 4477 Magnas
3039 4393 3308 4457 omnino
3353 4394 3601 4475 gratias
3645 4390 3851 4455 habeo
3897 4392 4086 4455 2637.

2711 4481 2994 4563 Magnas
3039 4477 3158 4542 tibi
3203 4476 3408 4542 debeo
3451 4476 3700 4560 gratias
3745 4478 3933 4539 2306.

2714 4567 2968 4648 Magno
3012 4584 3162 4630 cum
3208 4561 3430 4627 dolore
3475 4561 3849 4627 audivimus
3900 4565 4082 4624 1557.

2713 4652 2963 4733 Magno
3003 4648 3168 4713 mihi
3214 4670 3366 4713 cum
3411 4647 3649 4732 gaudio
3701 4651 3884 4711 1618.

2715 4738 3117 4819 Magnopere
3161 4744 3501 4818 poeoatum
3544 4744 3644 4799 est
3688 4734 3878 4794 2676.

2715 4823 3040 4904 Magnum
3084 4840 3240 4885 sane
3284 4840 3391 4884 me
3434 4819 3725 4884 studium
3775 4822 3962 4882 2029.

2713 4907 3052 4973 Maiestati
3098 4914 3359 4971 vestrae
3401 4904 3754 4971 scriberem
3802 4908 3988 4968 3297.

2714 4992 2892 5058 Male
2935 5012 3042 5057 me
3085 5002 3153 5056 et
3193 4992 3464 5057 comites
3509 4993 3652 5055 636.

2713 5078 2986 5145 Mallem
3031 5077 3162 5144 huc
3201 5087 3268 5142 te
3309 5076 3395 5141 ad
3437 5098 3556 5141 nos
3601 5078 3744 5140 233.

2714 5164 2896 5229 Malo
2941 5175 3007 5229 te
3046 5163 3474 5246 quantumvis
3517 5164 3703 5227 3856.

2713 5249 3037 5315 Mandata
3080 5249 3427 5333 legationis
3479 5250 3660 5313 1285.

2714 5334 3037 5401 Mandata
3087 5344 3301 5400 vestra
3342 5334 3508 5399 mihi
3550 5353 3747 5400 curae
3797 5337 3978 5399 1564.
