<?xml version="1.0" encoding="UTF-8"?>
<!DOCTYPE html PUBLIC "-//W3C//DTD XHTML 1.0 Transitional//EN"
    "http://www.w3.org/TR/xhtml1/DTD/xhtml1-transitional.dtd">
<html xmlns="http://www.w3.org/1999/xhtml" xml:lang="en" lang="en">
 <head>
  <title>
</title>
<meta http-equiv="Content-Type" content="text/html;charset=utf-8" />
  <meta name='ocr-system' content='tesseract 3.04.00' />
  <meta name='ocr-capabilities' content='ocr_page ocr_carea ocr_par ocr_line ocrx_word'/>
</head>
<body>
  <div class='ocr_page' id='page_1' title='image "./ioanniscalvinio12unkngoog/ioanniscalvinio12unkngoog_0147.png"; bbox 0 0 4900 6125; ppageno 0'>
   <div class='ocr_carea' id='block_1_1' title="bbox 319 405 422 470">
    <p class='ocr_par' dir='ltr' id='par_1_1' title="bbox 319 405 422 470">
     <span class='ocr_line' id='line_1_1' title="bbox 319 405 422 470; baseline -0.019 0"><span class='ocrx_word' id='word_1_1' title='bbox 319 405 422 470; x_wconf 73' lang='lat'><strong>261</strong></span> 
     </span>
    </p>
   </div>
   <div class='ocr_carea' id='block_1_2' title="bbox 311 589 2235 919">
    <p class='ocr_par' dir='ltr' id='par_1_2' title="bbox 311 589 2235 919">
     <span class='ocr_line' id='line_1_2' title="bbox 461 589 2235 682; baseline 0.001 -24"><span class='ocrx_word' id='word_1_2' title='bbox 461 589 828 658; x_wconf 84' lang='lat' dir='ltr'><strong>Clarissimo</strong></span> <span class='ocrx_word' id='word_1_3' title='bbox 875 590 1018 657; x_wconf 90' lang='lat' dir='ltr'><strong>viro</strong></span> <span class='ocrx_word' id='word_1_4' title='bbox 1061 592 1145 659; x_wconf 92' lang='lat' dir='ltr'><strong>D.</strong></span> <span class='ocrx_word' id='word_1_5' title='bbox 1186 594 1570 682; x_wconf 83' lang='lat' dir='ltr'><strong>Heinrycho</strong></span> <span class='ocrx_word' id='word_1_6' title='bbox 1604 593 1993 682; x_wconf 77' lang='lat' dir='ltr'><strong>Bullingero</strong></span> <span class='ocrx_word' id='word_1_7' title='bbox 2028 594 2235 680; x_wconf 73' lang='lat' dir='ltr'><strong>Tigu-</strong></span> 
     </span>
     <span class='ocr_line' id='line_1_3' title="bbox 311 676 2234 761; baseline 0.001 -15"><span class='ocrx_word' id='word_1_8' title='bbox 311 681 470 746; x_wconf 80' lang='lat' dir='ltr'><strong>rinae</strong></span> <span class='ocrx_word' id='word_1_9' title='bbox 508 676 810 744; x_wconf 87' lang='lat' dir='ltr'><strong>eeclesiae</strong></span> <span class='ocrx_word' id='word_1_10' title='bbox 845 678 1092 761; x_wconf 87' lang='lat' dir='ltr'><strong>pastori</strong></span> <span class='ocrx_word' id='word_1_11' title='bbox 1137 677 1516 748; x_wconf 85' lang='lat' dir='ltr'><strong>fidelissimo</strong></span> <span class='ocrx_word' id='word_1_12' title='bbox 1552 680 1816 747; x_wconf 89' lang='lat' dir='ltr'><strong>domino</strong></span> <span class='ocrx_word' id='word_1_13' title='bbox 1855 700 1976 748; x_wconf 90' lang='lat' dir='ltr'><strong>suo</strong></span> <span class='ocrx_word' id='word_1_14' title='bbox 2014 680 2234 747; x_wconf 92' lang='lat' dir='ltr'><strong>colen·</strong></span> 
     </span>
     <span class='ocr_line' id='line_1_4' title="bbox 312 764 2061 919; baseline 0.001 -89"><span class='ocrx_word' id='word_1_15' title='bbox 312 764 555 832; x_wconf 86' lang='lat' dir='ltr'><strong>dissime</strong></span> <span class='ocrx_word' id='word_1_16' title='bbox 598 768 665 828; x_wconf 90' lang='lat' dir='ltr'><strong>et</strong></span> <span class='ocrx_word' id='word_1_17' title='bbox 707 764 1026 849; x_wconf 88' lang='lat' dir='ltr'><strong>compatri</strong></span> <span class='ocrx_word' id='word_1_18' title='bbox 1071 765 1427 835; x_wconf 79' lang='lat' dir='ltr'><strong>carissimo.</strong></span> <span class='ocrx_word' id='word_1_19' title='bbox 1799 852 2061 919; x_wconf 39' lang='lat' dir='ltr'><strong>zurich·</strong></span> 
     </span>
    </p>
   </div>
   <div class='ocr_carea' id='block_1_3' title="bbox 308 1055 2235 1072">
    <p class='ocr_par' dir='ltr' id='par_1_3' title="bbox 308 1055 2235 1072">
     <span class='ocr_line' id='line_1_5' title="bbox 308 1055 2235 1072; baseline 0.001 -2"><span class='ocrx_word' id='word_1_20' title='bbox 308 1055 2235 1072; x_wconf 65' lang='lat'>—-——-——-———-—————</span> 
     </span>
    </p>
   </div>
   <div class='ocr_carea' id='block_1_4' title="bbox 189 1106 2239 4714">
    <p class='ocr_par' dir='ltr' id='par_1_4' title="bbox 189 1106 2239 4714">
     <span class='ocr_line' id='line_1_6' title="bbox 308 1106 2238 1192; baseline 0.001 -18"><span class='ocrx_word' id='word_1_21' title='bbox 308 1106 480 1191; x_wconf 80' lang='lat' dir='ltr'><strong>Quod</strong></span> <span class='ocrx_word' id='word_1_22' title='bbox 537 1115 829 1172; x_wconf 88' lang='lat' dir='ltr'><strong>nostram</strong></span> <span class='ocrx_word' id='word_1_23' title='bbox 881 1106 1206 1192; x_wconf 79' lang='lat' dir='ltr'><strong>synodum</strong></span> <span class='ocrx_word' id='word_1_24' title='bbox 1245 1113 1293 1185; x_wconf 85' lang='grc' dir='ltr'><strong>ι)</strong></span> <span class='ocrx_word' id='word_1_25' title='bbox 1350 1108 1594 1176; x_wconf 78' lang='lat' dir='ltr'><strong>attinet</strong></span> <span class='ocrx_word' id='word_1_26' title='bbox 1651 1110 1892 1176; x_wconf 90' lang='lat' dir='ltr'><strong>haereo</strong></span> <span class='ocrx_word' id='word_1_27' title='bbox 1995 1131 2238 1177; x_wconf 89' lang='lat' dir='ltr'><strong>rorsus.</strong></span> 
     </span>
     <span class='ocr_line' id='line_1_7' title="bbox 308 1191 2238 1293; baseline 0.001 -33"><span class='ocrx_word' id='word_1_28' title='bbox 308 1192 533 1260; x_wconf 86' lang='lat' dir='ltr'><strong>Eadem</strong></span> <span class='ocrx_word' id='word_1_29' title='bbox 577 1191 717 1275; x_wconf 88' lang='lat' dir='ltr'><strong>ipse</strong></span> <span class='ocrx_word' id='word_1_30' title='bbox 753 1212 1007 1293; x_wconf 80' lang='grc'><strong>000000</strong></span> <span class='ocrx_word' id='word_1_31' title='bbox 1052 1194 1267 1280; x_wconf 80' lang='lat' dir='ltr'><strong>cogito</strong></span> <span class='ocrx_word' id='word_1_32' title='bbox 1304 1214 1471 1279; x_wconf 89' lang='lat' dir='ltr'><strong>quae</strong></span> <span class='ocrx_word' id='word_1_33' title='bbox 1514 1203 1604 1262; x_wconf 91' lang='lat' dir='ltr'><strong>tu.</strong></span> <span class='ocrx_word' id='word_1_34' title='bbox 1675 1196 1766 1262; x_wconf 84' lang='lat' dir='ltr'><strong>Et</strong></span> <span class='ocrx_word' id='word_1_35' title='bbox 1810 1215 1937 1283; x_wconf 86' lang='lat' dir='ltr'><strong>quo</strong></span> <span class='ocrx_word' id='word_1_36' title='bbox 2027 1196 2238 1262; x_wconf 82' lang='lat' dir='ltr'><strong>maxi-</strong></span> 
     </span>
     <span class='ocr_line' id='line_1_8' title="bbox 306 1276 2238 1366; baseline 0.001 -21"><span class='ocrx_word' id='word_1_37' title='bbox 306 1300 466 1345; x_wconf 89' lang='lat' dir='ltr'><strong>mum</strong></span> <span class='ocrx_word' id='word_1_38' title='bbox 522 1286 642 1357; x_wconf 87' lang='lat' dir='ltr'><strong>est,</strong></span> <span class='ocrx_word' id='word_1_39' title='bbox 714 1276 905 1343; x_wconf 78' lang='lat' dir='ltr'><strong>vldeo</strong></span> <span class='ocrx_word' id='word_1_40' title='bbox 963 1298 1103 1344; x_wconf 88' lang='lat' dir='ltr'><strong>rem</strong></span> <span class='ocrx_word' id='word_1_41' title='bbox 1171 1301 1383 1365; x_wconf 87' lang='lat' dir='ltr'><strong>neque</strong></span> <span class='ocrx_word' id='word_1_42' title='bbox 1447 1280 1676 1348; x_wconf 87' lang='lat' dir='ltr'><strong>ordine</strong></span> <span class='ocrx_word' id='word_1_43' title='bbox 1741 1302 1953 1366; x_wconf 89' lang='lat' dir='ltr'><strong>neque</strong></span> <span class='ocrx_word' id='word_1_44' title='bbox 2019 1283 2238 1347; x_wconf 86' lang='lat' dir='ltr'><strong>animo</strong></span> 
     </span>
     <span class='ocr_line' id='line_1_9' title="bbox 306 1362 2238 1449; baseline 0 -17"><span class='ocrx_word' id='word_1_45' title='bbox 306 1365 455 1432; x_wconf 90' lang='lat' dir='ltr'><strong>bono</strong></span> <span class='ocrx_word' id='word_1_46' title='bbox 518 1365 676 1449; x_wconf 80' lang='lat' dir='ltr'><strong>geri.</strong></span> <span class='ocrx_word' id='word_1_47' title='bbox 781 1362 1114 1430; x_wconf 80' lang='lat' dir='ltr'><strong>Scribitur</strong></span> <span class='ocrx_word' id='word_1_48' title='bbox 1178 1368 1260 1430; x_wconf 92' lang='lat' dir='ltr'><strong>ad</strong></span> <span class='ocrx_word' id='word_1_49' title='bbox 1320 1386 1438 1432; x_wconf 89' lang='lat' dir='ltr'><strong>vos</strong></span> <span class='ocrx_word' id='word_1_50' title='bbox 1505 1375 1787 1448; x_wconf 82' lang='lat' dir='ltr'><strong>tantum,</strong></span> <span class='ocrx_word' id='word_1_51' title='bbox 1853 1388 1985 1433; x_wconf 91' lang='lat' dir='ltr'><strong>non</strong></span> <span class='ocrx_word' id='word_1_52' title='bbox 2043 1365 2238 1433; x_wconf 90' lang='lat' dir='ltr'><strong>audio</strong></span> 
     </span>
     <span class='ocr_line' id='line_1_10' title="bbox 305 1448 2236 1534; baseline 0.001 -18"><span class='ocrx_word' id='word_1_53' title='bbox 305 1448 544 1516; x_wconf 86' lang='lat' dir='ltr'><strong>aliunde</strong></span> <span class='ocrx_word' id='word_1_54' title='bbox 596 1469 991 1534; x_wconf 90' lang='lat' dir='ltr'><strong>quemquam</strong></span> <span class='ocrx_word' id='word_1_55' title='bbox 1039 1450 1426 1519; x_wconf 89' lang='lat' dir='ltr'><strong>vocandum.</strong></span> <span class='ocrx_word' id='word_1_56' title='bbox 1517 1452 1655 1520; x_wconf 85' lang='lat' dir='ltr'><strong>Vos</strong></span> <span class='ocrx_word' id='word_1_57' title='bbox 1701 1474 1856 1520; x_wconf 88' lang='lat' dir='ltr'><strong>vero</strong></span> <span class='ocrx_word' id='word_1_58' title='bbox 1901 1474 2061 1519; x_wconf 89' lang='lat' dir='ltr'><strong>num</strong></span> <span class='ocrx_word' id='word_1_59' title='bbox 2115 1452 2236 1519; x_wconf 90' lang='lat' dir='ltr'><strong>soli</strong></span> 
     </span>
     <span class='ocr_line' id='line_1_11' title="bbox 305 1534 2239 1626; baseline 0.002 -24"><span class='ocrx_word' id='word_1_60' title='bbox 305 1534 561 1602; x_wconf 89' lang='lat' dir='ltr'><strong>subituri</strong></span> <span class='ocrx_word' id='word_1_61' title='bbox 605 1535 752 1602; x_wconf 90' lang='lat' dir='ltr'><strong>sitis</strong></span> <span class='ocrx_word' id='word_1_62' title='bbox 798 1535 971 1602; x_wconf 85' lang='lat' dir='ltr'><strong>hanc</strong></span> <span class='ocrx_word' id='word_1_63' title='bbox 1014 1537 1425 1621; x_wconf 85' lang='lat' dir='ltr'><strong>provinciam</strong></span> <span class='ocrx_word' id='word_1_64' title='bbox 1467 1540 1713 1626; x_wconf 84' lang='lat' dir='ltr'><strong>ignoro.</strong></span> <span class='ocrx_word' id='word_1_65' title='bbox 1806 1539 1912 1605; x_wconf 83' lang='lat' dir='ltr'><strong>Ex</strong></span> <span class='ocrx_word' id='word_1_66' title='bbox 1958 1538 2239 1605; x_wconf 80' lang='lat' dir='ltr'><strong>Geneva</strong></span> 
     </span>
     <span class='ocr_line' id='line_1_12' title="bbox 303 1621 2236 1708; baseline 0.001 -20"><span class='ocrx_word' id='word_1_67' title='bbox 303 1630 366 1688; x_wconf 85' lang='lat' dir='ltr'><strong>ut</strong></span> <span class='ocrx_word' id='word_1_68' title='bbox 400 1621 738 1705; x_wconf 85' lang='lat' dir='ltr'><strong>quisquam</strong></span> <span class='ocrx_word' id='word_1_69' title='bbox 783 1630 1052 1689; x_wconf 87' lang='lat' dir='ltr'><strong>vocetur</strong></span> <span class='ocrx_word' id='word_1_70' title='bbox 1094 1623 1277 1689; x_wconf 88' lang='lat' dir='ltr'><strong>nulla</strong></span> <span class='ocrx_word' id='word_1_71' title='bbox 1328 1645 1479 1708; x_wconf 87' lang='lat' dir='ltr'><strong>spes</strong></span> <span class='ocrx_word' id='word_1_72' title='bbox 1535 1632 1666 1691; x_wconf 87' lang='lat' dir='ltr'><strong>est:</strong></span> <span class='ocrx_word' id='word_1_73' title='bbox 1733 1625 1828 1690; x_wconf 87' lang='lat' dir='ltr'><strong>ita</strong></span> <span class='ocrx_word' id='word_1_74' title='bbox 1870 1622 2236 1692; x_wconf 86' lang='lat' dir='ltr'><strong>conclama-</strong></span> 
     </span>
     <span class='ocr_line' id='line_1_13' title="bbox 302 1706 2239 1791; baseline 0.001 -18"><span class='ocrx_word' id='word_1_75' title='bbox 302 1716 423 1773; x_wconf 86' lang='lat' dir='ltr'><strong>tum</strong></span> <span class='ocrx_word' id='word_1_76' title='bbox 489 1714 590 1773; x_wconf 87' lang='lat' dir='ltr'><strong>est</strong></span> <span class='ocrx_word' id='word_1_77' title='bbox 647 1706 821 1791; x_wconf 88' lang='lat' dir='ltr'><strong>apud</strong></span> <span class='ocrx_word' id='word_1_78' title='bbox 880 1726 1108 1776; x_wconf 90' lang='lat' dir='ltr'><strong>omnes</strong></span> <span class='ocrx_word' id='word_1_79' title='bbox 1167 1710 1481 1777; x_wconf 88' lang='lat' dir='ltr'><strong>adversus</strong></span> <span class='ocrx_word' id='word_1_80' title='bbox 1533 1709 1701 1790; x_wconf 87' lang='lat' dir='ltr'><strong>illos,</strong></span> <span class='ocrx_word' id='word_1_81' title='bbox 1763 1718 1829 1776; x_wconf 84' lang='lat' dir='ltr'><strong>et</strong></span> <span class='ocrx_word' id='word_1_82' title='bbox 1888 1730 2081 1776; x_wconf 87' lang='lat' dir='ltr'><strong>nemo</strong></span> <span class='ocrx_word' id='word_1_83' title='bbox 2135 1716 2239 1777; x_wconf 91' lang='lat' dir='ltr'><strong>est</strong></span> 
     </span>
     <span class='ocr_line' id='line_1_14' title="bbox 300 1793 2239 1880; baseline 0.002 -21"><span class='ocrx_word' id='word_1_84' title='bbox 300 1794 397 1878; x_wconf 89' lang='grc'><strong>001</strong></span> <span class='ocrx_word' id='word_1_85' title='bbox 447 1814 574 1858; x_wconf 91' lang='grc'><strong>000</strong></span> <span class='ocrx_word' id='word_1_86' title='bbox 631 1794 987 1871; x_wconf 81' lang='lat' dir='ltr'><strong>existimet,</strong></span> <span class='ocrx_word' id='word_1_87' title='bbox 1055 1793 1370 1880; x_wconf 87' lang='lat' dir='ltr'><strong>quidquid</strong></span> <span class='ocrx_word' id='word_1_88' title='bbox 1434 1794 1672 1863; x_wconf 89' lang='lat' dir='ltr'><strong>harum</strong></span> <span class='ocrx_word' id='word_1_89' title='bbox 1739 1797 2081 1863; x_wconf 90' lang='lat' dir='ltr'><strong>turbarum</strong></span> <span class='ocrx_word' id='word_1_90' title='bbox 2135 1802 2239 1862; x_wconf 85' lang='lat' dir='ltr'><strong>est</strong></span> 
     </span>
     <span class='ocr_line' id='line_1_15' title="bbox 297 1877 2236 1962; baseline 0.002 -19"><span class='ocrx_word' id='word_1_91' title='bbox 297 1877 434 1944; x_wconf 88' lang='lat' dir='ltr'><strong>inde</strong></span> <span class='ocrx_word' id='word_1_92' title='bbox 476 1880 839 1961; x_wconf 84' lang='lat' dir='ltr'><strong>provenire.</strong></span> <span class='ocrx_word' id='word_1_93' title='bbox 929 1878 1260 1962; x_wconf 78' lang='lat' dir='ltr'><strong>Quoniam</strong></span> <span class='ocrx_word' id='word_1_94' title='bbox 1304 1882 1480 1948; x_wconf 90' lang='lat' dir='ltr'><strong>enim</strong></span> <span class='ocrx_word' id='word_1_95' title='bbox 1524 1881 1626 1947; x_wconf 88' lang='lat' dir='ltr'><strong>illi</strong></span> <span class='ocrx_word' id='word_1_96' title='bbox 1677 1883 2072 1950; x_wconf 88' lang='lat' dir='ltr'><strong>severiorem</strong></span> <span class='ocrx_word' id='word_1_97' title='bbox 2119 1881 2236 1946; x_wconf 86' lang='lat' dir='ltr'><strong>ha·</strong></span> 
     </span>
     <span class='ocr_line' id='line_1_16' title="bbox 298 1963 2237 2052; baseline 0.003 -22"><span class='ocrx_word' id='word_1_98' title='bbox 298 1963 438 2030; x_wconf 87' lang='lat' dir='ltr'><strong>bent</strong></span> <span class='ocrx_word' id='word_1_99' title='bbox 491 1966 557 2030; x_wconf 91' lang='lat' dir='ltr'><strong>in</strong></span> <span class='ocrx_word' id='word_1_100' title='bbox 603 1964 877 2032; x_wconf 90' lang='lat' dir='ltr'><strong>ecclesia</strong></span> <span class='ocrx_word' id='word_1_101' title='bbox 930 1986 1053 2031; x_wconf 90' lang='lat' dir='ltr'><strong>sua</strong></span> <span class='ocrx_word' id='word_1_102' title='bbox 1096 1965 1528 2051; x_wconf 89' lang='lat' dir='ltr'><strong>disciplinam,</strong></span> <span class='ocrx_word' id='word_1_103' title='bbox 1583 1976 1820 2052; x_wconf 89' lang='lat' dir='ltr'><strong>putant</strong></span> <span class='ocrx_word' id='word_1_104' title='bbox 1864 1967 2237 2035; x_wconf 84' lang='lat' dir='ltr'><strong>Germanos</strong></span> 
     </span>
     <span class='ocr_line' id='line_1_17' title="bbox 333 2050 2238 2138; baseline 0.002 -22"><span class='ocrx_word' id='word_1_105' title='bbox 333 2071 531 2135; x_wconf 89' lang='lat' dir='ltr'><strong>uoque</strong></span> <span class='ocrx_word' id='word_1_106' title='bbox 574 2051 746 2117; x_wconf 87' lang='lat' dir='ltr'><strong>sicut</strong></span> <span class='ocrx_word' id='word_1_107' title='bbox 789 2057 858 2116; x_wconf 88' lang='lat' dir='ltr'><strong>et</strong></span> <span class='ocrx_word' id='word_1_108' title='bbox 892 2050 1125 2118; x_wconf 81' lang='lat' dir='ltr'>Gallos</span> <span class='ocrx_word' id='word_1_109' title='bbox 1170 2052 1483 2121; x_wconf 90' lang='lat' dir='ltr'><strong>ecclesiae</strong></span> <span class='ocrx_word' id='word_1_110' title='bbox 1527 2075 1684 2122; x_wconf 91' lang='lat' dir='ltr'><strong>suae</strong></span> <span class='ocrx_word' id='word_1_111' title='bbox 1728 2054 2010 2120; x_wconf 82' lang='lat' dir='ltr'><strong>formam</strong></span> <span class='ocrx_word' id='word_1_112' title='bbox 2053 2054 2238 2138; x_wconf 83' lang='lat' dir='ltr'><strong>sequi</strong></span> 
     </span>
     <span class='ocr_line' id='line_1_18' title="bbox 297 2072 2239 2225; baseline 0.002 -24"><span class='ocrx_word' id='word_1_113' title='bbox 297 2072 532 2203; x_wconf 61' lang='grc'><strong>3011000.</strong></span> <span class='ocrx_word' id='word_1_114' title='bbox 621 2137 732 2202; x_wconf 82' lang='lat' dir='ltr'><strong>Ex</strong></span> <span class='ocrx_word' id='word_1_115' title='bbox 775 2136 1044 2204; x_wconf 89' lang='lat' dir='ltr'><strong>Basilea</strong></span> <span class='ocrx_word' id='word_1_116' title='bbox 1083 2159 1241 2205; x_wconf 89' lang='lat' dir='ltr'><strong>vero</strong></span> <span class='ocrx_word' id='word_1_117' title='bbox 1283 2141 1428 2224; x_wconf 88' lang='lat' dir='ltr'><strong>quis</strong></span> <span class='ocrx_word' id='word_1_118' title='bbox 1471 2141 1692 2209; x_wconf 90' lang='lat' dir='ltr'><strong>vocari</strong></span> <span class='ocrx_word' id='word_1_119' title='bbox 1728 2138 2014 2225; x_wconf 72' lang='lat' dir='ltr'><strong>poterit?</strong></span> <span class='ocrx_word' id='word_1_120' title='bbox 2084 2136 2239 2205; x_wconf 78' lang='lat' dir='ltr'><strong>Iun-</strong></span> 
     </span>
     <span class='ocr_line' id='line_1_19' title="bbox 292 2219 2239 2326; baseline 0.002 -39"><span class='ocrx_word' id='word_1_121' title='bbox 292 2222 424 2321; x_wconf 70' lang='grc'><strong>9100</strong></span> <span class='ocrx_word' id='word_1_122' title='bbox 462 2219 638 2288; x_wconf 88' lang='lat' dir='ltr'><strong>obiit.</strong></span> <span class='ocrx_word' id='word_1_123' title='bbox 663 2306 679 2323; x_wconf 35' lang='lat'><em>⁶</em></span> <span class='ocrx_word' id='word_1_124' title='bbox 708 2221 1005 2323; x_wconf 54' lang='lat' dir='ltr'><strong>Sufeerus</strong></span> <span class='ocrx_word' id='word_1_125' title='bbox 1048 2223 1232 2308; x_wconf 90' lang='lat' dir='ltr'><strong>prius</strong></span> <span class='ocrx_word' id='word_1_126' title='bbox 1254 2227 1518 2326; x_wconf 43' lang='lat' dir='ltr'><strong>&#39;partim</strong></span> <span class='ocrx_word' id='word_1_127' title='bbox 1566 2227 1647 2293; x_wconf 92' lang='lat' dir='ltr'><strong>ob</strong></span> <span class='ocrx_word' id='word_1_128' title='bbox 1690 2226 1814 2293; x_wconf 95' lang='grc'><strong>000</strong></span> <span class='ocrx_word' id='word_1_129' title='bbox 1857 2226 2075 2309; x_wconf 91' lang='lat' dir='ltr'><strong>ipsum</strong></span> <span class='ocrx_word' id='word_1_130' title='bbox 2121 2245 2239 2291; x_wconf 89' lang='lat' dir='ltr'><strong>ne-</strong></span> 
     </span>
     <span class='ocr_line' id='line_1_20' title="bbox 294 2308 2239 2493; baseline 0.001 -33"><span class='ocrx_word' id='word_1_131' title='bbox 294 2314 528 2472; x_wconf 50' lang='lat'><strong>3335?</strong></span> <span class='ocrx_word' id='word_1_132' title='bbox 544 2308 1032 2493; x_wconf 67' lang='lat' dir='ltr'><strong>.f.¹².:‚‘..?;.⁰⁰¹.;¹¹‘³·</strong></span> <span class='ocrx_word' id='word_1_133' title='bbox 1112 2310 2239 2481; x_wconf 42' lang='lat'><strong>322300322252223052‘552353}</strong></span> 
     </span>
     <span class='ocr_line' id='line_1_21' title="bbox 289 2477 2236 2565; baseline 0.002 -20"><span class='ocrx_word' id='word_1_134' title='bbox 289 2478 436 2545; x_wconf 88' lang='lat' dir='ltr'><strong>bunt</strong></span> <span class='ocrx_word' id='word_1_135' title='bbox 476 2477 970 2565; x_wconf 77' lang='lat' dir='ltr'><strong>Scaphusiani?</strong></span> <span class='ocrx_word' id='word_1_136' title='bbox 1085 2482 1443 2550; x_wconf 85' lang='lat' dir='ltr'><strong>uffioeretis</strong></span> <span class='ocrx_word' id='word_1_137' title='bbox 1498 2505 1657 2551; x_wconf 88' lang='lat' dir='ltr'><strong>sane</strong></span> <span class='ocrx_word' id='word_1_138' title='bbox 1700 2483 1888 2550; x_wconf 92' lang='lat' dir='ltr'><strong>nobis</strong></span> <span class='ocrx_word' id='word_1_139' title='bbox 1932 2482 2054 2549; x_wconf 86' lang='grc'><strong>0011</strong></span> <span class='ocrx_word' id='word_1_140' title='bbox 2098 2504 2236 2563; x_wconf 86' lang='lat' dir='ltr'><strong>vos,</strong></span> 
     </span>
     <span class='ocr_line' id='line_1_22' title="bbox 289 2564 2234 2650; baseline 0.002 -20"><span class='ocrx_word' id='word_1_141' title='bbox 289 2564 406 2631; x_wconf 88' lang='lat' dir='ltr'><strong>imo</strong></span> <span class='ocrx_word' id='word_1_142' title='bbox 447 2573 566 2633; x_wconf 90' lang='lat' dir='ltr'><strong>tua</strong></span> <span class='ocrx_word' id='word_1_143' title='bbox 609 2567 900 2634; x_wconf 76' lang='lat' dir='ltr'><strong>contenti</strong></span> <span class='ocrx_word' id='word_1_144' title='bbox 946 2566 1227 2634; x_wconf 86' lang='lat' dir='ltr'><strong>libenter</strong></span> <span class='ocrx_word' id='word_1_145' title='bbox 1260 2590 1490 2635; x_wconf 89' lang='lat' dir='ltr'><strong>omnes</strong></span> <span class='ocrx_word' id='word_1_146' title='bbox 1534 2591 1826 2637; x_wconf 76' lang='lat' dir='ltr'>essemus</span> <span class='ocrx_word' id='word_1_147' title='bbox 1864 2570 2234 2650; x_wconf 75' lang='lat' dir='ltr'><strong>autoritate,</strong></span> 
     </span>
     <span class='ocr_line' id='line_1_23' title="bbox 289 2650 2236 2740; baseline 0.002 -23"><span class='ocrx_word' id='word_1_148' title='bbox 289 2650 390 2717; x_wconf 65' lang='lat' dir='ltr'><strong>md</strong></span> <span class='ocrx_word' id='word_1_149' title='bbox 421 2652 756 2720; x_wconf 85' lang='lat' dir='ltr'><strong>nescimus</strong></span> <span class='ocrx_word' id='word_1_150' title='bbox 795 2673 881 2718; x_wconf 86' lang='lat' dir='ltr'><strong>an</strong></span> <span class='ocrx_word' id='word_1_151' title='bbox 919 2653 1043 2720; x_wconf 91' lang='grc'><strong>000</strong></span> <span class='ocrx_word' id='word_1_152' title='bbox 1078 2654 1264 2721; x_wconf 93' lang='lat' dir='ltr'><strong>vobis</strong></span> <span class='ocrx_word' id='word_1_153' title='bbox 1287 2656 1646 2740; x_wconf 79' lang='lat' dir='ltr'><strong>integrum</strong></span> <span class='ocrx_word' id='word_1_154' title='bbox 1688 2656 1986 2721; x_wconf 73' lang='lat' dir='ltr'><strong>futurum</strong></span> <span class='ocrx_word' id='word_1_155' title='bbox 2027 2656 2119 2721; x_wconf 90' lang='lat' dir='ltr'><strong>sit</strong></span> <span class='ocrx_word' id='word_1_156' title='bbox 2160 2661 2236 2720; x_wconf 89' lang='lat' dir='ltr'><strong>ut</strong></span> 
     </span>
     <span class='ocr_line' id='line_1_24' title="bbox 288 2737 2234 2808; baseline 0.002 -5"><span class='ocrx_word' id='word_1_157' title='bbox 288 2737 394 2804; x_wconf 86' lang='lat' dir='ltr'><strong>soli</strong></span> <span class='ocrx_word' id='word_1_158' title='bbox 447 2737 914 2804; x_wconf 84' lang='lat' dir='ltr'><strong>adbibeamini.</strong></span> <span class='ocrx_word' id='word_1_159' title='bbox 985 2739 1246 2806; x_wconf 87' lang='lat' dir='ltr'><strong>Deinde</strong></span> <span class='ocrx_word' id='word_1_160' title='bbox 1303 2743 1631 2808; x_wconf 89' lang='lat' dir='ltr'><strong>nescimus</strong></span> <span class='ocrx_word' id='word_1_161' title='bbox 1689 2762 1775 2807; x_wconf 92' lang='lat' dir='ltr'><strong>an</strong></span> <span class='ocrx_word' id='word_1_162' title='bbox 1835 2741 1962 2808; x_wconf 95' lang='grc'><strong>000</strong></span> <span class='ocrx_word' id='word_1_163' title='bbox 2017 2739 2234 2807; x_wconf 82' lang='lat' dir='ltr'><strong>Gallis</strong></span> 
     </span>
     <span class='ocr_line' id='line_1_25' title="bbox 285 2824 2233 2911; baseline 0.003 -22"><span class='ocrx_word' id='word_1_164' title='bbox 285 2824 508 2890; x_wconf 89' lang='lat' dir='ltr'><strong>nostris</strong></span> <span class='ocrx_word' id='word_1_165' title='bbox 552 2825 1049 2890; x_wconf 83' lang='lat' dir='ltr'><strong>satisfacturum</strong></span> <span class='ocrx_word' id='word_1_166' title='bbox 1093 2828 1194 2892; x_wconf 88' lang='lat' dir='ltr'><strong>sit.</strong></span> <span class='ocrx_word' id='word_1_167' title='bbox 1265 2825 1420 2894; x_wconf 91' lang='grc'><strong>8010</strong></span> <span class='ocrx_word' id='word_1_168' title='bbox 1455 2828 1632 2893; x_wconf 91' lang='lat' dir='ltr'><strong>enim</strong></span> <span class='ocrx_word' id='word_1_169' title='bbox 1668 2825 1836 2892; x_wconf 84' lang='lat' dir='ltr'><strong>nihil</strong></span> <span class='ocrx_word' id='word_1_170' title='bbox 1871 2827 2033 2911; x_wconf 89' lang='lat' dir='ltr'><strong>ipsis</strong></span> <span class='ocrx_word' id='word_1_171' title='bbox 2068 2827 2233 2894; x_wconf 90' lang='lat' dir='ltr'><strong>satis</strong></span> 
     </span>
     <span class='ocr_line' id='line_1_26' title="bbox 286 2909 2229 2997; baseline 0.002 -22"><span class='ocrx_word' id='word_1_172' title='bbox 286 2911 568 2976; x_wconf 68' lang='lat' dir='ltr'><strong>futurum</strong></span> <span class='ocrx_word' id='word_1_173' title='bbox 605 2910 783 2994; x_wconf 89' lang='lat' dir='ltr'><strong>quod</strong></span> <span class='ocrx_word' id='word_1_174' title='bbox 808 2909 1112 2977; x_wconf 73' lang='lat' dir='ltr'><strong>Calvinus</strong></span> <span class='ocrx_word' id='word_1_175' title='bbox 1145 2932 1264 2978; x_wconf 90' lang='grc'><strong>000</strong></span> <span class='ocrx_word' id='word_1_176' title='bbox 1299 2913 1547 2982; x_wconf 89' lang='grc'><strong>0010010</strong></span> <span class='ocrx_word' id='word_1_177' title='bbox 1582 2934 1716 2979; x_wconf 91' lang='grc'><strong>000</strong></span> <span class='ocrx_word' id='word_1_178' title='bbox 1749 2911 2229 2997; x_wconf 83' lang='lat' dir='ltr'><strong>adprobaverit.</strong></span> 
     </span>
     <span class='ocr_line' id='line_1_27' title="bbox 286 2996 2230 3084; baseline 0.003 -23"><span class='ocrx_word' id='word_1_179' title='bbox 286 2996 416 3061; x_wconf 81' lang='lat' dir='ltr'><strong>Iam</strong></span> <span class='ocrx_word' id='word_1_180' title='bbox 472 3016 654 3076; x_wconf 91' lang='lat' dir='ltr'><strong>vero,</strong></span> <span class='ocrx_word' id='word_1_181' title='bbox 719 3003 798 3064; x_wconf 90' lang='lat' dir='ltr'><strong>ut</strong></span> <span class='ocrx_word' id='word_1_182' title='bbox 852 2997 1009 3078; x_wconf 81' lang='lat' dir='ltr'><strong>dixi,</strong></span> <span class='ocrx_word' id='word_1_183' title='bbox 1076 3006 1154 3065; x_wconf 87' lang='lat' dir='ltr'><strong>ut</strong></span> <span class='ocrx_word' id='word_1_184' title='bbox 1207 3008 1481 3067; x_wconf 88' lang='lat' dir='ltr'><strong>vocetur</strong></span> <span class='ocrx_word' id='word_1_185' title='bbox 1543 2999 1683 3084; x_wconf 91' lang='lat' dir='ltr'><strong>ipse</strong></span> <span class='ocrx_word' id='word_1_186' title='bbox 1748 3019 1897 3084; x_wconf 91' lang='lat' dir='ltr'><strong>spes</strong></span> <span class='ocrx_word' id='word_1_187' title='bbox 1962 3018 2230 3083; x_wconf 89' lang='lat' dir='ltr'><strong>prorsus</strong></span> 
     </span>
     <span class='ocr_line' id='line_1_28' title="bbox 285 3081 2231 3170; baseline 0.002 -23"><span class='ocrx_word' id='word_1_188' title='bbox 285 3081 456 3149; x_wconf 85' lang='lat' dir='ltr'><strong>nulla</strong></span> <span class='ocrx_word' id='word_1_189' title='bbox 496 3085 823 3170; x_wconf 81' lang='lat' dir='ltr'><strong>adfulget:</strong></span> <span class='ocrx_word' id='word_1_190' title='bbox 885 3085 1048 3151; x_wconf 90' lang='lat' dir='ltr'><strong>adeo</strong></span> <span class='ocrx_word' id='word_1_191' title='bbox 1091 3106 1331 3152; x_wconf 88' lang='lat' dir='ltr'><strong>nomen</strong></span> <span class='ocrx_word' id='word_1_192' title='bbox 1375 3087 1582 3170; x_wconf 90' lang='lat' dir='ltr'><strong>ipsius</strong></span> <span class='ocrx_word' id='word_1_193' title='bbox 1624 3085 1929 3151; x_wconf 90' lang='lat' dir='ltr'><strong>omnibus</strong></span> <span class='ocrx_word' id='word_1_194' title='bbox 1974 3092 2231 3152; x_wconf 87' lang='lat' dir='ltr'><strong>nostra-</strong></span> 
     </span>
     <span class='ocr_line' id='line_1_29' title="bbox 285 3170 2231 3257; baseline 0.002 -23"><span class='ocrx_word' id='word_1_195' title='bbox 285 3170 446 3237; x_wconf 85' lang='lat' dir='ltr'><strong>tibus</strong></span> <span class='ocrx_word' id='word_1_196' title='bbox 488 3175 745 3248; x_wconf 84' lang='lat' dir='ltr'><strong>(nescio</strong></span> <span class='ocrx_word' id='word_1_197' title='bbox 786 3192 913 3257; x_wconf 89' lang='lat' dir='ltr'><strong>quo</strong></span> <span class='ocrx_word' id='word_1_198' title='bbox 957 3171 1082 3237; x_wconf 94' lang='grc'><strong>000</strong></span> <span class='ocrx_word' id='word_1_199' title='bbox 1124 3172 1278 3251; x_wconf 77' lang='lat' dir='ltr'><strong>fato,</strong></span> <span class='ocrx_word' id='word_1_200' title='bbox 1324 3182 1394 3238; x_wconf 91' lang='lat' dir='ltr'><strong>et</strong></span> <span class='ocrx_word' id='word_1_201' title='bbox 1435 3183 1656 3238; x_wconf 90' lang='lat' dir='ltr'><strong>tamen</strong></span> <span class='ocrx_word' id='word_1_202' title='bbox 1701 3171 1880 3237; x_wconf 90' lang='lat' dir='ltr'><strong>nullo</strong></span> <span class='ocrx_word' id='word_1_203' title='bbox 1915 3171 2047 3237; x_wconf 92' lang='grc'><strong>0110</strong></span> <span class='ocrx_word' id='word_1_204' title='bbox 2090 3192 2231 3237; x_wconf 88' lang='lat' dir='ltr'><strong>ma·</strong></span> 
     </span>
     <span class='ocr_line' id='line_1_30' title="bbox 284 3256 2233 3342; baseline -0.001 -19"><span class='ocrx_word' id='word_1_205' title='bbox 284 3259 375 3340; x_wconf 71' lang='lat' dir='ltr'><strong>gis</strong></span> <span class='ocrx_word' id='word_1_206' title='bbox 415 3269 574 3342; x_wconf 89' lang='lat' dir='ltr'><strong>puto</strong></span> <span class='ocrx_word' id='word_1_207' title='bbox 619 3278 818 3342; x_wconf 89' lang='lat' dir='ltr'><strong>quam</strong></span> <span class='ocrx_word' id='word_1_208' title='bbox 863 3257 989 3323; x_wconf 91' lang='grc'><strong>000</strong></span> <span class='ocrx_word' id='word_1_209' title='bbox 1030 3258 1175 3341; x_wconf 90' lang='lat' dir='ltr'><strong>ipso</strong></span> <span class='ocrx_word' id='word_1_210' title='bbox 1209 3257 1384 3342; x_wconf 88' lang='lat' dir='ltr'><strong>quod</strong></span> <span class='ocrx_word' id='word_1_211' title='bbox 1427 3278 1709 3325; x_wconf 88' lang='lat' dir='ltr'><strong>censura</strong></span> <span class='ocrx_word' id='word_1_212' title='bbox 1749 3256 1913 3324; x_wconf 85' lang='grc'><strong>0000</strong></span> <span class='ocrx_word' id='word_1_213' title='bbox 1956 3256 2233 3341; x_wconf 78' lang='lat' dir='ltr'><strong>rigidior</strong></span> 
     </span>
     <span class='ocr_line' id='line_1_31' title="bbox 281 3340 2232 3430; baseline 0 -23"><span class='ocrx_word' id='word_1_214' title='bbox 281 3340 357 3407; x_wconf 76' lang='lat' dir='ltr'><strong>ab</strong></span> <span class='ocrx_word' id='word_1_215' title='bbox 396 3344 537 3427; x_wconf 91' lang='lat' dir='ltr'><strong>ipso</strong></span> <span class='ocrx_word' id='word_1_216' title='bbox 584 3343 911 3427; x_wconf 77' lang='lat' dir='ltr'><strong>proficisci</strong></span> <span class='ocrx_word' id='word_1_217' title='bbox 955 3341 1284 3430; x_wconf 88' lang='lat' dir='ltr'><strong>videatur)</strong></span> <span class='ocrx_word' id='word_1_218' title='bbox 1330 3363 1602 3410; x_wconf 86' lang='lat' dir='ltr'><strong>exosum</strong></span> <span class='ocrx_word' id='word_1_219' title='bbox 1647 3351 1765 3409; x_wconf 89' lang='lat' dir='ltr'><strong>est.</strong></span> <span class='ocrx_word' id='word_1_220' title='bbox 1857 3342 1942 3408; x_wconf 93' lang='lat' dir='ltr'><strong>In</strong></span> <span class='ocrx_word' id='word_1_221' title='bbox 1986 3351 2070 3423; x_wconf 88' lang='lat' dir='ltr'><strong>te,</strong></span> <span class='ocrx_word' id='word_1_222' title='bbox 2118 3342 2232 3425; x_wconf 90' lang='grc'><strong>001</strong></span> 
     </span>
     <span class='ocr_line' id='line_1_32' title="bbox 280 3428 2230 3513; baseline 0.001 -21"><span class='ocrx_word' id='word_1_223' title='bbox 280 3428 672 3496; x_wconf 82' lang='lat' dir='ltr'><strong>moderatius</strong></span> <span class='ocrx_word' id='word_1_224' title='bbox 728 3429 975 3495; x_wconf 88' lang='lat' dir='ltr'><strong>sentire</strong></span> <span class='ocrx_word' id='word_1_225' title='bbox 1030 3428 1295 3508; x_wconf 88' lang='lat' dir='ltr'><strong>videris,</strong></span> <span class='ocrx_word' id='word_1_226' title='bbox 1354 3448 1584 3496; x_wconf 90' lang='lat' dir='ltr'><strong>omnes</strong></span> <span class='ocrx_word' id='word_1_227' title='bbox 1636 3428 2017 3513; x_wconf 89' lang='lat' dir='ltr'><strong>respiciunt.</strong></span> <span class='ocrx_word' id='word_1_228' title='bbox 2098 3430 2230 3494; x_wconf 83' lang='lat' dir='ltr'><strong>Ac-</strong></span> 
     </span>
     <span class='ocr_line' id='line_1_33' title="bbox 279 3512 2233 3599; baseline 0.001 -20"><span class='ocrx_word' id='word_1_229' title='bbox 279 3512 440 3581; x_wconf 87' lang='lat' dir='ltr'><strong>cedit</strong></span> <span class='ocrx_word' id='word_1_230' title='bbox 480 3523 551 3582; x_wconf 91' lang='lat' dir='ltr'><strong>et</strong></span> <span class='ocrx_word' id='word_1_231' title='bbox 593 3516 723 3581; x_wconf 88' lang='grc'><strong>000</strong></span> <span class='ocrx_word' id='word_1_232' title='bbox 765 3514 938 3599; x_wconf 88' lang='lat' dir='ltr'><strong>quod</strong></span> <span class='ocrx_word' id='word_1_233' title='bbox 981 3514 1174 3598; x_wconf 90' lang='lat' dir='ltr'><strong>plura</strong></span> <span class='ocrx_word' id='word_1_234' title='bbox 1224 3516 1296 3581; x_wconf 95' lang='lat' dir='ltr'><strong>in</strong></span> <span class='ocrx_word' id='word_1_235' title='bbox 1335 3516 1784 3598; x_wconf 89' lang='lat' dir='ltr'><strong>quaestionem</strong></span> <span class='ocrx_word' id='word_1_236' title='bbox 1827 3514 2120 3591; x_wconf 88' lang='lat' dir='ltr'><strong>venient,</strong></span> <span class='ocrx_word' id='word_1_237' title='bbox 2165 3521 2233 3580; x_wconf 82' lang='lat' dir='ltr'><strong>et</strong></span> 
     </span>
     <span class='ocr_line' id='line_1_34' title="bbox 279 3599 2232 3682; baseline -0.001 -16"><span class='ocrx_word' id='word_1_238' title='bbox 279 3599 589 3682; x_wconf 82' lang='lat' dir='ltr'><strong>plurimae</strong></span> <span class='ocrx_word' id='word_1_239' title='bbox 636 3600 832 3666; x_wconf 90' lang='lat' dir='ltr'><strong>etiam</strong></span> <span class='ocrx_word' id='word_1_240' title='bbox 879 3614 1144 3666; x_wconf 77' lang='lat' dir='ltr'><strong>exterae</strong></span> <span class='ocrx_word' id='word_1_241' title='bbox 1188 3600 1518 3680; x_wconf 86' lang='lat' dir='ltr'><strong>ecclesiae,</strong></span> <span class='ocrx_word' id='word_1_242' title='bbox 1573 3608 1709 3666; x_wconf 88' lang='lat' dir='ltr'><strong>tam</strong></span> <span class='ocrx_word' id='word_1_243' title='bbox 1754 3601 1823 3666; x_wconf 92' lang='lat' dir='ltr'><strong>in</strong></span> <span class='ocrx_word' id='word_1_244' title='bbox 1870 3599 2232 3667; x_wconf 82' lang='lat' dir='ltr'><strong>Germania</strong></span> 
     </span>
     <span class='ocr_line' id='line_1_35' title="bbox 280 3685 2229 3771; baseline -0.001 -20"><span class='ocrx_word' id='word_1_245' title='bbox 280 3703 464 3767; x_wconf 87' lang='grc'><strong>00010</strong></span> <span class='ocrx_word' id='word_1_246' title='bbox 507 3688 581 3752; x_wconf 90' lang='grc'><strong>10</strong></span> <span class='ocrx_word' id='word_1_247' title='bbox 623 3685 866 3764; x_wconf 84' lang='lat' dir='ltr'><strong>Gallia,</strong></span> <span class='ocrx_word' id='word_1_248' title='bbox 912 3686 1208 3771; x_wconf 84' lang='lat' dir='ltr'><strong>arrigent</strong></span> <span class='ocrx_word' id='word_1_249' title='bbox 1251 3707 1464 3764; x_wconf 89' lang='lat' dir='ltr'><strong>aures,</strong></span> <span class='ocrx_word' id='word_1_250' title='bbox 1511 3707 1640 3770; x_wconf 90' lang='grc'><strong>000</strong></span> <span class='ocrx_word' id='word_1_251' title='bbox 1683 3705 1790 3753; x_wconf 89' lang='lat' dir='ltr'><strong>res</strong></span> <span class='ocrx_word' id='word_1_252' title='bbox 1825 3705 2106 3752; x_wconf 88' lang='lat' dir='ltr'><strong>evasura</strong></span> <span class='ocrx_word' id='word_1_253' title='bbox 2141 3685 2229 3752; x_wconf 83' lang='lat' dir='ltr'><strong>sit</strong></span> 
     </span>
     <span class='ocr_line' id='line_1_36' title="bbox 281 3769 2230 3856; baseline 0.001 -23"><span class='ocrx_word' id='word_1_254' title='bbox 281 3772 714 3850; x_wconf 87' lang='lat' dir='ltr'><strong>observantes,</strong></span> <span class='ocrx_word' id='word_1_255' title='bbox 783 3778 860 3837; x_wconf 86' lang='lat' dir='ltr'><strong>ut</strong></span> <span class='ocrx_word' id='word_1_256' title='bbox 925 3792 1085 3837; x_wconf 89' lang='lat' dir='ltr'><strong>sane</strong></span> <span class='ocrx_word' id='word_1_257' title='bbox 1150 3773 1451 3856; x_wconf 88' lang='lat' dir='ltr'><strong>precibus</strong></span> <span class='ocrx_word' id='word_1_258' title='bbox 1511 3779 1580 3838; x_wconf 90' lang='lat' dir='ltr'><strong>et</strong></span> <span class='ocrx_word' id='word_1_259' title='bbox 1689 3772 1752 3836; x_wconf 90' lang='lat' dir='ltr'><strong>ia</strong></span> <span class='ocrx_word' id='word_1_260' title='bbox 1859 3769 2230 3838; x_wconf 89' lang='lat' dir='ltr'><strong>rovidentia</strong></span> 
     </span>
     <span class='ocr_line' id='line_1_37' title="bbox 281 3792 2230 3959; baseline 0.002 -39"><span class='ocrx_word' id='word_1_261' title='bbox 281 3856 460 3922; x_wconf 86' lang='lat' dir='ltr'><strong>valde</strong></span> <span class='ocrx_word' id='word_1_262' title='bbox 514 3877 685 3943; x_wconf 90' lang='lat' dir='ltr'><strong>opus</strong></span> <span class='ocrx_word' id='word_1_263' title='bbox 740 3858 873 3958; x_wconf 46' lang='grc'><strong>010..</strong></span> <span class='ocrx_word' id='word_1_264' title='bbox 941 3857 1078 3959; x_wconf 76' lang='grc' dir='ltr'><strong>Νο0</strong></span> <span class='ocrx_word' id='word_1_265' title='bbox 1132 3866 1466 3959; x_wconf 70' lang='lat' dir='ltr'><strong>arctamur</strong></span> <span class='ocrx_word' id='word_1_266' title='bbox 1507 3792 1719 3924; x_wconf 51' lang='lat' dir='ltr'><strong>valde.</strong></span> <span class='ocrx_word' id='word_1_267' title='bbox 1834 3944 1849 3958; x_wconf 32' lang='lat'><strong>⁹</strong></span> <span class='ocrx_word' id='word_1_268' title='bbox 1883 3859 1995 3957; x_wconf 78' lang='lat' dir='ltr'><strong>inc</strong></span> <span class='ocrx_word' id='word_1_269' title='bbox 2048 3857 2230 3923; x_wconf 89' lang='lat' dir='ltr'><strong>enim</strong></span> 
     </span>
     <span class='ocr_line' id='line_1_38' title="bbox 279 3941 2229 4113; baseline 0.001 -20"><span class='ocrx_word' id='word_1_270' title='bbox 279 3941 1387 4108; x_wconf 50' lang='lat' dir='ltr'><strong>mssffixffimflwffitaetff·</strong></span> <span class='ocrx_word' id='word_1_271' title='bbox 1422 3942 1900 4094; x_wconf 50' lang='lat'><strong>:332032005133’</strong></span> <span class='ocrx_word' id='word_1_272' title='bbox 1912 3961 2229 4113; x_wconf 55' lang='lat' dir='ltr'><strong>mit</strong></span> 
     </span>
     <span class='ocr_line' id='line_1_39' title="bbox 189 4111 2233 4200; baseline 0 -22"><span class='ocrx_word' id='word_1_273' title='bbox 189 4123 250 4178; x_wconf 55' lang='lat' dir='ltr'>Q</span> <span class='ocrx_word' id='word_1_274' title='bbox 279 4111 447 4179; x_wconf 80' lang='lat' dir='ltr'><strong>aliud</strong></span> <span class='ocrx_word' id='word_1_275' title='bbox 492 4121 824 4200; x_wconf 84' lang='lat' dir='ltr'><strong>quaerunt</strong></span> <span class='ocrx_word' id='word_1_276' title='bbox 876 4134 1071 4198; x_wconf 91' lang='lat' dir='ltr'><strong>quam</strong></span> <span class='ocrx_word' id='word_1_277' title='bbox 1119 4124 1193 4181; x_wconf 90' lang='lat' dir='ltr'><strong>ut</strong></span> <span class='ocrx_word' id='word_1_278' title='bbox 1235 4135 1358 4181; x_wconf 90' lang='lat' dir='ltr'><strong>nos</strong></span> <span class='ocrx_word' id='word_1_279' title='bbox 1416 4116 1590 4180; x_wconf 88' lang='lat' dir='ltr'><strong>inter</strong></span> <span class='ocrx_word' id='word_1_280' title='bbox 1635 4135 1756 4180; x_wconf 94' lang='lat' dir='ltr'><strong>nos</strong></span> <span class='ocrx_word' id='word_1_281' title='bbox 1812 4117 2233 4181; x_wconf 87' lang='lat' dir='ltr'><strong>committant</strong></span> 
     </span>
     <span class='ocr_line' id='line_1_40' title="bbox 279 4199 2228 4285; baseline 0.001 -22"><span class='ocrx_word' id='word_1_282' title='bbox 279 4210 340 4263; x_wconf 90' lang='lat' dir='ltr'><strong>et</strong></span> <span class='ocrx_word' id='word_1_283' title='bbox 400 4201 524 4285; x_wconf 87' lang='lat' dir='ltr'><strong>ipsi</strong></span> <span class='ocrx_word' id='word_1_284' title='bbox 604 4201 863 4266; x_wconf 88' lang='lat' dir='ltr'><strong>interea</strong></span> <span class='ocrx_word' id='word_1_285' title='bbox 920 4220 1183 4266; x_wconf 91' lang='lat' dir='ltr'><strong>omnem</strong></span> <span class='ocrx_word' id='word_1_286' title='bbox 1249 4199 1660 4284; x_wconf 89' lang='lat' dir='ltr'><strong>disciplinam</strong></span> <span class='ocrx_word' id='word_1_287' title='bbox 1726 4199 2228 4285; x_wconf 81' lang='lat' dir='ltr'><strong>subterfugiant.</strong></span> 
     </span>
     <span class='ocr_line' id='line_1_41' title="bbox 279 4282 2230 4370; baseline 0.001 -21"><span class='ocrx_word' id='word_1_288' title='bbox 279 4282 406 4352; x_wconf 79' lang='lat' dir='ltr'><strong>Nos</strong></span> <span class='ocrx_word' id='word_1_289' title='bbox 469 4286 792 4353; x_wconf 82' lang='lat' dir='ltr'><strong>hactenus</strong></span> <span class='ocrx_word' id='word_1_290' title='bbox 857 4307 1002 4352; x_wconf 90' lang='lat' dir='ltr'><strong>eam</strong></span> <span class='ocrx_word' id='word_1_291' title='bbox 1069 4307 1332 4370; x_wconf 88' lang='lat' dir='ltr'><strong>semper</strong></span> <span class='ocrx_word' id='word_1_292' title='bbox 1389 4284 1904 4352; x_wconf 86' lang='lat' dir='ltr'><strong>moderationem</strong></span> <span class='ocrx_word' id='word_1_293' title='bbox 1969 4286 2230 4370; x_wconf 88' lang='lat' dir='ltr'><strong>sequuti</strong></span> 
     </span>
     <span class='ocr_line' id='line_1_42' title="bbox 279 4371 2230 4456; baseline 0.002 -21"><span class='ocrx_word' id='word_1_294' title='bbox 279 4389 497 4436; x_wconf 86' lang='lat' dir='ltr'><strong>sumus</strong></span> <span class='ocrx_word' id='word_1_295' title='bbox 531 4385 606 4438; x_wconf 81' lang='lat' dir='ltr'><strong>ut</strong></span> <span class='ocrx_word' id='word_1_296' title='bbox 645 4392 790 4437; x_wconf 84' lang='lat' dir='ltr'><strong>eam</strong></span> <span class='ocrx_word' id='word_1_297' title='bbox 814 4371 1243 4438; x_wconf 85' lang='lat' dir='ltr'><strong>suaderemus</strong></span> <span class='ocrx_word' id='word_1_298' title='bbox 1265 4371 1676 4455; x_wconf 73' lang='lat' dir='ltr'><strong>disciplinam</strong></span> <span class='ocrx_word' id='word_1_299' title='bbox 1701 4392 1868 4456; x_wconf 89' lang='lat' dir='ltr'><strong>quae</strong></span> <span class='ocrx_word' id='word_1_300' title='bbox 1904 4392 2055 4437; x_wconf 89' lang='lat' dir='ltr'><strong>cum</strong></span> <span class='ocrx_word' id='word_1_301' title='bbox 2089 4392 2230 4438; x_wconf 92' lang='lat' dir='ltr'><strong>mo·</strong></span> 
     </span>
     <span class='ocr_line' id='line_1_43' title="bbox 279 4453 2229 4524; baseline 0.003 -5"><span class='ocrx_word' id='word_1_302' title='bbox 279 4453 608 4523; x_wconf 73' lang='lat' dir='ltr'><strong>dei-atione</strong></span> <span class='ocrx_word' id='word_1_303' title='bbox 631 4467 807 4523; x_wconf 88' lang='lat' dir='ltr'><strong>esset</strong></span> <span class='ocrx_word' id='word_1_304' title='bbox 827 4458 1177 4524; x_wconf 88' lang='lat' dir='ltr'><strong>coniuncta</strong></span> <span class='ocrx_word' id='word_1_305' title='bbox 1196 4467 1263 4524; x_wconf 91' lang='lat' dir='ltr'><strong>et</strong></span> <span class='ocrx_word' id='word_1_306' title='bbox 1284 4458 1529 4524; x_wconf 89' lang='lat' dir='ltr'><strong>nostris</strong></span> <span class='ocrx_word' id='word_1_307' title='bbox 1550 4457 1841 4524; x_wconf 84' lang='lat' dir='ltr'><strong>ecclesiis</strong></span> <span class='ocrx_word' id='word_1_308' title='bbox 1863 4465 2037 4523; x_wconf 87' lang='lat' dir='ltr'><strong>esset</strong></span> <span class='ocrx_word' id='word_1_309' title='bbox 2070 4458 2229 4524; x_wconf 88' lang='lat' dir='ltr'><strong>tole-</strong></span> 
     </span>
     <span class='ocr_line' id='line_1_44' title="bbox 279 4541 2231 4628; baseline 0.001 -22"><span class='ocrx_word' id='word_1_310' title='bbox 279 4541 493 4610; x_wconf 77' lang='lat' dir='ltr'><strong>rabilis</strong></span> <span class='ocrx_word' id='word_1_311' title='bbox 527 4552 599 4611; x_wconf 91' lang='lat' dir='ltr'><strong>et</strong></span> <span class='ocrx_word' id='word_1_312' title='bbox 632 4541 1067 4611; x_wconf 76' lang='lat' dir='ltr'><strong>aedificabilis.</strong></span> <span class='ocrx_word' id='word_1_313' title='bbox 1153 4543 1352 4611; x_wconf 88' lang='lat' dir='ltr'><strong>Hunc</strong></span> <span class='ocrx_word' id='word_1_314' title='bbox 1393 4562 1661 4628; x_wconf 89' lang='lat' dir='ltr'><strong>scopum</strong></span> <span class='ocrx_word' id='word_1_315' title='bbox 1699 4542 1853 4609; x_wconf 88' lang='lat' dir='ltr'><strong>dum</strong></span> <span class='ocrx_word' id='word_1_316' title='bbox 1891 4543 2231 4609; x_wconf 89' lang='lat' dir='ltr'><strong>intuemur</strong></span> 
     </span>
     <span class='ocr_line' id='line_1_45' title="bbox 280 4628 2230 4714; baseline 0.002 -22"><span class='ocrx_word' id='word_1_317' title='bbox 280 4630 454 4693; x_wconf 88' lang='lat' dir='ltr'><strong>varia</strong></span> <span class='ocrx_word' id='word_1_318' title='bbox 509 4632 911 4698; x_wconf 84' lang='lat' dir='ltr'><strong>sustinemus</strong></span> <span class='ocrx_word' id='word_1_319' title='bbox 954 4628 1216 4709; x_wconf 85' lang='lat' dir='ltr'><strong>iudicia,</strong></span> <span class='ocrx_word' id='word_1_320' title='bbox 1272 4650 1476 4714; x_wconf 90' lang='lat' dir='ltr'><strong>quum</strong></span> <span class='ocrx_word' id='word_1_321' title='bbox 1522 4628 1632 4694; x_wconf 90' lang='lat' dir='ltr'><strong>alii</strong></span> <span class='ocrx_word' id='word_1_322' title='bbox 1680 4630 1880 4696; x_wconf 89' lang='lat' dir='ltr'><strong>nimis</strong></span> <span class='ocrx_word' id='word_1_323' title='bbox 1923 4629 2230 4697; x_wconf 88' lang='lat' dir='ltr'><strong>remissos</strong></span> 
     </span>
    </p>
   </div>
   <div class='ocr_carea' id='block_1_5' title="bbox 279 4814 649 4831">
    <p class='ocr_par' dir='ltr' id='par_1_5' title="bbox 279 4814 649 4831">
     <span class='ocr_line' id='line_1_46' title="bbox 279 4814 649 4831; baseline 0 1294"><span class='ocrx_word' id='word_1_324' title='bbox 279 4814 649 4831; x_wconf 95' lang='lat' dir='ltr'><strong> </strong></span> 
     </span>
    </p>
   </div>
   <div class='ocr_carea' id='block_1_6' title="bbox 278 4915 2231 5405">
    <p class='ocr_par' dir='ltr' id='par_1_6' title="bbox 278 4915 2231 5405">
     <span class='ocr_line' id='line_1_47' title="bbox 280 4915 2231 5046; baseline 0.003 -75"><span class='ocrx_word' id='word_1_325' title='bbox 280 4915 451 4973; x_wconf 73' lang='lat'><strong>⁸⁷01.</strong></span> <span class='ocrx_word' id='word_1_326' title='bbox 479 4918 792 5044; x_wconf 30' lang='lat' dir='ltr'><strong>lam</strong></span> <span class='ocrx_word' id='word_1_327' title='bbox 799 4920 1044 4976; x_wconf 63' lang='grc'><strong>01000010·</strong></span> <span class='ocrx_word' id='word_1_328' title='bbox 1086 4920 1363 4977; x_wconf 73' lang='lat' dir='ltr'><strong>Vadenm</strong></span> <span class='ocrx_word' id='word_1_329' title='bbox 1386 4991 1399 5003; x_wconf 90' lang='lat'><strong>.</strong></span> <span class='ocrx_word' id='word_1_330' title='bbox 1560 4988 1601 5044; x_wconf 63' lang='lat' dir='ltr'>d</span> <span class='ocrx_word' id='word_1_331' title='bbox 1623 4920 2024 5046; x_wconf 48' lang='lat' dir='ltr'><strong>dfkdfflm</strong></span> <span class='ocrx_word' id='word_1_332' title='bbox 2070 4922 2231 5004; x_wconf 59' lang='grc'><strong>10001·-</strong></span> 
     </span>
     <span class='ocr_line' id='line_1_48' title="bbox 279 5058 2229 5252; baseline 0.003 -73"><span class='ocrx_word' id='word_1_333' title='bbox 279 5060 590 5181; x_wconf 45' lang='lat' dir='ltr'><em>ana-³</em></span> <span class='ocrx_word' id='word_1_334' title='bbox 625 5073 766 5198; x_wconf 55' lang='lat'><strong>“⁸⁸2</strong></span> <span class='ocrx_word' id='word_1_335' title='bbox 790 5058 1542 5198; x_wconf 49' lang='lat' dir='ltr'><strong>muffffifflss&#39;tssnssm</strong></span> <span class='ocrx_word' id='word_1_336' title='bbox 1571 5127 1684 5183; x_wconf 65' lang='lat' dir='ltr'><strong>ven·</strong></span> <span class='ocrx_word' id='word_1_337' title='bbox 1715 5127 1864 5186; x_wconf 72' lang='grc' dir='ltr'><strong>αοαι·</strong></span> <span class='ocrx_word' id='word_1_338' title='bbox 1895 5075 2229 5252; x_wconf 49' lang='lat' dir='ltr'><strong>&#39;ff</strong></span> 
     </span>
     <span class='ocr_line' id='line_1_49' title="bbox 278 5195 2225 5280; baseline 0.002 -32"><span class='ocrx_word' id='word_1_339' title='bbox 278 5207 540 5262; x_wconf 61' lang='lat' dir='ltr'><strong>pequam</strong></span> <span class='ocrx_word' id='word_1_340' title='bbox 608 5196 1030 5280; x_wconf 59' lang='lat' dir='ltr'><strong>reformatorqu-</strong></span> <span class='ocrx_word' id='word_1_341' title='bbox 1098 5201 1513 5279; x_wconf 57' lang='lat' dir='ltr'><strong>arcesseremus-</strong></span> <span class='ocrx_word' id='word_1_342' title='bbox 1616 5195 1873 5266; x_wconf 63' lang='lat' dir='ltr'><strong>(Busae</strong></span> <span class='ocrx_word' id='word_1_343' title='bbox 2008 5237 2020 5250; x_wconf 89' lang='lat'><strong>.</strong></span> <span class='ocrx_word' id='word_1_344' title='bbox 2073 5196 2225 5263; x_wconf 76' lang='lat'><strong>441.)</strong></span> 
     </span>
     <span class='ocr_line' id='line_1_50' title="bbox 283 5259 2228 5332; baseline 0.004 -16"><span class='ocrx_word' id='word_1_345' title='bbox 283 5259 470 5332; x_wconf 71' lang='lat' dir='ltr'><strong>ltaque</strong></span> <span class='ocrx_word' id='word_1_346' title='bbox 518 5263 568 5320; x_wconf 74' lang='lat' dir='ltr'><strong>d.</strong></span> <span class='ocrx_word' id='word_1_347' title='bbox 621 5263 674 5321; x_wconf 73' lang='grc'><strong>2.</strong></span> <span class='ocrx_word' id='word_1_348' title='bbox 714 5264 876 5322; x_wconf 72' lang='lat' dir='ltr'><strong>Febr.</strong></span> <span class='ocrx_word' id='word_1_349' title='bbox 919 5281 970 5320; x_wconf 73' lang='grc'><strong>00</strong></span> <span class='ocrx_word' id='word_1_350' title='bbox 1213 5265 1415 5322; x_wconf 77' lang='grc'><strong>0100000</strong></span> <span class='ocrx_word' id='word_1_351' title='bbox 1457 5281 1644 5321; x_wconf 74' lang='grc'><strong>100000</strong></span> <span class='ocrx_word' id='word_1_352' title='bbox 1686 5273 1814 5322; x_wconf 70' lang='lat' dir='ltr'><strong>sunt</strong></span> <span class='ocrx_word' id='word_1_353' title='bbox 1859 5266 2228 5332; x_wconf 62' lang='lat' dir='ltr'><strong>monsteu-</strong></span> 
     </span>
     <span class='ocr_line' id='line_1_51' title="bbox 278 5333 1595 5405; baseline 0.002 -18"><span class='ocrx_word' id='word_1_354' title='bbox 278 5337 430 5397; x_wconf 67' lang='grc' dir='ltr'><strong>900οο</strong></span> <span class='ocrx_word' id='word_1_355' title='bbox 462 5333 657 5403; x_wconf 56' lang='lat' dir='ltr'><strong>debere</strong></span> <span class='ocrx_word' id='word_1_356' title='bbox 688 5337 787 5405; x_wconf 70' lang='lat' dir='ltr'><strong>qut·</strong></span> <span class='ocrx_word' id='word_1_357' title='bbox 821 5333 936 5390; x_wconf 82' lang='grc'><strong>001.</strong></span> <span class='ocrx_word' id='word_1_358' title='bbox 1037 5335 1202 5391; x_wconf 66' lang='lat' dir='ltr'><strong>aruis</strong></span> <span class='ocrx_word' id='word_1_359' title='bbox 1234 5336 1595 5392; x_wconf 61' lang='lat' dir='ltr'><strong>enumerent.</strong></span> 
     </span>
    </p>
   </div>
   <div class='ocr_carea' id='block_1_7' title="bbox 1994 403 2586 474">
    <p class='ocr_par' dir='ltr' id='par_1_7' title="bbox 1994 403 2586 474">
     <span class='ocr_line' id='line_1_52' title="bbox 1994 403 2586 474; baseline 0.005 -2"><span class='ocrx_word' id='word_1_360' title='bbox 1994 408 2161 473; x_wconf 79' lang='lat'>1562</span> <span class='ocrx_word' id='word_1_361' title='bbox 2203 403 2586 474; x_wconf 77' lang='lat' dir='ltr'><strong>IANUAR.</strong></span> 
     </span>
    </p>
   </div>
   <div class='ocr_carea' id='block_1_8' title="bbox 2265 595 2312 5368">
    <p class='ocr_par' dir='ltr' id='par_1_8' title="bbox 2265 595 2312 5368">
     <span class='ocr_line' id='line_1_53' title="bbox 2265 595 2312 5368; baseline 0 0"><span class='ocrx_word' id='word_1_362' title='bbox 2265 595 2312 5368; x_wconf 95' lang='lat' dir='ltr'><strong> </strong></span> 
     </span>
    </p>
   </div>
   <div class='ocr_carea' id='block_1_9' title="bbox 4171 408 4307 474">
    <p class='ocr_par' dir='ltr' id='par_1_9' title="bbox 4171 408 4307 474">
     <span class='ocr_line' id='line_1_54' title="bbox 4171 408 4307 474; baseline 0.015 -2"><span class='ocrx_word' id='word_1_363' title='bbox 4171 408 4307 474; x_wconf 72' lang='lat'><strong>202</strong></span> 
     </span>
    </p>
   </div>
   <div class='ocr_carea' id='block_1_10' title="bbox 2337 590 4303 2634">
    <p class='ocr_par' dir='ltr' id='par_1_10' title="bbox 2337 590 4303 2634">
     <span class='ocr_line' id='line_1_55' title="bbox 2337 590 4303 678; baseline 0.002 -18"><span class='ocrx_word' id='word_1_364' title='bbox 2337 613 2460 660; x_wconf 91' lang='lat' dir='ltr'><strong>nos</strong></span> <span class='ocrx_word' id='word_1_365' title='bbox 2526 590 2810 678; x_wconf 76' lang='lat' dir='ltr'><strong>culpant,</strong></span> <span class='ocrx_word' id='word_1_366' title='bbox 2879 591 2990 659; x_wconf 88' lang='lat' dir='ltr'><strong>alii</strong></span> <span class='ocrx_word' id='word_1_367' title='bbox 3054 612 3173 660; x_wconf 90' lang='lat' dir='ltr'><strong>nos</strong></span> <span class='ocrx_word' id='word_1_368' title='bbox 3236 614 3370 659; x_wconf 84' lang='lat' dir='ltr'><strong>una</strong></span> <span class='ocrx_word' id='word_1_369' title='bbox 3435 612 3584 661; x_wconf 87' lang='grc'><strong>0010</strong></span> <span class='ocrx_word' id='word_1_370' title='bbox 3652 591 3867 661; x_wconf 79' lang='lat' dir='ltr'><strong>Gallis</strong></span> <span class='ocrx_word' id='word_1_371' title='bbox 3932 592 4303 663; x_wconf 83' lang='lat' dir='ltr'><strong>dominium</strong></span> 
     </span>
     <span class='ocr_line' id='line_1_56' title="bbox 2338 676 4301 765; baseline 0.003 -20"><span class='ocrx_word' id='word_1_372' title='bbox 2338 699 2655 765; x_wconf 81' lang='lat' dir='ltr'><strong>quaerere</strong></span> <span class='ocrx_word' id='word_1_373' title='bbox 2698 678 3148 746; x_wconf 84' lang='lat' dir='ltr'><strong>criminantur.</strong></span> <span class='ocrx_word' id='word_1_374' title='bbox 3221 676 3360 746; x_wconf 81' lang='lat' dir='ltr'><strong>Sed</strong></span> <span class='ocrx_word' id='word_1_375' title='bbox 3386 678 3715 745; x_wconf 91' lang='lat' dir='ltr'><strong>Dominus</strong></span> <span class='ocrx_word' id='word_1_376' title='bbox 3751 686 3853 746; x_wconf 89' lang='grc'><strong>000</strong></span> <span class='ocrx_word' id='word_1_377' title='bbox 3886 680 4075 749; x_wconf 89' lang='lat' dir='ltr'><strong>nobis</strong></span> <span class='ocrx_word' id='word_1_378' title='bbox 4107 683 4301 749; x_wconf 83' lang='lat' dir='ltr'><strong>testis</strong></span> 
     </span>
     <span class='ocr_line' id='line_1_57' title="bbox 2381 762 4303 850; baseline 0.003 -19"><span class='ocrx_word' id='word_1_379' title='bbox 2381 764 2494 831; x_wconf 93' lang='lat' dir='ltr'><strong>uid</strong></span> <span class='ocrx_word' id='word_1_380' title='bbox 2553 784 2964 850; x_wconf 88' lang='lat' dir='ltr'><strong>quaeramus.</strong></span> <span class='ocrx_word' id='word_1_381' title='bbox 3038 762 3144 831; x_wconf 80' lang='lat' dir='ltr'><strong>Ad</strong></span> <span class='ocrx_word' id='word_1_382' title='bbox 3204 774 3267 831; x_wconf 89' lang='lat' dir='ltr'><strong>te</strong></span> <span class='ocrx_word' id='word_1_383' title='bbox 3322 771 3394 831; x_wconf 90' lang='lat' dir='ltr'><strong>et</strong></span> <span class='ocrx_word' id='word_1_384' title='bbox 3449 773 3753 831; x_wconf 89' lang='lat' dir='ltr'><strong>senatum</strong></span> <span class='ocrx_word' id='word_1_385' title='bbox 3811 773 4107 835; x_wconf 66' lang='lat' dir='ltr'><strong>vemum</strong></span> <span class='ocrx_word' id='word_1_386' title='bbox 4169 766 4303 836; x_wconf 81' lang='lat' dir='ltr'><strong>hac</strong></span> 
     </span>
     <span class='ocr_line' id='line_1_58' title="bbox 2337 787 4303 938; baseline 0.002 -22"><span class='ocrx_word' id='word_1_387' title='bbox 2337 787 2420 918; x_wconf 58' lang='lat' dir='ltr'><strong>ge</strong></span> <span class='ocrx_word' id='word_1_388' title='bbox 2465 870 2539 917; x_wconf 92' lang='lat' dir='ltr'><strong>re</strong></span> <span class='ocrx_word' id='word_1_389' title='bbox 2574 851 2895 934; x_wconf 86' lang='lat' dir='ltr'><strong>scriptum</strong></span> <span class='ocrx_word' id='word_1_390' title='bbox 2928 850 3134 918; x_wconf 81' lang='lat' dir='ltr'><strong>fuisse</strong></span> <span class='ocrx_word' id='word_1_391' title='bbox 3166 857 3312 916; x_wconf 90' lang='lat' dir='ltr'><strong>tum</strong></span> <span class='ocrx_word' id='word_1_392' title='bbox 3332 849 3599 918; x_wconf 89' lang='lat' dir='ltr'><strong>demum</strong></span> <span class='ocrx_word' id='word_1_393' title='bbox 3634 852 4080 936; x_wconf 73' lang='lat' dir='ltr'><strong>cognovimus,</strong></span> <span class='ocrx_word' id='word_1_394' title='bbox 4114 862 4303 938; x_wconf 70' lang='lat' dir='ltr'><strong>post-</strong></span> 
     </span>
     <span class='ocr_line' id='line_1_59' title="bbox 2339 936 4297 1025; baseline 0.001 -22"><span class='ocrx_word' id='word_1_395' title='bbox 2339 957 2541 1020; x_wconf 88' lang='lat' dir='ltr'><strong>quam</strong></span> <span class='ocrx_word' id='word_1_396' title='bbox 2586 936 2866 1004; x_wconf 89' lang='lat' dir='ltr'><strong>nuncius</strong></span> <span class='ocrx_word' id='word_1_397' title='bbox 2909 936 3088 1002; x_wconf 85' lang='lat' dir='ltr'><strong>abiit.</strong></span> <span class='ocrx_word' id='word_1_398' title='bbox 3159 936 3354 1004; x_wconf 88' lang='lat' dir='ltr'><strong>Nunc</strong></span> <span class='ocrx_word' id='word_1_399' title='bbox 3398 956 3589 1003; x_wconf 91' lang='lat' dir='ltr'><strong>nemo</strong></span> <span class='ocrx_word' id='word_1_400' title='bbox 3632 945 3733 1003; x_wconf 86' lang='lat' dir='ltr'><strong>est</strong></span> <span class='ocrx_word' id='word_1_401' title='bbox 3767 937 3881 1022; x_wconf 89' lang='lat' dir='ltr'><strong>qui</strong></span> <span class='ocrx_word' id='word_1_402' title='bbox 3925 936 4048 1006; x_wconf 94' lang='grc'><strong>000</strong></span> <span class='ocrx_word' id='word_1_403' title='bbox 4088 958 4297 1025; x_wconf 75' lang='lat' dir='ltr'><strong>nego·</strong></span> 
     </span>
     <span class='ocr_line' id='line_1_60' title="bbox 2339 1021 4299 1109; baseline 0.002 -21"><span class='ocrx_word' id='word_1_404' title='bbox 2339 1023 2510 1089; x_wconf 89' lang='lat' dir='ltr'><strong>tium</strong></span> <span class='ocrx_word' id='word_1_405' title='bbox 2564 1028 2813 1109; x_wconf 80' lang='lat' dir='ltr'><strong>urgeat.</strong></span> <span class='ocrx_word' id='word_1_406' title='bbox 2899 1022 2992 1088; x_wconf 80' lang='lat' dir='ltr'><strong>Et</strong></span> <span class='ocrx_word' id='word_1_407' title='bbox 3047 1022 3175 1090; x_wconf 91' lang='lat' dir='ltr'><strong>nisi</strong></span> <span class='ocrx_word' id='word_1_408' title='bbox 3233 1040 3354 1088; x_wconf 90' lang='lat' dir='ltr'><strong>nos</strong></span> <span class='ocrx_word' id='word_1_409' title='bbox 3404 1021 3888 1109; x_wconf 79' lang='lat' dir='ltr'><strong>ingereremus,</strong></span> <span class='ocrx_word' id='word_1_410' title='bbox 3942 1043 4062 1091; x_wconf 90' lang='grc'><strong>000</strong></span> <span class='ocrx_word' id='word_1_411' title='bbox 4114 1023 4299 1109; x_wconf 83' lang='lat' dir='ltr'><strong>ipsos</strong></span> 
     </span>
     <span class='ocr_line' id='line_1_61' title="bbox 2338 1105 4298 1193; baseline 0.002 -20"><span class='ocrx_word' id='word_1_412' title='bbox 2338 1107 2640 1175; x_wconf 87' lang='lat' dir='ltr'><strong>fortassis</strong></span> <span class='ocrx_word' id='word_1_413' title='bbox 2684 1128 2892 1193; x_wconf 87' lang='lat' dir='ltr'><strong>usque</strong></span> <span class='ocrx_word' id='word_1_414' title='bbox 2945 1106 3027 1174; x_wconf 92' lang='lat' dir='ltr'><strong>ad</strong></span> <span class='ocrx_word' id='word_1_415' title='bbox 3071 1107 3547 1193; x_wconf 88' lang='lat' dir='ltr'><strong>praescriptum</strong></span> <span class='ocrx_word' id='word_1_416' title='bbox 3588 1105 3755 1174; x_wconf 90' lang='lat' dir='ltr'><strong>illud</strong></span> <span class='ocrx_word' id='word_1_417' title='bbox 3799 1116 4058 1193; x_wconf 88' lang='lat' dir='ltr'><strong>tempus</strong></span> <span class='ocrx_word' id='word_1_418' title='bbox 4101 1130 4298 1177; x_wconf 88' lang='lat' dir='ltr'><strong>nemo</strong></span> 
     </span>
     <span class='ocr_line' id='line_1_62' title="bbox 2337 1192 4295 1278; baseline 0.001 -19"><span class='ocrx_word' id='word_1_419' title='bbox 2337 1193 2519 1261; x_wconf 86' lang='lat' dir='ltr'><strong>illius</strong></span> <span class='ocrx_word' id='word_1_420' title='bbox 2563 1193 2843 1278; x_wconf 88' lang='lat' dir='ltr'><strong>amplius</strong></span> <span class='ocrx_word' id='word_1_421' title='bbox 2888 1193 3357 1261; x_wconf 89' lang='lat' dir='ltr'><strong>recordaretur.</strong></span> <span class='ocrx_word' id='word_1_422' title='bbox 3444 1192 3630 1260; x_wconf 86' lang='lat' dir='ltr'><strong>Adeo</strong></span> <span class='ocrx_word' id='word_1_423' title='bbox 3670 1193 3900 1261; x_wconf 89' lang='lat' dir='ltr'><strong>multis</strong></span> <span class='ocrx_word' id='word_1_424' title='bbox 3952 1193 4134 1261; x_wconf 83' lang='lat' dir='ltr'><strong>cordi</strong></span> <span class='ocrx_word' id='word_1_425' title='bbox 4177 1201 4295 1263; x_wconf 87' lang='lat' dir='ltr'><strong>est.</strong></span> 
     </span>
     <span class='ocr_line' id='line_1_63' title="bbox 2340 1278 4296 1365; baseline 0.001 -20"><span class='ocrx_word' id='word_1_426' title='bbox 2340 1278 2470 1348; x_wconf 82' lang='lat' dir='ltr'><strong>Est</strong></span> <span class='ocrx_word' id='word_1_427' title='bbox 2532 1286 2753 1346; x_wconf 89' lang='lat' dir='ltr'><strong>tamen</strong></span> <span class='ocrx_word' id='word_1_428' title='bbox 2819 1299 3085 1347; x_wconf 88' lang='lat' dir='ltr'><strong>necesse</strong></span> <span class='ocrx_word' id='word_1_429' title='bbox 3149 1287 3228 1346; x_wconf 91' lang='lat' dir='ltr'><strong>ut</strong></span> <span class='ocrx_word' id='word_1_430' title='bbox 3290 1278 3538 1365; x_wconf 87' lang='lat' dir='ltr'><strong>aliquid</strong></span> <span class='ocrx_word' id='word_1_431' title='bbox 3602 1280 3736 1345; x_wconf 84' lang='lat' dir='ltr'><strong>fiat.</strong></span> <span class='ocrx_word' id='word_1_432' title='bbox 3842 1278 3918 1347; x_wconf 89' lang='grc'><strong>81</strong></span> <span class='ocrx_word' id='word_1_433' title='bbox 3998 1286 4296 1347; x_wconf 80' lang='lat' dir='ltr'><strong>nostrum</strong></span> 
     </span>
     <span class='ocr_line' id='line_1_64' title="bbox 2340 1364 4300 1451; baseline -0.001 -18"><span class='ocrx_word' id='word_1_434' title='bbox 2340 1365 2658 1449; x_wconf 88' lang='lat' dir='ltr'><strong>scriptum</strong></span> <span class='ocrx_word' id='word_1_435' title='bbox 2701 1365 2885 1432; x_wconf 91' lang='lat' dir='ltr'><strong>vobis</strong></span> <span class='ocrx_word' id='word_1_436' title='bbox 2929 1372 2998 1431; x_wconf 91' lang='lat' dir='ltr'><strong>et</strong></span> <span class='ocrx_word' id='word_1_437' title='bbox 3039 1364 3329 1433; x_wconf 89' lang='lat' dir='ltr'><strong>ecclesiis</strong></span> <span class='ocrx_word' id='word_1_438' title='bbox 3384 1364 3530 1431; x_wconf 84' lang='lat' dir='ltr'><strong>aliis</strong></span> <span class='ocrx_word' id='word_1_439' title='bbox 3765 1370 3796 1431; x_wconf 93' lang='lat' dir='ltr'><strong>t</strong></span> <span class='ocrx_word' id='word_1_440' title='bbox 3836 1364 4121 1451; x_wconf 74' lang='lat' dir='ltr'><strong>probari,</strong></span> <span class='ocrx_word' id='word_1_441' title='bbox 4164 1365 4300 1433; x_wconf 81' lang='lat' dir='ltr'><strong>for·</strong></span> 
     </span>
     <span class='ocr_line' id='line_1_65' title="bbox 2340 1449 4299 1519; baseline 0.001 -3"><span class='ocrx_word' id='word_1_442' title='bbox 2340 1452 2536 1519; x_wconf 90' lang='lat' dir='ltr'><strong>tassis</strong></span> <span class='ocrx_word' id='word_1_443' title='bbox 2578 1457 2645 1518; x_wconf 90' lang='lat' dir='ltr'><strong>et</strong></span> <span class='ocrx_word' id='word_1_444' title='bbox 2684 1449 2874 1517; x_wconf 88' lang='lat' dir='ltr'><strong>nobis</strong></span> <span class='ocrx_word' id='word_1_445' title='bbox 2916 1457 2985 1517; x_wconf 88' lang='lat' dir='ltr'><strong>et</strong></span> <span class='ocrx_word' id='word_1_446' title='bbox 3025 1451 3335 1519; x_wconf 88' lang='lat' dir='ltr'><strong>ecclesiae</strong></span> <span class='ocrx_word' id='word_1_447' title='bbox 3378 1471 3579 1517; x_wconf 90' lang='lat' dir='ltr'><strong>consu</strong></span> <span class='ocrx_word' id='word_1_448' title='bbox 3606 1458 3843 1518; x_wconf 89' lang='lat' dir='ltr'><strong>eretur.</strong></span> <span class='ocrx_word' id='word_1_449' title='bbox 3932 1449 4156 1518; x_wconf 80' lang='lat' dir='ltr'><strong>Nolim</strong></span> <span class='ocrx_word' id='word_1_450' title='bbox 4196 1466 4299 1518; x_wconf 77' lang='lat' dir='ltr'><strong>ta-</strong></span> 
     </span>
     <span class='ocr_line' id='line_1_66' title="bbox 2338 1536 4297 1622; baseline 0.001 -19"><span class='ocrx_word' id='word_1_451' title='bbox 2338 1557 2493 1603; x_wconf 90' lang='lat' dir='ltr'><strong>men</strong></span> <span class='ocrx_word' id='word_1_452' title='bbox 2537 1556 2934 1621; x_wconf 76' lang='lat' dir='ltr'><strong>quamquam</strong></span> <span class='ocrx_word' id='word_1_453' title='bbox 2976 1538 3349 1622; x_wconf 85' lang='lat' dir='ltr'><strong>intelligere</strong></span> <span class='ocrx_word' id='word_1_454' title='bbox 3424 1536 3556 1603; x_wconf 91' lang='lat' dir='ltr'><strong>uod</strong></span> <span class='ocrx_word' id='word_1_455' title='bbox 3599 1556 3721 1622; x_wconf 80' lang='lat' dir='ltr'><strong>ego</strong></span> <span class='ocrx_word' id='word_1_456' title='bbox 3756 1542 4055 1603; x_wconf 88' lang='lat' dir='ltr'><strong>nostrum</strong></span> <span class='ocrx_word' id='word_1_457' title='bbox 4090 1538 4297 1622; x_wconf 88' lang='lat' dir='ltr'><strong>scrip-</strong></span> 
     </span>
     <span class='ocr_line' id='line_1_67' title="bbox 2339 1622 4301 1691; baseline 0.001 -2"><span class='ocrx_word' id='word_1_458' title='bbox 2339 1629 2483 1689; x_wconf 90' lang='lat' dir='ltr'><strong>tum</strong></span> <span class='ocrx_word' id='word_1_459' title='bbox 2526 1622 2646 1689; x_wconf 90' lang='lat' dir='ltr'><strong>tibi</strong></span> <span class='ocrx_word' id='word_1_460' title='bbox 2689 1623 3333 1691; x_wconf 87' lang='lat' dir='ltr'><strong>communicaverim.</strong></span> <span class='ocrx_word' id='word_1_461' title='bbox 3464 1623 3635 1690; x_wconf 89' lang='lat' dir='ltr'><strong>escio</strong></span> <span class='ocrx_word' id='word_1_462' title='bbox 3669 1641 3826 1690; x_wconf 88' lang='lat' dir='ltr'><strong>vero</strong></span> <span class='ocrx_word' id='word_1_463' title='bbox 3863 1642 3950 1688; x_wconf 89' lang='lat' dir='ltr'><strong>an</strong></span> <span class='ocrx_word' id='word_1_464' title='bbox 3984 1644 4028 1689; x_wconf 88' lang='lat' dir='ltr'><strong>a</strong></span> <span class='ocrx_word' id='word_1_465' title='bbox 4059 1630 4301 1691; x_wconf 81' lang='lat' dir='ltr'><strong>senatu</strong></span> 
     </span>
     <span class='ocr_line' id='line_1_68' title="bbox 2340 1706 4300 1794; baseline 0.001 -19"><span class='ocrx_word' id='word_1_466' title='bbox 2340 1715 2565 1775; x_wconf 87' lang='lat' dir='ltr'><strong>nostro</strong></span> <span class='ocrx_word' id='word_1_467' title='bbox 2594 1707 2677 1774; x_wconf 90' lang='lat' dir='ltr'><strong>ad</strong></span> <span class='ocrx_word' id='word_1_468' title='bbox 2703 1728 2819 1774; x_wconf 88' lang='lat' dir='ltr'><strong>vos</strong></span> <span class='ocrx_word' id='word_1_469' title='bbox 2842 1708 2932 1775; x_wconf 92' lang='lat' dir='ltr'><strong>sit</strong></span> <span class='ocrx_word' id='word_1_470' title='bbox 2957 1709 3252 1775; x_wconf 90' lang='lat' dir='ltr'><strong>missum.</strong></span> <span class='ocrx_word' id='word_1_471' title='bbox 3311 1706 3390 1775; x_wconf 86' lang='lat' dir='ltr'><strong>Si</strong></span> <span class='ocrx_word' id='word_1_472' title='bbox 3412 1707 3536 1775; x_wconf 90' lang='grc'><strong>1100</strong></span> <span class='ocrx_word' id='word_1_473' title='bbox 3556 1707 3810 1776; x_wconf 85' lang='lat' dir='ltr'><strong>factum</strong></span> <span class='ocrx_word' id='word_1_474' title='bbox 3839 1715 4035 1790; x_wconf 86' lang='grc'><strong>00000,</strong></span> <span class='ocrx_word' id='word_1_475' title='bbox 4055 1706 4213 1794; x_wconf 89' lang='lat' dir='ltr'><strong>quid</strong></span> <span class='ocrx_word' id='word_1_476' title='bbox 4239 1708 4300 1776; x_wconf 91' lang='lat' dir='ltr'><strong>si</strong></span> 
     </span>
     <span class='ocr_line' id='line_1_69' title="bbox 2339 1793 4299 1879; baseline 0.001 -20"><span class='ocrx_word' id='word_1_477' title='bbox 2339 1801 2628 1860; x_wconf 86' lang='lat' dir='ltr'><strong>vestram</strong></span> <span class='ocrx_word' id='word_1_478' title='bbox 2674 1794 3068 1861; x_wconf 76' lang='lat' dir='ltr'><strong>sententu’am</strong></span> <span class='ocrx_word' id='word_1_479' title='bbox 3114 1795 3357 1879; x_wconf 87' lang='lat' dir='ltr'><strong>scripto</strong></span> <span class='ocrx_word' id='word_1_480' title='bbox 3402 1795 3689 1879; x_wconf 90' lang='lat' dir='ltr'><strong>primum</strong></span> <span class='ocrx_word' id='word_1_481' title='bbox 3748 1793 4299 1879; x_wconf 79' lang='lat' dir='ltr'><strong>significaveritis,</strong></span> 
     </span>
     <span class='ocr_line' id='line_1_70' title="bbox 2338 1878 4298 1965; baseline 0 -18"><span class='ocrx_word' id='word_1_482' title='bbox 2338 1880 2664 1964; x_wconf 89' lang='lat' dir='ltr'><strong>simulque</strong></span> <span class='ocrx_word' id='word_1_483' title='bbox 2708 1878 3179 1947; x_wconf 78' lang='lat' dir='ltr'><strong>admonueritis</strong></span> <span class='ocrx_word' id='word_1_484' title='bbox 3223 1886 3483 1947; x_wconf 83' lang='lat' dir='ltr'><strong>nostros</strong></span> <span class='ocrx_word' id='word_1_485' title='bbox 3526 1887 3603 1945; x_wconf 86' lang='lat' dir='ltr'><strong>ut</strong></span> <span class='ocrx_word' id='word_1_486' title='bbox 3642 1879 3844 1947; x_wconf 88' lang='lat' dir='ltr'><strong>misso</strong></span> <span class='ocrx_word' id='word_1_487' title='bbox 3890 1880 4013 1946; x_wconf 93' lang='grc'><strong>000</strong></span> <span class='ocrx_word' id='word_1_488' title='bbox 4054 1881 4298 1965; x_wconf 80' lang='lat' dir='ltr'><strong>scripto</strong></span> 
     </span>
     <span class='ocr_line' id='line_1_71' title="bbox 2339 1964 4296 2050; baseline 0.001 -18"><span class='ocrx_word' id='word_1_489' title='bbox 2339 1964 2424 2032; x_wconf 83' lang='lat' dir='ltr'><strong>ad</strong></span> <span class='ocrx_word' id='word_1_490' title='bbox 2480 1966 2644 2033; x_wconf 91' lang='lat' dir='ltr'><strong>alias</strong></span> <span class='ocrx_word' id='word_1_491' title='bbox 2701 1966 3010 2034; x_wconf 86' lang='lat' dir='ltr'><strong>ecclesias</strong></span> <span class='ocrx_word' id='word_1_492' title='bbox 3067 1966 3378 2034; x_wconf 90' lang='lat' dir='ltr'><strong>iudicium</strong></span> <span class='ocrx_word' id='word_1_493' title='bbox 3423 1964 3686 2032; x_wconf 87' lang='lat' dir='ltr'><strong>illarum</strong></span> <span class='ocrx_word' id='word_1_494' title='bbox 3728 1985 3983 2050; x_wconf 88' lang='lat' dir='ltr'><strong>quoque</strong></span> <span class='ocrx_word' id='word_1_495' title='bbox 4027 1973 4296 2050; x_wconf 80' lang='lat' dir='ltr'><strong>expete-</strong></span> 
     </span>
     <span class='ocr_line' id='line_1_72' title="bbox 2340 2050 4298 2203; baseline 0 -85"><span class='ocrx_word' id='word_1_496' title='bbox 2340 2050 2535 2118; x_wconf 83' lang='lat' dir='ltr'><strong>rent?</strong></span> <span class='ocrx_word' id='word_1_497' title='bbox 2619 2052 2760 2119; x_wconf 88' lang='lat' dir='ltr'><strong>Nec</strong></span> <span class='ocrx_word' id='word_1_498' title='bbox 2804 2059 2967 2137; x_wconf 89' lang='lat' dir='ltr'><strong>puto</strong></span> <span class='ocrx_word' id='word_1_499' title='bbox 3009 2072 3409 2203; x_wconf 75' lang='grc' dir='ltr'><strong>00010ῗο0111</strong></span> <span class='ocrx_word' id='word_1_500' title='bbox 3465 2050 3659 2119; x_wconf 90' lang='lat' dir='ltr'><strong>valde</strong></span> <span class='ocrx_word' id='word_1_501' title='bbox 3714 2050 4298 2126; x_wconf 85' lang='lat' dir='ltr'><strong>contradicturum.</strong></span> 
     </span>
     <span class='ocr_line' id='line_1_73' title="bbox 2341 2136 4301 2223; baseline 0.001 -19"><span class='ocrx_word' id='word_1_502' title='bbox 2341 2137 2597 2204; x_wconf 87' lang='lat' dir='ltr'><strong>etiamsi</strong></span> <span class='ocrx_word' id='word_1_503' title='bbox 2643 2139 2855 2204; x_wconf 90' lang='lat' dir='ltr'><strong>multa</strong></span> <span class='ocrx_word' id='word_1_504' title='bbox 2888 2138 3143 2222; x_wconf 89' lang='lat' dir='ltr'><strong>possint</strong></span> <span class='ocrx_word' id='word_1_505' title='bbox 3174 2160 3218 2223; x_wconf 92' lang='lat' dir='ltr'><strong>p</strong></span> <span class='ocrx_word' id='word_1_506' title='bbox 3245 2138 3435 2204; x_wconf 86' lang='lat' dir='ltr'><strong>euius</strong></span> <span class='ocrx_word' id='word_1_507' title='bbox 3466 2143 3533 2203; x_wconf 89' lang='lat' dir='ltr'><strong>et</strong></span> <span class='ocrx_word' id='word_1_508' title='bbox 3572 2136 4107 2222; x_wconf 88' lang='lat' dir='ltr'><strong>circumspectius</strong></span> <span class='ocrx_word' id='word_1_509' title='bbox 4228 2137 4301 2205; x_wconf 85' lang='lat' dir='ltr'><strong>ni</strong></span> 
     </span>
     <span class='ocr_line' id='line_1_74' title="bbox 2340 2221 4300 2307; baseline 0 -18"><span class='ocrx_word' id='word_1_510' title='bbox 2340 2231 2410 2289; x_wconf 90' lang='lat' dir='ltr'><strong>et</strong></span> <span class='ocrx_word' id='word_1_511' title='bbox 2443 2223 2773 2307; x_wconf 80' lang='lat' dir='ltr'><strong>explicari.</strong></span> <span class='ocrx_word' id='word_1_512' title='bbox 2833 2223 3335 2291; x_wconf 91' lang='lat' dir='ltr'><strong>Incommodum</strong></span> <span class='ocrx_word' id='word_1_513' title='bbox 3370 2222 3536 2289; x_wconf 88' lang='lat' dir='ltr'><strong>mihi</strong></span> <span class='ocrx_word' id='word_1_514' title='bbox 3560 2231 3662 2289; x_wconf 86' lang='lat' dir='ltr'><strong>est</strong></span> <span class='ocrx_word' id='word_1_515' title='bbox 3725 2221 3855 2289; x_wconf 89' lang='lat' dir='ltr'><strong>uod</strong></span> <span class='ocrx_word' id='word_1_516' title='bbox 3962 2225 3977 2238; x_wconf 88' lang='lat'><strong><em>&#39;</em></strong></span> <span class='ocrx_word' id='word_1_517' title='bbox 4192 2225 4300 2289; x_wconf 73' lang='lat' dir='ltr'><strong>ius</strong></span> 
     </span>
     <span class='ocr_line' id='line_1_75' title="bbox 2340 2309 4299 2395; baseline 0.001 -21"><span class='ocrx_word' id='word_1_518' title='bbox 2340 2317 2481 2374; x_wconf 88' lang='lat' dir='ltr'><strong>tam</strong></span> <span class='ocrx_word' id='word_1_519' title='bbox 2560 2310 2938 2395; x_wconf 80' lang='lat' dir='ltr'><strong>frequenter</strong></span> <span class='ocrx_word' id='word_1_520' title='bbox 3001 2310 3083 2377; x_wconf 89' lang='lat' dir='ltr'><strong>ab</strong></span> <span class='ocrx_word' id='word_1_521' title='bbox 3148 2310 3311 2377; x_wconf 89' lang='lat' dir='ltr'><strong>urbe</strong></span> <span class='ocrx_word' id='word_1_522' title='bbox 3377 2309 3579 2376; x_wconf 88' lang='lat' dir='ltr'><strong>abest.</strong></span> <span class='ocrx_word' id='word_1_523' title='bbox 3756 2309 4043 2375; x_wconf 89' lang='lat' dir='ltr'><strong>eminem</strong></span> <span class='ocrx_word' id='word_1_524' title='bbox 4121 2310 4299 2375; x_wconf 90' lang='lat' dir='ltr'><strong>enim</strong></span> 
     </span>
     <span class='ocr_line' id='line_1_76' title="bbox 2340 2392 4300 2479; baseline -0.001 -18"><span class='ocrx_word' id='word_1_525' title='bbox 2340 2395 2543 2461; x_wconf 90' lang='lat' dir='ltr'><strong>alium</strong></span> <span class='ocrx_word' id='word_1_526' title='bbox 2604 2393 2813 2463; x_wconf 89' lang='lat' dir='ltr'><strong>habeo</strong></span> <span class='ocrx_word' id='word_1_527' title='bbox 2870 2397 2975 2462; x_wconf 92' lang='grc'><strong>001</strong></span> <span class='ocrx_word' id='word_1_528' title='bbox 3030 2396 3192 2464; x_wconf 86' lang='grc'><strong>0000</strong></span> <span class='ocrx_word' id='word_1_529' title='bbox 3248 2415 3357 2462; x_wconf 90' lang='lat' dir='ltr'><strong>res</strong></span> <span class='ocrx_word' id='word_1_530' title='bbox 3400 2392 3581 2460; x_wconf 85' lang='lat' dir='ltr'><strong>cordi</strong></span> <span class='ocrx_word' id='word_1_531' title='bbox 3636 2396 3741 2474; x_wconf 86' lang='lat' dir='ltr'><strong>sit,</strong></span> <span class='ocrx_word' id='word_1_532' title='bbox 3800 2401 3867 2459; x_wconf 89' lang='lat' dir='ltr'><strong>et</strong></span> <span class='ocrx_word' id='word_1_533' title='bbox 3908 2395 4018 2478; x_wconf 90' lang='grc'><strong>001</strong></span> <span class='ocrx_word' id='word_1_534' title='bbox 4077 2395 4300 2479; x_wconf 81' lang='lat' dir='ltr'><strong>cupiat</strong></span> 
     </span>
     <span class='ocr_line' id='line_1_77' title="bbox 2340 2479 4299 2549; baseline 0 -2"><span class='ocrx_word' id='word_1_535' title='bbox 2340 2480 2539 2547; x_wconf 88' lang='lat' dir='ltr'><strong>rebus</strong></span> <span class='ocrx_word' id='word_1_536' title='bbox 2561 2480 2669 2547; x_wconf 87' lang='grc'><strong>010</strong></span> <span class='ocrx_word' id='word_1_537' title='bbox 2691 2481 2856 2548; x_wconf 88' lang='lat' dir='ltr'><strong>bene</strong></span> <span class='ocrx_word' id='word_1_538' title='bbox 2890 2480 3279 2549; x_wconf 87' lang='lat' dir='ltr'><strong>consultum.</strong></span> <span class='ocrx_word' id='word_1_539' title='bbox 3320 2516 3997 2531; x_wconf 84' lang='lat'><em>——————</em></span> <span class='ocrx_word' id='word_1_540' title='bbox 4036 2479 4299 2547; x_wconf 75' lang='lat' dir='ltr'><strong>Bernae</strong></span> 
     </span>
     <span class='ocr_line' id='line_1_78' title="bbox 2342 2567 3021 2634; baseline 0.003 -3"><span class='ocrx_word' id='word_1_541' title='bbox 2342 2569 2444 2632; x_wconf 76' lang='lat'><strong>22.</strong></span> <span class='ocrx_word' id='word_1_542' title='bbox 2492 2567 2788 2634; x_wconf 85' lang='lat' dir='ltr'><strong>Ianuarii</strong></span> <span class='ocrx_word' id='word_1_543' title='bbox 2840 2571 3021 2633; x_wconf 80' lang='lat'><strong>1562.</strong></span> 
     </span>
    </p>
   </div>
   <div class='ocr_carea' id='block_1_11' title="bbox 3401 2701 4124 2787">
    <p class='ocr_par' dir='ltr' id='par_1_11' title="bbox 3401 2701 4124 2787">
     <span class='ocr_line' id='line_1_79' title="bbox 3401 2701 4124 2787; baseline -0.003 -16"><span class='ocrx_word' id='word_1_544' title='bbox 3401 2705 3585 2771; x_wconf 76' lang='lat' dir='ltr'><strong>Tuus</strong></span> <span class='ocrx_word' id='word_1_545' title='bbox 3630 2724 3890 2787; x_wconf 88' lang='lat' dir='ltr'><strong>semper</strong></span> <span class='ocrx_word' id='word_1_546' title='bbox 3931 2701 3987 2769; x_wconf 94' lang='lat' dir='ltr'><strong>I.</strong></span> <span class='ocrx_word' id='word_1_547' title='bbox 4033 2702 4124 2769; x_wconf 85' lang='grc' dir='ltr'><strong>Η.</strong></span> 
     </span>
    </p>
   </div>
   <div class='ocr_carea' id='block_1_12' title="bbox 2709 3249 3927 3484">
    <p class='ocr_par' dir='ltr' id='par_1_12' title="bbox 2709 3249 3927 3484">
     <span class='ocr_line' id='line_1_80' title="bbox 3218 3249 3413 3320; baseline -0.015 0"><span class='ocrx_word' id='word_1_548' title='bbox 3218 3249 3413 3320; x_wconf 73' lang='grc'><strong>3702.</strong></span> 
     </span>
     <span class='ocr_line' id='line_1_81' title="bbox 2709 3402 3927 3484; baseline -0.004 -10"><span class='ocrx_word' id='word_1_549' title='bbox 2709 3406 3066 3474; x_wconf 83' lang='lat' dir='ltr'>OALVIN</span> <span class='ocrx_word' id='word_1_550' title='bbox 3113 3407 3167 3469; x_wconf 82' lang='lat' dir='ltr'>A</span> <span class='ocrx_word' id='word_1_551' title='bbox 3210 3406 3305 3472; x_wconf 70' lang='lat' dir='ltr'><strong>M„</strong></span> <span class='ocrx_word' id='word_1_552' title='bbox 3351 3402 3482 3470; x_wconf 85' lang='lat' dir='ltr'><strong>DE</strong></span> <span class='ocrx_word' id='word_1_553' title='bbox 3526 3402 3850 3472; x_wconf 79' lang='lat' dir='ltr'><strong>PASSY.</strong></span> <span class='ocrx_word' id='word_1_554' title='bbox 3875 3408 3927 3484; x_wconf 90' lang='lat'><strong>¹)</strong></span> 
     </span>
    </p>
   </div>
   <div class='ocr_carea' id='block_1_13' title="bbox 2333 3575 4300 3752">
    <p class='ocr_par' dir='ltr' id='par_1_13' title="bbox 2333 3575 4300 3752">
     <span class='ocr_line' id='line_1_82' title="bbox 2486 3575 4300 3752; baseline 0.001 -104"><span class='ocrx_word' id='word_1_555' title='bbox 2486 3575 4300 3752; x_wconf 47' lang='lat' dir='ltr'><strong>ffl⁸mmmkmama</strong></span> 
     </span>
     <span class='ocr_line' id='line_1_83' title="bbox 2333 3688 2678 3734; baseline -0.006 0"><span class='ocrx_word' id='word_1_556' title='bbox 2333 3688 2451 3734; x_wconf 76' lang='lat' dir='ltr'><strong>son</strong></span> <span class='ocrx_word' id='word_1_557' title='bbox 2664 3717 2678 3732; x_wconf 94' lang='lat'><strong>.</strong></span> 
     </span>
    </p>
   </div>
   <div class='ocr_carea' id='block_1_14' title="bbox 2368 3831 4299 4042">
    <p class='ocr_par' dir='ltr' id='par_1_14' title="bbox 2368 3831 4299 4042">
     <span class='ocr_line' id='line_1_84' title="bbox 2423 3831 4294 3893; baseline 0 -1"><span class='ocrx_word' id='word_1_558' title='bbox 2423 3841 2436 3853; x_wconf 85' lang='lat'>&#39;</span> <span class='ocrx_word' id='word_1_559' title='bbox 2479 3845 2574 3893; x_wconf 87' lang='lat' dir='ltr'><strong>ute</strong></span> <span class='ocrx_word' id='word_1_560' title='bbox 2608 3838 2693 3892; x_wconf 87' lang='lat' dir='ltr'><strong>ori</strong></span> <span class='ocrx_word' id='word_1_561' title='bbox 2733 3837 2889 3891; x_wconf 69' lang='lat' dir='ltr'><strong>‘nale</strong></span> <span class='ocrx_word' id='word_1_562' title='bbox 2925 3835 3067 3891; x_wconf 87' lang='lat' dir='ltr'><strong>Bibl.</strong></span> <span class='ocrx_word' id='word_1_563' title='bbox 3102 3834 3173 3889; x_wconf 87' lang='lat' dir='ltr'><strong>de</strong></span> <span class='ocrx_word' id='word_1_564' title='bbox 3209 3831 3447 3889; x_wconf 71' lang='lat' dir='ltr'><strong>Geneve.</strong></span> <span class='ocrx_word' id='word_1_565' title='bbox 3486 3832 3602 3886; x_wconf 80' lang='lat' dir='ltr'><strong>VoL</strong></span> <span class='ocrx_word' id='word_1_566' title='bbox 3629 3831 3725 3886; x_wconf 72' lang='lat' dir='ltr'><strong>1oe</strong></span> <span class='ocrx_word' id='word_1_567' title='bbox 3776 3832 3868 3887; x_wconf 71' lang='lat' dir='ltr'><strong>sol.</strong></span> <span class='ocrx_word' id='word_1_568' title='bbox 3909 3833 4025 3889; x_wconf 77' lang='lat'><strong>142.</strong></span> <span class='ocrx_word' id='word_1_569' title='bbox 4060 3864 4128 3875; x_wconf 90' lang='lat'>—</span> <span class='ocrx_word' id='word_1_570' title='bbox 4166 3837 4294 3892; x_wconf 83' lang='lat' dir='ltr'><strong>Vol.</strong></span> 
     </span>
     <span class='ocr_line' id='line_1_85' title="bbox 2368 3873 4299 4042; baseline -0.003 -9"><span class='ocrx_word' id='word_1_571' title='bbox 2368 3907 2458 3977; x_wconf 56' lang='grc' dir='ltr'><strong>ω’</strong></span> <span class='ocrx_word' id='word_1_572' title='bbox 2501 3906 2662 4033; x_wconf 58' lang='grc' dir='ltr'><em>Ἥ</em></span> <span class='ocrx_word' id='word_1_573' title='bbox 2693 3901 3404 4029; x_wconf 48' lang='grc' dir='ltr'><strong>0301301οῑ·</strong></span> <span class='ocrx_word' id='word_1_574' title='bbox 3428 3873 3781 4042; x_wconf 47' lang='grc' dir='ltr'><strong>18010εῷ</strong></span> <span class='ocrx_word' id='word_1_575' title='bbox 3782 3902 4299 4041; x_wconf 37' lang='grc' dir='ltr'><strong>0000..οΜ</strong></span> 
     </span>
    </p>
   </div>
   <div class='ocr_carea' id='block_1_15' title="bbox 2333 4144 4300 4574">
    <p class='ocr_par' dir='ltr' id='par_1_15' title="bbox 2333 4144 4300 4574">
     <span class='ocr_line' id='line_1_86' title="bbox 2506 4144 4295 4227; baseline -0.001 -12"><span class='ocrx_word' id='word_1_576' title='bbox 2506 4146 2853 4215; x_wconf 66' lang='lat' dir='ltr'><strong>Mon-siem·</strong></span> <span class='ocrx_word' id='word_1_577' title='bbox 2906 4151 2974 4211; x_wconf 88' lang='lat' dir='ltr'><strong>et</strong></span> <span class='ocrx_word' id='word_1_578' title='bbox 3028 4145 3278 4211; x_wconf 88' lang='lat' dir='ltr'><strong>honore</strong></span> <span class='ocrx_word' id='word_1_579' title='bbox 3329 4145 3520 4211; x_wconf 81' lang='lat' dir='ltr'><strong>frere.</strong></span> <span class='ocrx_word' id='word_1_580' title='bbox 3591 4144 3822 4227; x_wconf 82' lang='lat' dir='ltr'><strong>Quant</strong></span> <span class='ocrx_word' id='word_1_581' title='bbox 3863 4144 3927 4210; x_wconf 91' lang='lat' dir='ltr'><strong>ie</strong></span> <span class='ocrx_word' id='word_1_582' title='bbox 3969 4163 4137 4212; x_wconf 88' lang='lat' dir='ltr'><strong>vous</strong></span> <span class='ocrx_word' id='word_1_583' title='bbox 4195 4167 4295 4213; x_wconf 89' lang='lat' dir='ltr'><strong>es-</strong></span> 
     </span>
     <span class='ocr_line' id='line_1_87' title="bbox 2333 4228 4297 4320; baseline -0.003 -18"><span class='ocrx_word' id='word_1_584' title='bbox 2333 4233 2540 4303; x_wconf 88' lang='lat' dir='ltr'><strong>crivis</strong></span> <span class='ocrx_word' id='word_1_585' title='bbox 2593 4251 2919 4320; x_wconf 82' lang='lat' dir='ltr'><strong>nagueres</strong></span> <span class='ocrx_word' id='word_1_586' title='bbox 2975 4230 3056 4296; x_wconf 89' lang='lat' dir='ltr'><strong>de</strong></span> <span class='ocrx_word' id='word_1_587' title='bbox 3110 4230 3179 4296; x_wconf 90' lang='lat' dir='ltr'><strong>la</strong></span> <span class='ocrx_word' id='word_1_588' title='bbox 3236 4237 3391 4314; x_wconf 87' lang='lat' dir='ltr'><strong>part</strong></span> <span class='ocrx_word' id='word_1_589' title='bbox 3445 4228 3525 4295; x_wconf 90' lang='lat' dir='ltr'><strong>de</strong></span> <span class='ocrx_word' id='word_1_590' title='bbox 3580 4238 3764 4296; x_wconf 92' lang='lat' dir='ltr'><strong>toute</strong></span> <span class='ocrx_word' id='word_1_591' title='bbox 3818 4237 4043 4297; x_wconf 84' lang='lat' dir='ltr'><strong>nostre</strong></span> <span class='ocrx_word' id='word_1_592' title='bbox 4097 4230 4297 4298; x_wconf 87' lang='grc'><strong>0010-</strong></span> 
     </span>
     <span class='ocr_line' id='line_1_88' title="bbox 2334 4314 4297 4406; baseline -0.003 -18"><span class='ocrx_word' id='word_1_593' title='bbox 2334 4320 2599 4406; x_wconf 74' lang='lat' dir='ltr'><strong>paignie</strong></span> <span class='ocrx_word' id='word_1_594' title='bbox 2641 4325 2685 4384; x_wconf 78' lang='lat' dir='ltr'><strong>a</strong></span> <span class='ocrx_word' id='word_1_595' title='bbox 2726 4318 2792 4384; x_wconf 89' lang='lat' dir='ltr'><strong>la</strong></span> <span class='ocrx_word' id='word_1_596' title='bbox 2832 4324 3134 4401; x_wconf 90' lang='lat' dir='ltr'><strong>requeste</strong></span> <span class='ocrx_word' id='word_1_597' title='bbox 3169 4314 3251 4382; x_wconf 89' lang='lat' dir='ltr'><strong>de</strong></span> <span class='ocrx_word' id='word_1_598' title='bbox 3292 4314 3549 4401; x_wconf 79' lang='lat' dir='ltr'><strong>lEglise</strong></span> <span class='ocrx_word' id='word_1_599' title='bbox 3583 4315 3665 4382; x_wconf 90' lang='lat' dir='ltr'><strong>de</strong></span> <span class='ocrx_word' id='word_1_600' title='bbox 3687 4317 3900 4396; x_wconf 87' lang='lat' dir='ltr'><strong>Paris,</strong></span> <span class='ocrx_word' id='word_1_601' title='bbox 3924 4320 3981 4396; x_wconf 81' lang='lat'><strong>²)</strong></span> <span class='ocrx_word' id='word_1_602' title='bbox 4023 4316 4085 4383; x_wconf 90' lang='grc'><strong>10</strong></span> <span class='ocrx_word' id='word_1_603' title='bbox 4129 4336 4297 4384; x_wconf 90' lang='lat' dir='ltr'><strong>vous</strong></span> 
     </span>
     <span class='ocr_line' id='line_1_89' title="bbox 2335 4401 4300 4502; baseline -0.002 -29"><span class='ocrx_word' id='word_1_604' title='bbox 2335 4406 2538 4491; x_wconf 91' lang='lat' dir='ltr'><strong>priois</strong></span> <span class='ocrx_word' id='word_1_605' title='bbox 2597 4405 2679 4471; x_wconf 92' lang='lat' dir='ltr'><strong>de</strong></span> <span class='ocrx_word' id='word_1_606' title='bbox 2733 4403 3048 4489; x_wconf 68' lang='lat' dir='ltr'><strong>regat-der</strong></span> <span class='ocrx_word' id='word_1_607' title='bbox 3100 4401 3288 4469; x_wconf 91' lang='lat' dir='ltr'><strong>selon</strong></span> <span class='ocrx_word' id='word_1_608' title='bbox 3330 4409 3556 4469; x_wconf 80' lang='lat' dir='ltr'><strong>vostre</strong></span> <span class='ocrx_word' id='word_1_609' title='bbox 3610 4401 3943 4486; x_wconf 87' lang='lat' dir='ltr'><strong>prudence</strong></span> <span class='ocrx_word' id='word_1_610' title='bbox 3984 4423 4025 4468; x_wconf 89' lang='lat' dir='ltr'><strong>a</strong></span> <span class='ocrx_word' id='word_1_611' title='bbox 4066 4423 4140 4469; x_wconf 91' lang='lat' dir='ltr'><strong>ce</strong></span> <span class='ocrx_word' id='word_1_612' title='bbox 4183 4404 4300 4502; x_wconf 78' lang='grc'><strong>0111</strong></span> 
     </span>
     <span class='ocr_line' id='line_1_90' title="bbox 2334 4487 4297 4574; baseline -0.002 -15"><span class='ocrx_word' id='word_1_613' title='bbox 2334 4492 2539 4559; x_wconf 88' lang='lat' dir='ltr'><strong>seroit</strong></span> <span class='ocrx_word' id='word_1_614' title='bbox 2596 4491 2659 4557; x_wconf 90' lang='lat' dir='ltr'><strong>le</strong></span> <span class='ocrx_word' id='word_1_615' title='bbox 2714 4490 2866 4574; x_wconf 91' lang='lat' dir='ltr'><strong>plus</strong></span> <span class='ocrx_word' id='word_1_616' title='bbox 2925 4487 3297 4572; x_wconf 85' lang='lat' dir='ltr'><strong>expedient,</strong></span> <span class='ocrx_word' id='word_1_617' title='bbox 3361 4507 3614 4555; x_wconf 86' lang='lat' dir='ltr'><strong>comme</strong></span> <span class='ocrx_word' id='word_1_618' title='bbox 3672 4509 3835 4556; x_wconf 88' lang='lat' dir='ltr'><strong>vous</strong></span> <span class='ocrx_word' id='word_1_619' title='bbox 3877 4508 3957 4555; x_wconf 86' lang='lat' dir='ltr'><strong>en</strong></span> <span class='ocrx_word' id='word_1_620' title='bbox 4016 4508 4297 4571; x_wconf 65' lang='lat' dir='ltr'><strong>pauvres</strong></span> 
     </span>
    </p>
   </div>
   <div class='ocr_carea' id='block_1_16' title="bbox 2271 4572 4299 4662">
    <p class='ocr_par' dir='ltr' id='par_1_16' title="bbox 2271 4572 4299 4662">
     <span class='ocr_line' id='line_1_91' title="bbox 2271 4572 4299 4662; baseline -0.001 -18"><span class='ocrx_word' id='word_1_621' title='bbox 2271 4601 2278 4620; x_wconf 70' lang='lat'><strong>⁴</strong></span> <span class='ocrx_word' id='word_1_622' title='bbox 2332 4577 2583 4645; x_wconf 81' lang='lat' dir='ltr'><strong>miculx</strong></span> <span class='ocrx_word' id='word_1_623' title='bbox 2648 4577 2839 4662; x_wconf 79' lang='lat' dir='ltr'><strong>inger</strong></span> <span class='ocrx_word' id='word_1_624' title='bbox 2895 4594 3016 4659; x_wconf 90' lang='lat' dir='ltr'><strong>par</strong></span> <span class='ocrx_word' id='word_1_625' title='bbox 3077 4574 3187 4641; x_wconf 84' lang='lat' dir='ltr'><strong>lex</strong></span> <span class='ocrx_word' id='word_1_626' title='bbox 3273 4575 3492 4642; x_wconf 88' lang='lat' dir='ltr'><strong>rience</strong></span> <span class='ocrx_word' id='word_1_627' title='bbox 3534 4572 3624 4641; x_wconf 92' lang='lat' dir='ltr'><strong>du</strong></span> <span class='ocrx_word' id='word_1_628' title='bbox 3681 4581 3896 4660; x_wconf 88' lang='lat' dir='ltr'><strong>temps</strong></span> <span class='ocrx_word' id='word_1_629' title='bbox 3953 4583 4161 4658; x_wconf 84' lang='lat' dir='ltr'><strong>passe,</strong></span> <span class='ocrx_word' id='word_1_630' title='bbox 4226 4580 4299 4641; x_wconf 81' lang='lat' dir='ltr'><strong>et</strong></span> 
     </span>
    </p>
   </div>
   <div class='ocr_carea' id='block_1_17' title="bbox 2332 4659 4305 4745">
    <p class='ocr_par' dir='ltr' id='par_1_17' title="bbox 2332 4659 4305 4745">
     <span class='ocr_line' id='line_1_92' title="bbox 2332 4659 4305 4745; baseline -0.001 -15"><span class='ocrx_word' id='word_1_631' title='bbox 2332 4664 2514 4730; x_wconf 88' lang='lat' dir='ltr'><strong>aussi</strong></span> <span class='ocrx_word' id='word_1_632' title='bbox 2561 4671 2783 4729; x_wconf 88' lang='lat' dir='ltr'><strong>estant</strong></span> <span class='ocrx_word' id='word_1_633' title='bbox 2834 4661 2985 4745; x_wconf 88' lang='lat' dir='ltr'><strong>plus</strong></span> <span class='ocrx_word' id='word_1_634' title='bbox 3044 4681 3199 4744; x_wconf 86' lang='lat' dir='ltr'><strong>proc</strong></span> <span class='ocrx_word' id='word_1_635' title='bbox 3249 4660 3360 4726; x_wconf 88' lang='lat' dir='ltr'><strong>ain</strong></span> <span class='ocrx_word' id='word_1_636' title='bbox 3405 4659 3494 4727; x_wconf 91' lang='lat' dir='ltr'><strong>du</strong></span> <span class='ocrx_word' id='word_1_637' title='bbox 3537 4659 3673 4727; x_wconf 90' lang='lat' dir='ltr'><strong>lieu</strong></span> <span class='ocrx_word' id='word_1_638' title='bbox 3715 4681 3844 4744; x_wconf 87' lang='lat' dir='ltr'><strong>que</strong></span> <span class='ocrx_word' id='word_1_639' title='bbox 3886 4680 4069 4727; x_wconf 88' lang='lat' dir='ltr'><strong>nous.</strong></span> <span class='ocrx_word' id='word_1_640' title='bbox 4154 4660 4305 4728; x_wconf 89' lang='lat' dir='ltr'><strong>De-</strong></span> 
     </span>
    </p>
   </div>
   <div class='ocr_carea' id='block_1_18' title="bbox 2339 4819 2741 4830">
    <p class='ocr_par' dir='ltr' id='par_1_18' title="bbox 2339 4819 2741 4830">
     <span class='ocr_line' id='line_1_93' title="bbox 2339 4819 2741 4830; baseline 0 1295"><span class='ocrx_word' id='word_1_641' title='bbox 2339 4819 2741 4830; x_wconf 95' lang='lat' dir='ltr'><strong> </strong></span> 
     </span>
    </p>
   </div>
   <div class='ocr_carea' id='block_1_19' title="bbox 2329 4915 4357 5400">
    <p class='ocr_par' dir='ltr' id='par_1_19' title="bbox 2329 4915 4357 5400">
     <span class='ocr_line' id='line_1_94' title="bbox 2329 4915 4357 5052; baseline -0.003 -6"><span class='ocrx_word' id='word_1_642' title='bbox 2329 4920 2529 5046; x_wconf 52' lang='lat'><strong>233.</strong></span> <span class='ocrx_word' id='word_1_643' title='bbox 2545 4920 2603 4981; x_wconf 88' lang='lat'><strong>¹’</strong></span> <span class='ocrx_word' id='word_1_644' title='bbox 2642 4917 2858 5043; x_wconf 48' lang='lat' dir='ltr'><strong>&#39;We</strong></span> <span class='ocrx_word' id='word_1_645' title='bbox 2893 4916 3275 5052; x_wconf 42' lang='grc' dir='ltr'><strong>ἣτε...</strong></span> <span class='ocrx_word' id='word_1_646' title='bbox 3226 4931 3478 5042; x_wconf 56' lang='grc' dir='ltr'><strong>Ἢ.</strong></span> <span class='ocrx_word' id='word_1_647' title='bbox 3491 4916 3815 5041; x_wconf 56' lang='grc' dir='ltr'><strong>..ἴᾶἽῖ</strong></span> <span class='ocrx_word' id='word_1_648' title='bbox 3837 4915 4303 5051; x_wconf 43' lang='lat' dir='ltr'><strong>mama..</strong></span> <span class='ocrx_word' id='word_1_649' title='bbox 4342 4961 4357 4976; x_wconf 72' lang='grc'><strong><em>’</em></strong></span> 
     </span>
     <span class='ocr_line' id='line_1_95' title="bbox 2331 5053 4299 5140; baseline 0.001 -29"><span class='ocrx_word' id='word_1_650' title='bbox 2331 5058 2395 5113; x_wconf 82' lang='grc' dir='ltr'><strong>Ν.</strong></span> <span class='ocrx_word' id='word_1_651' title='bbox 2423 5056 2578 5113; x_wconf 74' lang='lat'><strong>3629.</strong></span> <span class='ocrx_word' id='word_1_652' title='bbox 2609 5127 2622 5140; x_wconf 91' lang='lat'><strong>.</strong></span> <span class='ocrx_word' id='word_1_653' title='bbox 2721 5126 2734 5139; x_wconf 46' lang='lat'><strong>·</strong></span> <span class='ocrx_word' id='word_1_654' title='bbox 2755 5095 2769 5111; x_wconf 90' lang='lat'><strong>.</strong></span> <span class='ocrx_word' id='word_1_655' title='bbox 2806 5056 3065 5138; x_wconf 71' lang='lat' dir='ltr'><strong>Lanquct</strong></span> <span class='ocrx_word' id='word_1_656' title='bbox 3096 5055 3166 5110; x_wconf 92' lang='lat'><strong>11.</strong></span> <span class='ocrx_word' id='word_1_657' title='bbox 3197 5053 3298 5137; x_wconf 69' lang='grc'><strong>197</strong></span> <span class='ocrx_word' id='word_1_658' title='bbox 3313 5079 3328 5108; x_wconf 90' lang='grc'><strong>.·</strong></span> <span class='ocrx_word' id='word_1_659' title='bbox 3364 5054 3701 5138; x_wconf 76' lang='lat' dir='ltr'><strong>Biturigibus</strong></span> <span class='ocrx_word' id='word_1_660' title='bbox 3736 5071 3914 5137; x_wconf 69' lang='lat' dir='ltr'><strong>nuper</strong></span> <span class='ocrx_word' id='word_1_661' title='bbox 3945 5053 4299 5113; x_wconf 69' lang='lat' dir='ltr'><strong>celebra-ut</strong></span> 
     </span>
     <span class='ocr_line' id='line_1_96' title="bbox 2329 5123 4303 5279; baseline -0.003 -27"><span class='ocrx_word' id='word_1_662' title='bbox 2329 5135 2560 5279; x_wconf 54' lang='lat'><strong>2533</strong></span> <span class='ocrx_word' id='word_1_663' title='bbox 2596 5143 2665 5250; x_wconf 67' lang='lat'><strong>..²2</strong></span> <span class='ocrx_word' id='word_1_664' title='bbox 2697 5124 3246 5264; x_wconf 44' lang='lat' dir='ltr'><strong>emtas-51³:</strong></span> <span class='ocrx_word' id='word_1_665' title='bbox 3266 5123 4110 5263; x_wconf 50' lang='grc'><strong>0000000040...</strong></span> <span class='ocrx_word' id='word_1_666' title='bbox 4142 5140 4303 5248; x_wconf 69' lang='lat'><strong>¹1:³²⁶</strong></span> 
     </span>
     <span class='ocr_line' id='line_1_97' title="bbox 2331 5271 2886 5400; baseline -0.007 -13"><span class='ocrx_word' id='word_1_667' title='bbox 2331 5271 2597 5400; x_wconf 40' lang='lat' dir='ltr'><strong>amoma)</strong></span> <span class='ocrx_word' id='word_1_668' title='bbox 2630 5331 2695 5384; x_wconf 83' lang='lat' dir='ltr'><strong>N.</strong></span> <span class='ocrx_word' id='word_1_669' title='bbox 2732 5329 2886 5385; x_wconf 76' lang='lat'><strong>3679.</strong></span> 
     </span>
    </p>
   </div>
   <div class='ocr_carea' id='block_1_20' title="bbox 3764 5414 3871 5471">
    <p class='ocr_par' dir='ltr' id='par_1_20' title="bbox 3764 5414 3871 5471">
     <span class='ocr_line' id='line_1_98' title="bbox 3764 5414 3871 5471; baseline -0.028 0"><span class='ocrx_word' id='word_1_670' title='bbox 3764 5414 3871 5471; x_wconf 78' lang='lat'><strong>17·</strong></span> 
     </span>
    </p>
   </div>
  </div>
 </body>
</html>
