4900 6125
601 340 736 402 563

597 524 950 591 lensium
991 521 1342 588 lentiam·
1381 521 1660 587 Maistre
1703 520 1917 586 Iehan
1963 518 2206 586 Galvin
2272 519 2576 586 humble-

1079 617 1270 672 ment
1309 605 1552 673 randes
1593 606 1692 673 les
1734 614 2092 691 presentes.

597 781 889 848 Domino
921 778 1210 844 Iohanni
1238 778 1520 845 Calvino
1565 777 1992 846 sacratissimi
2038 777 2371 864 evangelii
2412 776 2575 845 fide-

751 866 1007 932 lissimo
1050 865 1358 948 praeconi
1404 864 1741 931 Iohannes
1783 863 2084 949 Phagius
2128 863 2200 931 S.
2249 861 2309 928 d.
2356 885 2418 947 p.

773 1035 1005 1119 Quum
1049 1057 1309 1103 mecum
1354 1035 1639 1101 multum
1684 1034 1922 1120 diuque
1957 1037 2334 1121 cogitarem,
2381 1056 2572 1118 prae-

599 1123 1008 1190 stantissime
1052 1122 1335 1199 domine,
1383 1120 1889 1188 scribendumne
1932 1122 2099 1187 1111111
2144 1123 2314 1188 foret
2356 1120 2440 1187 ad
2486 1129 2571 1200 te,

597 1208 969 1293 complures
1025 1229 1133 1274 me
1191 1207 1261 1273 in
1328 1207 1666 1273 diversum
1712 1207 2069 1274 trahebant
2110 1227 2348 1275 causae
2391 1206 2573 1273 11006

597 1295 670 1360 in
715 1292 1013 1360 modum:
1102 1292 1589 1376 Dedignabitur
1634 1303 1699 1359 te
1743 1303 1989 1378 tuaque
2034 1295 2297 1377 scripta,
2342 1301 2572 1376 utpote

595 1382 841 1465 inepta,
887 1395 1083 1464 atque
1127 1400 1168 1444 a
1202 1379 1482 1445 lectione
1517 1379 1602 1458 (si
1641 1388 1863 1445 tamen
1899 1379 2136 1466 legerit
2171 1380 2255 1446 ad
2289 1380 2569 1455 calcem)

599 1467 919 1533 scombris
998 1465 1237 1530 merito
1305 1465 1420 1530 sed
1474 1466 1618 1531 iure
1675 1465 1942 1532 iubebit.
2033 1466 2325 1532 Rursus:
2388 1463 2571 1546 Quid

597 1551 720 1617 tu?
768 1573 993 1617 801100
1037 1561 1231 1635 putas
1273 1560 1342 1616 te
1384 1551 1523 1617 fore
1566 1550 1662 1617 illi
1707 1551 2120 1630 iniuriosum,
2167 1552 2280 1635 qui
2327 1551 2409 1617 ab
2453 1550 2569 1616 illo

595 1639 899 1722 requiras
943 1645 1020 1703 ut
1074 1637 1193 1702 tibi
1250 1636 1533 1703 subinde
1575 1636 1923 1704 recantilet
1966 1658 2042 1704 ea
2085 1638 2272 1704 cuius
2316 1637 2374 1703 si
2420 1637 2568 1702 dili-

597 1735 835 1810 genter
899 1723 1259 1789 adverteris
1321 1733 1786 1800 monumenta,
1855 1724 1976 1789 tibi
2040 1724 2201 1790 satis
2244 1743 2571 1806 superque

595 1809 1005 1876 satisfactum
1073 1809 1287 1875 fuerit.
1394 1809 1545 1874 Erit
1608 1811 1817 1894 igitur
1882 1816 2038 1875 tuae
2100 1808 2568 1892 imputandum

595 1895 908 1973 inertiae,
964 1893 1125 1960 adeo
1169 1894 1549 1978 impudens,
1595 1906 1673 1962 ut
1716 1895 2057 1962 hominem
2099 1894 2345 1979 alioqui
2387 1894 2571 1959 mille

594 1983 777 2048 curis
838 1980 1206 2047 districtum
1261 1980 1345 2046 ad
1399 1981 1666 2046 inanem
1725 1980 2020 2047 laborem
2078 1979 2569 2064 suscipiendum

596 2076 713 2134 tua
787 2067 1283 2149 importunitate
1349 2067 1596 2152 adigas.
1709 2067 1819 2132 Ex
1887 2067 2166 2134 adverso
2232 2067 2395 2132 haec
2461 2086 2571 2132 me

593 2153 814 2220 acrius
857 2152 1268 2238 pungebant,
1337 2163 1681 2237 mactoque
1725 2152 1947 2219 animo
1991 2174 2135 2219 esse
2179 2153 2567 2219 monebant:

591 2238 726 2306 Hic
786 2249 888 2303 est
941 2237 1056 2321 qui
1111 2258 1232 2321 pro
1293 2259 1370 2304 ea
1413 2260 1612 2322 quam
1656 2239 1831 2323 gerit
1873 2239 2217 2323 provincia
2259 2238 2570 2303 humani·

593 2333 858 2409 tateque
904 2344 1104 2407 quam
1147 2345 1344 2407 saepe
1388 2324 1933 2401 animadvertisti,
1975 2326 2116 2392 sive
2160 2326 2230 2389 in
2283 2324 2568 2406 scriptis,

594 2420 710 2476 tua
768 2431 897 2476 non
956 2411 1281 2494 spectavit
1340 2409 1457 2475 sed
1517 2411 1815 2476 animum
1869 2421 2031 2494 puta
2091 2409 2458 2494 simplicem
2502 2418 2571 2476 et

594 2498 679 2564 ab
724 2497 905 2562 omni
951 2494 1098 2561 dolo
1140 2494 1338 2581 longe
1381 2496 1689 2563 alienum.
1779 2497 2070 2564 Rursus:
2139 2499 2249 2562 An
2294 2495 2568 2579 pudebit

596 2592 662 2649 te
698 2582 946 2648 discere
981 2583 1578 2665 conscientiamque
1614 2594 1802 2649 tuam
1844 2584 1915 2648 in
1938 2581 2211 2649 Christo
2250 2580 2564 2647 stabilire.

767 2667 952 2734 Haec
1009 2679 1078 2734 et
1135 2668 1379 2734 similia
1436 2667 1856 2734 deterrebant
1912 2690 2022 2734 me
2076 2667 2429 2753 quominus
2482 2666 2568 2731 ad

594 2763 664 2820 te
708 2754 1093 2834 scriberem,
1158 2754 1641 2838 monebantque
1693 2767 1925 2822 contra
1978 2776 2066 2822 ne
2124 2773 2393 2820 vererer
2446 2751 2568 2817 tibi

595 2860 813 2906 meam
856 2838 1254 2906 sententiam
1299 2861 1647 2923 exponere.
1738 2839 2033 2906 Videbar
2074 2840 2326 2924 itaque,
2393 2837 2566 2922 quod

598 2926 861 3004 dicitur,
908 2925 1178 2991 auribus
1219 2925 1455 3010 lupum
1500 2936 1744 2992 tenere.
1823 2925 2082 2992 Verum
2125 2926 2250 2992 hac
2295 2923 2568 2990 tandem

595 3014 812 3080 victus
867 3011 1126 3078 ratione
1183 3012 1486 3097 proxima
1539 3033 1676 3080 non
1731 3012 1917 3097 potui
1969 3033 2102 3079 non
2163 3011 2286 3078 tibi
2349 3030 2568 3076 meam

595 3119 925 3183 exponere
995 3107 1287 3164 mentem
1322 3107 1733 3184 (quanquam
1768 3099 2039 3183 inepte).
2111 3100 2333 3181 Turpe
2369 3098 2567 3175 enim,

596 3205 684 3250 ne
750 3183 963 3250 dicam
1028 3184 1339 3267 impium,
1447 3184 1720 3251 uamdiu
1785 3186 2071 3264 vivitur,
2136 3205 2271 3249 000
2316 3183 2570 3249 ambire

595 3270 905 3338 omnibus
960 3270 1175 3336 modis
1232 3279 1310 3336 01
1349 3269 1405 3337 Ο
1459 3272 1663 3337 rietus
1714 3271 1786 3336 10
1850 3270 2039 3338 nobis
2082 3277 2353 3348 crescat,
2397 3267 2569 3334 iudi-

596 3358 762 3424 cavi.
851 3355 1082 3439 Itaque
1123 3355 1331 3440 igitur
1372 3356 1591 3423 locum
1634 3357 1832 3423 Pauli
1876 3377 2076 3441 quem
2126 3355 2431 3421 existimo
2476 3353 2571 3420 sic

595 3441 1107 3526 intelligendum
1206 3442 1306 3519 (ni
1363 3454 1480 3508 tua
1531 3464 1654 3510 nos
1709 3442 1840 3508 8110
1905 3450 2166 3508 revocet
2229 3441 2569 3521 mensura)

597 3548 832 3612 precor
867 3526 1378 3606 animadvertas,
1425 3530 1612 3595 cuius
1647 3526 2091 3613 intelligentia
2125 3549 2232 3593 me
2254 3526 2572 3593 hactenus

597 3616 844 3680 mirum
909 3614 982 3678 in
1047 3612 1318 3679 modum
1385 3616 1604 3693 torsit,
1673 3622 1749 3680 ut
1811 3613 1926 3697 qui
1993 3612 2254 3679 videam
2325 3610 2572 3678 multos

598 3699 812 3766 multa
853 3698 1069 3766 dicere
1114 3720 1235 3767 066
1277 3700 1446 3764 mihi
1488 3721 1605 3783 per
1649 3700 1873 3766 omnia
1910 3697 2309 3765 satisfacere.

774 3783 1058 3850 Dixerat
1122 3785 1374 3852 Paulus
1449 3785 2014 3853 circumcisionem
2095 3784 2318 3851 datam
2396 3782 2575 3868 quod

601 3870 848 3937 divinis
912 3868 1295 3937 credidisset
1356 3872 1430 3936 in
1474 3871 1603 3937 Dei
1669 3870 1983 3937 oraculis:
2047 3870 2197 3937 ideo
2262 3869 2387 3935 sibi
2445 3869 2574 3952 ipsi

601 3978 941 4042 opponens
985 3957 1244 4042 quaerit
1287 3979 1372 4022 an
1418 3959 1626 4041 possit
1666 3957 1826 4024 hinc
1870 3957 2041 4023 effici
2085 3966 2160 4022 ut
2201 3955 2391 4022 Deus
2433 3975 2577 4039 pos-

602 4044 692 4110 sit
735 4042 1058 4110 mendacii
1104 4044 1391 4127 coargui,
1437 4042 1609 4127 quod
1644 4043 1916 4127 quidam
1953 4064 2087 4108 non
2123 4040 2572 4110 crediderint?

600 4129 789 4197 Haec
832 4128 1035 4194 verba
1079 4130 1173 4194 sic
1215 4128 1546 4214 intelligo:
1594 4127 1875 4194 duarum
1919 4127 2577 4196 contradictoriarum

603 4214 984 4299 impossible
1041 4228 1142 4281 est
1197 4214 1475 4280 alteram
1532 4236 1758 4281 veram
1814 4236 1959 4281 esse
2017 4215 2176 4299 quin
2234 4213 2447 4279 altera
2490 4214 2579 4279 sit

604 4302 921 4369 continuo
988 4301 1169 4367 falsa.
1260 4297 1338 4367 Si
1403 4300 1613 4385 igitur
1675 4301 1851 4366 hanc
1916 4301 2296 4385 promiserit
2354 4300 2577 4366 Deus:

605 4386 850 4453 Omnis
891 4385 1102 4452 Israel
1161 4407 1290 4452 000
1338 4385 1789 4463 benedicetur,
1858 4386 2022 4453 11866
2081 4385 2210 4452 6111
2264 4387 2578 4453 continuo

605 4472 793 4538 falsa.
883 4470 1174 4553 Quidam
1216 4472 1426 4538 Israel
1485 4492 1619 4537 non
1676 4471 2130 4549 benedicetur,
2203 4481 2274 4538 et
2328 4481 2576 4538 contra.

608 4558 825 4643 Igitur
901 4559 1210 4641 quoniam
1289 4558 1463 4624 11806
1546 4557 1846 4624 videmus
1923 4580 2179 4639 veram,
2280 4558 2577 4642 sequitur

609 4643 831 4709 Deum
898 4642 1046 4708 falsi
1111 4644 1417 4725 promissi
1482 4644 1977 4729 coarguendum
2036 4645 2152 4727 qui
2204 4645 2580 4728 promiserit

608 4750 872 4796 omnem
932 4728 1302 4794 Israelitam
1370 4728 1907 4796 benedicendum.
1994 4728 2250 4796 Paulus
2317 4730 2581 4796 univer-

610 4816 817 4882 salem
878 4814 947 4879 in
1016 4813 1484 4897 particularem
1549 4816 1677 4882 alio
1742 4817 1813 4881 in
1880 4815 2021 4882 1060
2079 4816 2439 4895 contraxit,
2502 4822 2581 4880 ut

611 4902 817 4967 evitet
880 4899 1051 4965 hanc
1115 4900 1626 4979 absurditatem,
1694 4901 1818 4968 1100
1885 4901 2099 4967 modo.
2186 4901 2338 4967 Non
2402 4901 2582 4967 enim

613 5006 846 5051 omnes
902 4986 1014 5069 qui
1071 4995 1230 5051 sunt
1286 5007 1370 5051 ex
1426 4986 1634 5053 Israel
1693 4986 1764 5052 hi
1823 4995 1981 5052 sunt
2037 4987 2406 5065 Israelitae,
2468 5008 2582 5052 ne·

658 5092 741 5136 ue
784 5070 898 5154 qui
942 5091 1167 5136 semen
1212 5085 1367 5137 sunt
1411 5072 1720 5138 Abrahae
1762 5072 1835 5137 hi
1883 5081 2043 5138 sunt
2084 5072 2206 5138 filii
2252 5071 2581 5139 Abrahae.

655 5165 852 5239 taque
919 5166 1118 5241 negat
1183 5157 1540 5223 incredulis
1618 5160 2016 5241 promissum
2072 5160 2292 5225 fuisse.
2403 5158 2583 5223 Num

615 5248 838 5307 autem
882 5242 1091 5307 altera
1135 5243 1372 5309 harum
1418 5244 1936 5327 propositionum
1982 5243 2062 5311 de
2115 5245 2340 5311 futuro
2385 5244 2586 5310 fuerit

2109 329 2643 400 EPIS'DOLAE
2687 333 3116 397 4254—4255

4480 337 4569 402 561

2681 519 3117 586 determinate
3170 539 3334 588 vera
3390 540 3478 585 80
3522 520 3692 587 falsa
3734 527 4090 605 antequam
4134 521 4477 602 advenerit,
4524 525 4577 592 in

2676 605 3207 690 praesentiarum
3271 628 3407 673 non
3471 604 3759 689 disputo:
3846 615 4109 673 tantum
4172 630 4402 691 quaero
4456 631 4578 693 qne-

2677 691 2870 758 modo
2912 691 3166 759 Paulus
3211 692 3338 760 1106
3380 693 3454 757 in
3498 691 3640 758 loco
3684 692 3809 759 sibi
3852 694 3982 777 ipsi
4022 694 4415 761 satisfecerit.
4450 696 4583 762 Pn-

2676 778 2783 844 lus
2846 778 3106 862 itaque,
3173 785 3251 845 ut
3310 778 3558 858 sentio,
3642 778 3998 864 respondet
4039 780 4261 846 Deum
4319 801 4583 860 veram.

2677 885 2940 930 omnem
2985 873 3208 930 autem
3241 864 3578 931 hominem
3615 864 4018 933 mendacem.
4090 866 4305 932 Deum
4338 888 4583 935 verace·

2675 951 2771 1017 sic
2827 949 3124 1035 intelligo
3170 961 3244 1016 ut
3287 951 3408 1029 sit,
3476 960 3618 1016 tum
3660 952 3734 1016 in
3778 972 3881 1030 se,
3947 960 4092 1017 tum
4136 962 4355 1032 extra,
4396 965 4585 1019 natm

2677 1057 2799 1103 sua
2841 1056 3076 1103 verax:
3123 1036 3505 1103 mendacem
3550 1058 3707 1103 vero
3754 1037 4123 1116 hominem,
4180 1040 4337 1104 item
4379 1049 4502 1103 tum
4534 1041 4587 1106 in

2676 1142 2767 1201 se,
2813 1131 2957 1188 tum
3002 1129 3222 1201 extra,
3281 1132 3357 1188 ut
3410 1124 3499 1189 sit
3552 1131 3791 1188 natura
3833 1144 3955 1190 sua
3996 1124 4313 1201 mendax,
4366 1139 4435 1190 ut
4469 1146 4587 1191 een·

2675 1208 2882 1274 traria
2945 1209 3294 1276 contrariis
3382 1218 3809 1293 opponantur
3875 1210 4034 1275 rite:
4119 1210 4391 1294 ideoque
4458 1210 4587 1275 nihil

2672 1293 2917 1360 habere
2961 1294 3297 1360 hominem
3342 1294 3515 1378 quod
3558 1316 3826 1361 movere
3871 1293 4104 1361 debeat
4124 1295 4345 1362 Deum
4386 1295 4463 1361 ad
4496 1301 4589 1362 ni·

2674 1379 3137 1446 serescendum
3182 1381 3358 1458 eius,
3422 1388 3490 1446 et
3552 1382 3612 1446 si
3677 1382 3821 1446 eius
3876 1382 4303 1460 misereatur,
4368 1382 4431 1447 id
4479 1384 4589 1448 fieri

2674 1485 2759 1530 ex
2803 1466 2943 1531 sola
2975 1467 3080 1532 sui
3113 1466 3327 1550 ipsius
3359 1467 3826 1545 misericordia,
3872 1488 4011 1532 non
4044 1477 4268 1533 autem
4301 1489 4386 1534 ex
4416 1467 4589 1553 81111118

2676 1551 2966 1617 hominis
3033 1552 3375 1636 dignitate.
3465 1552 3723 1618 Verum
3788 1574 3995 1635 quum
4062 1554 4249 1619 audit
4312 1554 4489 1620 1101110
4540 1576 4591 1619 ne

2674 1658 2819 1704 esse
2861 1638 3263 1715 mendacem,
3322 1647 3401 1703 ut
3442 1636 3632 1704 Deus
3675 1638 4067 1704 iustificetur
4108 1640 4182 1704 in
4227 1641 4591 1706 sermonibus

2672 1724 2829 1801 suis,
2873 1724 3150 1807 quaerit,
3194 1733 3273 1790 ut
3314 1735 3416 1790 est
3460 1726 3601 1790 eius
3644 1725 3921 1790 audacia
3962 1726 4034 1788 in
4077 1746 4197 1791 suo
4240 1725 4475 1792 melers
4504 1747 4593 1792 ex·

2674 1809 2983 1888 cusand0,
3029 1832 3189 1876 num
3234 1810 3444 1892 possit
3487 1809 3632 1875 Deo
3676 1821 3901 1875 notam
3946 1812 4315 1877 iniustitiae
4356 1814 4590 1886 11101616,

2673 1903 2740 1960 61
2805 1915 3007 1979 quum
3073 1915 3211 1961 non
3274 1903 3493 1978 potest
3547 1916 3793 1980 negare
3844 1899 3915 1961 in
3976 1897 4302 1964 versiculo
4356 1895 4593 1962 Davidis

2673 1981 2834 2065 quin
2879 1981 3054 2046 sumi
3097 1980 3329 2047 debeat
3361 1981 3721 2047 Iustificari
3764 2003 3885 2065 pro
3927 2004 4004 2048 eo
4048 1983 4221 2065 quod
4256 1985 4593 2049 6811081110

2673 2066 3011 2145 declarari,
3055 2066 3181 2133 hoc
3214 2065 3410 2133 modo
3446 2077 3982 2151 argumentatur:
4054 2068 4127 2135 Is
4160 2078 4265 2134 est
4298 2066 4593 2135 habendus

2673 2152 2964 2219 iniustus
3004 2152 3208 2218 iudex
3252 2153 3366 2237 qui
3403 2153 3797 2219 condemnat
3831 2175 3981 2219 eum
4017 2157 4131 2237 qui
4174 2156 4271 2219 nil
4306 2154 4431 2221 nisi
4460 2153 4595 2237 quod

2673 2238 2849 2303 cedit
2888 2238 2960 2302 in
3003 2239 3367 2303 maximam
3410 2238 3646 2305 iudicis
3691 2239 3966 2323 gloriam
4011 2240 4388 2307 admiserit:
4453 2241 4593 2323 atqui

2675 2324 2862 2390 Deus
2926 2344 3139 2406 poena
3203 2323 3501 2389 decernit
3563 2324 3841 2409 dignum
3904 2336 4317 2408 peccatorem
4372 2328 4477 2410 qui
4522 2325 4593 2389 nil

2674 2408 2939 2475 admisit
2990 2410 3121 2474 nisi
3178 2409 3350 2492 quod
3392 2411 3464 2475 in
3507 2431 3618 2475 ma
3713 2431 3818 2476 am
3864 2412 4274 2478 convertitur
4316 2413 4454 2478 eins
4490 2411 4595 2496 glo·

2677 2495 2879 2560 riam:
2926 2515 3083 2578 ergo
3125 2493 3415 2560 iniustus
3459 2505 3562 2562 est
3673 2517 3792 2562 eus
3835 2498 3949 2578 qui
3990 2497 4238 2564 inferat
4280 2499 4445 2564 iram
4480 2518 4595 2582 pee-

2673 2581 2899 2646 catori.
2971 2580 3105 2646 Hic
3148 2601 3270 2665 ego
3315 2601 3451 2645 non
3486 2601 3758 2665 possum
3793 2581 4202 2667 distinguere
4236 2603 4595 2667 consequen·

2671 2667 2864 2745 tiam,
2932 2664 3104 2750 quod
3174 2666 3506 2733 conclusio
3563 2667 3916 2752 colligatur
3971 2671 4363 2736 necessitate
4415 2689 4597 2736 60086·

2672 2751 2998 2836 quentiae,
3045 2773 3181 2817 non
3215 2760 3440 2817 autem
3475 2754 3951 2836 consequentis.
4022 2754 4417 2821 Proximum
4457 2755 4596 2819 enim

2674 2836 3127 2910 concederem:
3186 2837 3259 2902 in
3314 2837 3532 2922 aliquo
3590 2860 3792 2905 sensu
3846 2839 4068 2906 Deum
4121 2862 4319 2924 posse
4384 2838 4597 2907 ostmdi

2672 2923 2998 2989 iniustum
3039 2931 3107 2989 et
3138 2924 3209 2989 in
3245 2923 3465 3006 aliquo
3485 2924 3760 2991 iustum.
3831 2925 4094 2992 Deinde
4126 2927 4600 2994 6006611616ωά

2669 3008 3065 3093 particulam
3108 3010 3180 3075 in
3224 3010 3550 3078 versiculo
3570 3011 3856 3078 Davidis
3896 3022 4279 3079 contentam
4322 3013 4489 3081 801111
4513 3010 4599 3077 de-

2673 3095 2828 3161 bere
2882 3096 3386 3179 consequutive‚
3454 3118 3587 3163 non
3644 3106 3868 3164 autem
3925 3101 4265 3166 causative
4282 3150 4300 3180 ,
4364 3110 4437 3165 ut
4482 3117 4599 3165 611111

2671 3180 2696 3245 1
2746 3182 2839 3247 818
2901 3180 3136 3264 1011081
3158 3233 3174 3259 ,
3264 3182 3436 3266 quod
3514 3184 3804 3249 maxime
3867 3184 4035 3250 mihi
4099 3194 4203 3251 est
4268 3187 4595 3252 molestum

2732 3275 3029 3332 aeterum
3072 3268 3385 3333 iniuriam
3426 3269 3708 3335 facerem
3755 3271 4045 3353 apostolo
4098 3273 4210 3354 qui
4252 3272 4486 3339 vellem
4521 3292 4597 3334 se·

2672 3373 2791 3419 cus
2845 3353 3243 3437 respondere
3302 3363 3499 3438 atque
3555 3354 3667 3421 ille
3738 3356 4170 3440 responderit.
4262 3359 4435 3423 Nam
4490 3358 4599 3440 ipse

2672 3439 2769 3506 sic
2831 3437 3147 3522 loquitur:
3227 3439 3455 3506 Absit!
3536 3441 3900 3509 secundum
3974 3443 4315 3509 hominem
4394 3443 4595 3526 loquor.

2674 3524 2865 3605 Quae
2906 3526 3109 3592 verba
3151 3526 3319 3591 mihi
3363 3526 3676 3592 videntur
3707 3527 3951 3593 habere
3986 3529 4161 3595 hunc
4198 3529 4593 3596 intellectum:

2673 3610 2862 3695 Nego
2916 3611 3054 3677 ullo
3105 3611 3301 3677 modo
3359 3613 3671 3696 consequi
3726 3634 3946 3697 posse,
4013 3615 4141 3681 etsi
4190 3615 4388 3680 110100
4441 3633 4597 3679 exen-

2676 3696 2882 3763 sando
2928 3718 3119 3762 suam
3160 3698 3558 3764 iniustitiam
3598 3700 3692 3766 sic
3737 3698 4074 3767 dialectice
4117 3712 4185 3765 et
4232 3700 4597 3766 demonstra-

2676 3783 2813 3848 tive
2836 3783 2962 3848 sibi
2998 3781 3305 3849 videatur
3325 3786 3794 3869 argumentari.
3857 3784 4007 3867 Quo
4037 3806 4359 3870 responso
4382 3784 4599 3851 videm

2675 3867 2864 3935 nobis
2917 3869 3292 3953 significare
3347 3870 3553 3954 quod,
3613 3873 3916 3955 quamvis
3970 3892 4321 3956 peccemus
4371 3871 4599 3937 minin·

2677 3955 2841 4038 quin
2885 3954 3175 4020 hominis
3215 3955 3510 4022 humana
3552 3958 3722 4023 ratio
3764 3957 3985 4023 Deum
4023 3959 4399 4026 immiscere
4434 3954 4601 4041 pon}

2676 4040 2813 4107 suis
2894 4041 3179 4124 peccatis
3245 4043 3496 4120 (omnia
3558 4042 3738 4108 enim
3800 4051 4112 4127 operatur
4171 4044 4249 4109 in
4315 4038 4597 4119 omnibu)

2677 4135 2901 4191 tamen
2951 4125 3060 4191 1116
3109 4126 3302 4193 debet
3342 4127 3669 4195 subticere
3710 4149 3909 4213 seque
3951 4129 4327 4211 humiliare,
4368 4150 4487 4195 non
4520 4127 4597 4190 111-

2676 4212 2997 4296 quirendo
3052 4233 3169 4279 cur
3225 4213 3510 4279 voluerit
3564 4215 3660 4281 sic
3713 4216 3958 4281 nostris
4016 4217 4303 4299 peccatis
4366 4215 4599 4300 glorin-

2676 4297 3258 4364 80810·1110811816.
3344 4298 3634 4365 Videtur
3674 4299 3841 4365 mihi
3884 4312 4230 4384 praeterea
4271 4300 4597 4387 significum

2679 4383 2994 4461 voluisse,
3053 4383 3183 4450 fide
3227 4383 3584 4451 tenendum
3601 4437 3617 4464 ,
3684 4385 3795 4453 vel
3838 4386 4047 4452 invita
4088 4388 4381 4467 ratione,
4418 4385 4597 4451 Deum

2678 4490 2823 4536 esse
2864 4470 3135 4535 iustum.
3221 4471 3323 4536 Eo
3366 4472 3544 4536 enim
3588 4493 3788 4539 sensu
3852 4473 4100 4557 accipio
4142 4472 4343 4539 illud:
4404 4488 4595 4539 secm-

2679 4555 2838 4622 dum
2897 4555 3230 4621 hominem
3287 4556 3534 4640 loquor.
3626 4555 3823 4639 Quod
3876 4558 4114 4643 colligo
4180 4580 4269 4625 ex
4313 4554 4595 4642 11611οω11·

2679 4641 2803 4707 bus
2869 4643 3275 4725 argumentis
3338 4643 3550 4709 tribus
3617 4644 3699 4709 ab
3765 4642 4051 4711 absurdo
4114 4644 4273 4712 fidei
4326 4640 4593 4711 deducat

2679 4728 3044 4811 quibusque
3078 4728 3393 4812 intellige,
3438 4729 3715 4796 solvisse
3748 4729 4259 4813 praecedentem
4292 4745 4593 4815 argumen-

2679 4814 2998 4879 tationem
3016 4863 3031 4890 ,
3098 4813 3289 4880 cuius
3346 4824 3562 4880 ratam
3716 4817 3729 4830 ⁹
3818 4817 4241 4883 existimabat
4284 4814 4591 4883 6006111110-

2682 4920 2868 4977 0610,
2939 4898 3085 4965 8106
3139 4900 3374 4983 spiritu
3419 4900 3573 4967 fidei
3615 4900 3754 4967 iudi
3880 4925 3929 4968 s.
4020 4902 4209 4969 Haec
4248 4912 4403 4969 sunt
4438 4916 4595 4981 argu·

2682 4994 2923 5051 menta.
3029 4983 3107 5050 Si
3165 5006 3248 5051 ex
3306 4987 3753 5070 superioribus
3821 4989 4193 5055 efficeretur
4262 4990 4421 5055 11866
4472 5002 4591 5049 606-

2684 5071 2922 5148 610810,
2982 5071 3271 5137 mundus
3327 5082 3499 5139 esset
3554 5074 3943 5141 iudicandus
3998 5076 4277 5142 iniuste:
4342 5072 4445 5139 sed
4498 5068 4591 5133 ΙΙ»

2685 5168 2787 5223 681
2831 5158 3121 5223 maxime
3159 5157 3311 5225 fidei
3358 5159 3739 5239 absurdum,
3784 5181 3942 5245 ergo
3985 5171 4055 5224 et
4094 5158 4444 5226 adversarii
4471 5173 4589 5221 enn-

2687 5242 2910 5309 clusio.
2999 5242 3382 5311 Secundum
3438 5254 3931 5331 argumentum:
4017 5244 4097 5313 Si
4170 5267 4321 5314 mea
4376 5254 4589 5329 pecu

4108 5882 4754 6048 Α
