4900 6125
333 411 445 476 ³⁷7

309 617 567 680 quoque
610 616 840 663 sumus
929 598 1283 679 ersequuti,
1343 597 1557 682 magis
1603 607 1800 680 atque
1844 597 2057 682 magis
2100 599 2264 662 iram

327 682 503 749 nobis
543 683 704 765 ipsis
746 683 812 746 in
861 618 968 748 <iio
1009 683 1148 748 irae
1192 681 1591 768 colligentes.

486 767 698 833 Besae
741 768 950 834 nostri
995 766 1228 833 duram
1272 769 1682 853 provinciam
1728 777 1796 832 et
1838 777 1940 833 ter
1960 769 2267 834 miseram

326 861 558 920 sortem
583 852 1006 920 vehementer
1028 854 1223 920 etiam
1249 862 1446 938 atque
1467 854 1667 920 etiam
1703 851 2018 932 dolemus,
2064 875 2268 938 quum

326 939 542 1023 optimi
598 950 665 1003 et
722 937 1082 1006 doctissimi
1143 940 1269 1005 viri
1334 960 1465 1005 non
1511 938 1953 1006 aestimandos
1998 938 2270 1018 labores,

324 1023 602 1101 sudores,
671 1024 955 1110 vigilias,
1001 1024 1236 1103 taedia,
1283 1025 1812 1110 perturbationes
1849 1035 1918 1090 et
1961 1043 2268 1109 praesen-

323 1111 570 1176 tissima
608 1110 900 1195 pericula
941 1110 1136 1194 paulo
1182 1109 1567 1195 diligentius
1608 1111 1945 1177 nobiscum
2006 1120 2269 1194 reputa·

322 1217 488 1262 mus:
535 1217 766 1262 verum
812 1194 920 1263 ubi
968 1196 1052 1264 ad
1093 1195 1282 1262 illum
1326 1198 1434 1263 cui
1476 1197 1590 1263 uni
1615 1196 1859 1262 militat
1881 1197 2133 1262 animos
2168 1205 2268 1261 at-

322 1281 621 1361 tollimus,
688 1289 830 1347 tum
889 1303 1047 1348 vero
1101 1292 1332 1366 terque
1398 1292 1757 1367 quaterque
1802 1281 2052 1347 felicem
2098 1281 2269 1346 iudi-

322 1387 554 1446 camus,
623 1367 796 1451 quod
853 1389 1003 1459 cum
1064 1376 1292 1434 sancto
1336 1368 1629 1452 apostolo
1672 1368 1950 1434 electum
1998 1368 2268 1432 Domini

322 1472 634 1538 organum
694 1451 1059 1520 destinatus
1102 1453 1356 1521 Christi
1415 1474 1654 1520 nomen
1700 1474 1916 1519 coram
1964 1453 2272 1539 gentibus

321 1549 383 1602 et
423 1539 690 1622 regibus
732 1549 969 1623 portat,
1014 1540 1123 1607 cui
1169 1541 1364 1605 etiam
1410 1549 1563 1623 post
1597 1539 2002 1605 decertatum
2023 1540 2268 1605 bonum

319 1632 647 1690 certamen
691 1634 760 1689 et
803 1633 1327 1693 consummatum
1376 1646 1647 1692 cursum
1690 1635 2021 1691 servatam
2068 1646 2150 1690 ue
2194 1625 2273 1690 fl-

321 1710 460 1775 dem
502 1710 797 1776 iustitiae
834 1732 1077 1777 corona
1132 1712 1213 1778 ab
1280 1732 1356 1776 eo
1401 1712 1512 1795 qui
1556 1712 1770 1777 iustus
1814 1721 1915 1777 est
1957 1712 2026 1777 iu
2073 1730 2157 1777 ex
2201 1711 2271 1775 in

319 1795 424 1861 illo
463 1794 573 1862 die
617 1794 795 1862 haud
839 1795 1036 1862 dubie
1059 1795 1384 1862 reddetur.
1455 1797 1661 1863 Faxit
1694 1805 1916 1863 autem
1942 1795 2271 1876 Christus,

319 1891 386 1945 ut
427 1891 490 1947 et
531 1882 659 1966 ipsi
685 1880 926 1948 Bezam
963 1891 1256 1948 nostrum
1304 1884 1628 2033 sugeratis
1671 1881 2026 1966 aliquando
2059 1883 2273 1947 omni-

317 1967 431 2032 bus
471 1967 623 2032 istis
665 1967 1163 2035 difficultatibus
1207 1980 1275 2033 et
1314 1969 1379 2034 fe
1411 1969 1593 2035 'citer
1637 1968 1950 2035 confectis
1994 1970 2064 2033 in
2111 1966 2274 2034 Gal-

318 2052 402 2118 lia
441 2054 729 2138 negotiis
775 2054 1080 2120 reducem
1136 2053 1363 2122 videre
1404 2062 1471 2120 et
1516 2054 1775 2120 salvum
1821 2053 2010 2120 nobis
2053 2053 2276 2119 reddi-

318 2152 449 2203 tum
513 2139 840 2223 gratulari
895 2141 1238 2223 possimus.
1327 2141 1448 2218 Tu,
1495 2140 1588 2206 mi
1629 2137 2085 2207 colendissime
2132 2137 2276 2205 Gaz-

315 2226 468 2303 νίκα,
507 2224 624 2292 ubi
660 2225 744 2291 ad
779 2246 931 2290 eum
969 2223 1219 2304 scribis,
1253 2247 1403 2291 mea
1438 2226 1635 2292 etiam
1674 2227 1817 2292 vice
1853 2246 2049 2309 quam
2086 2235 2274 2308 potes

317 2319 612 2376 amanter
655 2309 944 2377 officiose
987 2322 1491 2395 reverenterque
1536 2313 1751 2395 ipsum
1795 2310 2026 2389 saluta,
2083 2311 2273 2377 cuius

316 2416 654 2480 nunquam
699 2418 832 2461 non
877 2397 1283 2462 mentionem
1327 2397 1397 2461 in
1488 2397 1747 2465 recibus
1790 2397 2035 2462 nostris
2096 2394 2272 2481 apud

316 2481 673 2547 Dominum
720 2482 909 2550 facim
918 2503 1015 2560 us,
1061 2493 1137 2547 ut
1176 2503 1392 2548 sermo
1476 2483 1669 2548 hristi
1693 2491 1916 2549 currat
1961 2492 2028 2548 et
2071 2482 2271 2567 glori-

315 2568 558 2647 ficetur,
603 2566 902 2651 quodque
948 2569 1155 2651 ipsius
1197 2568 1565 2634 ministerio
1602 2568 1943 2652 plantatur
1984 2575 2052 2633 et
2096 2568 2271 2652 riga-

316 2662 422 2718 tur
461 2653 745 2719 coeleste
788 2675 864 2720 ac
908 2654 1424 2736 copiosissimum
1449 2654 1727 2738 accipiat
1768 2656 2271 2736 incrementum,

317 2747 509 2822 utque
557 2739 876 2890 erigigtur
921 2738 1003 2804 ab
1047 2738 1348 2806 absurdis
1391 2749 1457 2804 et
1499 2740 1831 2825 perversis
1874 2739 2268 2819 hominibus,

317 2833 384 2889 ut
423 2823 602 2907 quod
748 2826 813 2904 't,
870 2826 939 2889 in
996 2832 1186 2890 tanta
1228 2823 1519 2891 fidelium
1564 2835 1633 2891 et
1675 2824 2099 2909 prudentium
2144 2824 2268 2889 mi-

315 2911 674 2976 nistrorum
716 2910 970 2978 Christi
1026 2911 1323 2996 penuria,
1387 2932 1582 2994 quam
1642 2910 2008 2978 diutissime
2052 2910 2267 2977 faciat.

315 2995 493 3064 Bene
537 2996 709 3075 vale,
766 2997 973 3065 amice
1017 2999 1110 3063 mi
1153 2995 1745 3064 observandissime
1786 2997 1856 3063 in
1900 2995 2182 3061 Domino
2204 3004 2271 3061 et

314 3083 647 3149 entissime
687 3084 910 3149 frater.
977 3083 1287 3149 Ohristus
1329 3082 1518 3149 Iesus
1559 3093 1624 3150 te
1670 3084 1858 3150 nobis
1899 3105 1939 3148 a
1980 3082 2271 3148 febribus

314 3168 452 3234 istis
519 3169 781 3235 medica
835 3191 956 3235 sua
1012 3182 1079 3235 et
1136 3169 1510 3235 felicissima
1564 3190 1768 3235 manu
1830 3183 2135 3235 curatum
2195 3188 2270 3233 ac

315 3254 503 3335 plane
549 3275 786 3321 sanum
831 3268 898 3320 et
963 3255 1359 3320 incolumem
1405 3256 1713 3320 restituat
1756 3275 1832 3320 ac
1873 3254 2271 3338 praesentis-

315 3340 472 3406 simo
515 3361 642 3408 suo
686 3340 960 3406 numine
1004 3361 1265 3423 semper
1321 3341 1441 3408 tibi
1484 3343 1555 3406 in
1598 3361 1719 3405 sua
1763 3341 1960 3406 vinea
2004 3348 2271 3405 strenue

313 3424 637 3492 laboranti
701 3427 876 3492 adsit
937 3436 1406 3509 aeternumque
1471 3437 1537 3491 te
1601 3436 1836 3493 servet.
1949 3424 2273 3491 Salveant

314 3521 633 3595 quotquot
673 3512 822 3579 istic
865 3521 1022 3577 sunt
1066 3514 1271 3578 nostri
1315 3513 1386 3577 in
1408 3510 1694 3578 Domino
1729 3521 2044 3590 amantes,
2089 3532 2271 3596 sym·

315 3609 568 3696 mystae
634 3598 937 3681 inprimis
1002 3617 1153 3664 cum
1197 3598 1346 3664 Cos.
1394 3598 1633 3664 Rosoeo.
1714 3596 2121 3663 Commendo
2164 3615 2272 3661 me

355 3682 434 3748 iis
475 3704 554 3751 ac
609 3682 912 3749 fidelibus
957 3683 1196 3749 vostris
1255 3683 1429 3767 apud
1473 3682 1832 3749 Dominum
1877 3682 2273 3766 patrociniis.

347 3775 563 3835 terum
609 3767 773 3835 vale.
860 3767 1193 3848 Vituduri,
1237 3774 1296 3834 4.
1344 3769 1614 3853 Aprilis,
1662 3790 1792 3851 quo
1836 3767 1942 3833 die
1984 3770 2058 3833 in
2100 3767 2273 3834 hanc

315 3854 542 3919 mundi
590 3854 801 3920 lucem
861 3876 1037 3921 anno
1101 3857 1262 3920 1492
1329 3853 1546 3920 editus
1602 3877 1770 3931 sum,
1827 3855 1962 3919 iam
2007 3861 2271 3938 septua-

315 3939 498 4022 ginta
559 3960 768 4006 annos
827 3952 1053 4006 natus:
1119 3940 1294 4025 quod
1354 3940 1682 4025 reliquum
1739 3952 1841 4004 est
1883 3940 2059 4005 vitae
2101 3939 2272 4003 mihi

315 4024 416 4092 hic
458 4024 1004 4093 transmittendae
1047 4046 1208 4091 vere
1251 4026 1471 4092 vitalis
1513 4026 1689 4093 vitae
1724 4033 1919 4092 autor
1959 4024 2271 4091 Christus

316 4110 406 4177 sic
449 4111 832 4178 moderetur
871 4120 943 4177 et
986 4111 1232 4195 dirigat
1273 4121 1350 4177 ut
1394 4112 1477 4177 ad
1523 4113 1696 4178 hanc
1741 4133 1846 4177 me
1896 4109 2272 4193 propediem

318 4198 638 4280 propitius
681 4199 973 4280 recipiat.
1067 4201 1260 4263 Anno
1313 4203 1492 4261 1562.

1087 4525 1496 4535 -———·—

1197 4795 1397 4865 8765.

499 4968 921 5035 SENA'PUS
967 4965 1486 5034 LUOOENSIS
1530 4964 2090 5034 GENEVENSI.

489 5139 1294 5223 Affirmantsesuoiure
1346 5160 1493 5205 usos
1542 5158 1738 5220 quum
1792 5138 2054 5205 edictum
2111 5137 2274 5203 illaad

323 5232 534 5291 contra
552 5226 802 5293 rebelles
831 5225 1372 5309 provatayavmnt
1411 5245 1607 5307 neque
1650 5225 1774 5290 alii
1814 5224 2096 5305 cuipiam
2134 5244 2272 5288 covo-

322 5330 598 5380 msms
637 5319 708 5377 ut
747 5313 889 5377 suis
929 5312 1114 5377 rebus
1154 5330 1222 5375 se
1264 5312 1667 5376 misceant.

2061 407 2232 475 1562
2269 407 2581 476 APRIL.

4201 415 4329 479 378

2449 593 2747 663 (Archives
2782 593 2851 648 de
2887 593 3121 649 Geneve.
3192 595 3385 650 Pisces
3418 595 3768 665 historiques.
3841 596 4025 652 Liasse
4066 597 4244 663 1722.)

2370 765 2718 833 Nobilibus
2772 787 2848 832 ac
2897 766 3267 852 magnificis
3308 763 3620 832 Dominis
3662 766 3971 832 Dominis
4015 767 4327 854 Syndicis

2589 871 2664 916 ac
2708 851 2987 918 Senatui
3033 851 3416 919 Genevensi
3460 852 3648 918 nobis
3691 852 4110 919 honorandis.

2545 1022 2884 1108 Magnifici
2958 1021 3245 1089 Domini.
3357 1023 3624 1090 Literae
3704 1033 3954 1090 vestrae
3988 1028 4039 1107 ¹)
4117 1025 4327 1109 pridie

2371 1108 2712 1176 Kalendas
2771 1108 3003 1174 Martii
3058 1110 3340 1194 scriptae
3397 1110 3585 1176 nobis
3629 1108 3862 1176 allatae
3908 1111 4195 1190 fuerunt,
4258 1114 4328 1178 in

2373 1193 2609 1280 quibus
2651 1194 3069 1277 expostulare
3112 1194 3447 1261 nobiscum
3494 1194 3810 1261 videmini
3866 1194 3947 1261 de
4002 1196 4211 1263 edicto
4256 1199 4327 1263 in

2372 1291 2635 1346 nostros
2679 1278 2956 1346 rebelles
2999 1277 3117 1364 qui
3159 1301 3298 1347 sese
3339 1281 3412 1346 in
3457 1289 3749 1347 vestram
3796 1282 4022 1348 urbem
4068 1303 4328 1368 recepe-

2371 1374 2532 1433 runt
2576 1364 2769 1432 edito.
2856 1363 3010 1447 Qua
3052 1387 3136 1431 ex
3180 1386 3253 1431 re
3297 1367 3588 1433 maxima
3644 1388 3873 1432 sumus
3916 1369 4132 1435 affecti
4189 1390 4327 1436 mo·

2371 1450 2585 1530 lestis,
2631 1472 2834 1534 quum
2879 1452 3066 1518 nobis
3110 1451 3319 1518 simus
3361 1453 3606 1519 conscii
3649 1474 3987 1536 nunquam
4034 1456 4328 1538 proposi-

2372 1547 2519 1603 tum
2557 1537 2741 1603 nobis
2783 1537 2983 1603 fuisse
3027 1544 3103 1602 ut
3138 1537 3245 1604 vel
3279 1561 3362 1604 ex
3399 1558 3475 1603 eo
3499 1536 3757 1604 decreto
3780 1538 3889 1604 vel
3929 1539 4058 1605 alio
4100 1549 4328 1607 nostro

2371 1623 2547 1689 facto
2591 1621 2979 1707 dignitatem
3025 1643 3100 1688 ac
3142 1623 3661 1691 iurisdictionem
3706 1633 3991 1690 vestram
4037 1624 4328 1693 laedere-

2372 1729 2544 1786 mus,
2603 1716 2722 1774 aut
2765 1709 3077 1793 principis
3121 1709 3503 1793 cuiuspiam,
3562 1709 3677 1775 sed
3722 1721 3798 1774 ut
3839 1712 4328 1778 consuleremus

2373 1795 2860 1860 conservationi
2919 1795 3207 1861 civitatis
3262 1816 3337 1861 ac
3390 1795 3712 1862 libertatis
3770 1804 4033 1862 nostrae
4050 1849 4067 1876 ,
4133 1809 4329 1882 atque

2373 1881 2912 1965 prospiceremus,
2970 1889 3036 1944 et
3089 1881 3171 1948 iis
3216 1901 3702 1948 occurreremus
3745 1890 3941 1965 atquc
3985 1884 4329 1950 obsistere·

2374 1986 2527 2031 mus
2569 1965 2803 2050 quibus
2843 1986 2921 2031 ea
2966 1965 3220 2032 turbari
3263 1975 3332 2032 et
3373 1965 3756 2034 labefactari
3794 1979 4028 2051 posset.
4099 1969 4330 2053 Neque

2377 2072 2533 2116 vero
2577 2051 2766 2118 nobis
2809 2050 3127 2117 videmini
3183 2052 3385 2117 ullam
3446 2052 3754 2119 habuisse
3796 2075 4061 2120 causam
4107 2053 4329 2120 nobis·

2374 2159 2522 2202 cum
2581 2135 3073 2221 expostulandi,
3131 2157 3334 2221 quum
3392 2136 3459 2202 id
3505 2159 3545 2203 a
3589 2137 3774 2205 nobis
3830 2141 4073 2206 factum
4133 2141 4332 2206 fuerit

2418 2222 2546 2288 uod
2604 2223 2748 2289 iure
2807 2243 2926 2289 suo
2982 2223 3326 2306 Principes
3383 2245 3609 2290 omnes
3667 2244 3742 2289 ac
3798 2223 4016 2309 Reges
4074 2247 4332 2311 semper

2402 2308 2653 2375 ecerint
2695 2318 2763 2373 et
2795 2308 3088 2392 quotidie
3130 2310 3375 2375 faciant
3418 2310 3489 2374 in
3524 2330 3677 2376 suos
3712 2311 3888 2376 cives
3923 2320 3991 2376 et
4031 2310 4331 2378 subditos

2373 2393 2611 2478 ubique
2658 2395 2967 2461 locorum.
3062 2393 3267 2461 Vobis
3311 2405 3527 2461 autem
3590 2395 3750 2461 illud
3809 2397 3899 2461 sit
3986 2418 4330 2463 ersuasum

2374 2501 2495 2545 nos
2537 2481 2761 2564 pravis
2806 2501 2881 2545 ac
2926 2502 3055 2545 non
3104 2480 3391 2546 ferendis
3446 2482 3739 2565 ipsorum
3783 2483 3938 2548 rebe
3996 2482 4127 2548 ‘um
4177 2485 4329 2549 acti-

2373 2567 2499 2632 bus
2559 2565 2787 2631 habita
2841 2567 3097 2631 ratione
3154 2566 3650 2650 tranquillitatis
3694 2577 3761 2634 et
3817 2569 4333 2636 conservationis

2373 2650 2769 2734 reipublicae
2826 2660 3096 2718 nostrae
3162 2652 3227 2716 id
3294 2653 3539 2720 fecisse.
3647 2651 3870 2735 Quare
3937 2676 4136 2737 quum
4206 2655 4331 2721 hoc

2372 2744 2670 2803 nostrum
2717 2739 2961 2803 factum
3004 2746 3139 2802 tam
3184 2758 3464 2821 aequum
3512 2739 3615 2817 sit,
3674 2758 3794 2804 nec
3848 2737 3913 2803 id
3958 2739 4248 2805 alienum
4293 2761 4333 2805 a

2374 2820 2698 2907 dignitate
2743 2833 2985 2902 nostra,
3041 2844 3174 2889 non
3237 2823 3609 2890 dubitamus
3666 2825 3824 2908 quin
3885 2847 4003 2891 vos
4060 2827 4330 2911 (quippe

2373 2910 2486 2991 qui
2522 2907 2844 2973 iustitiam
2877 2909 3308 2992 profitemini)
3344 2911 3415 2975 in
3450 2908 3687 2975 bonam
3724 2919 3981 2994 partem
4015 2911 4141 2977 hoc
4176 2931 4335 2977 nos-

2374 3002 2549 3058 trum
2598 2993 2932 3059 decretum
2990 2995 3324 3079 accipiatis
3377 3005 3441 3060 et
3486 3017 3562 3063 eo
3606 2996 4048 3080 acquiescatis,
4106 2996 4331 3063 habito

2372 3081 2761 3163 praesertim
2816 3081 3052 3146 harum
3107 3080 3447 3147 literarum
3504 3082 3881 3148 testimonio
3924 3081 4097 3166 quod
4152 3083 4330 3166 apud

2373 3186 2498 3231 vos
2556 3186 2701 3231 eam
2763 3166 2959 3232 fidem
3019 3167 3399 3232 habiturum
3444 3166 3832 3234 confidimus
3890 3189 4083 3252 quam
4129 3169 4329 3235 Prin-

2374 3251 2554 3335 cipes
2589 3250 2775 3318 decet
2818 3258 2885 3317 et
2926 3253 3331 3338 respublicas
3373 3255 3547 3318 inter
3580 3274 3669 3333 se,
3715 3262 3784 3319 et
3817 3274 4009 3338 quam
4048 3276 4168 3321 nos
4202 3256 4330 3339 ipsi

2374 3338 2751 3402 testimonio
2811 3347 3030 3404 vestro
3089 3337 3567 3418 adhiberemus,
3635 3348 3828 3424 atque
3886 3340 3968 3405 iis
4026 3341 4330 3407 omnibus

2375 3423 2931 3506 acquiesceremus
2996 3423 3065 3488 in
3132 3425 3369 3506 quibus
3448 3426 3857 3491 conservatio
3924 3437 3991 3490 et
4063 3425 4330 3492 libertas

2373 3508 2768 3592 reipublicae
2806 3520 3061 3576 vestrae
3095 3512 3498 3577 consisteret.
3555 3511 3744 3576 Deus
3778 3520 3907 3593 opt.
3934 3532 4106 3576 max.
4129 3533 4330 3596 quam

2374 3592 2741 3660 diutissime
2785 3616 2903 3661 vos
2946 3608 3306 3663 conservet.
3389 3594 3637 3661 Datum
3685 3598 3753 3661 in
3798 3610 4024 3663 nostro
4067 3597 4328 3663 Palatio

2371 3679 2584 3763 pridie
2626 3679 2854 3747 Nonas
2902 3681 3147 3765 Aprilis
3191 3681 3351 3748 MD.
3389 3682 3525 3766 lxij.

3057 3817 3331 3883 Antiani
3376 3830 3446 3883 et
3487 3819 3815 3884 vexillifer
3856 3818 4158 3885 Iustitiae

3035 3902 3259 3987 populi
3309 3906 3799 3971 communit-atis
3841 3906 4184 3971 Lucensis.

2375 4071 2557 4127 8⁷65.
2581 4074 2640 4137 1)
2677 4072 2757 4129 N.
2791 4071 2949 4127 3725.
2987 4101 3057 4112 —
3095 4073 3318 4128 Rucbat
3354 4073 3441 4126 Vl.
3475 4074 3609 4129 463.-
3657 4076 3729 4130 Je
3763 4076 3867 4130 n'ai
3913 4093 4012 4146 pas
4047 4078 4240 4131 trouve
4278 4079 4330 4130 la

2375 4142 2520 4195 suite
2555 4142 2624 4195 de
2659 4146 2805 4195 cette
2840 4142 3042 4196 affaire.
3114 4143 3255 4197 Mais
3289 4142 3330 4194 il
3356 4159 3391 4212 γ
3416 4160 3449 4195 a
3483 4144 3593 4198 lieu
3627 4145 3693 4199 de
3730 4146 3906 4199 croire
3936 4162 4042 4214 que
4077 4146 4130 4198 la
4162 4146 4329 4199 lettre

2376 4209 2451 4263 du
2486 4212 2569 4263 roi
2605 4211 2674 4263 de
2707 4210 2920 4265 Franco
2956 4220 3014 4264 et
3048 4212 3185 4266 celle
3218 4210 3286 4264 de
3315 4211 3493 4265 Berne
3527 4214 3899 4282 produisirent
3933 4215 4052 4268 leur
4088 4212 4232 4269 effot.
4262 4244 4326 4253 —

2376 4278 2980 4348 flaccens-aepistola,
3022 4281 3166 4335 aiant
3209 4287 3258 4335 et
3306 4280 3405 4334 ala
3449 4297 3618 4351 quan
3662 4282 4330 4347 eaeht‘bebimuon’nfraad

2376 4345 2463 4400 25.
2504 4345 2631 4402 Iun.
2667 4348 2959 4404 ostendunt
3000 4347 3181 4403 viram
3215 4346 3432 4404 doctum
3472 4352 3535 4402 in
3580 4351 3680 4405 hoc
3712 4366 3945 4407 errasse.
3984 4380 4049 4390 —
4090 4350 4329 4420 Eynard

2375 4416 2659 4537 mes
2693 4425 2742 4471 et
2775 4417 2853 4471 leo
2886 4415 3280 4473 Barzan-noctu·
3307 4432 3365 4485 p·
3401 4416 3547 4486 200),
3582 4419 3725 4474 nihil
3755 4421 3920 4488 affert
3950 4426 4169 4488 praeter
4202 4419 4332 4474 hoc.-
4393 4432 4399 4439 ·

2558 4501 2727 4555 ponse
2762 4488 2836 4539 dn
2871 4486 3028 4539 senat
3060 4486 3325 4555 lucquois,
3358 4487 3539 4555 pleine
3572 4487 3641 4541 de
3677 4488 3903 4558 phrases
3938 4488 4237 4542 courtoises
4272 4496 4331 4542 et

2378 4568 2621 4619 sonores,
2656 4554 2831 4608 trahit
2862 4554 3179 4609 l‘embarras
3213 4554 3372 4609 d'une
3418 4556 3674 4610 conduite
3719 4574 3846 4612 sans
3877 4558 4185 4611 conviction
4223 4573 4330 4626 que

2377 4636 2447 4674 ne
2482 4621 2725 4683 legitime
2760 4640 2859 4692 pas
2894 4624 3068 4676 meme
3115 4624 3169 4676 la
3209 4623 3429 4692 pusion
3464 4624 3538 4677 du
3573 4632 3833 4680 moment.
3907 4624 4001 4678 Ex
4036 4626 4235 4695 quibus
4269 4633 4329 4678 ns

2372 4690 3757 4757 romeonoewisoonadssernenmmfbonm
3799 4694 4328 4750 dieucum

2376 4762 2647 4896 ωᾶιέιὲῗ.
2739 4760 2900 4814 Masi
2942 4758 3006 4827 (1
3039 4758 3432 4817 Barzan-ax&
3477 4780 3531 4831 ρ,
3568 4761 3636 4815 91
3673 4763 3779 4833 sq.)
3812 4763 3879 4817 de
3923 4766 4075 4817 exitu
4131 4777 4330 4817 caueae

2378 4843 2416 4880 n
2629 4835 2726 4883 ert.
