4900 6125
321 420 424 482 285

317 612 514 691 portae
559 602 827 680 vicinas,
887 600 1019 667 iam
1063 600 1296 684 scripsi
1321 603 1374 680 ⁸)
1436 618 1675 666 vanam
1733 598 1935 666 fuisse
1987 586 2237 666 iactan-

315 691 483 757 tiam:
525 708 715 755 nemo
757 686 934 753 enim
978 685 1112 752 illic
1147 685 1337 753 nobis
1372 696 1736 770 suspectus.

463 774 640 840 Meas
692 792 896 857 quum
948 771 1285 839 Posidonio
1326 768 1578 851 reddes,
1601 774 1657 848 ⁶)
1702 769 1854 837 vide
1897 779 1975 837 ιιι
2024 770 2239 838 fidelis

315 863 392 928 sis
430 879 649 926 causae
705 879 905 943 quam
961 856 1345 925 commendo
1402 864 1739 942 patronus.
1839 857 2030 943 Rogo
2088 877 2240 923 eum

313 956 382 1013 ut
417 967 528 1012 sua
565 945 778 1030 gratia
810 952 879 1010 et
920 944 1275 1011 autoritate
1316 965 1436 1011 nos
1472 942 1739 1011 adiuvet
1778 944 1850 1009 in
1886 941 2241 1027 diplomate

310 1029 793 1198 ffffimffi’ss‘
796 1029 1054 1182 ⁰355&
1055 1028 1680 1197 &23231'25232
1710 1029 1906 1182 ⁸333
1923 1028 2243 1182 :31’333

308 1201 479 1269 modo
518 1211 582 1269 et
629 1199 905 1269 stolidus
952 1200 1067 1268 sed
1111 1200 1403 1286 perfidus
1445 1202 1646 1267 etiam
1691 1223 1766 1269 ac
1808 1199 2010 1270 crude
2042 1202 2094 1267 ‘s
2142 1209 2244 1267 est

309 1298 368 1354 et
392 1309 648 1373 prorsus
670 1307 971 1373 nequam,
1017 1286 1184 1354 nihil
1220 1287 1300 1353 ab
1336 1308 1412 1355 eo
1452 1287 1581 1353 nisi
1622 1289 1688 1354 vi
1723 1286 2237 1371 extorquebitur.

307 1373 493 1441 Porro
531 1373 701 1440 nihil
745 1374 1028 1456 petimus
1071 1372 1369 1440 odiosum
1413 1373 1522 1440 vel
1567 1371 1856 1452 difficile,
1908 1373 2022 1439 sed
2067 1370 2241 1458 quod

307 1460 443 1560 inm·
501 1460 735 1560 Massim
773 1457 997 1526 multis
1051 1478 1435 1527 conoessum
1493 1470 1613 1539 est,
1673 1468 1746 1525 ιιι
1801 1458 2241 1524 admittantur

346 1565 424 1697 ξι)
436 1544 662 1699 adini}
708 1567 821 1698 2¹3⁸
848 1566 1112 1699 022⁶qu
1133 1544 2048 1715 ‘32¹tss...¹.2¹¹²}3..1.‚¹³‘13¹2.03.
2084 1564 2240 1695 ἶιῗζῗ

302 1736 441 1783 vere
495 1738 628 1783 non
688 1715 1039 1798 audemus,
1092 1719 1247 1801 quia
1299 1717 1486 1784 nobis
1546 1716 1883 1802 negotium
1936 1726 2037 1783 est
2088 1737 2238 1783 cum

299 1801 543 1869 homine
584 1802 737 1887 plus
771 1822 969 1887 quam
1012 1802 1369 1886 desperato.
1458 1804 1702 1869 'Potum
1743 1802 2008 1887 quidem
2054 1822 2237 1880 onus,

299 1896 365 1953 ut
399 1908 602 1972 spero,
645 1886 1044 1957 Bou-nautium
1085 1889 1413 1972 suscipiet.
1487 1885 1623 1956 Sed
1666 1888 1879 1972 quoad
1922 1889 2039 1954 tibi
2083 1887 2239 1955 lice-

298 1973 397 2051 bit,
439 1975 695 2040 etiamsi
730 1996 862 2041 non
906 1976 1049 2042 sine
1091 1972 1519 2054 incommodo,
1564 1984 1639 2040 ut
1683 1986 1834 2041 tuae
1868 1983 2088 2058 partes
2133 1993 2239 2040 ac-
2286 2000 2292 2027 ι

298 2058 515 2125 mdant
600 2069 802 2127 nanto
846 2080 1113 2144 possum
1158 2058 1374 2127 studio
1432 2060 1736 2127 obtestor.
1836 2059 2239 2144 Quanquam

298 2164 392 2210 me
432 2146 574 2211 cohi
623 2166 718 2226 eo,
778 2167 984 2231 quum
1027 2147 1188 2212 satis
1231 2164 1560 2230 superque
1613 2145 1817 2213 sciam
1862 2146 2019 2230 quid
2063 2145 2239 2211 ultro

295 2230 571 2299 facturus
623 2233 715 2298 sis
768 2252 915 2298 mea
969 2252 1200 2311 causa,
1258 2232 1559 2316 quamvis
1612 2252 1744 2297 non
1803 2239 2096 2316 rogatus:
2162 2239 2239 2296 tu

292 2335 437 2467 1⁷:5³
458 2318 937 2488 ἑῗὲὲωςῖιῖῗὲῗ
951 2339 1094 2471 εὲῗθ
1124 2317 2241 2489 Pfifitffmffiffiffaffiffiffi

291 2488 415 2553 riae
457 2487 661 2555 debeo
708 2500 783 2555 ut
841 2490 983 2556 eius
1027 2489 1265 2556 liberos
1310 2510 1439 2555 non
1483 2510 1673 2556 secus
1717 2508 1794 2555 ac
1837 2510 2017 2555 meos
2060 2509 2238 2556 com·

289 2571 539 2656 plectar.
653 2574 821 2641 Nam
882 2574 949 2640 id
1005 2574 1371 2643 incredibili
1439 2594 1561 2641 suo
1618 2595 1775 2659 erga
1831 2595 1938 2639 me
1995 2595 2236 2653 amore,

290 2658 408 2724 imo
461 2661 712 2744 pietate
770 2682 901 2745 qua
959 2681 1067 2726 me
1109 2661 1309 2729 coluit
1349 2669 1414 2726 et
1472 2682 1603 2745 qua
1646 2682 1753 2726 me
1793 2666 2237 2745 prosequutus

289 2754 377 2809 est
429 2745 511 2811 ad
567 2755 847 2812 mortem
905 2767 1110 2831 usque
1164 2747 1599 2825 observantia,
1657 2747 1935 2813 meritus
1993 2756 2111 2827 est,
2171 2754 2239 2812 et

283 2829 437 2895 mihi
479 2832 668 2900 nefas
722 2844 895 2899 esset
949 2853 1149 2916 quam
1206 2833 1287 2899 de
1341 2854 1447 2899 me
1502 2833 1809 2898 fiduciam
1851 2841 2238 2916 conceperat

285 2915 601 2983 &astrui-i.
699 2918 795 2983 Et
838 2938 1097 3002 semper
1153 2919 1221 2983 in
1268 2920 1487 2984 animo
1539 2939 1686 2985 meo
1739 2919 1985 2984 infixae
2038 2930 2234 2984 erunt

283 3010 610 3070 extremae
664 3004 807 3071 eius
864 3025 1076 3085 voces,
1144 3025 1343 3089 quum
1399 3003 1563 3070 mihi
1622 3024 1843 3072 coram
1901 3024 2107 3070 uxore
2167 3014 2235 3070 et

283 3084 493 3156 liberis
550 3089 830 3156 diceret:
901 3091 1095 3158 Notre
1138 3112 1326 3173 pere,
1381 3111 1542 3158 nous
1596 3091 1763 3157 voici
1816 3111 1927 3156 vos
1989 3092 2232 3172 enfans.

285 3172 1941 3260 MaiaquantamoffipuisqueDieumeretire,
1986 3179 2236 3242 ievous

270 3263 424 3338 prio,
468 3263 644 3329 selon
685 3282 751 3329 oe
793 3283 912 3345 que
953 3265 1014 3328 ie
1054 3283 1210 3329 voa-s*
1253 3285 1338 3361 ay
1380 3263 1503 3328 est&
1531 3262 1639 3344 fils
1672 3263 2001 3342 abcissant,
2036 3263 2114 3327 de
2155 3283 2234 3327 ne

267 3347 443 3425 point
483 3351 956 3432 meseoynoiswe
996 3368 1154 3415 ceux
1197 3369 1306 3429 qut
1348 3369 1502 3414 vous
1544 3349 1910 3413 demearent.
2006 3346 2138 3415 Gar
2176 3350 2235 3412 ie

282 3430 364 3497 les
426 3434 737 3500 desavoue
799 3435 939 3501 s'ils
1002 3455 1078 3500 ne
1133 3454 1287 3500 vous
1331 3439 1582 3516 portent
1633 3435 1791 3515 plus
1846 3433 2123 3500 dhoneur
2179 3439 2237 3499 et

278 3515 626 3587 ὠοίεωοιοε
664 3540 791 3602 qua
833 3541 992 3605 moy.
1101 3518 1231 3586 Car
1280 3525 1410 3585 tout
1465 3540 1528 3585 ce
1576 3520 1751 3602 quils
1791 3539 1888 3586 me
1928 3521 2235 3603 devoyem,

277 3603 934 3689 {elevantes-ssime,
992 3606 1653 3688 etaussideoeque
1709 3606 2235 3689 ievousdevoye

277 3687 324 3751 a
363 3689 538 3771 fault
581 3691 753 3772 quil-s
793 3713 902 3758 sen
959 3693 1256 3773 aquaem.
1370 3691 1516 3757 Hoc
1574 3692 1850 3757 recitare
1902 3691 2082 3756 volui
2141 3700 2233 3769 ut,

275 3774 326 3837 si
357 3774 512 3859 quid
541 3776 792 3842 videris
830 3797 1123 3843 remorae
1167 3777 1355 3843 nobis
1396 3778 1617 3843 afferri
1653 3778 1734 3843 ob
1770 3776 2050 3842 aliorum
2088 3798 2234 3861 seg·

275 3860 522 3940 nitiem,
573 3884 707 3928 non
768 3863 1027 3930 desinas
1084 3884 1195 3929 eos
1256 3862 1598 3929 stimulare
1658 3885 1864 3947 usque
1910 3859 2068 3929 dum
2131 3884 2235 3928 res

273 3945 463 4012 fuerit
507 3948 821 4016 confecta.
2241 3963 2244 3968 “

439 4034 616 4100 Vale
670 4036 909 4101 iterum
962 4043 1157 4119 atque
1212 4035 1471 4112 iterum,
1530 4034 1953 4119 integerrime
2012 4035 2233 4100 frater.

271 4121 377 4184 An
416 4118 643 4187 adhuc
679 4120 949 4187 haereat
983 4122 1066 4187 D.
1098 4120 1558 4198 Namnatius,
1576 4121 1638 4204 8)
1677 4120 1862 4187 brevi
1901 4127 1973 4186 ιιι
2007 4121 2239 4203 opinor

273 4207 572 4273 sciemus.
696 4207 936 4272 Putavi
1005 4206 1087 4273 ad
1154 4206 1635 4290 expediendum
1703 4207 1842 4272 eius
1898 4227 1981 4271 ne
2030 4207 2236 4271 otium

273 4289 758 4370 disiunctivam‚
798 4292 877 4359 de
906 4315 1035 4378 qua
1078 4291 1467 4376 scripseram
1511 4291 1832 4359 sufficere.
1893 4290 1986 4358 Se
2053 4290 2238 4358 vide-
2285 4351 2291 4366 ,

271 4375 485 4443 bimus
534 4378 695 4462 quid
740 4381 1077 4464 proximae
1122 4378 1354 4445 literae
1390 4378 1687 4444 afferant.
1734 4376 1812 4444 Si
1853 4377 2239 4444 insolubiles

271 4479 424 4528 sunt
478 4465 718 4548 laquei,
768 4466 988 4549 potius
1032 4485 1142 4530 eos
1200 4463 1467 4530 tandem
1527 4464 1876 4565 abrumpat
1917 4485 2134 4565 quam·
2162 4485 2238 4529 eo

271 4570 532 4700 3&
551 4571 933 4704 323233·
952 4550 1274 4716 ωθῖῗὲίῗθ
1293 4551 2238 4721 ςῖῗέἵῃθῗθζῗέὲιξὲἒωωέἶὲἶ

477 4934 544 5134 ᾗ
573 4997 902 5069 deperditas.

579 5068 743 5123 Guill.
791 5068 861 5123 de
895 5067 1023 5122 Trie
1069 5074 1271 5121 nourut
1315 5065 1348 5120 ὁ
1399 5064 1468 5122 37
1515 5083 1612 5120 ans
1665 5066 1715 5120 le
1760 5063 1844 5120 27.
1893 5066 2037 5122 Δοιὶι
2088 5065 2240 5122 1561.

268 5136 376 5192 Son
430 5137 582 5192 l'r'ere
627 5137 888 5192 Ostherin
941 5138 1010 5191 de
1054 5136 1183 5191 Trie
1236 5137 1374 5192 suit
1425 5135 1710 5190 conseiller
1761 5136 1830 5189 de
1884 5135 2056 5205 Lyon.
2155 5136 2240 5192 Un

269 5213 426 5260 autre
463 5205 613 5261 fr'ere
649 5207 836 5262 Pierre
871 5212 1092 5261 mourut
1125 5205 1158 5259 ὲ
1193 5203 1428 5261 Geneve.
1521 5203 1773 5272 (Galiffe,
1822 5204 1953 5260 Not.
1987 5204 2106 5274 ye'n.
2143 5205 2236 5260 1v.

268 5273 413 5342 ω’)
479 5343 546 5412 s)
583 5344 653 5400 N.
689 5342 842 5399 mos.
878 5341 1034 5397 3709.

1953 410 2115 475 1562
2162 405 2628 475 FEBRUAR.

2280 3409 2288 3532 ’,αι-.-

2286 4645 2294 4768 ρ.-

4172 406 4298 470 286

2339 594 2646 662 dictionis
2691 614 2931 680 genere
2973 593 3342 679 locupletet,
3381 592 3702 659 sustineat
3740 591 3939 657 etiam
3977 613 4180 676 usque
4215 590 4300 658 ad

2339 694 2713 748 extremum
2758 680 3007 747 invicta
3049 701 3170 747 sua
3210 681 3479 746 virtute.
3582 678 3888 763 Collegae
3937 698 4050 745 vos
4090 678 4298 762 pluri-

2339 789 2524 834 mum
2569 765 2874 833 salutant.
2974 772 3067 831 ll.
3112 764 3458 832 Februarii
3508 767 3689 830 1562.
3715 764 3768 850 ⁸)

3135 901 3411 969 Oai-olus
3455 901 3791 969 Passelius
3835 909 4006 967 tuus.
4042 903 4124 977 ¹⁸)

3124 1199 3179 1208 —.
3200 1200 3245 1205 .-
3340 1197 3533 1206 ,-.---

3227 1416 3413 1486 871⁶.

2751 1572 2882 1638 DE
2928 1568 3356 1637 FRASANS
3402 1572 3457 1635 A
3502 1569 3869 1636 CALVIN.

2518 1744 2997 1829 Gompte-renda
3056 1743 3134 1809 de
3177 1742 3346 1809 l'btat
3398 1742 3472 1807 de
3515 1739 3748 1825 teqzise
3803 1742 3879 1807 de
3924 1741 4121 1822 Dijon
4146 1747 4199 1823 ²)
4242 1747 4299 1807 st

2340 1835 2523 1901 envoi
2565 1832 2642 1897 de
2671 1831 2750 1897 a&
2892 1830 2960 1897 ἑε
2997 1848 3163 1913 poto·
3186 1848 3436 1895 amener
3460 1828 3753 1909 quelques
3786 1828 4108 1893 ministres
4139 1847 4300 1893 sans

2341 1921 2407 1987 za
2440 1917 2735 2002 prb-eme
3099 1913 3210 1980 elle
3249 1916 3449 1981 serait
3487 1914 3903 1997 compromise.

2336 2090 2718 2160 (Autographe
2752 2088 2823 2141 de
2856 2088 2913 2139 la
2945 2084 3326 2153 Bibliotbeque
3360 2084 3429 2137 de
3467 2084 3703 2139 Geu‘eve.
3759 2083 3875 2139 MS.
3919 2084 4035 2151 196,
4082 2085 4173 2139 sol.
4209 2083 4296 2139 35.

3011 2154 3253 2208 Bulletin
3288 2152 3441 2208 XIV.
3476 2151 3624 2221 331.)

2511 2333 2573 2395 Δ
2632 2329 2974 2395 Monsieur
3030 2326 3373 2394 Monsieur
3431 2324 3673 2391 Calvin
3732 2325 4033 2391 ministre
4093 2323 4174 2390 de
4234 2324 4300 2390 la

2339 2416 2564 2501 parole
2609 2415 2691 2480 de
2732 2414 2929 2481 Dieu.

3725 2499 3784 2561 A
3832 2496 4126 2562 Geneve.

2516 2673 2873 2750 Monsieur‚
2918 2672 3211 2737 Enoores
3252 2691 3379 2753 que
3423 2689 3593 2734 nous
3651 2688 3816 2733 vous
3873 2666 4298 2752 cogneissons

2342 2760 2422 2826 de
2470 2758 2625 2824 telle
2666 2758 3009 2825 humanite
3042 2778 3167 2840 que
3204 2759 3429 2821 n’avez
3465 2763 3886 2820 accoustume
3926 2753 4008 2818 de
4045 2754 4298 2820 refuser

2338 2846 2406 2911 la
2447 2846 2629 2911 main
2673 2866 2714 2910 a
2755 2842 3033 2928 quelque
3064 2862 3389 2927 personne
3421 2861 3548 2925 que
3580 2860 3655 2906 ce
3690 2839 3820 2905 soit
3846 2860 4014 2923 pour
4045 2839 4297 2905 l’avan-

2339 2942 2600 2999 cement
2643 2929 2725 2997 de
2768 2929 2972 3015 gleire
3017 2928 3099 2995 de
3120 2926 3317 3009 Dieu,
3363 2925 3699 2993 toutesfois
3736 2926 4137 3010 craingnans
4172 2946 4299 3010 que

2338 3028 2564 3085 nostre
2607 3016 2931 3084 tardivete
2977 3036 3063 3082 ou
3108 3023 3295 3081 autre
3339 3012 3603 3098 opinion
3653 3009 3732 3077 de
3793 3032 3963 3078 nous
4018 3032 4100 3076 ne
4158 3011 4299 3079 face

2285 3115 2288 3138 ¹
2336 3102 2669 3188 preiudice
2712 3111 2755 3169 a
2797 3111 3021 3168 nostre
3054 3104 3234 3186 juste
3279 3109 3599 3184 requeste,
3657 3118 3828 3165 nous
3871 3119 4076 3165 avons
4121 3095 4297 3164 dele-

2432 3200 2471 3256 6
2513 3210 2589 3256 oe
2612 3188 2776 3255 bons
2797 3207 3242 3272 personnages
3277 3206 3552 3271 presens
3586 3193 3890 3268 porteurs
3930 3205 4096 3269 pour
4136 3205 4299 3251 vous

2363 3279 2500 3343 aire
2565 3275 2885 3342 entendre
2951 3274 3031 3339 de
3089 3272 3342 3339 bouche
3406 3270 3627 3337 l’estat
3681 3283 3748 3335 et
3808 3269 4153 3338 conduicte
4214 3269 4298 3335 de

2337 3384 2458 3429 noz
2524 3362 2806 3440 affaires,
2869 3369 2937 3425 et
2999 3379 3167 3425 vous
3232 3360 3410 3443 prier
3473 3356 3624 3442 plus
3687 3366 4150 3422 ouvertement
4214 3354 4297 3422 de

2336 3448 2593 3514 donner
2636 3446 2806 3532 ayde
2864 3453 2931 3511 et
2987 3465 3251 3512 seoours
3309 3466 3349 3510 a
3393 3451 3615 3509 nostre
3659 3443 3999 3508 necessite.
4110 3442 4300 3508 Vous

2336 3554 2494 3599 avez
2537 3554 2665 3616 peu
2708 3530 3024 3598 entendre
3069 3551 3322 3598 comme
3401 3551 3476 3596 ar
3519 3551 3601 3614 cy
3641 3528 3889 3595 devant
3919 3528 3985 3593 la
4027 3527 4298 3594 rudesse

2335 3619 2452 3685 des
2497 3620 2879 3704 magistrata
2919 3640 3005 3684 en
3049 3625 3225 3683 ceste
3268 3551 3425 3682 ville
3483 3637 3524 3680 a
3580 3624 3719 3681 este
3773 3616 3833 3680 si
3876 3613 4128 3698 grande
4171 3634 4298 3697 que

2335 3705 2527 3771 oeulx
2581 3705 2693 3788 qui
2749 3704 3015 3769 avoient
3067 3703 3533 3786 cogneissance
3587 3699 3669 3766 de
3725 3700 3791 3765 la
3846 3699 4055 3766 verite
4114 3699 4299 3765 n’ont

2542 3962 2603 4028 9)
2640 3961 2867 4016 Annum
2901 3958 3192 4015 addubitat
3236 3961 3354 4014 sine
3399 3973 3572 4014 causa
3624 3955 4075 4026 Kamul-ultius
4117 3963 4301 4012 noster

2337 4029 2836 4086 desideratissimus
2872 4031 2931 4083 in
2969 4030 3324 4084 annotatione
3357 4043 3463 4082 sua
3497 4025 3723 4082 semdae
3761 4031 3983 4081 nomae
4014 4027 4299 4093 inscripta.

2517 4099 2605 4161 10)
2638 4115 2811 4153 manu
2843 4098 3097 4166 propria.

2338 4167 2516 4223 8716.
2540 4170 2599 4232 1)
2640 4167 2786 4223 Hm.
2821 4167 2944 4221 eccl.
2984 4168 3028 4221 1.
3066 4164 3195 4220 778:
3235 4164 3395 4234 Dijon
3431 4163 3518 4218 n'a
3545 4164 3662 4217 este
3696 4163 3792 4218 des
3828 4163 4111 4217 dernieres
4143 4163 4179 4214 a
4214 4178 4302 4215 re·-

2340 4240 2525 4293 cevoir
2560 4240 2614 4292 la
2646 4237 2873 4292 lumiere
2907 4236 2976 4289 de
2995 4234 3313 4304 l'Evangile‚
3347 4234 3594 4288 combien
3630 4249 3737 4354 que
3772 4233 3841 4287 de
3878 4237 4001 4287 tout
4034 4239 4213 4299 temps
4246 4231 4302 4284 la

2380 4308 2465 4361 lus
2500 4306 2689 4376 grand'
2733 4306 2914 4375 partie
2949 4305 3028 4358 ait
3075 4303 3353 4357 surmonte
3413 4303 3465 4355 la
3514 4302 3642 4355 meil
3665 4318 3811 4368 eure,
3866 4302 3935 4355 de
3988 4309 4136 4354 sorte
4193 4315 4300 4368 que

2339 4325 2567 4445 BEglise
2603 4375 2688 4446 n'y
2736 4392 2769 4427 a
2812 4391 2919 4443 peu
2968 4381 3112 4427 estre
3161 4373 3380 4426 dressee
3423 4387 3632 4425 comme
3683 4387 3751 4424 en
3798 4369 4067 4441 plusieurs
4110 4373 4299 4422 autres

2338 4445 2505 4499 lieux.
2593 4445 2665 4500 Ce
2719 4443 3059 4497 neantmoins
3105 4458 3239 4495 ceux
3293 4440 3557 4508 auxquels
3593 4439 3730 4493 Dieu
3782 4441 3932 4493 avoit
3981 4442 4176 4491 ouvert
4220 4438 4300 4491 les

2341 4529 2485 4585 yeux
2522 4531 2581 4567 se
2616 4521 2743 4567 sont
2777 4510 3071 4565 assemble's
3088 4527 3191 4580 par
3210 4511 3290 4564 les
3317 4511 3556 4563 maisons
3592 4525 3728 4577 pour
3765 4507 4066 4589 l'invoquer
4101 4511 4159 4560 et
4193 4505 4298 4558 fre-

2341 4587 2575 4653 quenter
2608 4583 2689 4636 les
2727 4581 2922 4648 eglises
2955 4580 3390 4634 circonvoisines.
3462 4578 3600 4632 Mais
3645 4579 3711 4632 ils
3757 4575 3911 4632 n’ont
3956 4576 4145 4629 musis
4182 4575 4298 4628 este

2341 4669 2468 4706 saus
2502 4652 2709 4721 grande
2743 4652 2970 4710 crainte,
3008 4665 3146 4717 pour
3179 4650 3333 4701 avoir
3368 4649 3640 4701 tonsiours
3675 4646 3790 4700 este
3837 4645 3904 4699 de
3946 4646 4028 4698 uis
4064 4645 4118 4698 la
4152 4653 4299 4698 mort

2341 4722 2410 4775 de
2445 4720 2675 4773 l’amiral
2708 4720 2915 4773 Chabot
2949 4719 3255 4789 gouvernes
3290 4732 3417 4770 sous
3452 4718 3505 4769 la
3538 4715 3743 4770 maison
3780 4714 3848 4768 de
3936 4729 4087 4784 uyse,
4136 4721 4194 4765 et
4228 4728 4297 4766 en

2341 4806 2402 4844 ce
2439 4797 2617 4859 temps
2653 4794 2819 4855 ayant
2854 4804 2919 4841 eu
2956 4803 3094 4855 pour
3127 4786 3428 4839 lieutenant
3461 4785 3535 4838 du
3558 4785 3681 4854 ΒΟ]
3716 4784 3766 4836 le
3786 4783 3868 4838 Sr.
3906 4783 3975 4836 de
3997 4781 4297 4848 Tavannes,

2340 4860 2558 4926 homme
2608 4857 2851 4911 d’autant
2899 4856 3020 4926 plus
3064 4854 3377 4925 dangereux
3426 4854 3559 4924 qu’il
3610 4853 3757 4906 avoit
3809 4869 3877 4904 eu
3927 4850 4188 4904 autrefois
4243 4850 4298 4904 la

2342 4930 2723 4997 cognoissance
2758 4926 2827 4979 de
2863 4927 2915 4978 la
2950 4925 3193 4992 religion.
3279 4925 3364 4978 En
3400 4928 3560 4978 outre
3596 4940 3668 4975 un
3702 4921 3799 4974 des
3835 4921 3957 4991 plus
4005 4919 4165 4972 rudes
4201 4919 4295 4973 ad·

2343 4998 2612 5051 versaires
2647 4997 2812 5050 estoit
2858 4994 2908 5047 le
2946 4993 3119 5047 Maire
3167 4993 3410 5061 Benigne
3456 4991 3657 5045 Martin
3706 5030 3718 5042 .
3757 5030 3769 5042 .
3809 5028 3821 5041 .
3860 4989 3938 5044 Le
3982 4988 4299 5042 Parlement

2343 5067 2523 5119 refusa
2557 5064 2625 5118 de
2662 5065 2874 5134 publier
2912 5061 3060 5116 l’edit
3106 5061 3171 5114 de
3208 5062 3449 5115 Janvier.
3528 5059 3652 5114 Non
3700 5059 3921 5112 obstant
3969 5073 4059 5113 ces
4104 5057 4295 5112 choses

2341 5151 2477 5188 ceux
2512 5133 2581 5188 de
2616 5134 2671 5186 la
2705 5133 2933 5202 religion
2970 5131 3168 5184 seirent
3212 5130 3365 5184 venir
3399 5129 3542 5182 deux
3588 5127 3866 5181 ministres
3912 5143 3981 5181 en
4026 5127 4295 5181 intention

2341 5205 2410 5257 de
2447 5204 2664 5257 dresser
2708 5203 2827 5255 leur
2874 5201 3057 5270 Eglise
3108 5217 3175 5252 en
3226 5206 3384 5253 vertn
3421 5198 3517 5251 des
3570 5197 3763 5251 lettres
3809 5196 3907 5249 des
3954 5197 4159 5250 iussion
4201 5211 4293 5249 ex·

2340 5289 2557 5396 ιιι-οἴει
2590 5272 2663 5325 du
2697 5270 2778 5325 Ro
2852 5286 2921 5322 su
2958 5268 3273 5391 Ραιὲὶἔὲἒοιιι
3315 5284 3455 5336 pour
3498 5266 3557 5319 la
3599 5265 3931 5335 publication
3966 5265 4035 5320 de
4078 5264 4292 5320 l’Edict.

2343 5370 2406 5379 —
2523 5358 2630 5411 mp.
2666 5288 2804 5393 3563
3183 5376 3195 5389 .

2807 5379 2818 5391 0
2994 5379 3007 5394 Ο
