4900 6125
306 413 412 477 ⁵29

304 598 395 665 De
429 616 547 680 quo
580 593 739 678 quid
772 594 1064 662 sentiant
1093 596 1186 682 pii
1227 601 1298 662 et
1338 594 1582 663 eruditi
1621 595 1994 682 intelligere
2035 594 2218 681 cupi-

301 702 430 750 mus
467 688 533 746 et
567 688 890 765 optamus.

455 770 543 831 14.
629 767 1360 919 Argumentumqnquod
1423 767 1710 834 sumitur
1772 769 1856 835 ab
1918 766 2222 852 exemplo

299 851 733 920 Corinthiacus
774 853 1086 921 ecclesiae
1244 861 1455 919 sectas
1497 851 1767 934 divisae,
1825 854 2223 921 scortatione

298 939 429 1024 plus
463 957 657 1022 quam
699 937 965 1006 ethnica
1004 939 1505 1016 contaminatae,
1557 939 1632 1004 in
1673 960 1801 1006 usu
1843 938 2223 1024 disciplinae

295 1023 610 1103 coeuntia
666 1022 992 1091 idolorum
1032 1025 1368 1092 sacrificiis
1411 1044 1484 1091 se
1525 1024 1895 1109 polluenda,
1951 1045 2223 1092 coenam

295 1108 676 1193 profananfis
717 1128 795 1176 ac
837 1109 1190 1177 articulum
1246 1110 1744 1178 resurrectionis
1784 1112 1857 1176 in
1900 1110 2222 1195 quaestio-

293 1215 429 1260 nem
462 1194 770 1274 vocantis,
806 1194 1147 1263 Galaticae
1188 1197 1350 1262 item
1393 1195 1722 1277 ecclesiae,
1759 1195 2223 1281 Pergamensis

295 1299 362 1345 ac
399 1279 851 1365 Thyatirensis
893 1282 1126 1366 (Apoo.
1167 1285 1257 1362 2),
1300 1289 1525 1347 nostro
1569 1280 1724 1348 huic
1764 1283 2069 1348 instituto
2107 1301 2223 1365 ap·

292 1373 420 1431 tum
479 1385 621 1432 esse
685 1364 1068 1444 iudicamus,
1134 1373 1212 1432 ut
1273 1365 1602 1447 doceatur,
1665 1368 1808 1452 pios
1870 1367 2225 1451 impiorum

291 1451 597 1517 consortio
639 1451 712 1516 in
752 1452 1120 1519 ministerio
1162 1452 1472 1521 ecclesiae
1514 1454 1948 1519 contaminari
1991 1459 2111 1518 ete.

443 1536 646 1603 Hisce
687 1537 893 1620 igitur
933 1537 1207 1623 aliisque
1241 1539 1607 1622 scripturae
1641 1538 2029 1605 testimoniis
2072 1536 2226 1604 freti

288 1621 809 1707 comprehensam
874 1622 998 1690 hoc
1063 1625 1307 1708 scripto
1371 1624 1770 1690 seutentiam
1832 1625 2007 1691 bona
2068 1643 2227 1690 con-

288 1706 545 1772 scientia
565 1707 885 1774 hactenus
908 1708 1338 1787 defendimus,
1432 1711 1599 1775 arati
1639 1718 1864 1777 tamen
1899 1717 1966 1775 et
2000 1708 2226 1776 audire

287 1800 348 1856 et
384 1794 563 1877 sequi
605 1792 962 1869 meliorem,
1011 1796 1068 1860 si
1110 1816 1239 1879 qua
1279 1817 1386 1861 me
1411 1798 1511 1860 ior
1552 1816 1638 1861 ex
1682 1797 2044 1879 scripturae
2084 1795 2226 1859 fon-

287 1877 448 1942 tibus
486 1878 680 1945 nobis
724 1878 964 1945 adferri
1007 1888 1239 1964 potest.
1311 1882 1406 1947 Et
1440 1900 1703 1946 oramus
1735 1882 1880 1965 pios
1923 1881 2226 1948 ecclesia-

283 1983 424 2034 rum
454 1971 754 2048 pastores
788 1973 857 2030 et
889 1965 1226 2032 ministros
1261 1988 1347 2033 ne
1381 1965 1538 2050 quid
1575 1966 1683 2032 hic
1716 1967 2007 2033 sentiant
2039 1966 2225 2031 nobis

285 2056 498 2148 aperte
551 2049 926 2134 significan
980 2051 1434 2138 dedignentur,
1491 2060 1567 2118 ut
1619 2051 1884 2119 tandem
1941 2051 2115 2118 idem
2159 2056 2228 2117 et

287 2141 635 2201 sentiamus
677 2141 745 2201 et
786 2136 1131 2220 loquamur
1171 2157 1415 2204 omnes.
1491 2139 1729 2204 Amen.

1361 2273 1603 2340 Petrus
1644 2273 2052 2340 Dathaenus.

1152 2879 1347 2950 8858.

723 3034 1221 3105 VA'I'ELLUS
1247 3043 1295 3118 ¹)
1338 3035 1775 3106 GALVINO.

261 3208 862 3372 mmmm
900 3208 1120 3275 variae
1161 3208 1249 3275 ad
1310 3208 1715 3293 disciplinam
1754 3210 2227 3279 ecclesiasticam

270 3463 478 3530 (Edidit
522 3466 678 3520 Beza
714 3463 918 3518 Gonev.
978 3481 1031 3533 p.
1084 3461 1187 3517 323
1257 3465 1419 3518 Laus.
1473 3483 1526 3535 p.
1578 3464 1701 3533 630,
1737 3465 1944 3522 Hanov.
1989 3482 2044 3537 p.
2105 3464 2224 3534 710,

771 3532 985 3588 Chouet
1027 3549 1080 3602 p.
1115 3506 1236 3599 443,
1272 3534 1446 3587 Amet.
1491 3550 1547 3604 p.
1581 3532 1734 3602 202.)

435 3701 653 3767 Pater
714 3700 786 3767 iu
831 3700 1099 3767 Christo
1171 3701 1502 3769 carissime
1559 3724 1635 3769 ac
1685 3704 2078 3783 venerande,
2144 3726 2227 3771 ex

267 3784 491 3852 multis
531 3786 754 3854 causis
795 3808 961 3870 quae
1003 3806 1112 3853 me
1155 3796 1231 3852 ut
1287 3787 1410 3854 has
1467 3786 1550 3854 ad
1606 3796 1671 3854 te
1728 3790 1956 3855 literas
1999 3790 2226 3856 darem

271 3869 697 3938 adduxerunt
729 3892 866 3937 una
900 3879 1003 3938 est
1032 3873 1387 3956 praecipua
1408 3894 1605 3956 quam
1627 3874 1911 3959 primam
1932 3878 2226 3942 omnium

267 3974 460 4038 quam
503 3957 901 4023 brevissime
941 3968 1169 4040 potero
1212 3957 1575 4042 expediam.
1654 3960 1991 4027 Proximis
2033 3983 2113 4028 su
2157 3982 2226 4026 e-

265 4041 548 4110 rioribus
597 4040 828 4109 diebus
870 4043 1003 4109 huc
1060 4052 1391 4109 venerunt
1433 4044 1777 4129 Principes
1818 4046 2060 4127 Duces,
2169 4048 2227 4112 i-

257 4130 562 4205 pontem
633 4138 704 4195 et
748 4127 1341 4214 WirtemberyensiS,
1383 4128 1715 4214 Principis
1779 4132 1985 4198 nostri
2050 4140 2226 4198 tuto·

264 4416 447 4474 8868.
463 4418 529 4486 1)
570 4417 777 4474 Matth-
821 4416 1034 4485 Παπαῖ,
1070 4417 1338 4473 diaconus
1372 4417 1588 4474 Mombe
1643 4418 1910 4487 ardensis,
1946 4419 2227 4478 Piceo-dus

259 4499 328 4539 a
437 4572 494 4611 a.
531 4554 678 4610 1562
711 4526 1020 4611 ωὀαοὼεε
1067 4487 1218 4612 (ἴσα.
1294 4554 1521 4611 Rectius
1557 4488 2225 4626 Quffssfflwm

297 4638 547 4747 romae-e
585 4693 660 4747 de
703 4710 773 4747 ne
893 4622 1160 4772 int-agite
1201 4624 1799 4776 proaeoquubliqne
1834 4629 2225 4768 ‹ssngroffioelt

261 4706 586 4842 {immutes
621 4762 692 4815 de
726 4762 783 4816 la
812 4709 1059 4841 igunae
1076 4777 1364 4845 enseignee
1396 4762 1532 4815 daus
1564 4764 1645 4844 les
1671 4764 1867 4832 eghses
1902 4763 1973 4818 de
2005 4765 2224 4846 laprin·

259 4838 492 4897 optate.
567 4830 732 4887 cette
764 4844 980 4885 mesure
1012 4835 1149 4885 etant
1169 4846 1338 4900 Jugee
1370 4830 1676 4887 accensure
1707 4848 1812 4900 par
1843 4834 1899 4886 la
1930 4832 2226 4889 mutance

257 4896 345 4978 de·
377 4899 660 4979 quelques
706 4899 986 4953 miniati-es
1029 4900 1142 4969 qui,
1449 4906 1512 4979 ‚t
1558 4917 1692 4955 avec
1746 4901 1829 4955 les
1873 4901 2103 4972 refugies
2144 4904 2226 4957 les

255 4980 510 5033 opinions
557 4968 636 5021 de
678 4966 889 5034 Oalvin,
933 4967 1230 5022 refusaient
1273 4967 1556 5023 d’adherer
1599 4985 1669 5023 en
1718 4974 1846 5023 tous
1889 4971 2074 5039 points
2116 4988 2224 5026 aux

257 5032 540 5091 doen-ines
594 5037 666 5090 de
717 5036 774 5090 la
822 5034 975 5091 Conf-
1017 5035 1416 5107 d’Augsbourg.
1491 5037 1630 5108 Cinq
1663 5037 1872 5093 d'entre
1915 5055 2022 5093 eux
2057 5046 2228 5111 ayant

258 5105 496 5171 pou-sinte
543 5104 686 5159 dans
730 5105 850 5159 leur
881 5106 1212 5175 oppositioni,
1253 5104 1306 5160 le
1341 5106 1545 5161 conseil
1578 5122 1640 5160 se
1671 5114 1798 5161 crnt
1828 5107 2009 5177 obligo?
2043 5109 2112 5164 de
2143 5110 2225 5163 les

255 5172 576 5255 congcdier.
665 5173 932 5255 (fet-ient
985 5174 1062 5229 M.
1095 5173 1302 5229 Wattel
1351 5178 1449 5231 stc.
1518 5173 1619 5230 Ex
1666 5176 1796 5245 ipsa
1838 5176 1942 5232 hac
1995 5177 2227 5246 epistola

253 5239 475 5323 collam
525 5241 796 5299 Vacua-⁸
838 5241 1705 5325 manducatus-beloy&
1740 5244 2228 5317 Mm,quodip·

255 5311 769 5380 max-epau!
805 5309 2011 5383 Mammam-optumatium.

468 5394 704 5453 odoini
721 5409 910 5467 open.
984 5396 1099 5454 Vol.
1137 5396 1315 5454 xlx.

1952 410 2114 474 1562
2157 406 2615 477 SEPTEMB.

4149 408 4279 473 530

2324 617 2450 663 res.
2472 598 2533 675 ²)
2591 593 2727 661 Hic
2767 613 2973 678 quum
3014 599 3250 674 essent,
3295 595 3533 662 horum
3575 594 3984 663 ecclesiastae
4017 599 4089 660 et
4114 613 4278 661 cou-

2323 681 2555 748 siliarii
2596 679 2847 764 aliquot
2887 680 3076 747 nobis
3116 680 3421 748 omuibus
3462 679 3646 748 verbi
3679 680 3999 747 ministris
4031 700 4275 747 convo·

2322 767 2486 834 catis
2528 786 2763 832 rursus
2804 775 3284 849 proposuerunt
3325 767 3801 833 ordinationem
3846 765 4029 831 illam
4070 764 4280 833 eccle-

2322 852 2658 920 siasticam
2698 851 2829 916 iam
2872 858 3070 918 antea
3111 851 3321 918 tribus
3363 852 3622 919 circiter
3656 850 3893 918 abhinc
3926 851 4118 917 annis
4156 871 4278 916 no·

2321 938 2424 1004 bis
2474 936 2910 1023 propositam:
2930 939 2988 1013 ⁸)
3053 956 3221 1020 quae
3288 936 3504 1004 tribus
3571 937 3982 1023 potissimum
4048 936 4279 1020 capiti-

2321 1022 2447 1090 bus
2508 1022 2885 1090 absolvitur.
2996 1022 3297 1088 Primum
3372 1031 3571 1108 caput
3639 1029 3739 1089 est
3804 1021 3885 1088 de
3948 1020 4277 1088 doctrina:

2321 1129 2494 1192 quae
2535 1130 2616 1175 ea
2657 1128 2798 1174 esse
2853 1106 3115 1174 iubetur
3163 1108 3233 1173 in
3293 1109 3419 1176 hac
3476 1108 3765 1187 ecclesia,
3830 1129 3998 1191 quae
4040 1129 4082 1173 a
4124 1127 4276 1192 pro-

2321 1194 2544 1280 phetis
2589 1201 2656 1259 et
2696 1192 3007 1277 apostolis
3049 1201 3151 1260 est
3192 1194 3451 1271 tradita,
3496 1203 3689 1277 atque
3723 1193 3884 1259 adeo
3918 1194 3989 1258 in
4023 1193 4277 1259 confes·

2324 1281 2509 1347 sione
2551 1282 2947 1364 Augustana
2988 1278 3329 1362 explicata.
3396 1279 3780 1347 Secundum
3823 1278 3905 1345 de
3946 1299 4277 1345 caeremo-

2326 1365 2459 1431 niis
2502 1373 2606 1431 est
2647 1374 2716 1431 et
2772 1363 3006 1430 ritibus
3062 1365 3495 1448 formulisque
3538 1363 3995 1444 catechizandi,
4057 1383 4277 1430 sacra-

2325 1457 2556 1516 menta
2597 1449 3122 1529 administrandi,
3178 1450 3428 1534 nuptiis
3486 1448 3908 1516 benedicendi
3953 1458 4021 1514 et
4061 1448 4279 1533 publi-

2327 1555 2555 1603 carum
2619 1556 2907 1620 precum.
2993 1535 3290 1601 Tertium
3354 1536 3765 1621 disciplinam
3809 1534 4276 1618 complectitur.

2502 1619 2697 1702 Quod
2738 1620 2820 1686 ad
2863 1623 3152 1703 primum
3196 1629 3264 1686 et
3306 1622 3573 1687 tertium
3618 1623 3870 1701 attinet,
3924 1630 4278 1704 utrumque

2327 1709 2713 1791 recepimus,
2778 1706 3000 1772 addita
3063 1706 3496 1790 explicatione
3557 1707 3818 1773 articuli
3882 1706 3964 1771 de
4004 1704 4279 1772 Domini

2327 1813 2565 1872 coena,
2615 1793 2859 1877 partim
2915 1813 3001 1857 ne
3056 1792 3248 1877 signa
3303 1802 3562 1858 tantum
3603 1792 3780 1858 nuda
3820 1792 3891 1856 in
3934 1811 4012 1856 ea
4053 1812 4278 1876 recog-

2327 1899 2616 1956 noscere,
2657 1878 2901 1961 partim
2942 1898 3029 1943 ne
3049 1875 3402 1944 absurdam
3422 1877 3885 1959 impanationis
3906 1878 4281 1961 opinionem

2327 1963 2675 2029 admittere
2718 1960 3114 2028 videremur.
3201 1962 3585 2029 Secundum
3638 1963 3997 2029 reiecimus.
4087 1961 4281 2043 Quod

2327 2070 2527 2133 quam
2557 2068 2755 2133 aegre
2789 2048 3063 2113 tulerint
3096 2049 3427 2133 praesides
3463 2049 3579 2114 tibi
3614 2049 3877 2132 negotia
3910 2047 4279 2114 huiusmodi

2327 2156 2465 2200 nou
2508 2134 2709 2201 semel
2751 2141 3023 2218 experto
3065 2133 3485 2219 cogitandum
3526 2134 3841 2216 relinquo.
3919 2134 4282 2216 Praecipua

2328 2228 2558 2286 tamen
2574 2219 3025 2287 controversia
3046 2218 3128 2285 de
3148 2219 3404 2302 privato
3424 2218 3760 2303 baptismo,
3769 2219 3823 2303 ⁴)
3847 2220 4002 2285 fuit:
4024 2220 4281 2303 privato

2326 2307 2599 2389 inquam
2618 2304 2958 2388 baptismo,
2991 2304 3057 2369 id
3082 2317 3200 2385 est,
3224 2305 3305 2370 ab
3328 2304 3783 2371 obstetricibus
3804 2303 4280 2381 administrato,

2328 2412 2524 2475 quem
2544 2392 2618 2455 in
2640 2390 2811 2457 hanc
2832 2389 3171 2456 ecclesiam
3192 2411 3500 2456 revocare
3520 2390 3613 2456 ita
3640 2389 3814 2474 apud
3836 2413 3907 2456 se
3929 2391 4282 2457 constitue-

2329 2484 2503 2555 rant,
2545 2485 2620 2542 ut
2654 2475 2908 2541 nullum
2945 2495 3082 2540 nou
3114 2485 3457 2541 moverent
3495 2475 3783 2559 lapidem
3828 2476 4029 2559 (quod
4066 2476 4282 2553 aiunt)

2331 2582 2462 2645 quo
2504 2582 2626 2628 nos
2670 2562 2741 2626 in
2776 2582 2967 2625 suam
3008 2568 3323 2644 raperent
3363 2563 3772 2627 sententiam.
3838 2560 3975 2627 Sed
4016 2563 4278 2627 frustra.

2329 2648 2540 2714 Porro
2600 2667 2686 2712 ne
2749 2647 2907 2712 victi
2971 2647 3237 2712 omnino
3301 2647 3670 2713 constantia
3735 2656 3960 2713 nostra
4008 2645 4283 2713 iudicari

2329 2740 2615 2816 possent,
2659 2730 2927 2797 tandem
2951 2731 3075 2798 hoc
3105 2730 3353 2815 ἀρεστὸν
3395 2731 3821 2810 immutabile,
3856 2753 4050 2815 quem
4072 2754 4281 2798 reces-

2331 2839 2481 2883 sum
2522 2825 2927 2902 postremum
2971 2826 3229 2895 vocant,
3290 2817 3480 2883 nobis
3536 2818 3998 2884 obtruserunt:
4086 2818 4283 2883 Prin-

2330 2905 2508 2987 cipes
2568 2903 2745 2969 hunc
2808 2902 3141 2986 privatum
3204 2902 3291 2967 ba
3338 2903 3603 2968 tismum
3656 2902 3885 2969 ordine
3938 2903 4108 2969 bono
4164 2924 4283 2986 per

2335 2989 2509 3056 viros
2551 2988 2636 3054 ad
2681 2985 3055 3053 huiusmodi
3094 2997 3433 3072 negotium
3474 2987 3971 3073 transigendum
4013 2987 4283 3055 idoneos

2332 3076 2696 3141 instituent.
2775 3074 3042 3140 Interea
3084 3083 3315 3140 vetant
3370 3083 3439 3140 et
3493 3075 3895 3142 interdicunt
3935 3075 4144 3155 vobis,
4196 3096 4283 3141 ne

2375 3161 2481 3226 uis
2524 3168 2823 3227 vestrum
2866 3157 3182 3226 adversus
3223 3159 3415 3225 illum
3456 3159 3710 3240 clamet,
3777 3181 3947 3226 neve
3996 3181 4039 3225 a
4080 3181 4284 3227 coena

2400 3245 2621 3325 omini,
2699 3254 2815 3310 aut
2857 3244 3170 3311 ecclesiae
3212 3246 3464 3329 gremio
3528 3267 3641 3312 eos
3706 3246 3958 3312 reiiciat
4020 3247 4133 3330 qui
4198 3244 4280 3311 ab

2327 3330 2606 3397 honesta
2647 3330 2866 3414 aliqua
2906 3336 3213 3396 matrona
3253 3330 3498 3396 fuerint
3541 3331 3865 3415 baptizati.
3931 3331 4116 3399 Haec
4136 3352 4283 3415 pos-

2327 3422 2543 3483 trema
2582 3415 2708 3482 fuit
2748 3416 3249 3481 reformatorum
3300 3425 3682 3482 nostrorum
3737 3417 3961 3484 oratio.
4047 3417 4282 3484 ante-

2326 3522 2477 3567 rum
2522 3523 2609 3568 an
2652 3501 2777 3566 hoc
2818 3501 3148 3584 principes
3188 3501 3426 3567 facturi
3466 3501 3599 3568 sint
3641 3523 3762 3568 nec
3789 3525 3892 3580 ne,
3934 3524 4056 3587 pro
4099 3512 4279 3569 certo

2327 3586 2622 3654 nondum
2687 3595 2898 3652 teneo.
2986 3584 3124 3652 Sed
3176 3589 3483 3670 quoniam
3535 3587 3755 3654 minae
3811 3588 3966 3653 illae
4007 3609 4276 3672 prorsus

2326 3670 2761 3757 negligendae
2804 3692 2939 3736 non
2979 3677 3165 3750 sunt,
3231 3693 3315 3738 ne
3369 3673 3534 3737 forte
3593 3693 3677 3738 ex
3729 3672 4083 3757 improviso
4138 3675 4277 3741 vim

2329 3778 2520 3824 suam
2554 3762 2881 3835 exserant,
2925 3756 3057 3822 iam
3081 3777 3340 3839 quaero,
3376 3778 3539 3823 num
3572 3757 3807 3824 idonea
3842 3768 3911 3825 et
3943 3760 4275 3826 sufficiens

2329 3843 2420 3908 sit
2463 3843 2715 3909 occasio
2756 3842 3105 3908 ministerii
3147 3841 3512 3921 abdicandi,
3564 3844 3621 3909 si
3664 3845 3853 3912 nobis
3895 3855 4011 3911 aut
4049 3846 4277 3913 insciis

2327 3938 2446 3993 aut
2487 3928 2716 3994 invitis
2751 3935 2819 3992 et
2854 3926 3364 4003 reclamantibus
3398 3927 3773 4013 baptizandi
3804 3940 4094 4015 potestas
4126 3952 4277 3998 mu·-

2327 4013 2600 4080 lieribus
2641 4014 2714 4078 in
2758 4013 2886 4079 hac
2926 4012 3198 4079 ecclesia
3235 4012 3647 4080 concedatur.

2500 4100 2625 4164 Est
2668 4106 2734 4164 et
2775 4097 2954 4163 aliud
2997 4098 3078 4164 de
3114 4118 3242 4181 quo
3276 4119 3542 4166 necesse
3575 4109 3679 4166 est
3713 4109 3787 4166 ut
3820 4110 3884 4168 te
3920 4101 4276 4181 consulam,

2328 4183 3958 4355 {fepffizssssssffisffffgassffltfflssffiffi
3976 4188 4277 4357 &35:311

3056 4559 3243 4628 pridie
3279 4559 3393 4615 Gal.
3438 4560 3519 4617 ad
3549 4561 3738 4617 Nonas
3770 4560 3969 4615 Iulias.
4034 4561 4281 4630 (Ducer-

3083 4628 3301 4684 Tminu
3333 4635 3482 4686 ustor
3508 4630 3621 4695 finit
3652 4629 3949 4699 Philippus
3982 4628 4175 4686 Comes
4209 4631 4278 4687 de

2528 4764 2591 4834 8)
2619 4711 2968 4836 menelogio
3005 4764 3120 4831 fuit
3157 4764 3303 4833 prid.
3344 4765 3458 4821 Gal.
3498 4767 3671 4821 Mart.
3720 4764 3868 4820 1560.
3947 4765 4279 4841 (Dumoy

2316 4834 2512 4957 {⁰735-
2561 4833 2770 4971 W
2801 4850 2853 4956 ἒ.
2887 4832 2987 4967 59),-
3032 4833 3280 4902 nabale,
3328 4831 3455 4901 Rdf.
3501 4833 3569 4889 de
3604 4834 3816 4890 Monte.
3861 4832 3999 4890 Gen.
4036 4835 4174 4890 1873
4216 4853 4276 4907 p.

2526 4972 2594 5109 g),
2622 4970 3213 5109 gwtffldoe
3261 5044 3313 5095 et
3349 5039 3600 5103 metuont,
3647 5036 3778 5092 daci
3818 5037 4003 5095 mrim
4053 5040 4211 5096 ade-

2322 5112 2414 5165 lae
2445 5110 2635 5166 coniti
2672 5109 2742 5165 de
2776 5108 3164 5177 strumberg
3205 5107 3371 5164 datae
3408 5108 3652 5175 fuerant,
3694 5106 3892 5162 deinde
3923 5107 4042 5177 reas·
4075 5058 4274 5167 Ferss

2483 4559 2943 4698 &Admorunt
2982 4574 3023 4615 a

2321 4644 2889 4754 &aa-mm*
2719 4627 2843 4682 ²⁴⁴·
2873 4626 3024 4748 ²⁵9

2322 5177 2515 5234 mado
2539 5176 2781 5234 traditae
2915 5177 2928 5191 ’
2964 5192 3061 5232 eas
3093 5178 3279 5233 comiti
3319 5177 3388 5233 de
3425 5175 3717 5245 Onuba-9
3756 5175 4057 5243 vendidit(
4254 5183 4279 5237 1

2322 5245 2831 5373 ffldssmd
2911 5244 4079 5317 loeffl.a012yeeaecomitffiuaede
4181 5266 4273 5305 eu-

2553 5314 2841 5381 ommdus,
2890 5314 3023 5370 ἑυνα
3068 5315 3253 5371 nscio
3296 5330 3439 5386 quac
3482 5314 4079 5454 prammssdia‘om
4108 5317 4281 5376 Heri-
