4900 6125
625 392 745 453 671

623 580 911 645 1111611166
964 578 1137 663 quod
1193 577 1543 658 voluimus,
1603 598 1781 644 nunc
1835 587 1902 644 te
1944 598 2187 646 novam
2243 578 2580 662 conspira-

626 666 872 731 tionem
930 663 1191 731 facere?
1252 664 1643 750 praesertim
1699 671 1931 730 contra
1986 685 2098 731 eas
2154 664 2376 732 theses
2418 685 2583 749 quas

625 759 701 816 tu
744 749 1046 818 iudicasti
1088 771 1233 817 esse
1275 772 1486 818 veras.
1566 750 1750 835 Ergo
1793 757 1868 816 tu
1910 759 1979 818 te
2021 751 2306 834 turpiter
2346 752 2584 830 eiicies,

625 836 776 903 odio
841 836 1106 903 obiicias
1162 838 1459 903 omnium
1524 837 1789 913 civium,
1856 844 1925 902 61
1987 836 2182 902 101166
2244 837 2585 904 ecclesiam

626 921 1020 1006 gallicanam
1080 931 1278 1007 atque
1332 922 1639 1001 vastabis,
1695 930 1766 987 et
1822 943 1945 988 nos
1998 922 2281 989 ludibrio
2337 923 2586 990 civium

627 1029 935 1093 expones.
1008 1006 1160 1090 Quo
1201 1009 1419 1076 iturus
1460 1007 1579 1074 es?
1647 1007 2019 1091 Tigurum?
2091 1009 2196 1073 'ru
2241 1008 2587 1093 Tigurinis

628 1093 901 1180 gratus?
948 1095 1062 1178 qui
1097 1114 1249 1161 cum
1282 1095 1412 1162 ista
1444 1093 1600 1159 hinc
1642 1094 1951 1160 infamia!
2027 1092 2419 1161 Genevam?
2494 1097 2588 1159 At

626 1180 759 1247 scis
800 1179 1135 1248 Calvinum
1168 1201 1301 1246 non
1335 1179 1846 1265 approbaturum
1882 1189 2029 1245 tuas
2072 1180 2311 1247 theses.
2392 1179 2587 1246 Nosti

626 1267 805 1332 enim
847 1266 1168 1333 iudicium
1212 1265 1442 1333 Besae.
1533 1263 2045 1350 Heidelbergam
2098 1267 2267 1332 forte
2310 1266 2584 1350 cogitas,

628 1361 745 1418 aut
777 1352 1231 1436 Marpurgum.
1303 1352 1561 1431 Nescio,
1605 1353 1843 1432 nescio,
1888 1356 2179 1435 inquam,
2223 1371 2421 1436 quam
2465 1351 2586 1417 ho-

630 1438 918 1504 norifice.
1026 1437 1125 1504 06
1170 1438 1414 1504 itulum
1487 1447 1663 1504 certe
1741 1438 2135 1516 subscribet,
2215 1438 2416 1504 etiam
2477 1458 2588 1504 me

630 1533 877 1675 1161οἔ16,
920 1523 1054 1590 11116
1100 1537 1128 1587 1
1178 1523 1397 1591 esibus
1438 1544 1602 1608 quas
1645 1530 1720 1588 tu
1767 1523 1968 1590 bonas
2009 1524 2329 1590 iudicasti.
2396 1523 2586 1590 Vale.

638 1613 735 1675 17.
851 1610 1003 1675 artii
1052 1613 1235 1676 1563.

1679 1745 2012 1812 Iohannes
2056 1744 2413 1814 Sturmius.

1515 2292 1711 2363 8⁹19.

1345 2463 1886 2533 OONSENSUS

631 2607 808 2671 inter
853 2603 1193 2689 theologos
1253 2614 1321 2668 et
1363 2602 1763 2686 professores
1829 2602 1901 2667 in
1945 2603 2218 2669 ecclesia
2259 2615 2328 2669 et
2369 2604 2593 2670 schola

630 2691 1179 2776 Argentoratensi
1225 2691 1439 2756 factus
1486 2690 1565 2755 A.
1611 2689 1696 2754 D.
1738 2698 2036 2754 MDLxm
2070 2687 2174 2755 die
2226 2693 2319 2755 18.
2350 2689 2592 2756 Martii.

631 2879 855 2946 (Exstat
879 2894 1035 2933 exem
1076 2878 1161 2931 lar
1182 2877 1558 2932 authenticum
1580 2893 1703 2931 cum
1724 2877 2217 2958 subscriptionibus
2239 2879 2595 2948 autographis

630 2950 691 3002 in
722 2947 976 3003 Ambivis
1010 2895 1308 3001 ‘fhomanis
1343 2946 1717 3027 Argentorati,
1752 2945 1848 2998 ubi
1883 2951 2051 3027 etiam
2126 2947 2329 3017 uinque
2364 2964 2593 3018 apogra-

670 3015 744 3071 116
793 3016 1036 3074 eiusdem
1087 3022 1454 3072 asservantur.
1536 3014 1734 3070 Editus
1786 3014 1892 3069 fuit
1947 3014 2038 3069 1110
2170 3032 2398 3070 1166116116
2452 3022 2593 3086 Arg.

667 3085 787 3141 563.
820 3084 870 3141 8.
904 3088 1038 3140 item
1162 3085 1427 3147 rmauice;
1474 3090 1707 3155 uterque
1752 3090 1938 3137 textus
1982 3100 2206 3139 recusus
2258 3086 2317 3139 in
2352 3086 2592 3142 Strassb.

1011 3154 1067 3208 K
1118 3194 1131 3206 .
1172 3152 1309 3207 1598
1341 3171 1395 3223 p.
1430 3151 1501 3206 62
1534 3169 1605 3208 ss.
1642 3158 1702 3208 et
1736 3151 1889 3209 1670.
1924 3171 1978 3223 p.
2013 3152 2084 3208 65
2117 3155 2218 3223 66.)

806 3326 959 3391 Duo
1003 3334 1163 3391 sunt
1226 3324 1581 3409 praecipua
1621 3326 1836 3408 capita
1893 3327 2374 3391 controversiae
2416 3327 2595 3393 inter

633 3421 931 3495 pastores
974 3411 1288 3477 ecclesiae
1330 3420 1396 3476 et
1440 3411 1841 3496 professores
1884 3410 2144 3477 scholae
2188 3415 2587 3497 Argentora-

634 3498 844 3563 tensis
910 3506 1206 3563 exortae:
1279 3495 1562 3563 alterum
1607 3495 1689 3561 de
1730 3516 1934 3562 coena
1977 3496 2268 3578 Domini,
2313 3499 2594 3565 alterum

634 3582 716 3649 de
756 3584 1191 3667 praescientia
1233 3591 1302 3649 et
1341 3582 1939 3666 praedestinatione
1986 3584 2131 3648 Dei.

806 3667 998 3750 Quod
1037 3667 1120 3734 ad
1164 3689 1439 3735 coenam
1485 3668 1754 3735 Domini
1813 3669 2068 3744 attinet,
2129 3671 2275 3752 pius
2318 3690 2597 3736 consen-

630 3774 744 3821 sus
788 3756 1189 3821 constitutus
1232 3762 1353 3833 est,
1423 3766 1495 3819 ut
1537 3754 1787 3839 pariter
1828 3755 1898 3819 in
1944 3753 2170 3821 schola
2214 3766 2281 3819 et
2322 3754 2597 3823 ecclesia

632 3840 1056 3907 conformiter
1122 3840 1272 3906 aliis
1315 3840 1444 3923 piis
1497 3840 1789 3907 ecclesiis
1842 3861 1926 3906 ex
1981 3841 2183 3906 verbo
2227 3840 2355 3906 Dei
2409 3843 2597 3907 iuxta

634 3928 1092 4012 Augustanam
1154 3926 1624 3992 confessionem
1686 3928 1759 3993 A.
1811 3930 1976 3991 1530
2034 3925 2426 4011 Imperatori
2472 3927 2598 3994 06·

632 4013 774 4079 rolo
810 4011 893 4077 V.
953 4033 993 4076 a
1051 4011 1473 4095 Principibus
1538 4020 1606 4077 et
1677 4012 1827 4078 aliis
1890 4011 2279 4096 quibusdam
2322 4013 2598 4098 Imperii

632 4098 918 4165 Romani
963 4098 1342 4163 civitatibus
1392 4097 1776 4175 exhibitam,
1817 4107 1883 4163 et
1926 4099 2305 4164 adiunctam
2351 4100 2594 4182 Apolo-

634 4185 832 4269 giam,
877 4183 1297 4268 Nanmburgi
1340 4184 1422 4250 ab
1446 4183 1860 4250 Electoribus
1904 4196 1972 4249 et
1992 4183 2414 4267 Principibus
2457 4184 2596 4250 Im-

634 4270 799 4355 perii
845 4269 1062 4335 denuo
1105 4270 1538 4352 subscriptam
1584 4268 1913 4346 doceatur,
1980 4289 2186 4352 eaque
2229 4271 2316 4335 sit
2362 4290 2598 4336 norma

634 4364 699 4421 et
740 4356 973 4441 regula
1016 4354 1219 4421 totius
1276 4355 1631 4435 doctrinae,
1688 4377 1817 4421 non
1880 4364 2013 4420 tam
2075 4355 2157 4419 de
2214 4376 2419 4422 coena
2463 4357 2596 4422 Do·

634 4442 800 4507 mini
834 4462 1032 4524 quam
1067 4443 1269 4507 etiam
1303 4440 1573 4525 reliquis
1608 4441 1905 4508 articulis
1935 4441 2240 4506 omnibus
2275 4464 2360 4508 ex
2397 4444 2595 4508 verbo

638 4529 1061 4677 Deidsincero
1106 4537 1173 4592 et
1216 4528 1595 4611 incorrupto
1639 4528 1710 4592 in
1754 4527 1998 4594 scholis
2042 4540 2108 4592 et
2150 4528 2443 4594 ecclesiis
2480 4528 2594 4594 do-

636 4633 758 4680 cen
806 4634 901 4678 ae.

813 4696 909 4762 Ad
955 4698 1312 4764 tollendam
1360 4719 1518 4763 vero
1564 4697 1645 4765 de
1689 4701 2013 4765 sententia
2051 4709 2596 4767 commemoratae

638 4785 1086 4853 consessionis
1126 4786 1196 4849 in
1243 4785 1503 4869 negotio
1546 4805 1786 4851 coenae
1830 4786 2324 4863 dissensionem,
2391 4807 2593 4869 quum

634 4880 914 4954 utraque
973 4892 1128 4954 pars
1182 4892 1409 4937 veram
1463 4880 1529 4937 et
1590 4872 2085 4938 substantialem
2153 4872 2593 4955 praesentiam

633 4956 928 5040 corporis
970 4968 1040 5021 et
1096 4957 1440 5041 sanguinis
1482 4956 1735 5023 Ohristi
1798 4957 2020 5024 credat
2075 4968 2143 5023 et
2183 4959 2593 5039 confiteatur,

638 5061 804 5125 quae
869 5063 1021 5108 cum
1086 5063 1256 5125 pane
1319 5054 1386 5108 et
1450 5044 1608 5110 vino
1673 5042 2072 5109 exhibentur
2136 5053 2204 5108 et
2267 5045 2336 5107 in
2390 5063 2596 5109 coena

637 5128 1056 5195 vescentibus
1100 5126 1602 5209 distribuuntur,
1646 5150 1730 5196 ne
1774 5126 2120 5195 diversitas
2157 5127 2594 5195 formularum

638 5212 946 5296 loquendi
1012 5216 1497 5281 contentionem
1563 5215 1850 5300 aliquam
1916 5216 2150 5300 pariat,
2216 5214 2463 5297 placuit
2520 5227 2595 5280 ut

638 5298 989 5363 formulam
1047 5300 1430 5366 concordiae
1472 5301 1648 5367 inter
1692 5302 2060 5367 Martinum
2103 5300 2479 5367 Lutherum
2525 5309 2594 5366 et

2149 388 2677 459 EPIS'I’OLAE
2721 393 3146 457 sols—3919

4500 398 4592 460 672

2687 580 3057 646 Mai-tinum
3113 579 3448 647 Bucerum
3514 580 3662 664 piae
3731 581 4105 661 memoriae,
4164 578 4594 649 Suonioemm

2687 673 2754 731 et
2805 666 3160 750 superioris
3204 665 3610 732 Germaniae
3668 665 4094 733 ecclesiarum
4147 667 4474 733 ministros
4523 669 4594 734 iu·

2685 754 2848 817 itam
2892 772 3121 819 omnes
3162 752 3233 818 in
3279 750 3569 819 docendo
3611 760 3989 837 sequantur.

2860 1007 2967 1074 De
3008 1009 3444 1092 praescientia
3498 1017 3566 1075 et
3608 1009 4201 1095 praedestinatione
4245 1010 4372 1075 Dei
4415 1031 4603 1078 6601111·

2691 1092 2847 1160 dum
2902 1094 3252 1160 formulam
3296 1105 3681 1178 sequentem
3739 1095 3988 1180 pariter
4041 1096 4111 1160 in
4166 1093 4394 1162 schola
4431 1105 4490 1163 et
4522 1117 4604 1164 60-

2689 1178 2888 1247 016616
2929 1179 3261 1247 doceatur.

3221 1379 3322 1434 DE
3358 1378 4123 1436 PRAEDESTOEATIONE

2863 1521 3308 1607 Quaecunque
3350 1525 3595 1607 scripta
3638 1531 3797 1590 sunt
3838 1524 3921 1591 ad
3957 1533 4252 1591 nostram
4288 1525 4612 1592 doctrinam

2692 1608 2940 1692 scripta
3002 1619 3175 1689 sunt,
3242 1617 3317 1675 61
3379 1630 3500 1693 per
3561 1611 3944 1692 patientiam
4008 1616 4077 1675 et
4136 1611 4614 1677 consolationem

2693 1695 3168 1778 scripturarum
3216 1715 3403 1779 spem
3444 1693 3823 1763 habeamus.
3869 1696 3995 1762 Ro.
4053 1700 4143 1763 15.

2866 1778 3108 1846 Omnis
3153 1801 3310 1865 ergo
3354 1779 3628 1848 docendi
3674 1782 3843 1847 ratio
3930 1802 4093 1848 uum
4138 1782 4208 1847 in
4253 1782 4474 1849 schola
4502 1791 4617 1848 tum

2691 1866 2763 1931 in
2807 1865 3081 1931 ecclesia
3123 1867 3311 1932 iuxta
3343 1865 3517 1935 hanc
3551 1868 3634 1933 ab
3658 1871 3909 1950 Aposto
3935 1888 3974 1934 o
4010 1865 4320 1933 traditam
4357 1868 4617 1953 regulam

2693 1952 2789 2016 ita
2831 1951 3241 2018 instituenda
3284 1961 3387 2018 est
3427 1974 3514 2018 ne
3547 1961 3671 2018 aut
3702 1973 3851 2018 cum
3887 1951 4186 2020 doctrina
4344 1954 4620 2022 nitentiae

2696 2059 2995 2122 pugnare
3052 2047 3166 2103 aut
3222 2039 3641 2105 conscientiis
3701 2037 3964 2105 afflictis
4020 2059 4221 2106 conso
4290 2039 4526 2106 tionem
4571 2049 4623 2104 et

2693 2144 2880 2207 spem
2926 2144 3111 2188 666111
3155 2123 3449 2190 adimere
3493 2124 3812 2190 videatur.

2868 2207 3150 2275 Constat
3191 2219 3415 2275 autem
3461 2231 3545 2274 ex
3589 2209 3792 2277 verbo
3838 2208 4112 2275 Domini
4156 2219 4493 2276 aeternam
4521 2207 4627 2274 Dei

2695 2315 2839 2360 esse
2874 2295 3377 2378 praescientiam
3428 2316 3557 2380 qua
3604 2317 3710 2362 res
3761 2318 3991 2363 omnes
4027 2305 4410 2380 praesentes
4432 2295 4624 2362 habet:

2696 2380 3109 2533 3191611ἓέ660
3163 2381 3339 2446 enim
3398 2382 3568 2447 nihil
3628 2383 3969 2466 praeteriit
4026 2391 4146 2448 aut
4199 2383 4498 2448 futurum
4534 2393 4628 2448 est.

2758 2489 2809 2533 s.
2865 2474 2887 2526 l
2989 2517 3003 2531 .

2870 2552 2987 2619 Sic
3027 2573 3280 2637 quoque
3325 2561 3594 2618 aeterna
3637 2563 3738 2618 est
3776 2552 3907 2619 Dei
3944 2552 4462 2637 praedestinatio
4495 2573 4630 2636 quae

2699 2638 2783 2703 ad
2827 2640 3068 2705 electos
3110 2640 3417 2722 pertinet,
3472 2638 3643 2705 facta
3694 2640 4084 2723 priusquam
4138 2638 4380 2705 mundi
4431 2638 4632 2704 funda·

2697 2735 2925 2790 menta
2965 2725 3339 2790 iacerentur
3379 2725 3507 2792 Ro.
3553 2728 3612 2788 8.
3662 2729 3719 2789 9.
3765 2723 3941 2809 Eph.
3995 2731 4048 2790 l.

2871 2810 3061 2876 Haec
3104 2817 3324 2875 autem
3367 2830 3571 2893 quum
3616 2811 3702 2874 sit
3757 2810 4035 2894 abyssus
4083 2819 4152 2875 et
4193 2821 4393 2877 extra
4435 2809 4634 2876 Chris·

2699 2903 2842 2961 tum
2917 2894 3330 2963 considerata
3422 2896 3494 2960 in
3571 2897 3792 2980 praeci
3841 2897 4035 2962 itium
4105 2897 4302 2962 inferi
4369 2896 4630 2968 abducat,

2697 3001 2837 3047 non
2879 2983 3009 3048 nisi
3053 2983 3128 3046 in
3171 2980 3441 3047 Christo
3485 3002 3773 3066 quaeren
3926 2991 4046 3061 est,
4111 2984 4285 3049 sicut
4339 2984 4634 3066 scriptum

2697 3077 2829 3134 est:
2919 3068 3147 3153 Elegit
3189 3089 3309 3134 nos
3351 3067 3421 3134 in
3468 3068 3739 3134 Ohristo
3804 3069 4184 3153 priusquam
4227 3068 4636 3136 fundamenta

2696 3152 2934 3220 mundi
2975 3155 3363 3221 iacerentur.
3450 3154 3624 3238 Eph.
3678 3160 3731 3219 1.

2871 3240 2971 3305 Eo
3040 3239 3248 3324 igitur
3303 3238 3499 3307 modo
3564 3238 3938 3323 quaerenda
4005 3250 4106 3306 est
4170 3260 4300 3325 quo
4371 3241 4554 3307 nobis
4606 3260 4636 3301 1

2697 3324 2969 3392 Ohristo
3012 3325 3306 3392 revelata
3354 3336 3473 3391 est.
3565 3326 3803 3391 Matth.
3855 3332 3950 3391 11.

2869 3412 2994 3478 Est
3036 3422 3257 3478 autem
3302 3413 3372 3477 in
3418 3411 3620 3477 verbo
3665 3411 3998 3496 evangelii
4039 3411 4418 3478 revelatum
4454 3420 4636 3477 aeter·

2698 3518 2857 3562 num
2917 3499 3045 3564 Dei
3109 3497 3466 3562 decretum.
3577 3496 3770 3563 Sicut
3838 3498 4223 3563 universum
4291 3498 4637 3563 humanum

2698 3604 2906 3667 genus
2992 3603 3111 3665 per
3174 3593 3516 3666 peccatum
3577 3583 3746 3647 iram
3815 3582 3944 3648 Dei
4004 3597 4073 3648 et
4135 3582 4638 3667 indignationem

2696 3670 2838 3734 eius
2880 3668 3182 3745 incurrit,
3246 3668 3343 3733 ita
3397 3677 3720 3751 quotquot
3775 3669 3845 3734 in
3891 3668 4234 3735 Christum
4279 3670 4498 3735 filium
4535 3666 4637 3733 Dei

2696 3763 2766 3820 et
2808 3755 3092 3820 hominis
3135 3775 3253 3836 pro
3442 3754 3607 3820 catis
3662 3754 3867 3821 totius
3925 3751 4156 3819 mundi
4211 3775 4488 3836 passum
4529 3773 4640 3819 cre·

2694 3839 2865 3991 ῗ6111
2906 3842 3190 3925 gratiam
3223 3840 3355 3905 Dei
3397 3850 3464 3905 et
3507 3841 3714 3906 vitam
3758 3848 4099 3905 aeternam
4141 3850 4636 3925 consequuntur.

2733 3947 2788 3991 o.
2836 3931 2896 3992 3.
2944 3930 3002 3991 6.
4683 3922 4690 3935 '

2867 4012 3349 4078 Promissiones
3391 4012 3600 4095 igitur
3642 4031 3846 4094 quum
3890 4010 4025 4076 sint
4067 4012 4487 4077 universales
4519 4010 4638 4094 qui·

2696 4098 2820 4164 bus
2865 4097 3052 4164 Deus
3097 4097 3267 4162 hanc
3308 4097 3594 4181 gratiam
3637 4118 3826 4162 suam
3865 4096 4077 4173 offert,
4157 4096 4304 4162 ideo
4357 4117 4550 4163 nomo
4583 4114 4638 4159 se

2695 4183 2910 4267 ipsum
2956 4182 3283 4260 excludat,
3327 4182 3443 4248 sed
3487 4202 3693 4265 quum
3736 4181 3987 4264 pariter
4020 4203 4249 4248 omnes
4285 4181 4637 4266 peccaveri-

2695 4290 2863 4348 mus,
2880 4290 3110 4334 omnes
3131 4288 3213 4333 ex
3236 4288 3440 4351 aequo
3463 4267 3740 4334 salutem
3763 4266 4049 4332 oblatam
4067 4266 4638 4351 apprehendamus.

2870 4354 3237 4421 verissima
3278 4362 3348 4419 et
3387 4375 3646 4419 summa
3678 4354 4073 4419 afflictarum
4108 4356 4638 4420 conscientiarum

2696 4441 3074 4517 consolatio,
3117 4461 3322 4523 eaque
3364 4441 3582 4519 unica,
3625 4439 3700 4504 in
3743 4439 3850 4503 his
3893 4448 3960 4504 et
4003 4438 4334 4507 similibus
4381 4438 4638 4523 promis·

2696 4525 3016 4626 sionibus·
3053 4525 3525 4641 comprehensa
3557 4533 3696 4626 ‘es-t:
3760 4525 3936 4623 Vivo
3981 4546 4121 4610 ego,
4177 4525 4333 4625 nolo
4381 4536 4638 4591 mortun

2694 4611 4012 4795 Ξέἐῗὲἲῗὴῑςξῖἑῖᾗᾝῗζὲἷιεῖζῖΐζῖἰ
4034 4608 4640 4764 ἕι-ῗῖἳὲῗῑῖἳῖᾞ

2695 4806 2851 4849 nam
2886 4784 3221 4867 iniquitas.
3267 4783 3508 4849 Ezech.
3538 4788 3630 4848 18.
3677 4782 3769 4847 Et
3793 4781 4135 4848 Christus:
4161 4783 4414 4849 Venite
4447 4781 4636 4848 adme

2693 4890 2921 4936 0111666
2918 4867 3434 5021 l'gutisslaboratis
3478 4878 3547 4934 et
3588 4869 3841 4935 onerati
3876 4869 4050 4947 estis,
4097 4879 4166 4934 et
4203 4890 4328 4954 ego
4365 4870 4634 4935 reficiam

2693 4975 2830 5022 vos.
2996 4977 3036 5021 a
3143 5003 3159 5020 .
3212 4960 3309 5020 ll.

2865 5040 3068 5107 Fides
3132 5050 3353 5107 autem
3413 5062 3544 5124 qua
3606 5038 3892 5106 oblatam
3943 5040 4074 5106 Dei
4129 5040 4304 5106 116110
4372 5039 4634 5127 gratian

2692 5127 3160 5193 universaliter
3223 5128 3529 5194 omnibus
3594 5124 3989 5209 promissam
4055 5127 4441 5210 accipimus,
4505 5146 4636 5210 gra·

2693 5215 2931 5280 16116111
2970 5214 3098 5279 Ι)61
3149 5212 3389 5279 donum
3435 5223 3554 5293 est,
3599 5234 3784 5278 mera
3807 5210 3936 5276 Dei
3978 5212 4436 5279 misericordia
4469 5208 4634 5277 nuno

2692 5320 2964 5382 operum
3028 5307 3408 5366 nostrorum
3474 5306 3774 5383 respectu
3841 5295 4014 5375 data,
4091 5297 4264 5365 sicut
4327 5301 4634 5383 scriptun
