4900 6125
320 385 407 448 29

322 581 392 638 et
457 578 863 659 symmystae
919 592 1146 640 omnes
1199 580 1267 638 et
1321 580 1512 640 orant
1552 573 1919 640 Dominum
1971 582 2049 640 ut
2107 574 2167 641 is
2208 581 2279 640 te

320 658 513 726 nobis
556 658 670 725 diu
712 658 1107 725 incolumem
1152 667 1387 726 servet.
1461 659 1696 746 'l'iguri
1736 663 1815 724 21
1854 659 2040 727 Maii.
2092 663 2277 727 1563.

1457 795 1889 910 Bullingerus
1929 804 2101 865 tuus.

1191 1341 1390 1412 3957.

731 1494 1407 1564 BULLINGERUS
1454 1496 1885 1565 OALVINO.

496 1667 760 1734 Polom‘a
790 1666 1150 1748 pontificem
1192 1669 1263 1732 in
1297 1688 1576 1750 persona
1620 1669 1811 1752 legati
1852 1668 2040 1735 eiecit.
2121 1668 2271 1736 Sul-

304 1775 501 1820 zems
546 1759 753 1836 aperie
795 1754 882 1818 ad
924 1752 1316 1820 deheranos
1357 1755 1628 1820 transiit.

300 1927 425 1996 (Ex
463 1924 801 1996 autographo
836 1924 966 1978 Cod.
1003 1922 1206 1978 Genev.
1244 1922 1362 1986 114,
1398 1925 1489 1978 sol.
1526 1923 1609 1978 62.
1662 1926 1863 1979 Exstat
1898 1942 2006 1995 quo
2048 1943 2115 1980 ue
2132 1927 2270 1981 'l'ur-

420 1995 585 2049 retini
621 1994 902 2063 exemplar
937 1992 1065 2047 eod.
1106 1993 1247 2056 111⁸,
1284 1993 1374 2047 sol.
1409 1992 1531 2046 217.
1601 1994 1817 2048 Simleri
1856 1995 1977 2048 Vol.
2046 1994 2162 2062 07.)

489 2165 869 2232 Clarissimo
925 2164 1068 2230 viro
1111 2164 1195 2229 D.
1242 2164 1476 2230 Ioanni
1519 2164 1798 2230 Calvino
1856 2164 2271 2233 Genevensis

302 2252 623 2319 ccclesiae
705 2252 836 2317 fido
900 2249 1146 2334 pastori
1215 2250 1479 2317 domino
1544 2271 1689 2316 meo
1756 2251 2135 2317 honorando
2204 2260 2272 2317 et

298 2339 503 2403 fratri
547 2337 901 2404 carissimo.

1870 2423 2088 2489 Genff.

485 2593 556 2661 S.
603 2593 688 2660 D.
766 2594 927 2659 Fuit
971 2594 1415 2677 superioribus
1480 2592 1710 2660 diebus
1774 2595 1937 2661 civis
2000 2596 2265 2679 quidam

294 2689 533 2748 noster
576 2679 936 2746 cracoviae
978 2679 1051 2743 in
1096 2679 1405 2746 Polonia:
1465 2680 1525 2744 is
1569 2679 1831 2747 rediens
1873 2680 2069 2747 hasce
2114 2682 2267 2747 tulit

292 2769 537 2833 literas
562 2771 615 2842 ¹)
659 2765 796 2844 tibi,
864 2786 1013 2831 care
1058 2766 1262 2830 frater
1303 2773 1371 2831 et
1412 2764 1792 2832 honorande
1836 2766 2117 2846 domine,
2164 2769 2266 2832 in·

292 2855 605 2936 scriptas.
694 2852 944 2918 Petivit
1003 2850 1338 2917 Sar-nicius
1401 2859 1626 2918 noster
1688 2860 1766 2917 ut
1832 2861 1973 2918 tuto
2015 2865 2082 2918 et
2125 2875 2264 2918 ma-

292 2949 459 3006 ture
525 2957 820 3004 curarem
879 2937 1157 3021 perferri
1223 2958 1335 3002 eas
1397 2937 1479 3003 ad
1538 2947 1622 3003 te.
1713 2937 1909 3019 Quod
1956 2940 2096 3004 feci.
2186 2940 2263 3005 Si

290 3024 465 3111 quid
528 3021 922 3107 respondere
977 3023 1144 3089 velis
1203 3031 1270 3089 et
1312 3043 1598 3107 nequeas
1642 3024 1978 3091 commode
2025 3025 2264 3092 Cracc-

291 3116 486 3179 viam
531 3111 814 3188 mittere,
857 3109 941 3174 ad
982 3131 1090 3175 me
1133 3111 1358 3174 mittas
1400 3130 1533 3175 or0.
1622 3111 1793 3176 Nam
1842 3132 1956 3194 per
1980 3110 2264 3196 Sangal-

290 3200 445 3265 lnm
500 3196 829 3262 tutissime
882 3215 1000 3279 per
1050 3216 1158 3262 me
1215 3196 1640 3262 curabuntur.
1731 3196 1979 3262 Scribit
2041 3197 2264 3263 Sarni-

288 3288 447 3352 cius
490 3282 681 3349 finita
722 3301 867 3347 esse
911 3282 1174 3347 comitia
1232 3283 1421 3365 regni
1480 3292 1547 3347 et
1588 3283 1875 3347 Romani
1920 3283 2265 3349 Pontificis

288 3370 619 3438 abolitam
677 3389 820 3433 esse
875 3388 1137 3432 omnem
1191 3369 1261 3430 in
1317 3388 1523 3451 regno
1582 3368 1896 3433 Poloniae
1961 3368 2263 3436 iurisdic-

288 3460 571 3522 tionem.
663 3454 991 3537 Legatum
1038 3454 1379 3519 Pontificis
1422 3453 1624 3517 semel
1679 3462 1745 3516 et
1800 3454 2039 3518 iterum
2086 3454 2261 3537 apud

288 3545 562 3625 Regem
606 3546 674 3604 et
718 3538 1043 3604 Senatum
1087 3538 1371 3603 voluisse
1414 3540 1602 3622 regni
1661 3547 1985 3604 statutum
2029 3541 2262 3605 infrin-

388 3649 479 3703 re,
526 3646 787 3708 semper
830 3634 1050 3689 tamen
1094 3624 1339 3690 infecta
1378 3645 1451 3688 re
1510 3623 1848 3689 dimissum
1900 3645 2060 3702 esse,
2118 3638 2262 3691 tan-

288 3650 453 3780 {gni
502 3712 699 3776 etiam
745 3710 824 3774 ab
868 3710 1213 3793 armigeris
1280 3720 1347 3774 et
1400 3709 1731 3774 nobilibus
1789 3711 1964 3793 regis
2020 3732 2263 3794 magna

286 3821 455 3868 cum
500 3796 952 3881 indignatione
995 3796 1339 3878 explosum
1384 3804 1580 3878 atq-ue
1629 3794 1770 3859 luto
1814 3818 2258 3880 conspersum.

288 3885 672 3967 Gregorius
738 3880 984 3947 Paulus
1050 3881 1363 3946 dimissus
1428 3883 1625 3959 est.²)
1712 3882 1905 3947 Felix
1964 3882 2263 3967 Oruciqer

282 3974 526 4037 iussus
592 3968 773 4033 abire
838 3968 1147 4031 ultimum
1212 3967 1361 4031 vale
1426 3966 1593 4031 dixit
1636 3988 1791 4032 suae
1835 3968 2143 4033 ecclesiae
2188 3969 2261 4032 in

288 4059 409 4123 die
452 4054 950 4120 resurrectionis
993 4052 1282 4129 Domini,
1343 4053 1500 4117 dum
1536 4060 1754 4118 autem
1802 4053 2135 4119 descendit
2176 4076 2259 4119 ex
2308 4106 2313 4119 .

286 4140 619 4211 cathedra
684 4158 871 4205 sacra
931 4139 1283 4221 derepente
1352 4138 1637 4204 concidit
1698 4139 1771 4202 in
1837 4148 2084 4205 terram
2142 4160 2261 4205 neo

284 4230 581 4295 verbum
626 4227 707 4291 ab
752 4228 896 4306 ipso
938 4225 1220 4306 amplius
1264 4223 1598 4289 auditum:
1656 4232 1923 4309 postera
1965 4228 2258 4309 exspira-

286 4316 497 4385 vit.⁸)
584 4310 773 4392 Quae
838 4332 943 4376 res
1000 4310 1359 4394 plurimum
1420 4311 1739 4393 plurimos
1782 4311 2036 4375 terruit.
2126 4313 2258 4377 Re-

286 4403 485 4467 diere
527 4396 611 4463 ad
653 4398 979 4462 saniorem
1020 4406 1309 4461 mentem
1368 4396 1661 4480 plerique
1706 4398 1815 4478 qui
1862 4396 2254 4463 defecerant.

286 4487 491 4553 Haec
568 4484 789 4549 omnia
870 4483 1130 4564 copiose
1188 4480 1413 4548 scribit
1484 4482 1838 4560 Samicius,
1916 4504 1990 4549 ac
2069 4505 2258 4567 spero

286 4571 537 4639 eadem
601 4589 859 4651 quoque
924 4566 1009 4632 ad
1074 4580 1139 4631 te
1204 4568 1347 4635 fuse
1391 4569 1607 4652 ipsum
1654 4569 2005 4651 scripsisse.
2093 4570 2255 4636 Sum

290 4677 465 4742 ergo
509 4655 789 4721 brevior.

290 4784 489 4883 8667.
516 4780 581 4885 D-
612 4826 677 4879 N.
714 4824 869 4878 3939.

810 4894 964 4947 Pauli
1016 4894 1277 4948 cracovia
1320 4894 1391 4947 ob
1436 4895 1755 4965 religionem
1801 4896 1987 4965 pulsus
2036 4912 2081 4947 ι.
2124 4894 2259 4948 1562
2308 4896 2317 4959 1

294 4896 574 5022 contuli?
588 4894 989 5017 senff-‘noviom
1036 4963 1125 5016 ubi
1173 4964 1517 5031 grandaevus
1564 4964 1703 5019 obiit
1746 4981 1794 5017 a.
1834 4962 1987 5017 1591.
2054 4962 2257 5031 (Sand,

282 5034 509 5159 5⁸43.)
592 5031 931 5088 wissowatii
980 5047 1137 5086 narr.
1184 5030 1252 5087 dc
1304 5030 1579 5087 Unam-iis
1630 5032 1764 5088 ntia.
1806 5048 1863 5102 p.
1911 5028 2043 5085 212:
2098 5032 2255 5101 Greg.

2131 385 2297 451 1563
2340 382 2537 451 MAI.

4257 389 4342 455 30

2560 569 2862 639 Sulcem
2920 570 3224 638 adiunxit
3285 591 3358 639 se
3421 570 3722 655 partibus
3779 571 4171 642 Mantuanis·
4213 577 4341 642 Ar-

2380 657 2693 744 gentinae
2754 664 2824 724 et
2887 657 3275 741 subscripsit
3339 656 3730 725 confessioni
3794 662 4229 744 Augustanae
4271 670 4340 729 et

2378 742 2761 828 Apologiae.
2777 747 2836 822 ⁴)
2917 741 3283 810 Redeundo
3324 742 3662 810 Basileam
3715 745 3902 810 venit
3957 745 4030 810 in
4096 746 4336 816 itinere

2380 829 2466 896 ad
2509 828 2848 895 heroinam
2885 828 3338 913 Rapoltzstenii
3380 837 3448 895 et
3489 829 3890 896 comitissam
3935 830 4336 901 Erbachiam.

2379 913 2580 999 Apud
2623 913 2745 982 has
2786 914 3061 981 iactavit
3101 915 3284 980 illam
3326 915 3668 982 victoriam
3705 935 3782 981 ac
3825 915 4060 983 adiecit
4102 938 4173 984 se
4202 940 4337 987 non

2378 1001 2755 1085 quieturum
2799 1000 2930 1067 nisi
2972 999 3102 1067 huc
3144 1001 3483 1066 induxerit
3524 1009 3592 1066 et
3635 1002 3965 1086 redegerit
3997 1003 4335 1072 Palatina-

2379 1094 2520 1153 tum
2589 1095 2656 1151 et
2697 1086 3159 1171 zwinglianos.
3249 1087 3452 1152 Aiunt
3515 1088 3732 1172 ipsum
3797 1088 3986 1155 brevi
4041 1088 4336 1157 Bernam

2379 1181 2752 1240 venturum.
2841 1175 3052 1255 Atque
3094 1172 3354 1237 utinam
3396 1193 3527 1238 non
3569 1174 3659 1239 ibi
3704 1195 3963 1258 quoque
4005 1175 4197 1241 initia
4237 1178 4337 1243 fa-

2379 1259 2511 1326 ciat
2552 1259 3097 1326 contentionibus.
3162 1258 3538 1342 Diligenter
3580 1272 3804 1326 tamen
3847 1260 3941 1327 ibi
3976 1261 4153 1328 viros
4189 1282 4336 1329 cor-

2380 1343 2567 1410 datos
2610 1343 2935 1420 admonui,
2979 1343 3347 1428 invigilent.
3369 1345 3426 1420 ⁵)

2546 1429 2792 1496 Bezam
2831 1430 3243 1496 carissimum
3289 1431 3560 1496 fratrem
3606 1431 3920 1498 salutabis
3964 1452 4049 1498 ex
4091 1454 4198 1498 me
4233 1440 4334 1499 at-

2377 1537 2504 1600 que
2546 1517 2713 1581 meis
2746 1514 3236 1594 humanissime,
3304 1517 3408 1581 cui
3459 1516 3737 1583 multum
3796 1539 3955 1585 sane
3998 1518 4191 1584 debet
4234 1539 4332 1585 ec-

2375 1602 2578 1668 clesia
2641 1611 2909 1685 propter
2971 1601 3226 1667 labores
3289 1604 3430 1666 eius
3501 1601 3960 1670 saluberrimos
4024 1625 4190 1688 quos
4257 1606 4330 1670 in

2377 1687 2601 1753 Gallia
2676 1697 2944 1772 propter
3007 1685 3348 1753 Christum
3428 1695 3497 1753 et
3573 1688 3911 1755 ecclesiam
3993 1692 4328 1757 sustinuit.

2374 1772 2644 1858 Optime
2687 1773 2833 1841 vale
2869 1794 3003 1838 una
3045 1793 3194 1838 cum
3237 1774 3620 1858 symmystis
3655 1783 3723 1841 et
3765 1774 4079 1842 fratribus
4116 1776 4328 1842 omni-

2374 1859 2515 1925 bus.
2603 1859 2676 1926 Si
2723 1859 2880 1943 quid
2947 1859 3148 1925 habes
3213 1857 3294 1923 de
3358 1858 3556 1925 rebus
3621 1860 3893 1945 gallicis,
3960 1863 4061 1929 fac
4105 1863 4324 1929 sciam.

2373 1945 2607 2030 Tiguri
2643 1949 2724 2009 24
2764 1993 3052 2010 ......
3080 1949 3134 2023 ⁸)
3183 1945 3369 2010 Anno
3412 1944 3684 2011 Domini
3732 1950 3917 2013 1563.

3442 2082 3878 2168 Bullingerus
3927 2082 4152 2173 [tuna]

3251 2678 3456 2748 3958.

2848 2833 3198 2900 CALVIN
3243 2836 3295 2898 A
3342 2831 3759 2901 SOUBISE.
3791 2838 3842 2910 ¹)

2547 3007 2627 3073 Il
2683 3007 2778 3072 lui
2838 3005 3200 3073 dcoonseiue
3265 3006 3341 3072 de
3400 3006 3717 3072 continuet·
3785 3004 3852 3071 Ζα
3908 3023 4132 3088 querre
4195 3024 4325 3087 par

2367 3092 3227 3245 ἓαὲεωὲῐὲιωὲιὲοωιέεηέωπεηε
3268 3114 3385 3175 que
3427 3092 3522 3157 lui
3562 3093 3690 3175 fait
3733 3092 4031 3174 &prouver
4064 3090 4131 3155 la
4156 3091 4324 3171 paiz

2366 3352 2580 3475 &Copia
2621 3352 2760 3405 Bibl.
2796 3352 2866 3404 de
2902 3351 3140 3407 Geneve.
3177 3350 3304 3403 Vol.
3343 3348 3460 3402 107.
3497 3349 3590 3403 fol.
3629 3348 3756 3409 159;
3794 3349 3913 3402 Vol.
3953 3345 4097 3411 115„
4131 3346 4224 3402 fol.
4257 3345 4318 3414 93

2415 3438 2548 3474 erne
2587 3420 2648 3474 F.
2687 3437 2738 3490 p.
2775 3419 2874 3485 473
2911 3420 3126 3475 Buchat
3143 3417 3685 3554 Vlllb‘lffigJBonnet
3703 3418 3775 3474 11.
3809 3416 3942 3482 517;
3977 3413 4139 3470 'rx-ad.
4177 3417 4318 3485 angl.

2695 3662 2756 3725 A
2801 3660 3144 3725 Monsieur
3189 3658 3532 3724 Monsieur
3576 3658 3658 3723 de
3695 3656 3997 3723 Soubize.

2541 3831 2898 3909 Monsieur‚
2937 3838 3151 3897 tontes
3189 3851 3304 3896 voz
3342 3829 3514 3895 deux
3551 3829 3776 3895 lettres
3796 3831 3851 3906 2)
3875 3836 4064 3894 mont
4087 3835 4318 3893 trouve

2365 3938 2447 3983 en
2506 3919 2561 3983 si
2620 3919 2919 3983 mauvais
2975 3917 3202 3999 poinct
3264 3916 3422 3999 qu'il
3482 3937 3591 3980 ma
3651 3922 3787 3980 este
3829 3913 4112 3997 possible
4133 3916 4187 3995 ³)
4230 3912 4318 3997 dy

2367 4002 2726 4086 respondre
2771 4003 3079 4087 plustost:
3128 4010 3194 4066 et
3217 4023 3482 4067 encores
3528 4009 3569 4067 a
3612 4010 3879 4086 present
3921 4001 3984 4065 ie
4028 4021 4112 4064 ne
4157 4020 4316 4083 scay

2365 4112 2493 4172 que
2537 4091 2597 4154 ie
2641 4110 2686 4173 y
2730 4109 3022 4172 pourray
3067 4088 3247 4165 faire,
3314 4088 3640 4153 d’aultant
3698 4106 3822 4170 que
3867 4086 3964 4151 les
4008 4084 4317 4149 douleurs

2365 4197 2450 4240 ou
2498 4175 2786 4260 plustost
2827 4176 2922 4241 les
2967 4186 3262 4239 tormens
3317 4174 3490 4239 dune
3533 4173 3821 4256 colicque
3864 4171 4241 4254 desesperee
4261 4168 4318 4253 ⁴)

2365 4283 2448 4326 nc
2493 4283 2598 4325 mc
2643 4274 2931 4344 penvent
2991 4260 3265 4326 lescher.
3359 4260 3668 4343 Parquoy
3724 4259 3785 4323 ie
3851 4276 4012 4325 vous
4057 4257 4316 4340 prieray

2507 4440 2566 4445 --
2711 4438 2772 4445 ..μ-ς

2569 4553 2630 4619 4)
2675 4552 2810 4606 Vide
2842 4550 3091 4619 praeced-
3127 4556 3238 4606 not.
3272 4552 3323 4603 2.
3393 4549 3656 4603 Simlerus
3688 4551 3748 4602 in
3785 4550 4031 4615 marqine
4066 4546 4312 4615 adscrip-

2365 4626 2465 4677 sit.-
2502 4624 2551 4675 d.
2597 4621 2672 4674 18.
2711 4622 2872 4675 Man.
2915 4618 3058 4672 1563.

2571 4692 2630 4755 5)
2677 4690 2864 4744 Totum
2902 4690 3002 4743 hoc
3035 4703 3240 4743 comma
3287 4689 3346 4741 in
3387 4686 3514 4741 Cod.
3553 4685 3893 4754 autom-cipho
3930 4702 3966 4736 a
4003 4684 4152 4736 Rem
4187 4700 4313 4738 can·

2362 4761 2614 4815 cellulum
2644 4766 2739 4813 est.

2572 4830 2633 4891 6)
2670 4829 2864 4881 charta
2899 4826 3094 4891 deficit.
3148 4824 3365 4878 Simlert‘
3397 4840 3432 4877 a
3475 4822 3756 4891 nymphen
3789 4824 4042 4889 praebet:
4081 4822 4312 4874 Novem·

2364 4901 2497 4965 bris,
2531 4898 2628 4951 sed
2662 4900 2723 4950 in
2757 4898 3004 4963 mat-piae
3038 4894 3200 4947 addit
3237 4894 3384 4962 ipse.-
3487 4893 3554 4945 sii
3593 4892 3708 4943 sine
3745 4890 3927 4945 dubio.
3990 4891 4092 4943 Cui
4127 4896 4180 4943 et
4209 4904 4312 4943 nos

2364 4968 2773 5035 adstipulamur
2825 4970 3070 5032 inspecta
3123 4980 3202 5032 ep.
3258 4962 3492 5017 eiusdem
3555 4960 3628 5013 N.
3682 4957 3819 5011 3956
3873 4966 3922 5013 et
3981 4960 4059 5014 ad
4113 4958 4311 5011 Bezam

2360 5051 2610 5102 proxume
2646 5036 2902 5103 sequenti.

388 5105 465 5157 uli
512 5117 621 5155 non
670 5101 963 5154 accersitus
1008 5102 1073 5167 (a
1105 5100 1315 5170 synodo
1354 5100 1762 5165 Pinceovienso
1814 5118 1987 5171 neque
2024 5102 2256 5165 auditus,
2361 5104 2545 5159 3058.
2573 5106 2629 5169 1)
2677 5105 2807 5157 γοέν
2841 5101 2904 5154 Ν.
2943 5100 3092 5154 3926.

298 5178 598 5227 haereseos
621 5171 908 5223 damnatus
944 5180 1028 5222 est
1063 5178 1119 5223 et
1156 5171 1439 5224 ministerii
1475 5172 1749 5223 functione
1773 5172 2035 5239 privatus,
2074 5180 2255 5225 tamen

294 5264 340 5296 n
376 5241 607 5373 muge
714 5238 1123 5376 traeopctliggis
1157 5239 1494 5293 auditoribus
1532 5248 1793 5295 retentus.

2307 5244 2313 5285 l

2565 5174 2628 5305 ἓξ
2653 5170 2906 5296 ῥέει-ἀνθ.

2567 5308 2627 5377 4)
2660 5309 2720 5363 N.
2759 5308 2910 5361 3961.
