4900 6125
297 433 400 495 557

438 613 810 684 Clarissimo
873 617 1020 684 viro
1060 615 1148 684 D.
1189 616 1425 686 Ioanni
1468 617 1750 688 Calvino
1796 619 2211 689 Genevensis

289 700 563 770 ecclesiae
623 699 757 768 fido
813 704 1062 786 pastori
1127 703 1393 772 domino
1457 725 1606 773 meo
1668 705 2079 775 observando
2142 713 2212 774 et

287 788 453 855 fiatri
491 787 683 873 longe
721 789 1080 857 carissimo.
1815 875 2036 946 Gonff·

426 1043 491 1111 S.
528 1043 616 1111 D.
691 1044 832 1111 Diu
873 1044 1092 1112 nullas
1136 1068 1176 1113 a
1219 1053 1336 1112 tua
1374 1046 1791 1114 humanitate
1834 1046 2057 1114 literas
2102 1069 2209 1114 ac-

281 1132 422 1214 cepi.
497 1130 596 1196 Ac
636 1133 858 1196 miror.
937 1131 1342 1198 Praesertim
1399 1134 1472 1198 in
1516 1141 1655 1199 tam
1697 1133 1904 1199 variis
1948 1141 2016 1199 et
2054 1135 2210 1201 tris·

280 1216 434 1282 tibus
473 1215 610 1282 fere
655 1215 737 1282 de
778 1217 974 1283 rebus
1021 1217 1296 1285 Gallicis
1340 1220 1737 1285 rumoribus.
1809 1217 2212 1286 Scribuntur

278 1301 518 1385 quidem
561 1300 646 1368 ab
688 1302 914 1368 amicis
956 1303 1308 1387 quaedam:
1355 1304 1471 1370 sed
1515 1305 1677 1371 satis
1718 1305 1989 1371 incerta.
2063 1306 2211 1371 'l'ua

277 1408 508 1472 semper
548 1395 704 1454 sunt
760 1397 955 1454 certa.
1029 1388 1356 1472 Cuperem
1400 1411 1578 1475 ergo,
1640 1390 1962 1474 siquidem
2015 1390 2211 1458 liceat

273 1493 378 1556 per
424 1475 874 1557 occupationes
940 1474 1178 1557 quibus
1244 1482 1312 1541 te
1376 1475 1760 1560 adopertum
1818 1484 1884 1541 et
1946 1483 2209 1542 tantum

276 1579 390 1624 non
430 1579 811 1642 oppressum
869 1559 1020 1638 scio,
1079 1581 1162 1626 ex
1220 1560 1432 1627 literis
1485 1562 1617 1628 tuis
1661 1560 1921 1628 Galliae
1964 1561 2208 1628 intelli-

273 1664 408 1728 gere
449 1652 715 1710 statum.
799 1642 1024 1711 Vicini
1066 1647 1277 1712 nostri
1310 1651 1362 1724 ¹)
1407 1649 1547 1731 (qui
1591 1668 1805 1731 nuper
1847 1649 2105 1725 iterum,
2151 1648 2211 1713 si

272 1730 493 1808 nescis,
549 1739 695 1796 octo
753 1730 944 1814 signa
996 1732 1324 1797 miserunt
1374 1732 1449 1796 in
1502 1732 1995 1818 Burgundiam)
2052 1734 2208 1799 sub·

269 1815 406 1882 inde
458 1815 829 1900 gloriantur
886 1815 969 1881 de
1011 1818 1312 1884 victoriis
1351 1831 1421 1882 et
1473 1818 1747 1885 urbibus
1807 1820 2211 1902 recuperatis

267 1901 654 1985 papismique
687 1923 809 1986 per
843 1901 1136 1967 Galliam
1171 1904 1605 1970 restitutione.
1673 1905 2036 1970 Dominum
2072 1924 2206 1984 oro,

266 2006 342 2050 ne
378 2007 492 2053 nos
527 1985 788 2053 deserat
830 1996 1099 2070 propter
1142 1989 1708 2074 ingratitudinem,
1755 1997 1822 2054 et
1856 2012 1939 2056 ne
1975 1989 2207 2055 adver-

267 2073 795 2222 sariisdperpetuo
838 2074 909 2137 in
965 2073 1304 2157 impietate
1347 2075 1727 2141 exsultandi
1769 2076 2207 2157 petulantiam

267 2176 442 2222 conce
487 2167 576 2223 at.

267 2242 642 2411 εωηὲῗῗῗ
678 2246 1922 2415 ἓ“ῃξὲ”ῇῗῗῗὲἓέἔὲ“ἰ’..ὲῗ“ἓέἓὲἰ<ἳὲἰ
1960 2246 2207 2398 Ῑίῑῖξῖἓὲ

261 2433 423 2479 meas
462 2413 634 2482 libro
678 2414 1022 2481 adiunctas
1064 2417 1188 2483 tibi
1232 2436 1366 2481 non
1409 2436 1553 2482 essc
1597 2418 1903 2484 redditas.
1972 2418 2058 2483 In
2100 2417 2206 2484 his

261 2500 420 2564 enim
461 2521 570 2567 me
625 2500 871 2568 librum
913 2503 1175 2568 mittere
1234 2501 1704 2585 significabam.
1776 2503 2205 2582 Adiiciebam,

257 2585 475 2652 &atres
516 2587 596 2651 in
636 2586 915 2653 Polonia
968 2607 1203 2671 rogare
1247 2596 1322 2651 ut
1363 2586 1611 2671 aliquid
1669 2589 2202 2672 respondeamus.

257 2670 435 2738 Nunc
475 2671 709 2738 literas
733 2672 1044 2756 Gregorii
1069 2672 1268 2739 Pauli
1296 2674 1352 2756 ⁸)
1396 2672 1483 2738 ad
1523 2681 1591 2739 te
1625 2675 1838 2753 mitto,
1885 2684 1962 2740 ut
2004 2676 2203 2740 etiam

256 2775 330 2821 ex
369 2756 472 2823 his
514 2756 675 2842 quid
717 2766 948 2840 petant
998 2758 1348 2843 intelligas.
1435 2758 1677 2825 Lectas
1730 2762 2014 2840 remitte,
2069 2779 2205 2826 una

255 2862 387 2907 cum
429 2845 840 2910 confessione
880 2843 1035 2910 fidei
1087 2845 1111 2909 i
1159 2863 1401 2923 sorum,
1423 2847 1481 2921 ⁴)
1526 2865 1723 2927 quam
1777 2846 1979 2911 etiam
2020 2866 2204 2913 nunc

252 2929 442 2994 mitto.
511 2930 691 2994 Eam
725 2866 1201 2997 Francofordtia
1235 2929 1481 3012 absque
1524 2931 1680 2996 ullis
1721 2930 1954 3010 literis,
1998 2932 2094 2996 ita
2124 2939 2205 2996 ut

251 3013 438 3092 vides,
481 3015 875 3099 accepimus.
944 3014 1127 3084 Utile
1168 3015 1356 3095 foret,
1414 3016 1472 3081 si
1524 3016 1757 3083 saltem
1802 3015 2052 3102 aliquid
2094 3037 2201 3084 re-

252 3100 593 3183 sponderes
637 3100 961 3168 Stamaro.

405 3184 576 3268 Scis,
622 3185 925 3267 arbitror,
962 3186 1301 3254 Bromium
1337 3193 1564 3254 contra
1599 3187 1951 3273 Martyrem
1993 3195 2060 3255 et
2092 3210 2200 3255 me

247 3270 589 3338 verbosum
632 3280 699 3338 et
754 3272 952 3356 plane
1008 3274 1323 3357 ineptum,
1383 3280 1459 3339 ut
1511 3273 1680 3339 nihil
1731 3274 1910 3339 aliud
1963 3272 2198 3354 dicam,

246 3355 510 3425 edidisse
551 3358 823 3436 librum,
881 3380 1076 3443 quem
1131 3358 1468 3425 inscribit:
1527 3359 1633 3425 De
1676 3360 2016 3426 maiestate
2059 3360 2200 3426 Do·

246 3443 398 3508 mini
453 3444 672 3511 nostri
725 3443 883 3509 Iesu
934 3443 1191 3511 Christi
1244 3441 1329 3509 ad
1385 3444 1728 3510 dexteram
1786 3444 1937 3520 Dei,
1994 3453 2061 3510 et
2118 3444 2201 3510 de

243 3546 453 3679 3⁰15&
455 3528 1104 3681 {ffliffffissfli
1138 3529 2203 3699 {zfiffiffifflzaezzaeoem

245 3698 433 3784 impia
513 3701 819 3767 doctrina
880 3700 1229 3785 Eutychis.
1321 3701 1496 3765 Nam
1576 3701 1863 3785 corporis
1942 3700 2201 3768 Christi

241 3784 508 3866 gloriam
553 3788 630 3852 in
672 3785 871 3852 coelis
915 3796 983 3852 et
1025 3786 1323 3870 copulam
1358 3785 1773 3869 personalem
1808 3793 2200 3853 naturarum

242 3871 326 3935 ita
379 3871 721 3955 praedicat
773 3882 848 3936 ut
902 3873 1372 3956 proprietatem
1416 3872 1562 3936 veri
1614 3873 1903 3956 corporis
1948 3872 2199 3937 Christi

239 3968 519 4024 evacuet.
618 3957 872 4023 Mirum
930 3967 1049 4036 est,
1115 3958 1173 4022 si
1231 3965 1328 4022 tot
1380 3956 1514 4022 viri
1579 3955 1752 4023 docti
1817 3958 1890 4023 in
1947 3957 2200 4024 Christi

239 4042 516 4111 ecclesiis
564 4042 1043 4109 dissimulaturi
1101 4043 1240 4109 sint
1293 4042 1466 4108 hanc
1507 4041 1711 4110 huius
1752 4042 2040 4109 hominis
2084 4065 2198 4109 au-

237 4125 499 4195 daciam.
575 4128 861 4195 Mirifice
901 4129 1200 4215 exagitat
1220 4127 1433 4196 Besae
1474 4134 1544 4193 et
1578 4136 1879 4195 nostrum
1914 4128 2197 4194 dictum:

238 4210 449 4293 Quam
491 4215 708 4281 altum
751 4234 793 4279 a
834 4221 1017 4282 terra
1058 4215 1317 4281 coelum
1373 4214 1479 4293 sit,
1541 4220 1679 4279 tam
1721 4214 1916 4300 longe
1960 4234 2198 4298 corpus

235 4451 457 4507 aaut]
523 4451 1104 4510 emmeeamde‘ci.

427 4522 464 4577 2
523 4522 589 4575 N
632 4520 772 4575 3848

423 4660 490 4725 4)
525 4589 839 4715 2:3⁷3„
1001 4656 1270 4713 .Zoencln'
1310 4655 1371 4712 r.
1419 4655 1593 4713 vm.
1622 4672 1686 4728 p.
1715 4655 1804 4712 ss.

425 4727 487 4797 5)
529 4728 659 4783 Ra
758 4766 772 4782 .
820 4725 919 4781 156
1011 4724 1064 4782 4.
1135 4726 1326 4782 Elian
1370 4727 1707 4795 9manioe=
1776 4725 1904 4781 Von
1947 4726 2048 4781 der
2079 4727 2198 4782 Ma-

223 4794 386 4862 justat
417 4814 623 4851 unsre·
657 4797 694 4851 l.
783 4811 909 4849 errn
944 4812 999 4851 u.
1032 4793 1159 4849 Hei]
1192 4794 1247 4849 J.
1284 4793 1343 4850 C.
1378 4794 1516 4849 auch
1551 4811 1602 4848 v.
1638 4794 1692 4848 d.
1732 4794 1952 4849 wahren
2136 4811 2197 4850 n-

227 4865 538 4935 vflrtigkeit
572 4865 673 4920 des
706 4864 873 4919 Leibs
905 4864 1019 4918 und
1057 4862 1213 4917 Bluts
1246 4864 1321 4917 im
1357 4862 1703 4932 Nachtmahl,
1738 4863 1913 4918 wider
1943 4863 2009 4917 P.
2107 4882 2197 4918 ar-

225 4938 314 5002 tyr
343 4935 456 4989 und
490 4935 569 4989 Η.
609 4934 907 5003 Bullinger.
954 4933 1090 4987 Tub.
1129 4930 1277 4986 1562.
1311 4933 1364 4989 4.
1432 4933 1620 4987 Antea
1652 4937 1846 4987 coma
1878 4932 1984 4986 Br.
2021 4934 2135 4988 scr-i
2175 4968 2194 4979 -

225 5010 365 5057 εσσε
574 5003 587 5016 ’
661 5017 818 5057 nus.-
890 4999 1293 5071 Gagenbericbt
1354 5001 1439 5054 ufl’
1486 5001 1594 5054 den
1646 5001 1873 5055 Bericht
1922 5000 2057 5055 Hrn.
2142 5020 2194 5057 o.

222 5067 490 5127 &eumen
507 5089 566 5125 v.
587 5070 639 5123 d.
659 5070 896 5126 Himmel
919 5070 1029 5125 und
1059 5070 1159 5123 der
1178 5069 1486 5124 Gersschten
1505 5069 1717 5125 Gottss.
1753 5070 1878 5124 Zur.
1898 5069 2052 5124 1561.
2068 5068 2120 5125 8.
2142 5077 2197 5126 et

227 5136 449 5264 Μαι-εἴι-
483 5138 941 5210 οιωιπιᾱίιΙοςιιω
976 5139 1047 5193 de
1080 5144 1144 5193 ut
1245 5155 1315 5193 ue
1331 5138 1539 5193 Christi
1569 5138 1900 5208 natur-aaut.
1934 5139 2196 5209 dam.)

233 5205 343 5289 Τῇ.
413 5207 539 5263 561.
577 5207 662 5290 8..
687 5207 862 5265 Nunc
888 5207 1106 5278 prodiit
1136 5155 1475 5277 gavinum.-
1530 5207 1836 5290 Rpsponsio
1869 5224 1980 5291 qua
2011 5214 2193 5262 osten·

223 5276 366 5332 ditur
411 5284 751 5333 sententiam
798 5277 868 5331 de
911 5277 1064 5331 coelo
1114 5282 1172 5330 et
1213 5277 1444 5331 dextera
1489 5275 1592 5330 Dei
1642 5274 1958 5331 adversaria
1998 5276 2067 5332 D.
2113 5276 2189 5332 Io.

223 5345 430 5402 Brsntii
465 5348 752 5404 muntia
783 5363 894 5402 non
929 5362 1048 5401 esse
1083 5362 1347 5401 eversam.
1419 5345 1537 5416 Τίς.
1575 5342 1729 5403 1562.
1761 5345 1810 5400 8.

2005 435 2171 500 1562
2212 427 2542 497 OO‘DOB.

4151 435 4280 499 558

2312 635 2550 682 verum
2601 615 2879 683 Domini
2931 616 3159 684 abesse
3213 638 3255 683 a
3311 637 3530 685 coena.
3624 615 3763 684 Sed
3818 615 4045 685 vidisti
4106 618 4278 687 forte

2312 700 2575 767 librum.
2634 701 2778 768 Sub
2811 704 3011 770 finem
3034 702 3265 771 scribit
3285 703 3551 788 quidam
3572 702 3875 788 Alpheus
3898 703 4278 774 Valerianus

2310 785 2513 853 homo
2557 787 2830 855 fictitius
2872 788 2956 855 ad
2994 810 3119 870 me,
3166 797 3234 856 et
3274 788 3500 857 obiicit
3541 789 3709 855 mihi
3751 795 3935 856 tuam
3980 811 4065 855 ex
4106 809 4281 858 com·

2310 872 2638 938 mentatio
2692 874 2776 939 ad
2820 874 3147 959 Ephesios
3189 875 3811 960 'interpretationem
3869 874 3950 941 de
4004 874 4279 943 dextera

2308 956 2463 1037 Dei,
2507 966 2628 1026 etc.
2718 958 2944 1040 Quum
2988 968 3213 1027 autem
3257 962 3524 1027 omnino
3567 960 3669 1025 illi
3710 960 4106 1044 respondere
4146 969 4279 1028 sta·

2311 1044 2573 1124 merim,
2641 1066 2683 1110 a
2723 1053 2790 1111 te
2847 1051 3019 1129 peto,
3130 1044 3246 1112 uid
3303 1046 3403 1112 illi
3457 1047 3541 1112 ad
3605 1047 4033 1113 obiectionem
4093 1055 4278 1113 tuam

2311 1129 2712 1213 respondere
2755 1132 3022 1215 possim.
3147 1132 3244 1198 cio
3282 1133 3480 1212 enim,
3524 1141 3594 1197 te
3627 1133 3966 1200 nobiscum
4008 1134 4275 1212 sentire,

2312 1221 2382 1280 et
2423 1236 2558 1280 non
2599 1216 2811 1282 facere
2853 1238 3004 1283 cum
3046 1217 3181 1282 illis
3224 1226 3344 1286 etc.

2487 1300 2918 1386 Lantyravius
2969 1303 3149 1369 hisce
3207 1302 3435 1370 diebus
3491 1303 3674 1368 misit
3730 1302 3814 1368 ad
3866 1324 3972 1369 me
4026 1303 4275 1385 literas,

2312 1385 2551 1470 quibus
2587 1387 2933 1471 significat,
2972 1389 3182 1472 princi
3230 1411 3300 1456 es
3334 1390 3405 1454 in
3429 1388 3671 1455 futuris
3691 1388 4274 1458 Francofordianis

2311 1472 2595 1538 comitiis
2653 1473 2999 1540 concilium
3055 1475 3170 1539 Tri
3218 1475 3523 1541 entinum
3580 1482 4013 1541 recusaturos.
4085 1476 4277 1542 Misit

2313 1565 2534 1623 autem
2589 1557 2832 1624 librum
2890 1558 3162 1625 Caesari
3220 1559 3631 1626 offerendum
3683 1580 3814 1643 quo
3868 1568 4195 1628 recusant.
4214 1563 4276 1640 ⁶)

2311 1642 2675 1709 Dominum
2737 1666 2870 1724 oro,
2925 1655 3003 1709 ut
3057 1645 3206 1711 illos
3261 1648 3625 1712 confirmet.
3714 1644 3884 1711 Vale
3935 1668 4069 1712 una
4121 1668 4276 1713 cum

2309 1728 2629 1796 fratribus
2683 1739 2752 1794 et
2808 1732 3197 1816 symmystis
3254 1731 3576 1798 omnibus.
3663 1730 3893 1796 Nostri
3934 1752 4162 1799 omnes
4207 1740 4276 1799 te

2310 1835 2462 1879 cum
2527 1816 2659 1881 tuis
2722 1815 3030 1882 salutant.
3120 1815 3447 1884 Dominus
3510 1822 3730 1884 servet
3787 1826 3854 1882 te
3909 1818 4100 1884 nobis
4158 1816 4274 1885 diu

2309 1899 2725 1966 incolumem.
2817 1900 2997 1982 Quid
3062 1903 3397 1970 effecerint
3454 1904 3668 1968 nostri
3733 1901 3910 1985 apud
3953 1901 4274 1969 Mediola-

2310 2006 2549 2051 nenses
2575 1989 2633 2069 7)
2678 1986 2891 2052 adfert
2912 1987 3039 2065 hic,
3084 1989 3335 2072 opinor,
3381 1988 3661 2054 tabellio.
3731 1988 4074 2054 Habemus
4108 1989 4275 2054 ami-

2310 2092 2457 2136 cum
2494 2073 2566 2136 in
2602 2093 2752 2138 arce
2775 2072 3287 2140 Mediolanensi:
3333 2074 3394 2140 ei
3429 2075 3786 2159 scripserat
3806 2072 3891 2138 D.
3922 2074 4276 2144 Gessnerus

2310 2163 2378 2220 et
2421 2158 3001 2225 commendaverat
3042 2180 3311 2226 causam
3347 2160 3569 2227 vincti.
3638 2159 3818 2241 Quid
3860 2158 4278 2244 responderit

2308 2242 2640 2327 intelliges
2684 2266 2766 2309 ex
2811 2244 2917 2310 his
2967 2245 3292 2330 impositis
3335 2245 3741 2329 inclusisque
3783 2244 4015 2311 literis.
4086 2245 4272 2313 Cave

2308 2349 2395 2393 ne
2436 2349 2681 2395 nomen
2723 2330 2841 2395 ulli
2885 2330 3141 2414 prodas.
3229 2332 3524 2397 Remitte
3578 2340 3802 2398 autem
3858 2330 4085 2397 literas
4136 2352 4273 2399 uua

2308 2433 2462 2478 cum
2528 2414 2674 2482 aliis
2738 2415 2920 2482 hisce
2983 2417 3270 2484 insertis.
3362 2418 3618 2483 Iterum
3677 2416 4046 2501 iterumque
4101 2416 4268 2484 vale.

2310 2497 2578 2565 Salutat
2620 2509 2685 2567 te
2726 2502 2813 2568 D.
2866 2500 3235 2569 Gessnerus.
3321 2507 3419 2569 18.
3467 2502 3696 2569 Octob.
3751 2505 3933 2568 1562.

3441 2639 3874 2724 Bullingerus
3920 2647 4095 2706 tuus.

3182 3183 3385 3258 3866.

2845 3336 3259 3406 SYLVIUS
3306 3337 3742 3405 CALVINO.

2477 3508 2928 3575 Limnaninum
2967 3509 3275 3592 fautorem
3316 3509 3636 3577 haereseos
3677 3510 3972 3577 Arianae
4011 3511 4266 3595 eiusque

2302 3594 4265 3681 asseclasltalosdenmiaafideimaqisqumnsmzipmtaoe

2300 3680 2885 3849 fflmww,
2945 3686 3003 3746 et
3047 3679 3383 3747 Calvinum
3436 3681 3722 3748 hortatur
3776 3688 3846 3748 ut
3897 3687 4110 3750 contra
4160 3703 4264 3751 eos

2667 3936 2777 4005 (Ex
2815 3935 2949 3991 Cod.
2986 3935 3191 3991 Genev.
3226 3935 3347 4004 109,
3376 3936 3470 3991 fol.
3513 3936 3613 3992 118
3647 3938 3887 4008 autogr.)

2301 4104 2684 4174 Clarissimo
2739 4107 3036 4175 doctrina
3089 4115 3157 4173 et
3211 4109 3456 4192 pietate
3512 4109 4076 4193 praestantissimo
4117 4111 4261 4178 viro

2301 4193 2385 4258 D.
2406 4193 2645 4259 Ioanni
2674 4192 2951 4261 Calvino
2974 4193 3353 4261 Genevensi
3386 4196 3635 4278 pastori
3669 4193 3933 4262 domino
3968 4204 4037 4262 et
4069 4196 4261 4263 fratri

2921 4287 3307 4346 reverenter
3348 4277 3639 4346 colendo.

2528 4447 2830 4515 Gratiam
2874 4457 2942 4516 et
2983 4471 3211 4534 pacem
3254 4471 3373 4534 per
3414 4451 3637 4553 Iesum
3681 4450 4043 4519 Christum.

2472 4619 3045 4688 Excellentissime
3087 4622 3211 4703 vir,
3268 4642 3389 4706 pro
3452 4629 3569 4688 tua
3619 4624 3863 4688 eximia
3910 4622 4260 4706 prudentia

2297 4705 2490 4772 facile
2524 4727 2752 4790 parces
2795 4706 3075 4773 orationi
3117 4707 3417 4793 simplici,
3460 4708 3814 4776 candorem
3850 4729 4006 4777 vero
4047 4709 4261 4777 chris-

3688 4930 3700 4944 ·
3779 4931 3791 4945 Ο

2501 4927 2563 4995 6)
2600 4927 2693 4983 De
2723 4929 2829 4985 hac
2859 4931 3201 4986 recusatione
3233 4931 3296 4985 in
3321 4935 3587 4987 coum
3950 4934 4258 5000 proteum·

2293 4998 2430 5052 :iun
2471 4996 2689 5052 Fuldae
2733 5014 2771 5052 a
2804 4996 2875 5080 12
2917 4999 2996 5053 ad
3033 4998 3113 5053 18.
3154 4999 3297 5068 Sept.
3346 5001 3608 5056 celebrato
3649 5004 3983 5082 memo-atq
4015 5015 4064 5054 υ.
4098 4998 4258 5056 ,Neu-

2293 5065 2592 5259 gm
2526 5082 2673 5257 3⁶³-
2703 5066 3537 5261 ..mffleffm
3488 5066 4255 5209 amma:-
