4900 6125
297 446 405 513 177

288 637 428 705 iecit
463 637 531 703 in
572 634 863 703 latrinas.
939 636 1034 703 Et
1075 656 1451 721 quanquam
1495 635 1838 704 convictus
1882 636 1976 704 ita
2018 637 2219 721 perti-

288 722 518 789 naciter
555 721 838 808 negabat
878 729 955 789 ut
999 743 1236 806 parum
1279 721 1561 788 abfuerit
1604 744 1645 788 a
1687 744 1755 788 m
1893 723 1909 739 '
1948 721 2220 790 dedeco-

288 809 370 875 ris
407 807 705 892 periculo.
791 807 1025 874 Valuit
1065 815 1291 875 tamen
1333 815 1448 873 tua
1488 827 1790 876 commen
1877 810 1967 874 tio
2002 816 2070 876 et
2104 829 2220 893 pa-

287 892 397 960 tris
428 891 711 979 dignitas
744 900 820 959 ut
849 893 1101 979 placide
1134 892 1596 960 dimitteretur.
1653 893 1919 961 Invitus
1956 894 2221 980 quidem

286 979 397 1046 hoc
433 979 650 1080 attigi:
693 979 810 1046 sed
852 980 1005 1063 quia
1047 978 1176 1045 alia
1217 979 1300 1045 de
1343 1001 1415 1046 re
1458 980 1825 1063 scriptume
1860 1000 2042 1047 eram
2086 1000 2221 1047 non

282 1071 452 1216 ffitm
493 1085 764 1149 prorsus
809 1072 1044 1132 tacere.
1133 1064 1320 1131 Haec
1364 1085 1520 1131 vero
1562 1063 1892 1132 scribendi
1934 1067 2103 1131 ratio
2146 1073 2223 1131 ut

358 1170 511 1216 num
566 1150 769 1251 hunc·
802 1152 1020 1217 virum
1078 1150 1198 1216 tibi
1255 1149 1727 1251 commendem,
1794 1151 1982 1218 cuius
2045 1149 2222 1235 apud

283 1255 390 1388 {³33
418 1236 1368 1408 ssm‘ffliffiffiffffisz
1400 1236 2222 1401 2⁸..20222‘32'3332533323

282 1407 436 1474 trius
476 1414 544 1474 et
737 1406 776 1472 i.
864 1407 1099 1491 Itaque
1142 1406 1482 1492 reliquisse
1526 1407 1786 1489 dicitur,
1840 1408 1946 1476 vel
1989 1410 2062 1474 in
2105 1429 2222 1476 no-

281 1492 573 1570 minibus,
619 1514 699 1560 ve
767 1496 1067 1577 pecunia,
1110 1493 1215 1561 vel
1259 1493 1608 1575 mercibus,
1653 1493 1824 1578 quod
1869 1503 2057 1579 pater
2090 1516 2223 1561 non

282 1577 428 1644 adeo
468 1577 762 1662 locuples
806 1578 1275 1665 negligendum
1320 1599 1463 1646 esse
1503 1600 1639 1644 non
1680 1577 1888 1646 duxit.
1961 1579 2039 1648 Si
2073 1601 2224 1665 spes

280 1684 418 1730 eum
459 1684 596 1729 non
640 1662 1015 1745 fi'ustretur,
1061 1665 1186 1730 erit
1229 1663 1352 1731 hoc
1396 1663 1657 1750 aliquod
1715 1666 2015 1733 orbitatis
2059 1666 2223 1733 sola-

279 1751 449 1814 tium.
530 1749 685 1832 Quo
729 1751 995 1834 aequior
1032 1758 1135 1817 est
1176 1772 1391 1827 causa,
1437 1758 1506 1817 et
1547 1751 1743 1817 homo
1777 1751 1801 1816 i
1849 1773 1918 1818 se
1962 1760 2104 1818 tum
2141 1752 2224 1818 ob

277 1835 662 1919 probitatem
704 1843 850 1902 tum
891 1837 973 1903 ob
1018 1837 1401 1920 pauperiem
1445 1837 1749 1904 miserico
1831 1838 1894 1903 ia
1943 1837 2222 1922 dignior,

277 1939 348 1986 eo
399 1922 647 1988 maiore
700 1921 941 1989 fiducia
1000 1921 1114 1988 abs
1168 1931 1237 1988 te
1291 1929 1462 2006 peto,
1529 1926 1606 1987 ut
1648 1929 1716 1988 et
1758 1921 2027 1991 consilio
2072 1945 2225 1990 eum

279 2026 491 2092 regere
550 2012 621 2072 et
687 2007 914 2074 favore
968 2007 1225 2091 iuvare,
1282 2015 1349 2073 et
1404 2007 1640 2091 quibus
1690 2008 1936 2092 poteris
1993 2009 2223 2077 officiis

275 2111 428 2243 ffi
448 2093 760 2242 prosgqui
801 2114 887 2158 ne
921 2094 1234 2178 graveris.
1309 2093 1461 2158 Erit
1496 2093 1661 2161 haec
1693 2102 1812 2160 tua
1847 2094 2226 2163 inmanitas

646 2198 864 2244 asima.

500 2263 627 2343 ale,
666 2264 1082 2330 ornatissime
1116 2264 1223 2332 vir
1256 2272 1322 2331 et
1355 2264 1523 2330 mihi
1557 2286 1644 2331 ex
1678 2265 1899 2333 auimo
1933 2265 2222 2345 colende,

276 2347 595 2415 Dominus
647 2356 715 2414 te
773 2370 1032 2434 semper
1089 2349 1331 2434 spiritu
1389 2370 1508 2416 suo
1563 2350 1885 2436 gubernet
1919 2352 2224 2436 omnique

274 2432 782 2587 mztiouils5
787 2455 1043 2586 6810er
1100 2437 1169 2502 in
1226 2435 1366 2501 dies
1411 2444 1672 2521 augeat.
1757 2436 2075 2504 Genevae
2124 2441 2222 2505 16.

559 2541 655 2587 ris
873 2572 888 2587 .
1713 2534 1726 2548 ·

1405 2658 1690 2759 loannes
1734 2660 2055 2728 Calvinus

1445 2764 1530 2811 ex
1574 2766 1797 2811 ammo
1839 2759 2012 2813 tuus.

1139 3289 1341 3359 8052.

883 3443 1125 3511 BEZA
1171 3441 1606 3514 OALVINO.

430 3612 1151 3682 Breoioerdessaaueui
1169 3633 1516 3683 successore
1533 3615 1900 3697 merendo,
1923 3615 2231 3700 destraye

267 3700 812 3854 &adli-m
841 3701 1032 3782 fado,
1075 3700 1154 3766 de
1175 3698 1590 3767 Fama-imi
1629 3700 1952 3768 cardinali
1985 3700 2226 3767 media-

265 3954 395 4079 Q.
421 3954 769 4027 autographo
814 3954 949 4011 Ood.
995 3956 1205 4013 θεων.
1250 3955 1367 4022 117,
1413 3957 1506 4012 fol.
1542 3955 1632 4021 54,
1677 3956 1809 4012 God-
1846 3954 1967 4023 119,
2009 3956 2103 4011 fol.
2135 3954 2225 4023 89,

449 4025 620 4080 Bern-
677 4024 772 4080 vl.
825 4022 958 4092 959,
1014 4023 1425 4164 co‘kppSinllzr)
1467 4023 1586 4079 102.
1643 4053 1711 4065 -
1771 4024 1875 4079 Ed.
1928 4025 2106 4079 Baum
2155 4025 2224 4080 11.

437 4267 496 4330 A
541 4264 890 4331 Monsieur
930 4263 1272 4332 Monsieur
1312 4262 1729 4350 D’espeville.

1486 4352 1550 4418 A
1588 4348 2054 4417 villefranche.

437 4519 514 4588 S.
605 4519 832 4606 Buff
859 4525 916 4599 ¹)
990 4520 1218 4588 literas
1281 4528 1427 4588 tuto
1490 4520 1914 4607 perferendas
1976 4522 2225 4590 curavi.

273 4605 735 4674 Sacrana-ium
749 4606 807 4692 ²)
850 4613 1004 4673 tuae
1070 4607 1548 4692 exspectationi
1606 4607 1983 4674 satisfacere
2027 4606 2228 4691 plane

271 4692 546 4778 gaudeo.
635 4691 909 4760 Utinam
966 4694 1037 4758 in
1090 4692 1464 4777 quaerendo
1504 4691 1814 4761 Budaeus·
1855 4712 2227 4760 successore

269 4787 410 4844 tam
465 4778 629 4846 felix
669 4799 812 4845 esse
856 4778 1234 4863 potuissem.
1322 4778 1608 4846 Tentavi
1646 4778 1819 4863 quod
1863 4780 2068 4863 potui,
2111 4778 2229 4846 sed

270 4863 440 4930 nihil
515 4864 702 4931 effeci
779 4871 850 4931 et
909 4884 1058 4931 eam
1121 4883 1347 4930 curam
1410 4865 1544 4930 iam
1608 4864 2005 4947 abieceram,
2066 4885 2229 4949 quo·

1971 451 2132 516 1561
2178 448 2570 517 DEOEMB

4166 455 4293 518 178

2323 658 2520 791 anffi
2563 635 3072 791 ffleti'riterumdem
3069 637 3342 791 dgm‘iioia
3349 638 3849 824 ῃέκεὲἒτῗατηέξω
3863 722 4037 790 Nam
4080 744 4292 808 quum

2325 808 2490 877 haec
2582 808 2666 875 ad
2752 816 2819 875 te
2908 808 3264 876 scriberem
3357 820 3485 876 iter
3576 809 3999 895 ingrediebar
4075 810 4292 877 Lute-

2322 896 2488 961 tiam
2530 914 2766 961 versus
2824 914 2956 961 una
3011 916 3163 963 cum
3221 895 3609 967 Navarrena
3662 894 3778 962 ubi
3834 905 3994 979 puto
4035 916 4158 962 nos
4199 894 4293 962 ad

2323 979 2622 1048 triduum
2677 990 3040 1047 mansuros.
3128 981 3236 1048 De
3293 982 3490 1048 rebus
3548 981 3794 1048 nostris
3834 1002 4050 1065 nuper
4091 978 4176 1046 ad
4218 988 4295 1049 te

2322 1066 2539 1132 multa
2595 1066 2845 1150 scripsi.
2935 1067 2996 1132 A
3047 1066 3134 1133 ud
3190 1066 3551 1133 Ambianos
3605 1087 3850 1151 magna
3907 1072 4297 1132 nostrorum.

2325 1161 2582 1236 strages
2639 1152 2829 1217 facta.
2852 1156 2907 1223 ⁴)
3032 1160 3228 1237 taque
3284 1172 3521 1236 parum
3578 1152 3790 1219 abfuit
3841 1153 4003 1235 quin
4058 1173 4137 1218 eo
4178 1172 4291 1218 re-

2323 1250 2521 1323 pente
2599 1246 2977 1304 excurreret
3057 1236 3416 1316 Gondensis,
3500 1237 3614 1303 sed
3694 1236 3960 1304 tandem
4039 1237 4294 1321 placuit

2329 1322 2788 1407 Sam-pontium
2807 1325 2859 1400 ⁸)
2917 1323 3110 1402 mitti,
3166 1324 3279 1406 qui
3332 1344 3595 1390 severas
3653 1344 3897 1407 poenas
3952 1324 4177 1408 exigat
4218 1329 4293 1389 et

2326 1410 2572 1475 nostris
2626 1408 2928 1476 consulat
2980 1412 3052 1474 in
3105 1419 3463 1492 posterum.
3563 1407 3949 1474 Conventus
4005 1409 4291 1475 reiectus

2326 1500 2430 1561 est
2473 1493 2556 1560 ad
2599 1495 2891 1560 Ianuarii
2936 1493 3281 1575 Oalendas,
3339 1493 3527 1560 nobis
3571 1493 3999 1561 vehementer
4041 1513 4289 1579 repug-

2326 1580 2657 1646 nantibus.
2746 1578 2882 1645 Sed
2929 1579 3357 1646 nihilominus
3400 1579 3565 1645 bene
3609 1601 3819 1664 spero.

2498 1665 2810 1732 Nostram
2853 1665 3035 1730 illam
3067 1664 3120 1751 ⁰)
3166 1664 3283 1731 tibi
3327 1665 3584 1731 affirmo
3625 1665 3861 1731 melius
3904 1664 3977 1729 in
4022 1685 4144 1730 nos
4188 1665 4290 1731 af-

2323 1751 2566 1818 fectam
2608 1772 2753 1818 esse
2797 1772 2995 1834 quam
3032 1772 3321 1835 unquam
3357 1758 3569 1816 antea.
3639 1751 3745 1817 De
3778 1750 3992 1816 tribus
4025 1771 4287 1834 quoque

2325 1836 2537 1922 ipsius
2587 1836 2812 1903 liberis
2869 1837 3123 1902 utinam
3184 1835 3303 1902 tibi
3358 1836 3697 1920 sigillatim
3750 1836 3963 1901 multa
4026 1856 4289 1920 possem

2326 1923 2612 1990 scribere
2648 1942 2817 2007 quae
2852 1921 3141 2006 quotidie
3176 1943 3261 1987 ex
3295 1923 3491 1988 certis
3514 1921 3788 1988 testibus
3810 1921 4021 1987 audio.
4085 1921 4289 1989 Certe

2327 2007 2494 2074 tales
2538 2015 2694 2075 sunt
2736 2029 2855 2091 pro
2898 2029 3019 2074 sua
3063 2015 3295 2086 aetate,
3354 2007 3578 2090 quales
3622 2030 3706 2073 ne
3750 2029 3788 2073 o
3837 2016 3976 2074 tare
4019 2006 4287 2090 quidem

2325 2092 2628 2246 gossisff)
2698 2093 2804 2160 De
2838 2115 2983 2159 meo
3019 2091 3268 2191 collega
3287 2094 3343 2172 ⁸)
3378 2114 3720 2177 nunquam
3755 2115 3795 2159 a
3821 2094 3945 2158 iter
3978 2092 4291 2161 iudicavi.

2381 2178 2465 2245 ed
2509 2187 2731 2245 tamen
2775 2187 2879 2245 est
2918 2179 2990 2244 in
3037 2178 3299 2258 delitiis,
3355 2177 3516 2244 adeo
3558 2184 3719 2243 suut
3758 2199 4076 2263 perversa
4117 2178 4293 2245 mul-

2327 2272 2549 2331 torum
2588 2264 2853 2345 iudicia,
2908 2265 3213 2348 quamvis
3269 2264 3522 2329 interea
3579 2284 3714 2329 non
3759 2264 3973 2330 desint
4028 2264 4141 2348 qui
4183 2284 4291 2329 sa-

2327 2351 2536 2434 piant.
2622 2350 2771 2436 Ego
2829 2370 3003 2428 vero,
3051 2348 3403 2414 dummodo
3445 2370 3552 2414 res
3593 2347 3970 2433 procedant,
4034 2357 4295 2416 caetera

2329 2436 2497 2501 nihil
2541 2456 2779 2502 moror.
2866 2433 3152 2519 Singula
3195 2445 3417 2500 tamen
3461 2434 3813 2520 diligenter
3859 2436 4154 2514 observo,
4222 2443 4292 2501 et

2330 2520 2672 2588 hominem
2707 2543 2749 2588 a
2791 2529 2972 2588 recta
3006 2521 3118 2586 via
3150 2541 3235 2584 ne
3270 2519 3606 2586 tantillum
3642 2518 3908 2603 quidem
3944 2520 4290 2587 deflectere

2330 2608 2560 2690 patiar.
2653 2606 3092 2673 Nonnandius
3134 2605 3267 2671 iam
3312 2625 3567 2671 mecum
3611 2616 3731 2671 est.
3821 2605 4031 2673 Ouius
4086 2626 4292 2692 nego-

2328 2692 2426 2758 tia
2469 2714 2666 2776 quam
2710 2690 3209 2777 diligentissime
3252 2691 3398 2757 fieri
3463 2691 3702 2774 poterit
3744 2691 4005 2770 curabo,
4063 2713 4149 2758 ne
4192 2692 4291 2775 ip-

2329 2778 2469 2844 sius
2503 2778 2945 2861 praesentiam
2980 2776 3225 2842 diutius
3260 2776 3577 2859 requiras.
3643 2774 3833 2858 Quae
3866 2775 3948 2843 de
3987 2776 4293 2844 Nemorso

2329 2862 2673 2947 scripsisti,
2689 2867 2744 2942 ⁹)
2790 2863 3033 2930 nostris
3065 2872 3451 2946 pergratum
3484 2862 3609 2927 fuit
3639 2861 4029 2946 intelligere.
4102 2860 4287 2944 Quo-

2330 2970 2483 3015 rum
2526 2948 2727 3014 etiam
2767 2969 2942 3015 unus
2966 2951 3022 2991 ¹⁰
3093 2945 3507 3025 exclamavit,
3541 2968 3759 3014 seram
3794 2968 3938 3014 esse
3970 2948 4039 3013 in
4082 2948 4290 3014 fundo

2329 3034 2821 3134 parcimoniam.
2881 3121 2896 3135 .
2985 3120 3000 3134 ·
3079 3032 3330 3100 interea
3370 3032 3733 3132 lentissime
3776 3031 4293 3136 progrediuntur

2330 3119 2855 3290 ,ᾚηῖῗηῖἕῗοῗῖῑ
2876 3140 3616 3291 ¹8:¹13:..⁰33¹⁵³e.312¹.3·2
3640 3120 4294 3282 ιῖῗῖᾘαῗιὲῗίἓῗ

2330 3290 2413 3357 de
2454 3289 2733 3357 foedere.

2502 3377 2818 3461 Legatus,
2884 3375 2997 3441 ille
3053 3383 3211 3442 tuus
3270 3375 3683 3457 fraterculus,
3747 3383 3963 3443 mutat
4016 3396 4160 3443 sese
4215 3377 4291 3442 in

2327 3481 2559 3529 omnes
2600 3462 2801 3528 facies
2844 3469 2913 3528 et
2953 3460 3150 3528 valde
3193 3461 3661 3545 distorquetur,
3706 3468 3904 3546 atque
3937 3460 4118 3540 adeo,
4154 3462 4289 3528 nisi

2325 3547 2540 3628 fallor,
2586 3544 2907 3631 desperat.
2975 3546 3204 3613 Nostri
3244 3546 3639 3613 mediatores
3681 3549 3898 3615 nescio
3941 3545 4098 3631 quid
4133 3566 4289 3613 cum

2326 3653 2405 3699 eo
2447 3632 2833 3700 moliuntur.
2860 3632 2945 3720 ¹²)
3033 3630 3169 3699 Sed
3215 3631 3340 3699 hoc
3377 3631 3547 3700 nihil
3589 3632 3675 3699 ad
3718 3655 3840 3700 nos
3883 3633 4121 3718 quibus
4175 3634 4284 3698 in-

2530 3918 4293 3992 3)Baduellimncorluitflenr.8crimyeroeDm-doe‚

2435 3995 2599 4122 ἰαὶ)
2632 4055 2900 4112 Pareo-ot
2927 4055 2996 4112 de
3017 4055 3392 4129 mannum,
3419 4056 3901 4114 amonendo-rae
4019 4059 4032 4073 ⁸
4060 4060 4074 4074 ⁶
4194 4062 4291 4117 11.

2329 4125 2444 4192 (20.
2480 4125 2674 4195 Dec.).·
2716 4124 2772 4180 A
2808 4126 3032 4180 Aniena
3064 4123 3311 4196 j’entend
3342 4128 3458 4196 quil
3492 4144 3530 4197 y
3564 4131 3651 4181 ast
3685 4142 3755 4181 eu
3798 4129 4021 4184 aulcuns
4093 4146 4153 4186 es
4187 4148 4287 4187 no-

2327 4196 2508 4250 tables
2550 4196 2622 4250 de
2664 4194 2722 4248 la
2754 4193 2884 4248 ville
2931 4195 3025 4264 qui
3059 4200 3160 4249 ont
3204 4194 3322 4250 este
3368 4203 3492 4249 tuea
3528 4211 3597 4249 en
3639 4212 3747 4251 une
3782 4198 4020 4253 emotiou
4055 4215 4198 4270 pour
4229 4201 4291 4255 la

2326 4264 2574 4335 religion.
2641 4258 2838 4330 (mn.
2872 4261 2942 4318 dc
2978 4259 3168 4318 Gonde'
3197 4262 3268 4317 11.
3299 4261 3417 4347 19.)
3513 4334 3526 4346 .
3604 4332 3617 4345 .
3809 4333 3823 4346 ·

2533 4330 2596 4469 δὲ
2626 4330 2695 4387 de
2714 4330 3041 4413 Βςηανροηε,
3062 4329 3309 4388 Gonane·
3367 4331 3658 4387 πιοῦσαν.
3706 4331 3885 4400 (Hm.
3919 4334 4041 4391 eccl.
4075 4336 4118 4390 1.
4134 4334 4291 4406 458.)

2535 4400 2571 4454 6
2631 4398 3287 4470 Βοφωαοωαω.-
3537 4400 4291 4462 ΙσοοοοιιιιααΒοια,ωιιο

2537 4510 2598 4607 '15
2637 4535 2685 4593 0
2737 4550 2953 4593 caeam
3015 4537 3371 4608 prophetam!
3436 4536 3534 4592 Aa
3580 4539 3883 4608 morvine-
3952 4542 4289 4612 autent-apl&

2328 4607 2629 4678 adscripsit
2659 4621 2858 4661 nam
2891 4620 3120 4662 coaeum
3151 4605 3243 4662 Sic
3276 4611 3394 4661 tum
3423 4605 3671 4677 plerique
3704 4608 4081 4678 gallicisabant
4114 4619 4178 4665 ut
4210 4611 4283 4667 de

2328 4683 2508 4732 matre
2541 4682 2601 4732 et
2634 4675 2823 4729 liberis
2857 4690 2966 4728 non
3002 4675 3143 4729 male
3177 4681 3479 4757 sperarent.

3227 4750 3729 4813 κοππεσιωρωιο.

2329 5089 2582 5145 omnibus
2608 5088 2868 5157 pambus
2898 5087 3032 5142 bene
3062 5086 3200 5170 velle·
3225 5061 3517 5151 videretur,
3543 5100 3615 5168 ‘eo
3642 5100 3814 5168 usquc
3842 5099 4167 5168 propensu
4198 5096 4279 5144 σα

2550 5363 2565 5378 .
2595 5323 2655 5377 3-
2693 5292 2953 5376 Lamud
2986 5291 3116 5347 184.-
3160 5293 3337 5348 Andio
3370 5292 3634 5374 Reginam
3667 5296 3728 5344 et
3746 5290 4149 5374 ‘cancellarium
4182 5311 4293 5350 cn·-

2332 5379 2486 5419 rasse
2519 5367 2623 5421 sibi
2657 5360 2823 5417 σοι-»Ἧι
2865 5360 3097 5416 formam
3130 5360 3526 5417 emendationis
3569 5360 3917 5500 welunssm
3951 5378 4115 5431 quam
4148 5378 4301 5422 con-—
