4900 6125
295 383 396 446 865

291 568 381 636 (Ex
412 563 741 633 sompho
775 563 939 619 Areh.
979 564 1161 621 Turio.
1208 563 1356 620 Plut.
1405 563 1499 618 vl.
1536 563 1660 619 Vol.
1695 560 1814 623 129,
1868 562 1999 616 olim
2034 561 2208 616 Scrin-

464 633 525 688 Β.
561 633 701 704 Epp.
737 633 892 690 Tem.
926 630 1013 698 30,
1051 634 1142 689 fol.
1177 630 1297 688 452.
1337 658 1403 672 -
1440 633 1655 687 Simler.
1692 632 1821 687 Vol.
1860 629 2006 699 106.)

289 805 638 874 Clarissimo
681 805 823 871 viro
858 802 944 869 D.
969 804 1207 869 Ioanni
1245 802 1528 869 Calvino
1571 801 1954 868 fidelissimo
1991 798 2210 866 Gene-

288 891 481 958 vensis
522 890 831 956 ecclesiae
872 887 1673 1041 mfflffioogloissiirgioomeo
1716 884 2099 953 honorando
2144 893 2213 951 et

430 1145 497 1214 S.
534 1148 620 1213 D.
692 1147 834 1232 Ago
879 1145 997 1212 tibi
1042 1146 1291 1230 gratias
1347 1165 1509 1228 quas
1554 1164 1820 1227 possum
1865 1144 2207 1223 maximas,

280 1232 615 1300 reverende
655 1233 762 1299 vir
804 1239 872 1299 et
915 1230 1177 1297 domine
1228 1229 1681 1297 colendissimo
1724 1229 2058 1313 fraterque
2102 1250 2210 1295 ca-

280 1320 527 1398 rissime,
564 1340 684 1402 pro
718 1318 833 1384 illo
866 1317 1241 1384 felicissimo
1278 1337 1446 1382 evan
1496 1316 1639 1381 elio.
1668 1320 1720 1392 ¹)
1780 1315 1997 1381 Multa
2032 1316 2211 1381 enim

277 1407 336 1470 in
368 1406 511 1471 unis
550 1403 764 1470 literis
798 1403 1201 1471 coniunxisti
1239 1402 1409 1468 laeta
1488 1424 1526 1467 e
1560 1400 1840 1467 liberata
1873 1401 2211 1468 obsidione

278 1497 453 1576 (quae
495 1497 762 1574 propter
801 1488 1179 1573 exemplum
1226 1487 1626 1570 Rothomagi
1670 1488 1914 1552 mirum
1959 1488 2027 1552 in
2072 1508 2210 1553 mo-

274 1577 412 1642 dum
465 1597 587 1642 nos
647 1575 868 1657 torsit)
924 1574 1198 1641 Aurelia
1265 1595 1383 1657 per
1447 1573 1733 1639 reditum
1799 1573 2211 1657 inopinatum

274 1662 643 1738 Adnue-aldi,
666 1666 722 1735 ²)
778 1661 859 1727 de
918 1662 1154 1728 iuvene
1212 1681 1369 1744 rege
1416 1659 1759 1725 Navarrae
1816 1666 1883 1723 et
1926 1658 2007 1724 de
2065 1659 2211 1743 ipsa

272 1748 483 1832 reffina
522 1759 754 1814 matre.
840 1748 1205 1813 Dominum
1249 1767 1514 1811 oramus
1560 1757 1634 1811 ut
1686 1743 1804 1810 hos
1849 1747 2208 1822 confirmet,

270 1845 327 1898 et
356 1833 714 1913 Aureliam,
758 1833 817 1900 si
860 1830 1153 1898 noudum
1180 1841 1290 1930 ‚est
1333 1830 1633 1930 liberata,
1677 1839 1936 1931 mature
1974 1830 2212 1929 liberet

264 1916 1779 2087 msszabfflfffflsszffsszsuz
1801 1915 2209 2082 {lasau

262 2090 437 2157 malis
480 2091 789 2158 afficeret.

416 2175 789 2242 Redierunt
831 2199 912 2242 ex
959 2175 1193 2243 castris
1216 2174 1585 2259 Guysianis
1605 2173 1856 2257 aliquot
1877 2172 2141 2253 milites,
2153 2177 2208 2253 ⁸)

258 2273 315 2325 et
344 2263 518 2328 inter
555 2262 678 2328 hos
714 2262 850 2328 dux
885 2282 1062 2328 unus
1098 2271 1165 2326 et
1207 2260 1392 2326 alter.
1463 2259 1716 2326 Petunt
1758 2260 1840 2326 ab
1886 2269 2031 2325 octo
2074 2259 2208 2325 illis

254 2347 450 2432 pagis,
495 2348 604 2415 vel
651 2369 771 2413 sex
815 2347 1004 2433 pagis
1047 2354 1116 2413 et
1158 2345 1409 2412 duobus
1454 2344 1732 2429 oppidis,
1776 2345 2055 2410 militem
2102 2367 2207 2411 re-

254 2442 498 2500 centem
514 2484 532 2512 ,
602 2433 697 2499 illi
764 2443 1009 2500 vocant
1074 2431 1607 2517 supplementum
1674 2431 2070 2498 vexillorum
2135 2433 2209 2497 in

253 2517 479 2585 Gallia.
568 2518 898 2585 Audimus
944 2519 1093 2586 illos
1136 2517 1408 2584 mentiri
1450 2516 1840 2602 prodigiose,
1900 2536 1977 2582 ac
2031 2516 2207 2583 inter

252 2604 373 2670 alia
411 2607 485 2671 in
521 2596 752 2690 pugna
793 2607 962 2671 forte
1006 2609 1131 2670 300
1170 2624 1313 2669 esse
1349 2602 1767 2682 desideratos,
1815 2602 1979 2669 alios
2024 2610 2207 2685 peste

250 2692 623 2757 exstinctos.
705 2691 902 2759 Unde
945 2691 1077 2756 iam
1122 2700 1354 2773 petunt
1400 2688 1525 2754 sibi
1569 2688 1835 2756 concedi
1890 2692 2054 2754 1500
2100 2688 2209 2754 vel

250 2780 425 2842 2000.
520 2778 617 2843 Et
671 2775 935 2861 quidem
1002 2775 1411 2842 arbitrantur
1470 2774 1581 2839 alii
1645 2781 1719 2838 14
1779 2774 1972 2856 signa
2028 2793 2210 2840 nova

248 2862 706 2942 submittenda,
752 2883 837 2928 ne
873 2864 928 2928 si
964 2860 1227 2946 pauculi
1262 2860 1361 2926 illi
1395 2862 1748 2926 mittantur
1783 2860 2205 2942 intercipian-

244 2957 345 3012 tur
404 2949 480 3014 in
548 2949 804 3015 itinere.
899 2947 1141 3015 Sciunt
1205 2947 1383 3013 enim
1451 2967 1697 3012 novum
1766 2945 2041 3011 militem
2101 2945 2205 3011 vel

244 3033 607 3117 equitatum
631 3034 1108 3102 Germanicum
1152 3041 1486 3101 recentem
1521 3032 1929 3118 Lugdunum
1966 3038 2204 3098 ventu-

242 3140 399 3186 rum.
506 3119 692 3188 Sunt
755 3121 868 3186 alii
932 3122 1046 3205 qui
1112 3119 1367 3185 nullum
1436 3117 1834 3185 mittendum
1899 3118 2200 3184 suadent.

240 3202 488 3273 Omnes
524 3220 753 3273 tamen
787 3214 1107 3291 quotquot
1141 3203 1370 3271 audivi
1403 3203 1729 3270 mittenda
1763 3203 1994 3270 saltem
2032 3208 2204 3269 2000

237 3292 640 3359 existimant.
714 3290 911 3374 Quod
955 3292 1010 3358 si
1035 3290 1459 3358 Admiraldus
1492 3289 1835 3357 obsidione
1856 3289 2201 3355 Aureliam

238 3376 446 3457 solvit,
504 3379 757 3444 frustra
799 3378 881 3444 de
936 3378 1391 3462 supplemento
1436 3375 1762 3442 mittendo
1805 3374 2198 3443 consultant.

237 3460 310 3527 Si
350 3463 557 3531 rediit
601 3486 683 3529 ex
728 3463 1157 3541 Normandia,
1213 3462 1402 3529 facile
1507 3460 1837 3528 robibebit
1880 3482 1965 3526 ne
2008 3482 2200 3527 exer·

236 3550 399 3615 citus
444 3552 710 3633 possint
750 3550 1169 3633 coniungere.
1241 3548 1337 3613 Te
1380 3569 1424 3614 v
1493 3548 1576 3614 de
1619 3568 1778 3632 rogo
1811 3556 1905 3625 ut,
1952 3548 2011 3613 si
2044 3544 2202 3629 quid

235 3637 393 3699 certi
452 3636 791 3719 acceperis
851 3634 934 3700 de
978 3634 1247 3700 Aurelia
1302 3646 1371 3698 et
1428 3635 1632 3714 copiis
1690 3633 2068 3699 Admiraldi
2124 3652 2201 3699 ac

234 3721 629 3804 Anglorum,
674 3741 794 3804 per
840 3721 1257 3787 Ionvillaeum
1299 3720 1498 3786 scribi
1541 3717 1627 3784 ad
1668 3738 1792 3784 nos
1835 3739 2042 3785 cures.

398 3806 626 3873 Betae
691 3807 757 3872 in
804 3806 1119 3890 Angliam
1178 3806 1534 3872 traiecturo
1563 3809 1618 3882 ⁴)
1682 3801 2200 3870 benedictionem

229 3911 267 3954 a
306 3890 610 3958 Domino
665 3911 1028 3976 precamur,
1089 3910 1477 3974 oramusque
1536 3902 1629 3969 ut,
1689 3890 1746 3956 si
1801 3888 2061 3973 quando
2116 3888 2199 3955 ad

230 3976 444 4077 ipsum
484 3978 850 4062 scripseris,
888 3977 1106 4061 ipsum
1131 3986 1357 4042 nostro
1381 3977 1650 4042 nomine
1685 3976 1932 4042 salutes
1966 3975 2200 4041 huma·

228 4082 524 4129 menime.

400 4150 612 4215 Mitto
656 4148 767 4215 hic
809 4148 1175 4214 Historiam
1235 4147 1816 4213 sacramentarium
1861 4167 1902 4211 a
2042 4167 2201 4212 nero

226 4253 373 4300 meo
422 4235 745 4300 Lavatem
789 4234 1263 4319 consignatam,
1282 4235 1342 4309 ὃ)
1387 4242 1457 4298 et
1498 4230 1884 4298 Orationem
1995 4232 2202 4298 terius

227 4322 357 4385 mei
426 4321 667 4405 generi
733 4319 946 4385 Iosiae
1018 4318 1279 4385 Simleri
1340 4319 1413 4383 in
1478 4319 1728 4384 obitum
1786 4317 2120 4402 Martyris.
2145 4322 2201 4396 ⁶)

224 4542 946 4607 8018.an
980 4542 1172 4596 uteru
1207 4541 1283 4595 ad
1317 4555 1459 4610 quac
1492 4541 1582 4596 Ιιὲο
1616 4539 1832 4596 caudit.

436 4612 501 4679 2)
540 4612 746 4679 falsu-
788 4625 1060 4666 rumorem
1115 4611 1286 4676 referi
1330 4626 1497 4681 quun
1552 4608 1878 4664 Adonin-alde·
1931 4609 2203 4665 σεσοὲᾱιε

224 4681 441 4737 denu-
491 4679 1306 4751 manualia-*tiemaro
1339 4679 1583 4741 πιοῦσι-ἐι,
1634 4679 1755 4747 ipse
1788 4693 1843 4733 a.
1879 4676 1935 4733 d.
1972 4676 2044 4730 X.
2085 4676 2200 4732 Cal.

222 4752 365 4874 ἐξ.
380 4748 1033 4881 ΠΛαΞ-ἑξααδῧδοξρυῖιηε.
1103 4747 1278 4816 (Hm.
1325 4748 1422 4803 dee
1455 4748 1641 4802 enom
1675 4746 1825 4801 nin.
1863 4744 1979 4800 165.
2047 4744 2200 4801 Hm.

432 4887 473 4941 3
542 4888 732 4969 Bonna
766 4886 833 4940 11.
870 4886 1018 4954 App.
1049 4883 1170 4939 206.

432 4896 505 5094 ἐξ
540 4955 788 5079 Ηγὶῗῶήι
820 5023 889 5078 de
926 4994 1143 5105 origine
1169 5030 1225 5077 et
1261 5037 1553 5145 progressu
1587 5021 1988 5075 controversiae
2022 5036 2200 5074 sacra·

219 5095 545 5149 mauri-0
581 5093 649 5148 de
685 5108 854 5147 coena
888 5092 1109 5146 Donum
1144 5090 1214 5147 ab
1249 5109 1295 5145 a.
1334 5090 1364 5143 1
1402 5088 1472 5143 24

1507 5107 1571 5144 us
1612 5105 1681 5144 ue
1723 5090 1789 5145 od
1837 5108 1883 5143 a.
1936 5087 2074 5143 1563
2107 5089 2200 5142 de·

219 5163 406 5218 dueta.
545 5106 1741 5242 mmo-oulbeussqermloess‘bffi‘
2086 5226 2099 5239 ⁸

659 5230 740 5284 tio
774 5230 844 5284 de
878 5231 996 5283 vit·
1030 5236 1087 5283 et
1122 5228 1274 5284 obitu
1312 5229 1372 5283 P.
1408 5229 1481 5282 Μ.
1519 5227 1781 5282 Vermihi.
1818 5226 1959 5281 Item
1993 5232 2200 5296 script·

219 5302 506 5369 quaedam
548 5299 614 5353 P.
650 5299 911 5369 Martyris
944 5299 1012 5353 de
1048 5297 1395 5353 Eucharistia
1428 5303 1529 5351 etc.
1601 5296 1720 5366 Τίς.
1755 5294 1907 5349 1563.
1943 5297 1992 5348 4.

2032 373 2194 438 1668
2237 371 2523 439 MART.

4151 377 4278 443 006

2318 559 2628 625 Alterum
2672 558 2793 625 tibi
2838 560 3151 638 servabis,
3195 559 3478 627 alterum
3522 561 3726 645 (quod
3772 562 4084 636 volueris)
4131 565 4279 630 Ion-

2314 645 2541 712 villaco
2583 655 2808 712 nostro
2851 644 3055 724 dabis,
3116 667 3253 711 una
3307 666 3459 712 cum
3503 645 3726 714 decem
3782 648 3917 714 illis
3959 648 4276 716 batzioui·

2314 731 2457 799 bus.
2529 733 2676 815 Ago
2720 730 2820 796 illi
2862 733 3187 798 maximas
3222 732 3468 816 gratias
3504 743 3571 798 et
3612 754 3838 799 meum
3881 735 3939 800 ei
3987 735 4276 802 vicissim

2314 817 2536 917 offero·
2560 816 2964 901 obsequium.
3052 817 3272 898 Quam
3315 819 3598 918 primum
3643 841 3887 886 excusa
3929 821 4133 886 fuerit
4175 843 4275 889 re-

2314 922 2839 1070 ffimffi,
2856 903 3449 1074 εἳὛωξὲἭωἾ
3462 905 4278 1075 qssssmsspfflssiussfflffi

2314 1093 2432 1140 vos
2475 1075 2758 1141 mittam.
2845 1074 3244 1141 Germanica
3285 1096 3433 1141 mea
3475 1077 3606 1142 iam
3651 1098 3891 1143 excusa
3934 1086 4050 1143 est.

2487 1160 2595 1225 Ex
2648 1160 2844 1225 Italia
2896 1160 3009 1225 alii
3061 1162 3376 1240 scribunt,
3420 1161 3902 1247 Letharinqium
3948 1185 3987 1228 a
4031 1163 4274 1246 princi-

2317 1244 2436 1311 bus
2471 1245 2705 1312 Italiae
2739 1247 3005 1329 petiisse
3049 1246 3297 1312 auxilia
3338 1256 3567 1313 contra
3600 1247 4056 1333 Hugonothos.
4135 1249 4276 1315 Alii

2315 1331 2504 1396 aiunt
2561 1332 2952 1414 promissam
3011 1332 3108 1398 illi
3167 1354 3312 1398 esse
3377 1342 3622 1399 certam
3682 1335 4046 1418 pecuniam.
4135 1335 4276 1401 Alii

2314 1425 2582 1501 negant,
2627 1417 2798 1501 quod
2840 1427 3147 1484 metuant
3177 1418 3522 1486 'Purcicam
3567 1420 3863 1486 classem.
3932 1421 4070 1485 Alii
4113 1422 4273 1488 scri-

2318 1503 2487 1568 bunt
2527 1504 2732 1569 ictum
2776 1503 3004 1569 foedus
3046 1504 3375 1571 Brusillae
3417 1525 3553 1571 non
3596 1506 3823 1589 procul
3864 1527 3905 1571 a
3947 1507 4273 1586 Bononia,

2315 1589 2428 1654 ubi
2464 1590 2916 1668 convenerint,
2960 1599 3027 1655 et
3060 1590 3344 1657 foederis
3377 1592 3841 1673 imperatorem
3862 1611 4004 1658 esse
4029 1592 4272 1658 Sabou-

2313 1674 2462 1740 diae
2496 1675 2880 1759 principem,
2905 1676 3018 1759 qui
3054 1677 3387 1742 communi
3421 1676 3690 1742 nomine
3724 1679 3945 1743 iussus
3979 1678 4067 1743 sit
4101 1680 4273 1745 iusto

2314 1761 2609 1826 exercitu
2655 1760 2943 1846 aggredi,
3005 1761 3274 1828 dubium
3331 1784 3416 1827 an
3464 1762 3810 1829 Genevam
3854 1764 4137 1845 primum
4181 1784 4272 1830 an

2313 1845 2745 1929 Lugdunum.
2828 1848 2923 1914 Et
2979 1847 3140 1913 haec
3196 1849 3418 1913 omnia
3475 1849 3617 1914 fieri
3677 1850 3980 1931 auspiciis
4039 1850 4272 1916 Letha-

2312 1933 2530 2015 rinyii.
2601 1932 2803 1999 Uerta
2843 1940 3068 1999 tamen
3125 1954 3260 1999 non
3315 1935 3526 2000 refero
3570 1934 3708 2012 tibi,
3768 1936 3987 2014 frater,
4033 1934 4148 2002 sed
4193 1957 4273 2002 ea

2312 2025 2571 2083 tantum
2617 2040 2785 2102 quae
2829 2040 2910 2084 ex
2956 2021 3314 2085 amicorum
3356 2018 3566 2087 literis
3610 2041 3693 2085 ex
3729 2020 4018 2086 Rhaetia
4050 2022 4272 2088 missis

2312 2103 2633 2170 intellexi.
2744 2104 2931 2172 Haec
2993 2105 3216 2189 itaque
3281 2105 3402 2170 tibi
3468 2112 3544 2171 ut
3605 2106 3977 2172 rumoribus
4041 2128 4273 2191 sparsa

2310 2189 2546 2256 scribo.
2618 2190 2791 2256 Vale
2833 2199 3195 2268 aeternum,
3255 2213 3389 2257 una
3431 2213 3583 2258 cum
3628 2192 4015 2277 symmystis
4058 2194 4266 2258 omni·

2311 2273 2453 2341 bus.
2526 2273 2781 2343 Omnes
2841 2288 3247 2362 symmystae
3311 2285 3381 2342 te
3445 2276 3741 2343 salutant
3795 2278 4272 2344 humanissime

2310 2381 2461 2426 cum
2520 2362 2822 2429 omnibus
2879 2364 3029 2427 tuis.
3102 2363 3433 2429 Dominus
3488 2373 3708 2429 servet
3752 2384 3867 2429 vos
3911 2364 4269 2430 incolumes

2311 2445 2394 2512 ab
2438 2448 2621 2512 omni
2664 2448 2857 2514 malo.
2931 2449 3159 2533 Tiguri
3206 2452 3267 2513 8.
3314 2448 3544 2515 Martii
3597 2453 3777 2515 1568.

3449 2602 3879 2689 Bullingerus
3922 2613 4094 2669 tuus.

2485 2807 2624 2875 Oro
2681 2828 2802 2874 vos
2856 2829 3055 2891 quam
3115 2809 3403 2875 maxime
3460 2810 3704 2875 curetis
3767 2830 3852 2874 ne
3916 2808 4077 2875 haec
4134 2808 4266 2874 duo

2311 2894 2621 2978 exempla
2663 2915 2704 2960 a
2747 2893 3183 2961 mmmmm
3235 2895 3304 2961 in
3350 2894 3550 2960 ullius
3593 2916 3831 2961 manus
3874 2894 4267 2978 perveniant

2309 2981 2425 3064 qui
2469 2981 2647 3066 typis
2689 2979 2930 3046 recuda
2992 2989 3191 3065 atque
3225 2982 3322 3046 ita
3356 2981 3668 3046 damnum
3704 2979 3830 3046 det.
3900 2980 4044 3046 Iam
4090 3000 4265 3046 nunc

2309 3063 2612 3148 prodiere
2676 3067 2966 3134 recentia
3023 3089 3105 3134 ex
3171 3066 3628 3153 typographia.
3700 3068 3856 3133 Mea
3909 3068 4095 3135 vobis
4147 3088 4263 3133 ex-

2307 3152 2527 3303 eraepla
2588 3153 2811 3219 mitto:
2887 3152 3054 3219 nulli
3120 3152 3406 3220 dedisset
3469 3152 3602 3219 alii.
3691 3152 4062 3233 Festinavi,
4132 3173 4265 3219 non

3190 3801 3378 3871 8214.

2698 3974 3344 4043 IONVILLAEUS
3390 3972 3866 4041 WOLPHIO.

2298 4419 2660 4491 (Excerptum
2710 4436 2778 4475 ex
2823 4420 3176 4544 sategi-spa>-
3197 4419 3376 4545 {321⁰ss
3378 4436 3492 4554 gv)
3527 4419 3703 4473 Turio.
3741 4419 3806 4473 F.
3834 4416 3905 4471 89
3951 4418 4080 4472 olim
4118 4417 4260 4488 Bpp.

2477 4660 2743 4726 Eximio
2787 4661 2927 4727 viro
2960 4661 3048 4726 D.
3084 4659 3324 4725 Ioanni
3358 4658 3673 4743 Wolphio
3716 4657 4028 4726 ecclesiae
4054 4658 4258 4743 Tigu-

2303 4746 2491 4813 rinae
2533 4745 2668 4811 fido
2707 4747 2954 4832 pastori
2997 4745 3163 4811 mihi
3206 4744 3570 4830 plurimum
3613 4743 4041 4811 observando.

3832 4831 4081 4915 ‘rigum

2601 5087 3048 5213 §fflsffi
3084 5158 3387 5228 naumain
3433 5156 3504 5210 αι
3549 5156 3870 5210 maledicum
3906 5154 3970 5209 r.
4006 5155 4256 5210 smmi

2300 5225 2668 5365 1431>ngng
2673 5228 2881 5352 eologsss
2904 5228 2917 5240 ⁴
2955 5228 3266 5349 :ministros
3300 5227 3370 5281 de
3405 5225 3678 5281 'trinitate
3712 5232 3771 5279 et
3789 5224 4091 5280 Mediatore
4126 5225 4173 5283 1.
4193 5225 4255 5281 C.
