4900 6125
337 386 454 453 105

329 573 612 639 miserat.
699 570 809 639 De
870 593 1020 640 mea
1053 571 1430 641 valetudiue
1475 572 1702 640 audies
1744 594 1830 640 ex
1864 570 1991 638 hoc
2035 569 2278 638 nuncio

329 666 396 724 et
448 654 529 724 de
584 665 771 724 motu
813 652 1402 726 Moutelimardico.
1424 662 1484 737 ⁸)
1572 657 1871 727 Salutem
1925 655 2279 742 plurimam

327 741 466 810 dieo
506 742 777 829 collegis
819 752 889 810 et
929 744 1245 811 &utribus
1289 744 1610 812 omnibus.
1696 743 1868 810 Vale
1909 742 2162 827 optime.
2203 763 2280 809 ae

325 826 688 981 diutissilme
729 837 800 896 et
841 839 1026 897 tuam
1068 849 1228 898 eura
1271 828 1732 898 valetudinem.
1813 828 2129 895 Nemausi
2179 830 2277 893 17.

321 912 566 981 Decem
617 965 632 981 .
656 919 715 997 ‘)

1297 1051 1482 1118 'l’nus
1523 1051 1767 1118 Petrus
1811 1052 2105 1118 Viretus.

1201 1598 1406 1669 8⁶58.

806 1752 1239 1823 SURAEUS
1265 1756 1319 1835 ¹)
1355 1749 1792 1821 OALVINO.

487 1924 746 1992 Laudat
799 1926 1087 1993 ecclesiae
1138 1924 1629 1992 Aurelianensis
1672 1924 1861 1990 laetos
1891 1942 2271 2008 promes-ms

391 2010 426 2076 ι’
480 2017 631 2077 aaut
671 2011 983 2079 eimedi
1024 2016 1097 2078 ut
1126 2010 1429 2093 pluribus
1470 2028 1627 2092 opus
1678 2006 1902 2075 habeat
1931 2009 2266 2075 ministris.

305 2031 1186 2250 ἓαῧιέηωαέἒοοαναηᾶἰε
1235 2101 1295 2163 et
1343 2097 1492 2178 ipsa
1541 2095 1775 2180 sataqit
1826 2099 1882 2161 et
1937 2092 2271 2161 Calvinum

642 2353 753 2421 (Ex
790 2352 1134 2424 autographo
1171 2350 1305 2408 ood.
1342 2351 1478 2407 Gen.
1516 2349 1637 2415 109,
1669 2351 1761 2407 sol.
1798 2349 1946 2419 186.)

483 2525 831 2592 Monsieur
871 2524 1212 2591 Monsieur
1252 2522 1511 2592 Calvin.

1691 2608 1754 2675 A
1799 2607 2094 2675 Geneve.

376 2781 621 2849 Gratia
653 2788 723 2847 et
754 2800 886 2865 pax
922 2801 962 2847 a
995 2779 1141 2846 Deo
1174 2786 1362 2865 patre
1397 2784 1464 2845 et
1497 2779 1650 2846 Iesu
1685 2777 1954 2846 Christo
1988 2776 2077 2844 D.
2113 2775 2196 2843 N.

482 2952 635 3018 Etsi
690 2950 868 3016 aliud
928 2950 1124 3036 louge
1182 2970 1224 3016 a
1417 2956 1648 3017 entum
1706 2947 1790 3015 ad
1832 2958 1901 3015 te
1943 2947 2271 3017 scribendi

304 3038 656 3119 habebam,
699 3037 946 3123 optime
985 3044 1192 3123 pater,
1236 3060 1293 3105 si
1332 3036 1444 3106 vel
1486 3042 1678 3102 tuum
1723 3035 1795 3101 in
1836 3055 1945 3102 me
1979 3053 2270 3102 amorem

301 3125 419 3194 vel
471 3145 689 3192 seram
738 3143 954 3190 meam
1112 3123 1356 3191 tiarum
1398 3124 1720 3191 actionem
1764 3122 1986 3187 animo
2025 3120 2269 3187 vellem

302 3209 673 3296 complecti,
730 3215 955 3277 tamen
1058 3229 1134 3277 oe
1188 3229 1401 3294 genus
1456 3207 1539 3274 ad
1584 3216 1656 3274 te
1697 3205 2038 3273 literarum
2079 3225 2268 3290 pere-

301 3296 581 3382 grinum
623 3303 742 3361 aut
779 3295 1202 3362 temerarium
1245 3294 1517 3361 minime
1557 3292 1983 3373 existimabis,
2025 3298 2104 3359 ut
2144 3311 2269 3377 ego

303 3380 576 3467 quidem
605 3380 930 3461 existimo,
965 3380 1025 3445 si
1067 3380 1414 3447 consilium
1448 3401 1584 3446 non
1631 3386 1769 3445 tam
1811 3398 2036 3445 meum
2069 3398 2269 3462 quam

303 3467 516 3534 totius
593 3467 803 3534 nostri
880 3466 953 3532 in
1025 3464 1296 3533 Christo
1371 3472 1597 3534 coetus
1912 3463 2068 3530 dere
2132 3483 2268 3529 non

434 3552 710 3619 vaberis.
781 3551 883 3619 Ae
924 3557 1003 3617 ut
1044 3551 1126 3617 de
1168 3572 1275 3618 me
1317 3552 1605 3635 primum
1689 3550 1874 3629 ‘cam‚
1915 3548 2088 3634 quod
2128 3554 2270 3615 tam

357 3639 374 3654 ⁶
429 3647 633 3704 turno
698 3636 960 3704 silentio
1016 3638 1197 3704 visus
1254 3658 1402 3703 sum
1458 3636 1566 3704 vel
1621 3634 2093 3713 dissimulasse,
2157 3633 2269 3701 vel

305 3744 448 3791 non
502 3724 666 3792 satis
718 3721 1128 3806 praedicasse
1179 3743 1346 3806 quae
1400 3721 1518 3788 abs
1559 3728 1625 3787 te
1666 3720 1886 3804 accepi
1926 3719 2267 3798 beneficia,

307 3830 444 3877 non
487 3810 615 3876 fuit
655 3809 900 3893 ingrati
942 3808 1165 3890 animi,
1206 3806 1324 3875 sed
1365 3806 1586 3891 potius
1626 3807 1781 3891 quia
1824 3804 1954 3872 duo
1996 3803 2163 3871 mihi
2195 3806 2268 3870 in

307 3905 608 3962 mentem
649 3903 998 3962 venerunt.
1067 3892 1374 3961 Primum
1416 3899 1484 3958 te
1527 3913 1659 3958 uon
1711 3911 1789 3957 eo
1823 3891 2046 3957 animo
2081 3891 2269 3957 verbi

310 3980 525 4047 divini
564 4000 919 4065 praecones
952 3979 1285 4046 dimittere
1317 3976 1804 4063 postulantibus
1837 3976 2148 4055 eeclesiis,
2191 3984 2270 4042 ut

309 4087 446 4133 nou
521 4065 1018 4133 monarchieum
1083 4063 1410 4149 quoddam
1472 4063 1825 4147 imperium
1889 4069 1961 4130 et
2022 4062 2269 4128 fastum

680 4172 696 4217 ε
739 4151 898 4236 quin
930 4151 1151 4235 potius
1186 4147 1737 4235 quemadmodum
1771 4155 1840 4215 et
1871 4147 2116 4232 scripta
2150 4154 2271 4213 tua

311 4247 381 4304 ct
427 4237 777 4305 conciones
830 4245 1211 4316 tesstantur,
1288 4235 1356 4302 id
1409 4256 1617 4302 unum
1672 4242 1739 4300 te
1792 4253 1991 4319 agere
2041 4253 2270 4300 omnes

310 4330 562 4390 norunt
596 4331 675 4388 ut
707 4322 887 4390 solus
908 4320 1219 4391 Christus
1244 4321 1549 4401 emineat,
1583 4317 1898 4406 quidquid
1942 4317 2271 4403 reliquum

311 4419 412 4476 est
452 4410 518 4474 ei
560 4406 908 4475 subiaceat.
987 4407 1297 4474 Alterum
1339 4406 1466 4473 fnit
1508 4405 1679 4491 quod
1721 4403 1941 4472 oneris
1982 4405 2271 4488 suseepti

308 4493 701 4580 magnitudo
761 4505 833 4561 et
888 4493 1134 4566 virium
1186 4513 1484 4559 mearum
1542 4497 1651 4572 (ut
1701 4493 1846 4577 ipse
1895 4489 2064 4556 mihi
2119 4510 2268 4556 sum

516 4743 2271 4832 8)Deheenssaleqimop.maud,·hst.doepmt.du

539 4821 634 4873 ⁶.
703 4819 2006 4894 Amoeqmsmmoeeoqususn.
2084 4812 2271 4882 (Idem

307 4887 352 4946 ι
473 4895 582 5024 )4)
620 4956 962 5012 Nasam
991 4956 1215 5027 rol-‘quit
1258 4955 1477 5038 viratus
1511 4970 1582 5038 ιι.
1607 4953 1771 5009 Maio
1809 4951 1960 5008 1⁶62.

309 5025 496 5082 m.
519 5025 580 5097 1)
609 5024 834 5096 Bnguu
868 5026 1078 5081 Sureau
1146 5024 1217 5079 de
1249 5025 1464 5087 Bouer,
1500 5040 1570 5077 ne
1603 5022 1639 5078 a
1670 5021 1820 5078 Bono
1860 5017 2165 5076 mur-Serre
2199 5035 2270 5074 en

311 5095 620 5161 'tier-rebe,
667 5101 814 5149 mort
845 5093 884 5151 δ
917 5093 1206 5149 Frsuei'ort
1249 5110 1376 5148 vers
1409 5089 1566 5157 1575,
1609 5090 1748 5147 etsit
1843 5088 2014 5145 sbord
2057 5103 2271 5170 correo:

314 5171 437 5219 taur
468 5163 880 5235 d’imprimerie.
934 5163 1020 5218 On
1056 5177 1126 5217 ne
1160 5162 1271 5218 stit
1436 5161 1643 5216 l'snnee
1678 5158 1861 5230 quand
1895 5159 1937 5212 il
1970 5157 2057 5213 fut
2089 5156 2270 5212 donne

309 5249 519 5357 grue
564 5237 807 5356 rinsteluxr⁴
835 5231 1117 5368 aoelo’eflise
1151 5178 1449 5288 d’orlffio.
1524 5228 1796 5296 (Relictis
1830 5226 1983 5284 vm.
2018 5224 2137 5282 eoe.
2173 5224 2266 5280 lx.

2024 385 2184 450 1561
2231 379 2642 450 Dnomffl.

4204 388 4330 453 186

2379 567 2711 654 conscius)
2787 568 3199 639 imbecillitas
3276 591 3383 637 me
3457 591 3717 657 semper
3795 573 4193 639 taciturnum
4260 580 4330 641 et

2378 655 2674 739 quietum
2717 654 3057 736 continuit,
3092 664 3170 722 ut
3200 655 3415 742 magis
3448 654 3683 723 liberet
3716 657 3891 741 apud
3925 679 4032 725 me
4066 679 4330 742 gemere

2378 761 2511 806 nou
2577 741 2963 807 successisse
3029 740 3199 826 quod
3243 741 3550 826 sperabas
3590 753 3658 809 et
3713 742 3985 810 eeclesia
4026 743 4330 811 Aurelia-

2378 827 2604 892 nensis
2647 825 2931 910 optabat,
2967 848 3163 911 quam
3200 826 3537 912 gratulari,
3576 850 3681 894 me
3717 829 3785 894 iu
3820 827 4001 896 hune
4034 829 4330 896 ordinem

2380 931 2524 978 esse
2549 920 2959 1098 ffltagffi
3004 999 3247 1098 optimc
3281 1005 3484 1083 pater,
3572 1019 3696 1065 uae
3731 998 3989 1099 adferre
4023 1019 4330 1083 possum:

2380 1102 2548 1167 quae
2592 1102 2726 1149 seio
2772 1082 2947 1166 apud
2994 1092 3058 1150 te
3098 1094 3347 1150 iustum
3389 1105 3520 1169 pou
3569 1107 3646 1152 us
3690 1084 3997 1152 habitura
4038 1106 4200 1165 esse,
4255 1094 4332 1152 ut

2424 1188 2500 1234 ro
2534 1189 2793 1273 summa
2827 1178 2940 1275 tua
2958 1168 3312 1283 prudentia
3345 1169 3659 1237 iudicabis
3694 1191 3828 1270 non
3862 1176 3925 1251 ἐξ
3959 1168 4333 1256 ὑποκρίσεως

2379 1277 2824 1440 αόξοροξζῗιεςῖς
2840 1256 3130 1440 hall-013
3172 1260 4098 1441 ι’ῗλεηιξοεειῗςςιξιιιιωωῖἑέιιιῗζέἑιι
4135 1257 4332 1410 gang

2377 1425 2682 1504 scribere,
2725 1425 2795 1491 1d
2838 1426 3007 1492 mllu
3049 1448 3097 1490 n
3178 1427 3294 1492 otii
3337 1426 3656 1507 dedenut,
3700 1436 3777 1493 ut
3818 1448 3952 1493 nou
3997 1438 4133 1494 tam
4177 1449 4329 1513 gra-

2377 1509 2632 1576 tulandi
2697 1531 2892 1596 quam
2955 1447 3361 1596 postffiandi,
3437 1512 3543 1581 vel
3607 1513 3808 1580 etiam
3865 1513 4326 1597 expostulandi

2376 1604 2593 1663 tecum
2669 1597 3014 1663 materiem
3092 1606 3323 1665 nactus
3403 1599 3693 1684 (ignosce
3771 1599 3941 1683 quod
4019 1598 4331 1667 audacius

2372 1681 2616 1764 scribo)
2661 1688 2729 1748 te
2768 1681 2851 1748 de
2886 1683 3335 1750 ministrorum
3373 1685 3651 1768 penuria
3684 1685 4327 1751 commonefacerem.

2369 1766 2465 1835 Ut
2506 1768 2578 1833 in
2633 1766 2758 1836 hae
2815 1789 2888 1834 re
2939 1790 3071 1835 uon
3122 1767 3332 1836 solum
3390 1766 3712 1855 ἀχάριστον
3762 1792 3888 1850 me,
3955 1768 4072 1838 sed
4125 1770 4327 1837 etiam

2368 1861 2773 1938 μεμψίμοιρον
2825 1873 3160 1939 agnoscas,
3223 1862 3290 1921 et
3346 1855 3740 1922 cautissimis
3793 1856 4099 1923 ecclesiae
4156 1856 4328 1924 votis

2370 1937 2666 2005 nondum
2742 1940 3145 2007 satisfactum
3223 1961 3366 2008 esse
3435 1940 3784 2026 intelligas.
3894 1941 4328 2009 Felieissimis

2371 2024 2676 2108 auspiciis
2720 2024 2828 2093 hic
2869 2033 2938 2092 et
2974 2037 3133 2092 nata
3173 2033 3276 2093 est
3318 2035 3389 2094 et
3428 2025 3716 2093 adolevit
3757 2048 3835 2094 eo
3878 2048 4083 2112 usque
4125 2026 4327 2094 eccle-

2370 2110 2488 2191 sia,
2534 2120 2611 2176 ut
2649 2112 2782 2177 iam
2826 2111 3041 2196 operis
3082 2111 3287 2178 moles
3329 2112 3608 2178 maiores
3649 2113 3979 2197 operarios
4021 2112 4327 2196 postulet,

2415 2193 2918 2263 uemadmodum
2995 2218 3126 2263 uon
3206 2196 3369 2265 haee
3435 2198 3671 2265 civitas
3732 2198 3945 2264 solum
4009 2197 4124 2264 sed
4186 2207 4325 2265 tota

2441 2280 2595 2347 allia
2638 2303 2709 2349 se
2753 2281 3128 2349 huiusmodi
3173 2282 3334 2349 viris
3369 2303 3562 2367 egere
3595 2282 3909 2350 clamitat.
3982 2283 4177 2350 Hauc
4210 2304 4327 2350 ex-

2369 2376 2648 2434 tremam
2714 2387 2984 2434 manum
3047 2377 3126 2434 ut
3178 2367 3407 2435 divino
3475 2369 3655 2453 operi
3714 2367 4033 2436 adderent
4087 2370 4326 2435 fratres

2372 2473 2495 2519 nec
2536 2451 2854 2537 impensis
2895 2472 3019 2518 nec
3061 2453 3410 2521 itineribus
3449 2462 3902 2538 pepercerunt.
3953 2454 4326 2521 'l'eutarunt

2371 2534 2460 2604 D.
2514 2536 2779 2617 Bonam,
2822 2537 3206 2618 Galla-aium,
3258 2538 3558 2620 Virdum,
3593 2539 3881 2623 Spinam.
3951 2539 4141 2606 Nihil
4175 2562 4324 2608 sue-

2372 2623 2585 2690 cessit.
2687 2622 2825 2689 Alii
2890 2623 3061 2707 quod
3123 2625 3397 2691 summis
3458 2624 3793 2692 laboribus
3856 2633 3924 2692 et
3985 2626 4328 2693 conatibus

2374 2729 2414 2774 a
2458 2708 2700 2775 nostris
2742 2709 3108 2793 quaesitum
3151 2723 3251 2776 est
3316 2711 3504 2778 nobis
3544 2711 4063 2795 praeripuerunt.
4144 2710 4325 2794 Quin

2373 2792 2593 2870 etiam.
2636 2815 2725 2860 ne
2766 2792 2923 2878 quid
2965 2793 3209 2861 laboris
3254 2796 3358 2862 vel
3401 2805 3705 2881 sumptus
3744 2796 3911 2863 reliu
3958 2804 4225 2863 ueretur
4258 2806 4327 2864 et

2372 2878 2599 2945 nullus
2639 2900 2773 2946 non
2815 2888 3190 2947 moveretur
3228 2879 3418 2965 lapis,
3460 2882 3702 2949 missus
3743 2892 3847 2949 est
4013 2902 4135 2949 vos
4175 2881 4327 2950 Gaz-

2375 2963 2582 3046 listus,
2660 2966 2732 3030 ui
2766 2963 2844 3031 D.
2880 2963 3236 3033 Beraldmn
3268 2974 3337 3033 et
3370 2966 3681 3034 Risimus
3715 2989 3757 3035 a
3789 2967 3975 3035 vobis
3997 2969 4323 3052 impetret.

2372 3046 2557 3116 Dum
2605 3049 2620 3065 '
2680 3050 2737 3119 'e
2778 3060 2880 3119 est
2918 3049 3224 3119 audimus
3264 3050 3623 3121 Beraldum
3664 3053 3746 3120 ab
3790 3052 3937 3121 aliis
3971 3053 4324 3123 sollicitari.

2373 3134 2674 3224 Denique
2717 3157 2793 3202 eo
2835 3146 3108 3205 ventum
3154 3145 3254 3204 est
3296 3148 3375 3204 ut
3416 3148 3788 3207 metuamus
3829 3161 3935 3221 ne,
3978 3148 4325 3224 postquam

2370 3222 2593 3288 omnia
2654 3221 3085 3303 effecerimus,
3150 3222 3450 3291 laborum
3497 3233 3876 3292 nostrorum
3932 3225 4151 3292 fructu
4212 3225 4326 3292 alii

2370 3307 2726 3391 potiantur.
2814 3307 3200 3377 Postremus
3252 3309 3327 3375 in
3369 3310 3659 3377 Galliam
3702 3309 3890 3379 venit
3948 3309 4325 3394 Spifamius,

2369 3393 2477 3460 eui
2520 3393 2923 3460 trimestrem
2957 3393 3181 3462 sedem
3214 3395 3288 3461 in
3322 3396 3563 3481 oppido
3595 3396 3785 3464 nobis
3819 3397 4033 3463 vicino
4066 3416 4325 3464 conces-

2368 3477 2566 3545 sistis.
2655 3478 2850 3547 Unde
2892 3499 3014 3547 nee
3054 3480 3340 3566 migrare
3382 3503 3505 3550 nec
3547 3482 3854 3567 cuiquam
3896 3501 3968 3548 se
4022 3481 4324 3549 addicere

2367 3564 2600 3630 statuit
2640 3565 2803 3650 quin
2844 3566 3028 3649 prius
3070 3576 3366 3633 vestrum
3422 3566 3739 3635 iudicium
3782 3588 3858 3635 ac
4016 3567 4124 3634 rit.
4205 3567 4323 3634 In-

2366 3650 2562 3717 terim
2584 3649 2893 3738 gnaviter
2915 3651 3252 3718 Lutetiani
3294 3653 3684 3719 incumbunt
3726 3660 3803 3718 ut
3843 3662 3911 3718 et
3999 3654 4225 3719 iratum
4255 3660 4324 3720 et

2370 3737 2764 3820 Spifamium
2826 3737 3268 3823 Megalopolin
3327 3736 3668 3806 abducant.
3758 3737 3838 3804 Id
3896 3758 4074 3805 nune
4115 3749 4184 3804 te
4217 3760 4324 3806 ro-

2523 3844 2603 3890 us
2646 3831 2723 3888 ut
2756 3822 2943 3890 nobis
2977 3823 3263 3889 alterum
3297 3823 3403 3890 vel
3436 3836 3786 3909 utrumque
3820 3845 4063 3891 serves.
4132 3824 4326 3892 Nosti

2366 3930 2510 3994 ipse
2569 3913 2681 3989 (ue
2736 3906 2997 3993 longior
3047 3909 3204 3990 sim)
3256 3908 3366 3976 hie
3407 3931 3541 3976 nou
3587 3908 3901 3977 Thebana
3941 3909 4058 3975 sed
4102 3911 4325 3978 Attica

2367 4016 2511 4062 esse
2552 3994 2834 4079 ingenia.
2921 3994 3283 4078 Postquam
3325 3995 3397 4061 in
3440 3996 3656 4063 lucem
3699 3995 4060 4081 prodiimus
4102 4005 4171 4062 et
4207 4016 4323 4080 pa-

2365 4080 2503 4147 lam
2544 4079 2871 4146 habentur
2912 4101 3138 4146 sacrae
3179 4081 3539 4161 conciones,
3583 4081 3781 4166 plane
3816 4102 4079 4148 necesse
4113 4089 4215 4149 est
4250 4083 4324 4148 in

2368 4174 2756 4251 suggestum
2798 4164 3233 4232 conscendere
3272 4187 3405 4232 nou
3447 4167 3559 4250 qui
3602 4168 3874 4235 curiosis
3917 4166 4326 4235 satisfaciant

2369 4259 2611 4335 (neque
2644 4251 2821 4318 enim
2855 4247 3361 4334 ἀνθρωπάρεσκοι
3391 4254 3649 4337 sumus)
3683 4252 3799 4320 sed
3833 4254 3946 4337 qui
3980 4254 4324 4321 conciones

2369 4336 2738 4405 eruditione
2801 4335 3133 4416 condiant,
3191 4359 3278 4404 ne
3342 4337 3551 4404 divini
3615 4339 3805 4405 verbi
3867 4339 4174 4405 maiestas
4237 4339 4323 4406 ob

2370 4430 2667 4490 nostram
2711 4421 3057 4488 infantiam
3099 4421 3391 4490 vilescat.
3451 4423 3813 4508 Spifamius
3854 4424 3995 4509 ipse
4038 4444 4174 4489 uon
4207 4422 4323 4490 ob-

2369 4529 2561 4576 scure
2604 4506 3005 4593 significavit
3048 4528 3119 4574 se
3140 4508 3482 4575 Lutetiam
3525 4530 3659 4576 non
3698 4509 3977 4577 libenter
4017 4510 4320 4594 migrare,

2367 4592 2484 4661 ubi
2526 4592 2758 4660 maiori
2801 4591 3194 4661 offendiculo
3230 4614 3428 4680 quam
3473 4594 3908 4665 aedificationi
3940 4596 4202 4662 futurus
4235 4596 4326 4663 sit

2370 4689 2439 4745 et
2497 4677 2965 4746 malevolorum
3022 4678 3342 4747 invidiam
3395 4681 3740 4762 concitare,
3779 4704 3899 4768 pro
3940 4681 4081 4747 loco
4124 4702 4323 4765 quem

2368 4765 2507 4834 illie
2551 4773 2747 4832 antea
2787 4763 3090 4843 obtinuit,
3176 4786 3330 4832 uam
3374 4787 3601 4851 pacem
3643 4768 3897 4835 adferre
3940 4777 4153 4851 queat.
4243 4765 4322 4835 Si

2368 4850 2452 4917 ad
2513 4869 2667 4917 eum
2725 4850 3010 4917 seribere
3063 4786 3268 4932 vdles,
3324 4854 3535 4920 tutius
3576 4852 3766 4919 illum
3809 4861 3878 4919 et
3918 4851 4322 4920 commodius

2369 4934 2545 5090 33:5¹
2565 4936 3070 5089 „mm
3089 4937 4007 5109 §mutarim
4034 4937 4321 5091 {aa}

2369 5107 2639 5175 ferendo
2681 5115 2753 5174 et
2783 5107 3084 5175 hostibus
3125 5109 3497 5177 coercendis
3538 5129 3683 5175 esse
3716 5119 4008 5194 possunt.
4077 5107 4323 5177 Nostra

2369 5192 2644 5261 ecclesia
2702 5213 2832 5259 uon
2885 5191 3154 5261 aliunde
3204 5213 3399 5279 quam
3452 5193 3637 5262 illinc
3679 5204 3977 5262 mutuata
4017 5202 4119 5260 est
4158 5215 4322 5280 quos

2370 5278 2585 5346 babet.
2686 5278 2858 5345 Nam
2929 5278 3229 5347 Vallaeus
3294 5285 3515 5365 (quem
3575 5277 3800 5349 Polion
3854 5279 4055 5364 nosti)
4113 5279 4228 5346 ubi
4281 5301 4323 5347 a
