4900 6125
249 418 351 480 501

285 601 446 667 alam
489 598 800 678 clamitet,
844 598 1012 663 mihi
1053 597 1342 682 profecto
1385 615 1948 681 supervacaneum
1991 595 2191 661 fuerit

243 624 536 753 laudibus
571 683 707 751 tuis
740 683 1160 751 recensendis
1185 682 1434 749 diutius
1457 683 1565 748 hic
1598 682 1956 749 immorari.
2008 678 2192 763 Quas

244 772 357 839 etsi
401 771 541 837 iure
584 769 709 836 tibi
742 770 1029 836 tribuam
1066 779 1292 836 tamen
1326 774 1521 853 (quae
1556 777 1676 834 tua
1711 776 1813 836 est
1845 765 2193 843 modestia)

244 859 351 926 vix
401 858 613 942 possis
669 875 1043 941 agnoscere.
1134 853 1332 938 Quod
1389 875 1547 920 vero
1605 875 1713 921 me
1769 853 2055 942 hortaris
2108 850 2195 918 ad

242 943 703 1021 constantiam,
748 940 912 1009 facis
955 953 1030 1007 tu
1074 940 1335 1025 quidem
1380 939 1768 1026 prudenter,
1812 947 1879 1006 et
1920 946 1996 1004 ut
2038 958 2195 1005 eum

244 1028 419 1096 deest
469 1028 580 1113 qui
638 1030 711 1093 in
767 1025 1194 1112 propaganda
1250 1026 1505 1093 Christi
1571 1023 1870 1093 doctrina
1934 1023 2196 1090 nullum

243 1114 498 1181 omnino
562 1113 781 1181 locum
847 1114 972 1180 sibi
1041 1110 1701 1198 praetermittendum
1765 1130 1911 1177 esse
1988 1117 2193 1195 putet.

243 1198 444 1267 Video
487 1200 666 1266 enim
708 1207 775 1265 te
818 1199 1003 1265 omni
1045 1220 1223 1280 cura,
1266 1198 1504 1277 studio,
1544 1197 1787 1278 labore,
1821 1197 2197 1282 cognitione

242 1287 310 1351 in
348 1285 469 1353 hoc
514 1284 809 1352 studium
853 1284 1251 1365 incumbere,
1291 1293 1369 1350 ut
1409 1283 1602 1369 regni
1636 1282 1888 1350 Christi
1931 1301 2197 1366 pomoe-

241 1373 338 1438 ria
393 1392 589 1455 quam
648 1370 967 1438 latissime
1021 1391 1428 1455 promoveas.
1516 1369 1754 1453 Itaque
1797 1369 2017 1435 Deum
2059 1375 2194 1452 opt.

240 1478 405 1523 max.
449 1478 564 1523 oro
608 1464 804 1540 atque
846 1457 1135 1523 obtestor
1181 1469 1254 1522 ut
1298 1455 1471 1540 quod
1529 1463 1720 1521 tanto
1773 1452 1993 1521 studio
2037 1452 2199 1520 facis

239 1551 552 1627 perpetuo
595 1543 817 1609 facias.
903 1543 1010 1608 De
1055 1563 1161 1607 me
1221 1541 1434 1608 dicam
1488 1540 1660 1625 quod
1720 1540 1965 1607 sentio:
2026 1538 2199 1623 quod

239 1631 485 1694 utinam
528 1629 752 1694 minus
795 1649 954 1696 vere
1005 1629 1221 1695 dicere
1265 1628 1544 1712 possim:
1603 1626 1767 1693 adeo
1809 1646 1917 1691 me
1960 1646 2198 1710 parum

241 1722 578 1780 strenuum
644 1735 789 1779 esse
853 1714 1136 1780 militem
1202 1725 1277 1780 ut
1341 1736 1448 1779 me
1524 1712 1888 1798 plurimum
1956 1711 2202 1795 pudeat

240 1801 557 1884 ignaviae.
627 1801 880 1865 Verum
926 1802 996 1864 in
1038 1820 1147 1865 me
1190 1797 1348 1865 dum
1393 1809 1574 1865 tento
1619 1797 2014 1865 descendere
2048 1817 2199 1863 sen-

239 1887 329 1950 tio
371 1886 529 1969 quid
572 1888 825 1968 possint
883 1885 1144 1951 humeri
1189 1885 1349 1969 quid
1405 1885 1579 1951 ferre
1632 1893 1959 1952 recusent.
2047 1883 2204 1948 Erit

238 1973 528 2051 fortasse,
573 1992 779 2055 quum
815 1970 1146 2037 Dominus
1187 1971 1357 2036 mihi
1400 1970 1844 2055 suppeditabit
1887 1971 2081 2050 vires,
2125 1976 2203 2033 ut

283 2079 353 2122 ar
409 2079 572 2124 esse.
608 2078 846 2140 queam
904 2054 1173 2123 ferendo
1230 2058 1431 2122 oneri.
1522 2055 1834 2122 Militiam
1891 2062 2069 2122 certe
2126 2062 2204 2120 ut

237 2164 306 2207 m
350 2145 723 2226 praesentia
768 2143 1160 2222 detrectem,
1219 2141 1379 2208 facit
1435 2151 1578 2208 tum
1632 2142 1795 2208 haec
1853 2141 2058 2206 nimia
2100 2141 2201 2205 in-

235 2229 533 2304 firmitas,
576 2237 717 2294 tum
752 2228 1190 2313 plurimorum
1225 2228 1473 2311 lapsus,
1518 2227 1632 2312 qui
1666 2227 1833 2293 mihi
1867 2227 2001 2292 visi
2046 2234 2204 2293 sunt

235 2334 467 2397 parum
512 2335 584 2382 se
628 2336 745 2382 suo
782 2313 949 2400 pede
983 2315 1220 2380 metiri.
1288 2315 1551 2380 Horum
1596 2314 1878 2399 vestigia
1918 2333 2026 2378 me
2070 2333 2201 2378 non

235 2421 468 2484 parum
523 2407 798 2468 terrent.
887 2400 1250 2466 Dominum
1296 2420 1412 2465 oro
1458 2409 1533 2465 ut
1576 2420 1682 2465 me
1726 2419 1844 2482 pro
1901 2420 2024 2465 sua
2077 2398 2202 2463 im-

232 2507 461 2552 mensa
517 2486 808 2552 bonitate
850 2486 1192 2570 respiciat,
1253 2507 1374 2551 suo
1432 2496 1661 2553 sancto
1718 2486 1957 2569 spiritu
1999 2485 2199 2564 afflet,

233 2590 306 2636 ac
347 2573 442 2637 ita
485 2571 861 2639 corroboret
902 2587 982 2638 ut
1033 2573 1106 2637 in
1160 2571 1359 2639 stadii
1410 2592 1607 2638 cursu
1654 2593 1783 2637 nou
1827 2579 2202 2654 postremus

234 2678 372 2724 esse
431 2658 682 2724 videar.
770 2658 1054 2725 Interim
1113 2657 1344 2723 faciam
1404 2656 1576 2740 quod
1634 2658 1741 2742 pie
1801 2676 2061 2722 mones:
2130 2657 2200 2722 in

233 2743 513 2810 statione
556 2744 932 2823 subsistam,
978 2764 1099 2810 nec
1141 2743 1443 2809 ordinem
1488 2741 1801 2810 deseram.

402 2828 541 2911 Qui
597 2830 684 2896 sit
745 2829 855 2895 hio
919 2851 1144 2896 rerum
1204 2837 1578 2896 nostrarum
1645 2837 1855 2896 status
1871 2879 1889 2910 ,
1952 2829 2198 2913 partim

231 2913 361 2979 iam
425 2937 516 2981 ex
578 2916 663 2981 D.
706 2915 774 2980 A
926 2918 939 2930 ‘
1064 2936 1144 2982 no
1222 2916 1426 2982 fratre
1503 2923 1730 2981 nostro
1810 2914 2200 3000 cognovisti,

274 3001 470 3068 artim
519 3023 697 3069 nunc
739 3023 824 3068 ex
868 3001 1097 3069 eodem
1143 3000 1454 3086 liquidius
1494 3001 1740 3087 poteris
1783 3020 2198 3086 cognoscere.

295 3107 333 3153 e
373 3100 497 3154 tua
541 3087 918 3154 valetudine
958 3087 1070 3155 hic
1125 3107 1355 3154 omnes
1408 3088 1504 3170 pii
1560 3088 1883 3154 laborant.
1973 3084 2199 3167 Quare

228 3178 294 3237 te
357 3173 566 3238 etiam
620 3181 818 3257 atque
882 3174 1081 3239 etiam
1149 3194 1307 3258 rogo
1363 3184 1443 3239 ut
1498 3171 1860 3240 valetudini
1925 3172 2198 3240 servias.

228 3256 458 3344 Magni
520 3259 696 3324 enim
758 3268 987 3326 nostra
1045 3258 1378 3343 totiusque
1437 3259 1748 3327 ccclesiae
1806 3260 2081 3324 interest
2122 3267 2199 3324 ut

226 3350 289 3409 te
331 3344 656 3428 pristinae
708 3343 1072 3412 valetudini
1129 3346 1508 3411 restitutum
1566 3365 1761 3430 quam
1824 3342 2196 3411 diutissime

225 3449 453 3497 serves
531 3430 948 3498 incolumem.
1070 3430 1241 3497 Vale
1266 3482 1282 3510 ,
1360 3440 1588 3514 pastor
1665 3429 2192 3515 vigilantissime.

224 3513 305 3580 D.
342 3515 594 3585 Boram
636 3524 979 3602 totumque
1021 3524 1396 3584 sanctorum
1439 3538 1710 3603 gregem
1753 3515 2092 3583 salutabis.

1387 3655 1572 3720 Tuus
1617 3677 1697 3720 ex
1744 3653 1968 3719 animo

1127 3804 1134 3811 ,
1257 3738 1588 3807 Iohannes
1631 3738 2025 3806 Boulierius.
2055 3744 2107 3822 ¹)

1110 4217 1306 4288 4214.

846 4371 1209 4440 ZANOUS
1253 4372 1579 4439 BEzAE.

395 4546 713 4632 Luqduno
742 4547 1088 4627 praetento
1124 4542 1475 4612 aemma
1515 4546 1720 4613 sedan
1756 4546 1902 4629 fixit
1943 4544 2053 4610 ubi
2093 4544 2191 4610 vel

223 4634 420 4700 invito
485 4631 643 4699 coelo
700 4635 757 4697 et
816 4632 976 4697 inter
1031 4631 1281 4697 hostiles
1334 4630 1655 4697 hominum
1710 4631 1953 4699 animos
2017 4636 2189 4697 stare

222 4719 468 4786 mavult
510 4737 703 4801 quam
744 4717 902 4784 aubi
944 4740 1068 4785 sua
1110 4718 1311 4800 quiete
1351 4716 1508 4799 frui.

223 4991 412 5047 4218.
439 4992 500 5059 1)
536 4990 848 5047 Habuimus
883 4991 1120 5062 aliquem
1155 4990 1238 5045 Io.
1269 4990 1497 5045 Boulier
1529 4991 1613 5046 dit
1651 4991 1742 5046 La
1782 4992 1967 5048 30⁶1oe
2001 4993 2188 5047 minnb-

227 5068 372 5115 mm
411 5062 475 5115 in
523 5059 877 5115 Van-docum
914 5066 962 5115 et
1001 5058 1241 5131 Golomuy
1277 5058 1415 5114 1560
1444 5059 1538 5129 (Ν.
1575 5059 1731 5129 3414,
1767 5067 1878 5117 not.
1911 5061 1996 5129 3).
2067 5061 2190 5117 Iam

223 5130 450 5185 videtur
483 5129 700 5198 lomim
735 5144 772 5184 a
795 5128 1015 5184 Geneva
1049 5130 1248 5195 abesse,
1280 5129 1546 5194 fortassis
1578 5131 1640 5184 in
1671 5129 1914 5185 Gallim»
1949 5137 2190 5201 vocatus,

225 5205 275 5253 et
308 5197 462 5271 quod
494 5198 564 5253 de
602 5197 828 5253 Calvisi
872 5198 1185 5253 valetudine
1227 5197 1364 5253 dicit
1405 5204 1457 5253 et
1491 5198 1645 5253 Besa
1682 5199 1934 5255 Genevae
1964 5216 2191 5256 mmo·

223 5277 385 5323 rante
420 5282 526 5323 nos
560 5267 638 5321 ad
671 5283 726 5321 a.
764 5266 899 5321 1563
933 5268 1215 5337 epistolam
1248 5269 1456 5333 referre
1488 5276 1702 5337 coquat.

1853 405 2641 477 SUPPLEMENTUM.

4128 414 4259 476 502

2686 597 2800 662 (Ex
2838 596 2995 653 Tem.
3029 596 3181 654 vm.
3217 596 3355 667 Opp.
3394 596 3601 652 Zanchi
3635 614 3690 668 p.
3726 595 3870 664 171.)

2467 767 2570 834 Ne
2602 767 2884 848 mireris,
2928 769 3173 853 optime
3208 767 3407 848 Besa,
3453 767 3626 852 quod
3669 788 3816 835 sero
3859 774 3927 836 et
3968 767 4263 836 breviter

2293 853 2759 939 respondeam:
2804 854 3049 921 mirare
3087 855 3307 938 potius
3342 852 3516 939 quod
3561 856 3782 921 vivam
3826 863 3893 922 et
3935 861 4002 920 te
4045 854 4262 923 adhuc

2294 941 2596 1007 salutem.
2684 940 2857 1006 Nam
2901 948 2969 1006 et
3010 939 3341 1006 Dominus
3383 961 3421 1006 e
3464 939 3641 1006 coelo
3695 961 3817 1007 nos
3869 941 4264 1008 mirabiliter

2295 1027 2592 1111 castigat,
2619 1030 2669 1104 ¹)
2714 1046 3086 1110 quanquam
3121 1025 3652 1105 misericorditer,
3698 1034 3767 1093 et
3799 1025 4103 1093 homines
4142 1047 4262 1093 nos

2294 1112 2391 1177 ita
2432 1121 2826 1178 aversantur
2869 1123 2936 1177 et
2995 1111 3263 1197 fugiunt
3306 1119 3383 1177 ut
3426 1113 3619 1197 pauci
3661 1110 3950 1178 audeant
3993 1133 4114 1178 nos
4158 1113 4265 1178 in-

2296 1198 2514 1265 visere
2528 1249 2545 1276 ,
2611 1205 2840 1264 nostra
2884 1219 3040 1264 vero
3098 1197 3206 1264 vel
3272 1200 3598 1283 attingere
3662 1218 3877 1264 nemo.
3966 1196 4264 1264 Tandem

2297 1293 2521 1350 tamen
2580 1282 2933 1367 aliquando
2986 1282 3254 1366 quidam
3318 1284 3522 1350 frater
3541 1285 3598 1366 ²)
3671 1304 3873 1350 ausus
3930 1291 4033 1350 est
4089 1283 4267 1367 quod

2298 1391 2494 1438 nemo
2536 1369 2725 1436 alius.
2815 1370 2950 1435 Per
2994 1369 3174 1435 hunc
3216 1369 3421 1453 igitur
3462 1369 3625 1435 haec
3668 1368 3755 1436 ad
3798 1377 3865 1435 te
3907 1371 4151 1454 paucis.

2474 1453 2798 1538 Quisquis
2841 1475 3020 1534 sum,
3081 1454 3333 1522 Christi
3379 1475 3560 1534 sum,
3619 1463 3686 1521 et
3727 1454 3998 1521 Christo
4040 1456 4268 1522 vivere

2301 1553 2368 1606 et
2420 1543 2587 1607 mori
2656 1541 2820 1608 volo.
2909 1541 3092 1625 Ergo
3163 1540 3269 1606 vel
3328 1539 3714 1607 Clavennae
3780 1541 3885 1608 vel
3948 1539 4269 1626 Lugduni

2301 1646 2445 1693 esse
2511 1626 2676 1692 mihi
2740 1625 3017 1711 perinde
3083 1633 3217 1705 est,
3290 1626 3484 1692 modo
3550 1626 3822 1693 Christo
3886 1626 4268 1694 inserviam.

2302 1711 2525 1794 Quam
2567 1711 2848 1779 libenter
2890 1721 3112 1779 tamen
3149 1712 3481 1780 venissem
3515 1710 3941 1797 Lugdunum,
3967 1715 4024 1797 ³)
4066 1732 4270 1797 quum

2301 1807 2571 1885 propter
2615 1797 2779 1865 alias
2821 1819 3087 1878 causas,
3145 1809 3292 1864 tum
3343 1798 3733 1883 praesertim
3787 1806 4060 1884 propter
4114 1819 4271 1865 con-

2302 1883 2585 1951 sortium
2627 1893 2695 1950 et
2736 1883 3278 1952 consuetudinem
3323 1885 3583 1968 piorum
3626 1893 3696 1951 et
3747 1882 4087 1951 doctorum
4136 1884 4273 1950 fra-

2303 1980 2501 2049 trum,
2547 1991 2709 2054 quos
2752 1992 2887 2036 non
2931 1991 3175 2055 paucos
3215 1969 3309 2035 ibi
3354 1972 3530 2049 novi,
3576 1978 3649 2036 tu
3692 1970 3835 2056 ipse
3868 1978 4056 2054 potes
4098 1969 4271 2035 iudi·

2302 2077 2472 2123 care.
2562 2056 2876 2123 Amicitia
2919 2056 3120 2122 etiam
3164 2056 3329 2121 mihi
3371 2055 3756 2137 intercedit,
3797 2064 3877 2122 ut
3918 2057 4077 2136 scis,
4120 2076 4273 2122 cum

2300 2143 2668 2209 innumeris
2712 2141 2859 2209 aliis
2903 2142 3139 2221 Gallis,
3186 2150 3262 2207 ιιι
3305 2162 3465 2208 vere
3510 2141 3752 2208 Gallus
3795 2141 3941 2208 sim.
4024 2145 4271 2209 Annon

2302 2228 2712 2314 Bergomum
2754 2229 2828 2293 in
2863 2227 3090 2295 Gallia
3123 2237 3226 2293 est
3261 2226 3649 2312 Cisalpina?
3722 2226 3858 2294 Sed
3894 2226 4052 2312 quid
4093 2247 4273 2312 agas,

2302 2315 2551 2398 optime
2591 2314 2845 2380 frater?
2924 2312 3259 2380 Dominus
3301 2333 3410 2378 me
3451 2312 3585 2380 huc
3628 2315 3917 2381 vocavit:
3963 2315 4077 2398 qui
4120 2333 4274 2398 pos-

2303 2420 2452 2465 sum
2488 2421 2646 2486 ergo
2680 2423 2713 2467 s
2801 2411 2914 2465 nte
2948 2400 3361 2467 vocationem
3398 2398 3571 2465 banc
3605 2398 3949 2467 deserere?
4006 2400 4276 2484 Rogan-

2303 2483 2428 2552 dus
2483 2487 2687 2570 igitur
2799 2485 3062 2552 ominus
3120 2495 3195 2551 ut
3250 2485 3426 2567 quod
3478 2486 3725 2551 bonum
3780 2493 3883 2552 est
3938 2486 4012 2550 in
4066 2484 4275 2552 oculis

2304 2572 2441 2722 sui?
2506 2573 2721 2651 faciat,
2790 2592 3003 2655 neque
3059 2592 3320 2637 mecum
3386 2568 3717 2656 agendum
3776 2583 3877 2638 est
3939 2569 4055 2638 sed
4120 2590 4274 2636 oum

2304 2678 2414 2724 ecc
2441 2677 2599 2724 ssia.

2478 2742 2726 2809 Tristia
2766 2742 3103 2809 audieram
3146 2743 3395 2827 aliquot
3446 2750 3603 2808 ante
3647 2741 3879 2809 diebus
3923 2743 4006 2809 de
4049 2751 4278 2808 nostro

2304 2830 2554 2913 optimo
2598 2839 2786 2913 patre
2834 2826 3129 2898 Calvino:
3187 2828 3303 2895 sed
3346 2828 3502 2913 quia
3552 2828 3724 2895 nihil
3775 2836 4119 2913 praeterea
4161 2837 4277 2894 aut

2304 2915 2624 2999 scriptum
2667 2923 2784 2981 aut
2826 2914 3110 2981 relatum
3152 2914 3237 2980 ad
3282 2935 3391 2980 me
3446 2916 3606 2994 fuit,
3662 2913 3914 2999 aliquid
3971 2913 4276 2999 speculae

2302 3001 2593 3086 concepi.
2682 2999 3013 3068 Dominus
3054 2999 3246 3067 illum
3289 3001 3480 3069 nobis
3522 3011 3761 3069 servet.
3844 3000 3912 3069 N
3912 3021 4020 3068 am
4064 3002 4122 3069 si
4163 2999 4279 3067 ille

2303 3088 2543 3172 migret
2600 3086 2685 3153 ad
2728 3086 3123 3165 Dominum,
3189 3087 3440 3172 aliquid
3495 3089 3634 3154 irae
3688 3088 3817 3154 Dei
3874 3098 4099 3155 metuo
4157 3088 4273 3153 isti

2301 3172 2466 3239 urbi.
2533 3172 2823 3240 Proinde
2866 3172 3203 3259 rogandus
3244 3182 3346 3240 est
3380 3174 3709 3243 Dominus
3752 3182 3828 3240 ut
3868 3174 4069 3241 talem
4112 3194 4269 3258 pas-

2301 3267 2511 3325 torem
2558 3280 2645 3324 ne
2688 3259 2904 3326 adhuc
2948 3259 3032 3326 ad
3075 3281 3147 3326 se
3189 3260 3409 3345 rapiat
3459 3260 3535 3326 in
3577 3260 3703 3328 hoc
3758 3272 4052 3344 tempore
4094 3260 4265 3326 cala-

2300 3348 2554 3411 mitoso.
2602 3382 3199 3394 —————
3221 3351 3248 3387 ⁴

2470 3430 2641 3498 Vale
2683 3440 2754 3498 et
2793 3431 3083 3498 salutato
3116 3430 3203 3497 D.
3234 3430 3567 3499 Calvinum
3610 3440 3678 3497 et
3718 3430 3884 3499 alios
3926 3432 4181 3498 statres.
4204 3432 4262 3504 ὁ)

3369 3604 3554 3670 'l'uus
3598 3603 3687 3671 H.
3733 3604 4084 3671 Zanchius.

2294 3912 2566 4050 4214&
2600 3911 2783 3996 Pestis
2797 3914 3162 3995 massabaten-
3184 3912 3493 3995 Glapennae
3506 3912 3714 3980 prinu
3735 3913 4010 3968 snmus
4026 3929 4079 3967 a.
4100 3911 4257 3967 1564.

2600 3983 2992 4052 Mamm
3021 3982 3198 4048 fussee
3231 3982 3464 4047 udatur,
3511 3996 3671 4037 οιαυε
3705 3986 3883 4037 mm
3917 3983 4149 4052 apotolo
4181 3981 4262 4037 ad

2295 4052 2359 4107 Ζ
2396 4048 3549 4246 α’ἑΞ)ἓ’ςιέὐξοΙᾶεέεαιέυῗνῖε”ῗῷιιιιιωῗὲηα.
3584 4116 3672 4186 of.
3704 4119 3771 4186 e·-
3790 4133 3915 4188 epp.
3939 4118 3973 4172 1.
3992 4118 4027 4173 ι
4059 4116 4256 4186 p.173.

2500 4259 2557 4325 4)
2596 4258 2777 4314 Addit
2822 4258 2914 4313 hie
2962 4258 3234 4313 κοκηιαῑα
3279 4256 3359 4312 ad
3407 4255 3671 4326 oppidu-⁸
3722 4254 4057 4310 clauum
4109 4269 4255 4324 epec-

2291 4326 3795 4477 m’ffffiffimawwf‘m‘“=
3831 4391 3985 4474 ‚aaa
4026 4395 4151 4474 pa.
4193 4393 4259 4448 a.-

2296 4464 2368 4519 Θ.
2405 4465 2471 4547 Ζ.
2506 4465 2674 4534 Bes-9.
2718 4461 2873 4525 1785,
2917 4480 2979 4533 p.
3018 4463 3123 4518 48.-
3178 4463 3382 4518 Gmnse
3435 4464 3776 4517 felicemsnte
3828 4478 3884 4514 ιιι
3938 4460 4261 4544 Clusvenpa

2313 4533 2521 4588 ’ultimo
2555 4548 2745 4604 giorno
2781 4534 2911 4587 dell’
2947 4550 3091 4588 anno
3121 4531 3275 4587 1563.
3330 4533 3487 4614 Iden
3522 4531 3773 4599 &fimat
3806 4530 3875 4585 de
3893 4529 4069 4586 Porta
4102 4532 4254 4613 ῌιει.

2286 4602 2798 4738 muntem}
2824 4601 3051 4725 141682112.
3086 4601 3207 4656 421.
3270 4600 3529 4672 Eputola
3561 4605 3755 4655 neura
3787 4607 3995 4669 scu-«pta
4025 4599 4155 4666 fuat,
4190 4607 4255 4655 ut

2291 4533 2310 4589 -
