4900 6125
604 440 729 500 667
2072 426 2451 494 INDICES
2497 424 3194 494 RPISTOLARUM.
4519 432 4620 492 668

606 619 859 688 Audies
902 619 985 684 de
1018 618 1198 684 Besa
1242 619 1431 678 2753.
2677 615 2848 680 Boni
2892 614 3164 698 quidam
3207 615 3337 679 viri
3387 620 3572 679 1885.

604 706 861 774 Audioe
902 705 985 770 de
1028 704 1155 770 hoe
1196 701 1541 768 tabellario
1591 704 1777 766 1451.
2678 701 2910 766 Bonus
2951 700 3066 766 ille
3107 722 3308 783 quem
3351 702 3518 766 mihi
3563 705 3712 764 955.

604 791 859 859 Audies
898 790 983 856 de
1022 790 1171 856 istis
1214 787 1575 854 tabellariis
1622 789 1809 850 2508.
2677 786 2897 853 Breve
2937 795 3044 851 est
3083 786 3258 869 quod
3301 786 3455 853 volo
3497 790 3646 848 528.

604 877 863 945 Audies
906 877 1032 941 hos
1072 876 1311 940 stata-es
1358 877 1547 935 2100.
2677 872 2966 937 Brevem
3008 894 3118 936 me
3157 873 3233 937 in
3273 871 3626 938 scribendo
3669 876 3860 936 2259.

606 962 863 1031 Audies
904 964 1165 1027 tristem
1208 960 1525 1025 nuncium
1576 960 1723 1020 676.
2678 959 2934 1023 Breves
2979 958 3426 1042 amplissimus
3465 961 3896 1043 maginni-s
3939 965 4126 1024 137⁰.

604 1049 859 1117 Audies
900 1067 1149 1113 novum
1190 1057 1453 1129 partum
1500 1048 1602 1106 27.
2679 1045 2937 1110 Breves
2979 1055 3048 1109 et
3088 1065 3292 1127 prope
3333 1044 3556 1110 nullas
3603 1051 3788 1108 1310-

606 1134 939 1202 Audimus
978 1154 1101 1198 vos
1138 1131 1519 1216 cognitione
1566 1133 1711 1192 353.
2681 1129 2890 1195 Brevi
2931 1139 3008 1194 ut
3047 1151 3242 1213 spero
3287 1129 3612 1213 planicies
3639 1136 3826 1193 1854.

606 1220 829 1287 Audio
868 1240 979 1284 me
1022 1217 1199 1302 apud
1240 1229 1307 1281 te
1349 1219 1541 1280 4124.
2683 1216 2890 1281 Brevi
2931 1223 3006 1281 ut
3048 1237 3241 1300 spero
3285 1216 3522 1282 videbo
3563 1238 3690 1281 vos
3731 1223 3922 1280 4011-

610 1307 1012 1373 Audivimus
1054 1301 1515 1370 Comhaudum
1562 1305 1707 1363 710.
2684 1301 2969 1367 Brevior
3009 1323 3124 1368 ero
3163 1303 3236 1366 in
3281 1305 3658 1368 narratione
3707 1308 3890 1365 1064.

606 1392 1015 1459 Audivimus
1054 1391 1191 1454 iam
1234 1388 1491 1472 pridem
1536 1389 1727 1448 2339.
2683 1386 2962 1453 Brevior
3005 1409 3185 1454 nunc
3228 1409 3342 1453 ero
3387 1393 3578 1452 3244.

610 1477 1009 1545 Audivimus
1050 1477 1471 1558 impostorem
1520 1476 1705 1536 1584.
2683 1472 2965 1538 Brevior
3006 1495 3154 1540 sum
3199 1495 3286 1540 ne
3327 1475 3778 1558 conduplioem
3821 1480 4010 1538 3931.

608 1562 1014 1631 Audivimus
1056 1581 1299 1645 magno
1338 1558 1589 1642 perfusi
1636 1559 1826 1619 3038.
2683 1559 2966 1624 Brevior
3007 1581 3158 1625 sum
3201 1562 3357 1643 quia
3399 1561 3510 1626 hic
3551 1573 3778 1625 noster
3819 1564 4006 1624 2354.

610 1649 1015 1716 Audivimus
1048 1646 1515 1714 Sebastianum
1562 1647 1751 1706 2807.
2683 1646 2964 1710 Brevior
3005 1666 3156 1710 sum
3198 1646 3376 1728 quod
3415 1648 3711 1730 optimus
3753 1651 3940 1709 2570.

610 1734 953 1802 Audivisti
994 1733 1079 1798 de
1120 1733 1329 1798 variis
1370 1728 1657 1794 motibus
1702 1729 1890 1790 3766.
2685 1731 3074 1796 Breviorem
3118 1753 3227 1797 me
3267 1734 3448 1816 cogit
3487 1753 3632 1797 esse
3681 1737 3862 1794 1801.

610 1819 957 1888 Audivisti
1001 1819 1235 1902 opinor
1278 1816 1360 1882 de
1403 1814 1614 1881 Badio
1651 1816 1838 1876 2840.
2685 1817 3030 1882 Brevitate
3073 1819 3391 1900 temporis
3433 1818 3744 1884 exclusus
3787 1821 3972 1880 2036.

610 1905 953 1974 Audivisti
992 1905 1225 1988 opinor
1257 1903 1541 1987 primam
1563 1903 1751 1963 2823.
2685 1902 3096 1968 Brevitatem
3140 1905 3454 1986 epistolae
3495 1905 3832 1970 ambit
3875 1907 4062 1968 2972.

612 1991 957 2060 Audivisti
996 1990 1230 2074 opinor
1273 1987 1443 2073 quod
1485 1986 1779 2070 ceperint
1822 1986 2010 2047 2725.
2687 1988 2996 2054 Breviter
3037 1989 3293 2055 ultimis
3336 1991 3472 2055 tuis
3517 1993 3704 2052 3285.

2684 2075 3021 2140 Bucerum
3065 2074 3253 2141 vobis
3295 2074 3560 2140 salvum
3605 2080 3748 2139 391.

1560 2194 1647 2261 Β.
2688 2157 2996 2226 Budaeos
3039 2179 3190 2226 cum
3233 2171 3448 2226 matre
3497 2164 3682 2226 1204.

2689 2245 3062 2330 Bullingeri
3104 2246 3330 2312 literas
3373 2245 3459 2311 ad
3501 2257 3570 2312 te
3615 2250 3805 2312 2659.

614 2334 949 2402 Bamaeus
992 2341 1218 2397 noster
1260 2328 1591 2396 celeritate
1634 2328 1820 2391 3662.
2690 2332 2965 2398 Buxeus
3007 2353 3315 2399 reversus
3355 2343 3458 2398 est
3497 2336 3686 2396 2850.

614 2421 721 2488 Bo
768 2419 839 2485 fii
878 2417 1107 2483 literas
1149 2423 1297 2481 tuto
1345 2418 1530 2479 3652.

616 2507 721 2573 Be
850 2504 1142 2587 profecto
1184 2509 1255 2567 et
1298 2500 1519 2583 pueris
1566 2500 1756 2565 2498.
3635 2539 3720 2607 α

614 2593 806 2660 Beue
848 2599 954 2655 est
994 2587 1164 2672 quod
1210 2586 1375 2652 mihi
1423 2589 1607 2650 3279.

612 2679 804 2746 Beue
846 2676 1053 2760 igitur
1094 2681 1312 2740 vertat
1358 2674 1542 2735 2581.
2694 2673 2994 2739 Caeteris
3031 2675 3504 2742 Neocomensis
3543 2676 3772 2742 class‘n
3815 2679 3958 2740 358.

614 2761 1017 2831 Benedictus
1057 2759 1387 2825 Dominus
1429 2757 1542 2842 qui
1570 2758 1755 2821 1642.
2695 2759 3049 2826 Caeterum
3087 2760 3260 2844 quod
3303 2771 3485 2826 tuam
3533 2765 3678 2825 668.

614 2846 1024 2917 Benedictus
1060 2845 1151 2911 sit
1194 2846 1378 2910 Deus
1423 2846 1611 2907 3925.
2693 2844 2960 2911 Calvini
3002 2848 3186 2913 iussu
3233 2847 3338 2912 his
3379 2847 3684 2932 colligata
3725 2850 3830 2909 69.

616 2932 1111 3003 Bernardinum
1154 2930 1407 2997 utinam
1457 2933 1600 2992 689.
2693 2931 2960 2997 Calvini
3003 2933 3323 3016 scriptum
3373 2937 3555 2997 1913.

616 3017 1005 3089 Bermrdm
1045 3017 1144 3083 ita
1186 3038 1257 3084 se
1300 3016 1504 3102 gessit
1550 3018 1736 3079 3651.
2156 3033 2163 3042 ·
2696 3016 2960 3084 Calvini
2982 3027 3334 3103 vestroque
3356 3021 3623 3085 nomine
3646 3021 3832 3083 3229.

620 3106 1015 3175 Bernatium
1058 3102 1311 3202 legatos
1356 3106 1542 3166 2989.
2695 3103 3050 3170 Calvinum
3097 3126 3302 3189 quum
3347 3107 3480 3172 tuis
3521 3106 3770 3188 nuptiis
3819 3109 3957 3170 146.

620 3190 1042 3261 Bertrandus
1086 3188 1404 3255 diaconus
1458 3190 1635 3252 1272.
2694 3188 3017 3256 Calvinus
3060 3190 3412 3276 diligenter
3457 3197 3642 3255 3917.

620 3281 801 3347 Bm
840 3277 1124 3343 libenter
1165 3278 1347 3340 1293.
2694 3274 3020 3341 Calvinus
3062 3286 3131 3342 et
3171 3298 3400 3344 omnes
3442 3279 3558 3361 qui
3578 3286 4028 3345 convenerunt
4055 3283 4236 3345 1466.

624 3366 842 3433 Bene
882 3362 1227 3447 epistolam
1263 3364 1449 3425 3343.
2694 3360 3016 3429 Calvinus
3059 3374 3287 3429 noster
3328 3364 3600 3429 fratrem
3633 3363 3810 3430 hunc
3855 3368 3996 3429 283.

622 3450 847 3519 Biduo
886 3456 1241 3531 antequam
1284 3446 1414 3514 huc
1460 3449 1603 3511 504.
2695 3446 3021 3513 Calvinus
3063 3460 3289 3515 noster
3330 3471 3463 3515 non
3506 3450 3696 3515 aliter
3735 3452 3922 3514 3326.

624 3534 845 3603 Biduo
888 3542 1239 3619 postquam
1280 3532 1447 3598 mihi
1493 3535 1678 3598 3944.
2696 3533 3025 3600 Camiallii
3070 3534 3394 3602 adventus
3441 3540 3624 3598 2447.

618 3622 987 3691 Biennium
1028 3620 1159 3685 iam
1200 3619 1327 3684 erit
1369 3622 1558 3684 2574.
2695 3619 3042 3702 Capellum
3087 3621 3533 3688 Parisiensem
3581 3626 3764 3684 1391.

624 3710 839 3775 Binac
880 3704 1049 3773 mihi
1092 3704 1336 3791 exiguo
1378 3709 1521 3767 858.
2695 3706 2937 3788 Capita
2976 3706 3122 3773 sive
3166 3707 3430 3774 articuli
3479 3712 3662 3771 1581.

620 3794 835 3863 Bima
876 3814 920 3859 a
960 3802 1028 3857 tc
1070 3789 1294 3857 literas
1336 3791 1557 3874 accepi
1600 3793 1745 3855 769.
2696 3792 3012 3858 Cal-olum
3061 3793 3256 3858 audio
3301 3802 3634 3876 receptum
3682 3796 3782 3858 72.

622 3882 835 3947 Binan
876 3900 919 3945 a
960 3886 1079 3943 tua
1119 3877 1531 3943 humanitate
1576 3879 1763 3941 2228.
1815 3877 2002 3937 3719.
2696 3878 2920 3943 Causa
2962 3888 3188 3945 nostra
3230 3880 3344 3945 diu
3383 3884 3572 3944 4201.

624 3967 837 4033 Biana
878 3964 999 4031 abs
1038 3974 1108 4029 te
1146 3962 1327 4028 intra
1369 3963 1570 4029 breve
1616 3966 1803 4027 3088.
2695 3963 2916 4029 Causa
2958 3985 3126 4048 quae
3169 3987 3289 4032 nos
3332 3965 3415 4029 ad
3458 3965 3872 4032 scribendum
3919 3968 4105 4032 2021.

622 4054 832 4121 Bima
874 4050 992 4117 ahs
1036 4058 1101 4115 te
1144 4048 1366 4115 literas
1410 4049 1630 4134 accepi
1683 4050 1863 4111 1063.
2695 4049 2982 4116 Causam
3029 4049 3468 4116 Genevatium
3512 4058 3656 4116 401.

624 4140 833 4207 Bima
876 4136 995 4203 abs
1038 4148 1105 4201 te
1148 4134 1373 4201 literas
1417 4136 1643 4218 paucis
1678 4135 1868 4196 2027.
2695 4134 2983 4201 Causam
3027 4150 3223 4202 natae
3267 4138 3690 4203 dissensionis
3740 4142 3896 4200 1907
3921 4137 4039 4204 bis.

624 4226 835 4293 Binan
876 4222 995 4289 aba
1038 4230 1107 4287 ω
1148 4222 1377 4306 paucis
1424 4222 1527 4286 his
1571 4220 1800 4286 diebus
1851 4221 2032 4282 1479.
2697 4221 2983 4288 Causam
3026 4232 3296 4307 propter
3336 4243 3532 4305 quam
3584 4228 3762 4287 1611.

626 4312 837 4377 Binan
878 4308 996 4375 ab·
1038 4316 1157 4373 tua
1201 4307 1613 4373 humanitate
1656 4307 1841 4369 2526.
2695 4308 2986 4374 Causam
3029 4308 3458 4391 quamobrem
3502 4308 4087 4376 Schenkbecherus
4129 4311 4302 4374 3299.

630 4398 839 4463 Bima
882 4393 967 4459 ad
1012 4404 1077 4459 te
1121 4390 1419 4459 dedimus
1468 4396 1612 4457 429.
2696 4393 2931 4460 Celsus
2976 4415 3016 4459 a
3057 4395 3501 4480 Martinengis
3552 4399 3731 4458 1534.

628 4484 841 4551 Binan
878 4480 984 4545 his
1028 4480 1255 4563 paucis
1298 4478 1530 4545 diebus
1577 4481 1765 4543 2874.
2695 4480 2894 4545 Certe
2934 4480 3187 4546 invitus
3231 4480 3349 4546 tibi
3393 4486 3572 4545 1973.

628 4568 835 4635 Binan
874 4566 1103 4631 literas
1146 4565 1265 4631 tibi
1309 4564 1592 4633 scribam
1640 4568 1823 4627 3330.
2696 4565 3155 4632 Certissimum
3201 4578 3303 4633 est
3343 4588 3578 4651 papam
3617 4569 3801 4631 3820.

626 4654 839 4721 Binan
880 4652 1077 4717 simul
1122 4650 1348 4718 literas
1390 4651 1535 4717 heri
1576 4652 1763 4715 3542.
2696 4651 3012 4718 Christus
3054 4652 3352 4719 absolvat
3389 4674 3556 4737 quae
3598 4662 3734 4718 tam
3767 4653 4042 4722 mirifice
4086 4656 4216 4716 777.

628 4740 839 4807 Bina·
882 4748 1031 4803 tuas
1272 4738 1293 4802 i
1328 4738 1555 4805 eodem
1586 4741 1768 4802 1485.
2695 4737 3007 4804 Christus
3048 4738 3239 4806 Iesus
3283 4740 3394 4824 qui
3430 4739 3501 4803 in
3527 4760 3718 4806 cruce
3747 4742 3924 4803 1574.

626 4824 823 4892 Binis
868 4823 1110 4889 nostris
1279 4823 1638 4891 Calvinum
1688 4828 1827 4889 170.
2695 4824 3005 4891 Christus
3039 4824 3230 4892 Iesus
3273 4846 3430 4891 vera
3471 4847 3602 4909 pax
3643 4827 3823 4888 1622.

627 4910 824 4977 Binis
868 4910 1000 4975 tuis
1046 4908 1255 4977 literis
1298 4931 1463 4993 quas
1506 4911 1788 4994 proximi
1835 4911 2021 4973 3270.
2696 4909 3005 4977 Christus
3047 4932 3184 4976 non
3230 4911 3377 4979 vult
3419 4921 3493 4976 ut
3532 4911 3926 4977 arbitremur
3969 4913 4147 4975 3942.

631 4996 822 5062 Binis
862 4998 994 5061 tuis
1040 4994 1248 5061 literis
1290 4996 1527 5079 quibus
1572 4996 1739 5063 nihil
1790 5000 1971 5061 1354.
2696 4996 3008 5063 Christus
3052 5000 3277 5063 omnia
3317 5006 3662 5081 componet
3705 4999 3890 5063 2432.

630 5081 753 5147 Bis
794 5078 879 5144 ad
914 5090 979 5145 te
1014 5082 1243 5165 scripsi
1270 5086 1457 5147 4102.
2699 5082 3008 5150 Christus
3053 5084 3165 5167 qui
3201 5083 3528 5168 praedixit
3569 5086 3711 5146 976.

632 5166 995 5232 Blaurerus
1038 5166 1202 5235 duos
1246 5167 1498 5234 libellos
1548 5171 1731 5234 1621.
2698 5170 2899 5235 Circa
2939 5169 3180 5235 festum
3226 5171 3508 5254 paschae
3557 5173 3739 5233 1953.

634 5250 995 5316 Blaurerus
1034 5252 1325 5319 nondum
1369 5254 1624 5320 remisit
1669 5258 1858 5321 2041.
2700 5255 2920 5322 Citius
2962 5254 3044 5321 de
3086 5269 3309 5323 nostro
3352 5266 3529 5322 statu
3573 5258 3758 5317 2560.

639 5335 812 5400 Boni
852 5337 1151 5405 consules
1190 5340 1326 5405 scio
1376 5345 1555 5405 1705.
2701 5341 2915 5408 Citius
2958 5362 3140 5408 eram
3182 5344 3544 5428 scripturus
3592 5345 3773 5404 1765.

4075 5776 4839 6088 4⁶2]
