4900 6125
302 437 424 502 597

1654 433 2120 503 ADDENDA
2160 434 2281 503 m
2322 430 2964 502 OORMGENDA.

510 661 593 672 —
660 624 703 690 1.
776 628 890 690 13:
933 625 990 691 si
1055 643 1193 689 non
1257 628 1560 690 nativam
1599 631 1906 691 mutaret.
1963 663 2032 674 —
2081 623 2126 690 l.
2180 628 2259 690 14

508 709 672 777 vitio
692 731 732 777 o
817 730 1042 776 rarum
1077 709 1394 793 scriptum
1418 710 1808 794 estinyenuo
1842 731 1963 795 pro
1982 711 2255 795 moenio:

510 802 580 862 et
620 794 713 862 ibi
756 817 863 863 em
909 796 1061 878 Ipse
1098 815 1219 880 pro
1264 795 1428 878 Ipsi.
1488 794 1769 862 antera
1809 796 1875 862 h.
1920 796 1964 862 l.
2007 797 2262 863 intacta

510 887 841 948 maneant.
906 918 984 929 —
1045 881 1087 946 1.
1145 885 1245 947 31.
1298 879 1631 948 Gomorsis
1682 882 1925 950 amis
1950 880 2041 967 (?)
2086 917 2171 931 —
2212 881 2255 948 1.

512 973 615 1033 40.
674 968 716 1033 l.
768 966 1226 1052 reprehendas.
1285 1004 1370 1014 —
1424 965 1469 1032 l.
1514 972 1618 1034 41.
1718 969 1791 1034 ui
1842 967 2039 1034 enim.
2089 1003 2167 1015 -
2211 968 2256 1034 1.

512 1053 628 1120 ult.
691 1053 929 1119 vitiose
981 1073 1366 1137 expressum
1423 1061 1554 1118 est:
1808 1074 1929 1139 pro
1973 1052 2125 1119 Noe.
2171 1087 2261 1103 -

509 1159 658 1224 psg.
710 1142 823 1203 161
873 1138 917 1204 1.
964 1143 1023 1203 7.
1069 1139 1166 1205 sic
1206 1138 1431 1204 effert:
1496 1146 1574 1204 ut
1613 1160 1698 1205 ne
1737 1139 1927 1205 letum
1969 1137 2259 1206 Satanae

416 1239 437 1262 ·
506 1244 773 1309 monum
828 1224 920 1304 (Ἰ)
964 1259 1050 1270 -
1106 1224 1148 1290 l.
1203 1228 1300 1289 19.
1346 1223 1577 1289 Herm.
1622 1227 1955 1309 proponit:
2022 1244 2098 1291 ea
2154 1225 2258 1292 fac

297 2079 437 2147 104.

284 2677 431 2745 105.

280 3020 423 3089 111.

282 4904 429 4972 114.

282 5075 429 5143 116.

512 1317 592 1375 ut
632 1329 718 1375 ne
762 1307 1152 1388 dividamur,
1197 1309 1565 1375 officiorum
1610 1311 1965 1378 mediomm
1996 1330 2258 1376 morum

506 1396 841 1464 doetrinae.
940 1396 1163 1461 Etiam
1244 1394 1340 1461 sic
1407 1415 1675 1462 sensum
1742 1396 1865 1464 loci
1930 1396 2259 1481 desperati

506 1501 771 1634 water
880 1481 1242 1631 uinclmrss—
1275 1480 1790 1634 gasewu-s
1834 1481 2105 1633 (Uib-le.
2146 1485 2262 1633 Ξει-

511 1650 706 1719 debet
773 1653 916 1737 ipse
979 1671 1185 1734 supra
1248 1673 1371 1718 sua
1435 1654 1515 1736 (1)
1583 1690 1667 1703 -—
1713 1653 1755 1718 1.
1804 1657 1905 1720 32.
1966 1654 2256 1738 supplet:

508 1739 769 1804 imitere
813 1760 890 1806 ac
931 1738 1265 1804 instituas.

502 1824 813 1891 Lacunas
858 1823 1115 1891 lacerae
1155 1823 1428 1890 chartae
1470 1824 1566 1889 sic
1607 1822 1784 1889 idem
1825 1825 2080 1909 explet:
2125 1824 2170 1891 l.
2198 1830 2254 1892 5.

507 1930 706 2060 quaffn
731 1930 1091 2062 Ιιὲαηᾳωὲισωω
1117 1910 1450 1994 suspicati.
1474 1944 1559 1958 —-
1579 1908 1623 1974 l.
1657 1914 1768 1976 14:
1809 1908 2255 1978 cunctandum.

514 2032 592 2043 -
665 2045 679 2061 .
825 2016 840 2058 ε
886 2015 957 2061 er
1092 2047 1106 2060 .

507 2080 656 2148 Hoc
711 2079 1175 2147 documentum
1218 2081 1451 2146 Herm.
1495 2080 1612 2182 (V.
1664 2084 1817 2158 135)
1864 2081 1948 2149 ad
1990 2081 2258 2148 initium

509 2164 655 2234 Oct.
712 2169 895 2232 1538.
942 2167 1173 2245 refert,
1239 2174 1307 2232 et
1373 2169 1710 2232 ministros
1776 2168 1891 2250 qui
1938 2168 2045 2235 hic
2089 2167 2257 2233 Ber-

507 2251 1198 2405 gffiugalguffmaeaggt
1238 2251 1604 2404 {333⁶
1657 2253 2090 2406 ‘'stoa‘'ffiffl
2109 2254 2256 2406 .ῗὲ

507 2443 797 2490 cessores
838 2423 1041 2490 fuisse
1086 2422 1513 2504 demonstrat,
1556 2433 1694 2489 tam
1736 2445 1822 2490 ex
1864 2425 2028 2491 actis
2071 2445 2258 2491 sena-

506 2517 619 2574 tus
662 2509 1026 2577 Beruensis
1077 2529 1275 2592 quam
1333 2531 1418 2575 ex
1469 2511 1766 2593 ipsorum
1822 2509 1996 2576 circa
2034 2530 2255 2578 caere-

504 2596 761 2661 monias
802 2594 1295 2661 cousuetudine.

501 2679 652 2746 Not.
705 2687 756 2746 1.
802 2680 1037 2746 Herm.
1082 2680 1348 2747 coniicit
1367 2677 1724 2764 legendum
1747 2701 1919 2748 esse:
1964 2680 2251 2764 linquen-

500 2766 672 2844 dm,
718 2765 889 2849 quod
933 2767 1157 2832 minus
1244 2765 1433 2832 lacet.
1506 2764 1792 2831 Librum
1835 2767 2025 2833 cuius
2062 2787 2254 2832 meu-

498 2853 595 2918 tio
641 2853 717 2917 fit
760 2851 953 2918 initio
995 2853 1205 2935 episto
1230 2872 1309 2918 ae
1349 2859 1544 2935 putat
1587 2871 1730 2917 esse
1753 2851 2248 2919 Oatechismum

500 2957 577 3003 eo
620 2957 798 3003 anno
842 2936 1045 3003 latine
1088 2936 1339 3003 editum
1388 2935 1703 3002 Basileae.

501 3022 650 3089 Hoc
692 3022 1159 3090 documentum
1227 3023 1515 3107 reperies
1558 3041 1659 3107 ap.
1707 3022 2251 3109 Herminjardum

498 3110 684 3175 Tem.
710 3110 793 3174 V.
840 3130 902 3193 p.
947 3112 988 3175 3
1032 3131 1205 3193 seqq.
1254 3109 1463 3176 doctis
1496 3110 2031 3176 annotationibus
2064 3109 2252 3176 illus-

496 3202 766 3296 tratum,
852 3195 921 3260 ui
957 3196 1155 3262 etiam
1185 3195 1266 3261 de
1286 3195 1515 3260 eodem
1558 3202 1624 3259 te
1658 3194 1841 3260 adire
1874 3195 2060 3261 iubet
2078 3194 2251 3261 Hote

495 3279 1455 3451 {langeRnPesglbzzffffiulllilnffg
1475 3279 2251 3451 {egb-Ingaunntkoglli

499 3451 612 3519 isti
672 3450 1031 3518 Calvinum
1109 3459 1404 3518 autorem
1483 3471 1841 3536 agnoscere
1920 3450 2249 3532 videntur,

498 3536 636 3607 soil.
695 3538 767 3603 in
811 3558 963 3603 eum
1018 3538 1219 3603 finem
1280 3537 1635 3620 conscripti
1679 3545 1757 3602 ut
1796 3557 1839 3603 a
1882 3537 2140 3605 Bucero
2183 3545 2251 3604 et

497 3623 829 3707 Capitone
904 3622 1159 3709 syuodo
1222 3630 1765 3707 proponerentur.
1876 3621 2250 3709 Synodales

499 3717 724 3775 tamen
786 3716 959 3776 tecte
1022 3716 1283 3774 tautum
1348 3728 1615 3776 causam
1680 3709 1806 3775 sibi
1871 3709 1996 3776 hoc
2056 3708 2251 3775 modo

499 3794 1023 3862 commendatam
1085 3793 1372 3878 amplexi
1426 3793 1769 3874 videntur,
1828 3814 2030 3878 quum
2073 3792 2248 3862 dice-

500 3889 654 3946 rent
692 3878 1113 3947 scribendum
1157 3900 1302 3946 esse
1342 3880 1605 3948 senatui
1635 3879 2049 3946 Genevensi:
2093 3879 2249 3947 caclo

498 3966 596 4048 νῆ’
621 3967 868 4051 quaein
906 3966 1241 4049 besmny
1264 3967 1415 4045 jrer
1453 3964 1693 4031 alchon
1732 3965 2136 4045 setho-achion,
2181 3974 2251 4032 et

498 4051 956 4117 Berneusibus
1007 4049 1418 4117 suadendum
1478 4062 1554 4115 ut
1605 4050 1630 4115 l
1900 4051 2249 4118 Geuevam

498 4136 841 4203 mitterent
890 4137 1005 4219 qui
1061 4144 1461 4203 conarentur
1516 4136 1621 4203 die
1835 4138 2081 4203 &antea
2120 4137 2250 4203 vna

495 4224 594 4288 ire
631 4222 801 4304 scitor
841 4242 991 4288 m
1031 4223 1237 4288 herten
1276 4243 1363 4287 ea
1400 4222 1794 4307 vertddiyen:
1848 4223 2129 4323 denique
2173 4244 2246 4289 se

498 4328 649 4374 cum
696 4308 981 4375 Calvino
1037 4317 1106 4374 et
1148 4306 1411 4373 Farello
1469 4310 1601 4373 iam
1646 4308 1858 4393 egisse
1902 4317 1981 4373 ut
2020 4309 2065 4373 1i
2110 4308 2248 4375 sich

497 4393 747 4459 allidor
786 4393 1233 4479 masmim
1272 4393 1571 4476 sehevpffe
1610 4414 1683 4460 se
1714 4412 2007 4460 ”massan
2048 4393 2245 4459 iudu-

497 4488 826 4546 cerentur.
937 4479 1287 4545 Caeterum
1376 4499 1582 4562 quum
1681 4479 2037 4546 affirment:
2124 4480 2246 4545 wir

496 4565 786 4631 ωᾶωὑιᾶ
827 4565 943 4631 wol
994 4565 1116 4631 aas
1161 4566 1238 4646 ,ir
1274 4570 1488 4650 yonii&
1528 4586 1613 4629 eu
1665 4564 2019 4650 ft’a‘rdmny
2080 4566 2242 4633 αἱσ-

496 4650 791 4716 tenlicher
814 4648 1098 4716 Erbarsr
1130 4650 1355 4717 sochen
1374 4651 1587 4734 qne-’93
1603 4670 1698 4734 sy,
1734 4660 1916 4734 patet
1946 4652 2241 4750 ipsorum

499 4735 835 4802 decretum
881 4735 1249 4813 (Aboehiod)
1307 4756 1443 4802 uon
1502 4736 1628 4800 uisi
1690 4735 1874 4803 lectis
1930 4736 2037 4804 his
2080 4737 2242 4802 arti-

497 4822 663 4887 culis
704 4821 953 4886 fictum
996 4842 1157 4889 esse.

500 4906 674 5007 Nou·
708 4912 760 4971 1.
789 4906 1032 5008 οΗΘι-ιιι.
1080 4908 1162 4972 V.
1189 4912 1227 4972 9
1251 4906 1442 4992 legit:
1484 4907 1763 4991 ὑιφιαπι,
1810 4907 1983 4990 quod
2018 4918 2088 4973 et
2121 4928 2243 4973 nos

494 5004 809 5076 suspicati
852 5012 1135 5059 eramus.

496 5076 988 5162 Descripsimus
1029 5099 1114 5144 ex
1157 5077 1257 5144 ed.
1280 5078 1515 5145 Besae.
1588 5076 1766 5145 Sunt
1808 5088 2031 5145 tamen
2074 5099 2241 5145 uon·

496 5163 720 5230 nullae
781 5163 1098 5231 lectiones
1138 5185 1227 5230 ex
1270 5163 1429 5231 Ood.
1474 5164 1855 5231 Genevensi
1893 5162 2240 5232 notandae.

495 5248 661 5335 Pag.
714 5252 829 5315 197
874 5248 921 5315 1.
968 5256 1039 5315 5:
1099 5249 1251 5317 Nou
1309 5248 1498 5317 dolor
1560 5271 1641 5317 cx
1680 5258 2063 5335 contemptu
2104 5251 2241 5317 3·oe-

494 5339 612 5402 m.
678 5334 848 5401 -l.
924 5340 1028 5401 12:
1094 5335 1454 5403 amnuo.
1516 5337 2090 5403 —l.15:tots.
2154 5372 2240 5385 —

2365 790 2511 858 119.

2362 1048 2509 1115 120.

2368 1650 2510 1717 121.

2366 1991 2507 2060 122.

2361 2163 2506 2230 123.

2362 2335 2507 2403 125.

2362 2676 2512 2751 126.

2363 2934 2505 3001 127.

2356 3448 2501 3517 128.

2353 3791 2500 3860 132.

2345 4818 2494 4889 134.

4207 441 4342 508 698

2569 619 2809 772 ἕζεται.
2853 641 2974 705 pro
3015 620 3196 688 Maio
3239 620 3310 688 in
3354 622 3836 708 subscriptione
3878 624 4198 696 Martium
4219 648 4338 696 ex-

2572 792 2726 859 Not.
2757 797 2809 858 1.
2837 792 3067 859 Herm.
3091 813 3154 876 p.
3188 798 3263 858 17
3287 792 3451 879 legit
3463 795 3610 876 Hic,
3634 797 3678 862 i.
3705 817 3762 863 e.
3785 796 4111 865 emendat.
4155 798 4332 866 Nam

2571 877 2798 977 Codex
2839 878 3050 944 aliter.
3118 878 3213 944 Et
3254 899 3488 946 versus
3523 881 3758 950 finem:
3810 883 3982 965 Quia
4013 882 4333 950 festinant

2567 973 3562 1135 ffi.lt{s’Afflrrgffi⁶emlicat
3582 1052 4115 1139 Herminjardus.
4153 1077 4214 1140 p.
4248 1060 4327 1122 19

2569 1135 2720 1201 Non
2791 1135 2873 1201 de
2938 1156 3213 1204 munere
3281 1136 3500 1220 aliquo
3564 1140 3970 1222 capessendo
4045 1141 4166 1210 sed
4246 1141 4329 1210 de

2567 1218 2899 1288 domicilio
2941 1222 3315 1306 quaerendo
3335 1222 3698 1307 loquuntur
3717 1225 4082 1294 secuudum
4105 1228 4332 1295 virum

2570 1305 3038 1374 doctissimum.
3148 1308 3502 1395 Gryuaeus
3577 1310 3757 1376 euim
3838 1331 4034 1380 suum
4119 1313 4331 1397 ipsius

2570 1413 2816 1459 munus
2838 1391 3135 1477 Oporino
3177 1403 3585 1462 concesserat
3623 1396 3695 1461 in
3714 1396 4009 1482 collegio,
4050 1397 4328 1483 ideoque

2569 1478 2643 1542 in
2703 1499 2916 1629 suat?e
2951 1477 3215 1629 dpmum
3270 1501 3390 1564 pro
3445 1487 3741 1565 tempore
3782 1483 4117 1550 nemiuem
4159 1484 4327 1551 reci-

2633 1585 2748 1800 {goi
2759 1584 3074 1799 {aigro
3099 1648 3654 1804 Νιάοηίῖνςέἔὲἔιι)
3683 1651 3915 1805 ᾕρει.
3944 1675 4004 1738 p.
4032 1657 4333 1806 Ytgutor

2569 1755 3366 1972 §pidzalgssssguffergmensn
3420 1746 3686 1891 ditiolnig
3747 1761 3831 1890 ad
3864 1745 4105 1894 ἳὲοὲιῗι
4172 1749 4334 1892 Βῗιξἐῖ

2595 1928 2753 1973 ense
2867 1929 2922 1973 ει
2955 1929 2998 1972 ιι
3072 1956 3087 1971 .

2571 1993 2725 2060 Not.
2786 1996 2843 2059 6.
2912 1991 3146 2060 Herm.
3192 1992 3305 2066 (V.
3352 1996 3465 2071 31)
3531 1994 3613 2059 de
3666 1993 3974 2062 Conrado
4028 1995 4331 2065 Gesnero

2568 2100 2645 2146 co
2697 2078 2831 2145 'tat

2564 2099 2717 2232 Nogg
2770 2169 2822 2229 1.
2870 2162 2975 2229 De
3031 2162 3308 2230 Claudio
3351 2162 3732 2231 Salomonis
3802 2165 3998 2249 plura
4059 2166 4335 2252 praebet

2564 2250 2797 2316 Herm.
2844 2249 2919 2314 Τ.
2966 2248 3049 2314 V.
3096 2270 3157 2333 p.
3208 2253 3310 2315 34.

2565 2336 2716 2403 Not.
2764 2344 2823 2401 4.
2872 2335 3102 2401 Herm.
3148 2335 3441 2403 coniicit:
3504 2337 3615 2419 qui
3657 2335 3729 2401 id
3771 2355 3925 2403 cum
3967 2337 4332 2407 detrimem

2566 2421 2838 2506 pietatis
2909 2421 3243 2488 mittam
3308 2420 3443 2521 (vel
3597 2423 3761 2488 tius:
3851 2422 4246 2490 admitterent
4263 2424 4328 2508 ?)

2568 2508 2739 2574 Tum
2805 2506 3056 2591 pergit:
3135 2505 3272 2574 Sed
3329 2515 3461 2574 ista
3544 2527 3720 2593 onga
3782 2506 4144 2594 disputatio
4208 2519 4328 2577 est.

2567 2593 2754 2678 Iugis
2797 2602 2922 2658 etc.
2997 2591 3515 2660 Emendationes
3557 2592 3679 2659 has
3721 2601 3986 2662 nostras
4029 2595 4326 2663 facimus.

2571 2678 2767 2745 Hanc
2808 2676 3153 2763 epistolam
3195 2678 3390 2761 paulo
3434 2678 3667 2759 serius,
3712 2681 3754 2746 i.
3800 2700 3857 2746 e.
3903 2701 4130 2750 mense
4150 2680 4325 2748 Iulio

2565 2765 3463 2916 ἔέπιιςξὲῗᾶὧῗτίἇῗὲῗωοεεο
3509 2764 3739 2832 Herm.
3788 2787 3851 2850 p.
3900 2770 3980 2830 62
4025 2765 4328 2850 pluribus

2566 2935 2717 3002 Not.
2775 2940 2868 3000 11.
2913 2933 2976 3000 Il
3017 2956 3065 3020 y
3107 2954 3150 3000 a
3187 2935 3275 3002 ici
3321 2956 3452 3001 une
3508 2956 3739 3004 erreur
3801 2945 4012 3019 quant
4053 2956 4140 3002 au
4182 2959 4328 3023 per-

2562 3040 2858 3107 sonnage
2910 3027 3174 3088 nomme
3217 3019 3532 3088 firmius.
3621 3019 3718 3089 Oe
3776 3020 3918 3088 doit
3975 3024 4160 3091 avoir
4220 3031 4325 3092 ete

2561 3126 2655 3173 un
2698 3107 2883 3173 Fran
2926 3106 3023 3172 ais
3066 3127 3195 3191 que
3238 3107 3328 3175 du
3373 3107 3572 3175 'I'illet
3614 3106 3961 3175 lui-meme
4005 3106 4118 3189 (N.
4175 3114 4324 3190 139)

2562 3213 2829 3260 nomme
2880 3128 2971 3259 du
3014 3191 3272 3259 Ferme.
3345 3193 3528 3260 O'est
3569 3193 3662 3261 M.
3689 3193 3958 3261 Bonnet
3997 3194 4114 3279 qui
4157 3217 4326 3264 nous

2562 3279 2744 3345 avait
2784 3286 3070 3363 suggere
3113 3293 3307 3345 notre
3349 3288 3524 3353 note,
3566 3280 3735 3346 mais
3775 3278 4085 3363 l‘opinion
4122 3280 4205 3349 de
4225 3283 4321 3349 M.

2556 3363 2994 3448 Herminiard
3038 3384 3097 3448 p.
3145 3370 3227 3429 45
3273 3373 3377 3432 est
3417 3366 3895 3432 certainemeut
3936 3366 4319 3449 preferable.

2557 3448 2711 3516 Not.
2764 3456 2819 3517 1.
2863 3450 3050 3516 Bene
3092 3449 3605 3535 Herminjardus
3658 3450 4037 3519 observavit
4076 3452 4322 3520 Palati·

2558 3556 2721 3601 num
2783 3535 3092 3602 comitem
3134 3556 3268 3601 nou
3311 3535 3726 3604 Fridericum
3771 3534 3978 3604 fuisse
4017 3535 4137 3605 sed
4179 3539 4322 3606 Lu-

2556 3620 2884 3689 dovicum.
2979 3618 3054 3689 Is
3131 3631 3356 3688 autem
3421 3620 3806 3689 Ludovious
3869 3624 3973 3690 sui
4033 3624 4325 3692 nominis

2563 3707 2834 3790 quintus
2876 3716 3041 3785 erat,
3082 3727 3220 3772 non
3262 3707 3517 3773 tertius.

2562 3793 2721 3860 Not.
2747 3798 2806 3859 5.
2846 3792 3077 3860 Herm.
3101 3813 3166 3876 p.
3194 3796 3277 3858 70
3296 3793 3487 3877 legit:
3529 3812 3597 3860 sc
3617 3813 3760 3861 esse
3786 3794 4126 3865 rusticum.
4192 3795 4324 3864 Oo-

2558 3879 2773 3945 dicem
2823 3877 3089 3963 quidem
3132 3877 3326 3945 hodie
3371 3887 3525 3944 ante
3565 3877 3788 3947 oculos
3831 3900 3964 3947 uon
3985 3880 4323 3964 habemus,

2555 3962 2674 4032 sed
2738 3964 2821 4032 de
2884 3965 3218 4047 proposita
3281 3965 3564 4063 lectione
3628 3984 3670 4031 a
3735 3966 3880 4031 viro
3946 3965 4320 4034 doctissimo

2555 4049 4322 4235 3ffi”.1ffiss⁶⁰3„⁰33.⁶:.?⁰53.„?⁰ss⁸.331133

2555 4222 2872 4288 rusticum
2916 4240 3078 4298 esse,
3121 4220 3397 4305 ideoque
3440 4221 3688 4288 lentius
3729 4223 4080 4306 equitasse.
4160 4221 4319 4293 Oa!-

2558 4309 2755 4374 vinus
2795 4315 3054 4373 contra:
3100 4305 3168 4372 id
3212 4308 3455 4375 factum
3501 4326 3646 4373 esse
3689 4317 3959 4392 propter
4003 4307 4318 4391 pluviam.

2571 4393 2925 4479 Grynaens
2946 4392 3088 4476 ipse
3112 4412 3241 4459 non
3257 4394 3470 4477 potuit
3490 4392 3705 4459 dicere
3725 4413 3794 4460 se
3812 4413 3958 4460 me
3977 4393 4319 4462 rusticum.

2692 4479 2848 4546 Not.
2910 4483 3009 4544 13.
3052 4478 3198 4545 Imo
3254 4480 3436 4562 prior
3493 4499 3571 4544 ea
3630 4477 3897 4545 videtur
3939 4499 4081 4546 esse
4124 4500 4324 4565 quam

2556 4564 2700 4631 sub.
2745 4564 2828 4629 N.
2878 4567 2997 4629 126
3041 4564 3485 4631 exhibuimus.

2689 4650 2844 4716 Not.
2896 4653 2998 4714 16.
3042 4650 3378 4736 Stagneus
3436 4652 3676 4716 iterum
3742 4650 4029 4717 occurrit
4068 4650 4152 4717 N.
4198 4656 4324 4719 154

2547 4736 2621 4800 in
2664 4733 3025 4801 Addendis.

2554 4819 2780 4905 Quum
2838 4820 3088 4887 Farelli
3146 4819 3491 4885 literatura
3547 4819 4043 4888 intricatissima
4099 4823 4190 4889 sit
4252 4832 4323 4891 et

2551 4906 2724 4975 lectu
2769 4905 3172 4985 difficillima,
3217 4903 3393 4971 haud
3431 4906 3674 4971 mirum
3717 4907 4056 4975 variantes
4099 4909 4312 4977 exsie-

2552 5001 2695 5060 tere
2728 4992 2803 5058 in
2837 5012 2962 5077 apo
3083 4990 3236 5074 phin
3274 4991 3633 5059 hodiernis.
3703 4991 3820 5059 Sic
3841 4991 4074 5059 Herm.
4119 4992 4323 5063 habet

2550 5100 2616 5164 p.
2662 5100 2727 5145 n.
2775 5082 2921 5145 233.
3000 5125 3016 5143 .
3062 5082 3136 5143 9:
3181 5098 3300 5161 per
3353 5098 3508 5144 eam
3567 5113 3651 5126 —
3710 5078 3900 5145 1.11.
3947 5078 4314 5149 verissima.

2554 5164 2723 5231 -1.
2775 5167 2874 5230 13.
2938 5182 3214 5248 sperare.
3282 5201 3368 5213 —
3437 5162 3480 5228 l.
3550 5167 3668 5230 26.-
3730 5161 4095 5231 adiutor-m.
4139 5201 4228 5214 —
4267 5166 4317 5234 l.

2563 5253 2681 5316 29:
2727 5270 2999 5334 suaque.
3036 5285 3121 5301 —
3157 5249 3199 5314 l.
3244 5253 3358 5315 33:
3401 5249 3922 5317 utLausaunam
3941 5251 4328 5320 vatio-mas.

2557 5375 2640 5385 —
2685 5356 2832 5423 pag.
2877 5335 3090 5402 2341.
3140 5339 3211 5402 5:
3256 5333 3397 5402 1000.
3791 5415 3904 5473 88.
