4900 6125
294 426 401 490 ‘109

440 605 628 689 Quod
684 607 884 676 simul
939 627 1018 674 ac
1057 607 1212 674 finis
1264 614 1595 693 utcunque
1639 616 1903 675 nostrae
1956 615 2214 693 tragoe-

287 696 415 766 diae
454 694 792 777 impositus
836 693 982 773 fuit,
1041 691 1590 760 reverendissime
1633 701 1839 779 pater,
1899 715 2035 762 non
2078 703 2213 761 sta-

285 783 391 850 tim
431 779 511 846 ad
566 786 632 846 te
690 779 906 865 qualis
961 778 1072 846 ille
1111 779 1310 846 fuerit
1353 781 1744 865 scripserim,
1803 800 1890 846 ne
1932 781 2209 848 mireris.

282 867 488 950 Quum
548 866 726 931 enim
789 865 865 932 in
941 866 1238 932 animum
1301 865 1436 932 iam
1501 866 1758 951 pridem
1835 866 2212 933 induxerim

280 971 499 1031 meum,
550 950 672 1020 hoc
729 959 1039 1036 tempore,
1095 950 1237 1018 sive
1282 949 1624 1020 dissidium
1690 960 1994 1019 nostrum
2034 973 2211 1020 com-

353 1046 624 1117 neretur,
684 1038 825 1104 sive
877 1058 1008 1104 non
1065 1046 1580 1121 componeretur,
1635 1038 1933 1105 conferre
1975 1059 2084 1105 me
2127 1038 2212 1106 ad

440 1123 746 1203 thermas,
771 1127 825 1207 ¹)
869 1133 940 1189 et
980 1123 1137 1191 hinc
1179 1121 1265 1189 ad
1308 1144 1445 1204 vos,
1501 1123 1740 1191 deinde
1797 1124 1867 1190 in
1929 1125 2214 1208 patriam

275 1210 501 1288 uxoris,
516 1211 574 1290 2)
629 1209 825 1294 idque
878 1219 1025 1275 tum
1069 1208 1466 1276 valetudinis
1530 1217 1676 1277 tum
1737 1210 1940 1276 etiam
2008 1211 2212 1277 animi

273 1296 418 1364 satis
480 1295 708 1362 afflicti
772 1294 1113 1363 recreandi
1171 1316 1389 1373 causa,
1453 1295 1660 1362 malui
1724 1315 1948 1362 eoram
2013 1317 2210 1381 quam

269 1402 378 1466 per
408 1381 631 1447 literas
667 1391 876 1447 totum
915 1380 1252 1465 negotium
1290 1380 1476 1448 vobis
1509 1382 1858 1465 explicare.
1923 1380 2004 1447 Id
2035 1382 2212 1466 quod

268 1467 371 1534 ubi
411 1465 494 1532 ad
539 1488 654 1532 vos
692 1487 935 1533 venero
972 1467 1267 1545 (veniam
1309 1479 1535 1534 autem
1556 1469 1703 1534 Deo
1723 1468 1988 1535 volente
2030 1468 2212 1534 intra

274 1558 345 1620 10
394 1560 508 1619 aut
567 1557 642 1617 12
700 1552 838 1619 dies
932 1553 1286 1637 perficiam.
1381 1552 1579 1619 Nunc
1643 1562 1906 1620 tantum
1974 1554 2210 1621 habeto

264 1637 771 1707 conclusionem:
878 1649 1333 1705 ontroversam
1376 1637 1639 1723 quidem
1682 1638 2048 1706 doctrinam
2091 1661 2207 1705 ne-

264 1745 380 1808 que
420 1744 563 1790 esse
607 1723 964 1792 iudicatam
1008 1724 1280 1808 (diserte
1324 1725 1501 1791 enim
1539 1724 1855 1791 dixerunt
1889 1725 2207 1809 composi·

262 1819 442 1888 tores,
468 1813 524 1892 ⁸)
568 1831 642 1878 se
685 1832 818 1877 non
864 1811 1125 1878 venisse
1178 1810 1541 1877 iudicatum
1582 1810 1665 1877 de
1710 1810 2027 1888 doctrina,
2086 1810 2209 1878 hoc

262 1896 427 1963 enim
486 1917 634 1963 csse
688 1896 968 1964 alicuius
1030 1895 1271 1980 synodi
1327 1896 1670 1979 officium),
1737 1918 1949 1980 neque
2008 1897 2208 1964 etiam

260 2001 394 2049 csse
447 1984 885 2067 compositam
939 1981 1291 2067 (quomodo
1346 1983 1525 2048 enim
1584 1983 1887 2067 componi
1952 1984 2210 2066 possint

257 2067 849 2152 contradictoria?),
884 2068 1404 2135 conciliationem
1441 2077 1662 2134 tamen
1698 2068 2026 2152 quandam
2065 2070 2207 2135 ani-

256 2173 505 2220 morum
541 2174 687 2220 esse
730 2155 989 2232 factam,
1050 2154 1437 2221 condonatis
1479 2155 1788 2238 utrinque
1831 2155 2088 2221 iniuriis
2131 2174 2208 2221 ac

254 2238 647 2306 maledictis:
691 2237 931 2306 deinde
972 2241 1043 2305 in
1087 2240 1419 2324 quandam
1461 2240 1797 2307 doctrinae
1839 2240 2208 2317 formulam,

256 2333 389 2390 tum
455 2324 539 2392 de
604 2345 829 2406 coena,
886 2335 1031 2391 tum
1099 2326 1180 2392 de
1243 2325 1874 2409 praedestinatione,
1941 2348 2071 2409 qua
2135 2328 2206 2391 in

250 2421 581 2492 posterum
640 2421 953 2478 caveatur
1006 2432 1092 2477 ne
1153 2411 1605 2477 huiuscemodi
1650 2413 2036 2497 contingant
2069 2412 2204 2479 dis-

248 2494 426 2575 sidia,
486 2518 634 2565 esse
676 2519 1089 2572 consensum,
1147 2497 1232 2563 ab
1292 2497 1439 2564 aliis
1492 2497 1758 2580 quidem
1816 2497 2206 2581 simpliciter

247 2600 284 2645 a
335 2603 441 2650 me
500 2604 665 2650 vero
723 2605 875 2651 cum
940 2583 1413 2667 protestatione
1480 2593 1549 2650 et
1611 2593 1808 2651 cauta
1871 2584 2203 2668 subscrip-

245 2666 431 2734 tione.
528 2668 617 2735 In
683 2690 975 2736 summa:
1042 2670 1172 2735 huc
1228 2670 1450 2736 omnia
1514 2670 1714 2736 fuisse
1778 2671 2083 2736 instituta
2125 2678 2205 2735 ut

240 2754 643 2832 scandalum,
703 2755 878 2839 quod
921 2776 1057 2822 non
1101 2776 1383 2839 parvum
1426 2763 1571 2822 erat
1613 2756 1681 2820 in
1726 2756 1891 2821 urbe
1934 2765 2205 2840 propter

242 2838 358 2907 boo
417 2840 794 2920 dissidium,
861 2842 1081 2927 aliqua
1146 2842 1402 2907 ratione
1469 2841 1834 2920 tolleretur,
1901 2840 2202 2925 publicae

238 2926 379 3009 paci
420 2927 881 2993 consuleretur
915 2927 1268 3010 scholaque
1302 2927 1374 2992 in
1419 2927 1757 3012 integrum
1802 2933 2049 2992 statum
2097 2949 2200 2993 re-

237 3012 645 3095 stitueretur,
688 3020 757 3079 et
799 3035 956 3081 vero
1000 3014 1202 3081 etiam
1247 3014 1686 3080 ministerium
1733 3013 1923 3081 tectis
1968 3022 2203 3081 uteun-

238 3118 358 3181 que
414 3099 899 3167 nonnullorum
958 3098 1294 3166 erroribus
1351 3101 1419 3165 in
1479 3121 1601 3166 sua
1660 3099 1719 3163 d'
1819 3102 1981 3166 itate
2025 3099 2202 3184 apud

234 3183 491 3265 plebem
525 3194 1054 3253 conservaretur.
1113 3186 1396 3270 Reliqua
1430 3207 1668 3252 coram.
1797 3186 1917 3252 ale.
1976 3185 2203 3253 Badae

242 3273 332 3335 16.
377 3272 602 3356 April.
654 3274 839 3338 1563.

1014 3567 1421 3577 ----

1115 3815 1319 3887 8⁹35.

630 3986 1305 4055 BULLINGERUS
1362 3987 1799 4055 OALVINO.

390 4158 741 4226 Percurrit
792 4159 1029 4241 raptim
1092 4163 1281 4225 totam
1337 4162 1566 4226 seriem
1622 4180 1927 4226 novarum
1982 4183 2196 4228 rerum

214 4250 345 4394 ἔξω
386 4246 473 4311 ab
520 4247 686 4395 ipsss⁸
706 4243 964 4311 Calvino
1016 4250 1416 4327 acceptarum
1457 4267 1648 4329 quam
1692 4248 1892 4314 eidem
1935 4250 2195 4315 aliunde

212 4501 324 4567 (Ex
372 4503 736 4574 autographo
772 4502 934 4556 Arch-
970 4502 1154 4557 Turic-
1191 4502 1339 4556 Plut.
1376 4502 1477 4558 VI.
1513 4504 1640 4559 Vol.
1678 4504 1802 4572 129,
1852 4505 1981 4560 olim
2019 4506 2190 4562 Scrin.

442 4573 507 4628 B.
548 4573 695 4642 Epp.
731 4571 885 4626 Tem.
919 4569 1004 4639 30,
1040 4572 1133 4627 fol.
1164 4569 1289 4626 455.
1328 4599 1394 4612 —
1430 4572 1643 4628 Simlcr.
1681 4575 1805 4630 Vol.
1840 4574 1985 4638 107.)

384 4744 790 4811 Clarissimo
842 4743 987 4809 viro
1031 4742 1117 4809 D.
1163 4743 1401 4809 Ioanni
1456 4744 1733 4812 Oalvino
1778 4747 2192 4815 Genevensis

210 4901 353 4909 ——.-.

202 4998 485 5065 ml)
526 4999 1924 5068 Badenoensemmduaeitfmlwmuunffld.
1966 5003 2191 5076 Sybar-

200 5084 253 5188 ᾖ
301 5086 553 5195 39332
588 5072 960 5194 swanger!
978 5069 1097 5207 υἷα
1217 5085 1280 5205 5⁸
1315 5086 1449 5127 m
1645 5074 1656 5085 ·
1714 5074 1996 5129 inclama·
2074 5073 2189 5143 ‘Of’

412 5206 1129 5359 {3VMTeamvzae‚
1265 5277 1276 5291 .
1493 5276 1984 5336 ‘etmnK
2142 5283 2153 5295 .

196 5343 587 5402 Batauum.
653 5344 760 5410 (N.
792 5344 977 5411 3919.)

2014 421 2177 486 1563
2221 419 2532 488 APRII..

4152 425 4282 490 710

2317 608 2629 676 ecclesiae
2689 605 3067 674 fidelissimo
3123 607 3369 692 pastori
3429 606 3695 675 domino
3759 606 4146 676 honorando
4204 618 4277 677 et

2315 695 2508 762 fratri
2549 694 2745 781 longe
2786 693 3147 760 carissimo.
3879 777 4102 847 Genff·

2486 949 2557 1018 S.
2595 952 2680 1018 D.
2760 949 2973 1018 Valde
3015 949 3201 1017 doleo
3215 1002 3233 1030 ,
3290 948 3560 1017 colende
3625 950 3889 1018 domine
3941 958 4010 1017 et
4069 951 4276 1018 frater

2312 1037 2669 1118 carissime,
2708 1045 3120 1121 praereptam
3142 1035 3331 1102 nobis
3365 1057 3510 1103 esse
3543 1037 3740 1103 istius
3771 1040 3822 1117 ¹)
3859 1037 4273 1104 festinatione

2314 1123 2782 1209 intempestiva
2824 1132 3080 1188 tantam
3114 1122 3520 1189 occasionem
3554 1122 3734 1207 pacis
3777 1121 4023 1190 solidae
4067 1122 4272 1191 stabi·

2312 1210 2524 1294 lisque
2559 1207 3072 1277 constituendae.
3129 1208 3381 1274 Vereor
3414 1209 3591 1274 enim
3627 1209 3987 1291 plurimum
4023 1229 4108 1275 ne
4139 1209 4273 1276 ista

2313 1294 2632 1362 durabilis
2688 1297 2776 1362 sit
2833 1296 3070 1360 futura.
3156 1293 3439 1375 Quando
3482 1315 3640 1361 vero
3695 1294 3889 1360 aliter
3943 1295 4089 1361 fieri
4133 1313 4270 1360 non

2311 1390 2544 1465 potest,
2605 1379 2894 1447 orandus
2946 1389 3049 1446 est
3101 1379 3293 1446 nobis
3337 1380 3682 1461 Dominus,
3737 1389 3817 1446 ut
3866 1380 3981 1446 ille
4023 1380 4269 1447 morbis

2311 1467 2459 1534 istis
2523 1468 2864 1533 hominum
2942 1466 3083 1533 sive
3146 1466 3390 1532 inertia
3452 1466 3593 1533 sive
3658 1465 3911 1532 malitia
3980 1465 4269 1534 inductis

2311 1551 2673 1619 medeatur.
2733 1552 2950 1620 Oausa
2983 1551 3147 1618 haec
3181 1552 3456 1618 Domini
3488 1559 3609 1618 est.
3666 1551 3833 1618 Sine
3865 1551 4065 1618 huius
4098 1559 4270 1619 nutu

2311 1639 2482 1705 nihil
2535 1641 2630 1706 fit.
2702 1638 2867 1704 Vult
2920 1637 3032 1703 ille
3077 1636 3254 1704 haud
3314 1636 3511 1703 dubie
3566 1637 3663 1704 ita
3715 1659 4024 1705 exercere
4066 1637 4271 1704 fidem

2309 1732 2377 1791 et
2431 1724 2818 1810 patientiam
2878 1731 3190 1790 nostram.
3274 1725 3365 1788 Ac
3408 1723 3712 1789 videmus
3767 1725 3900 1790 iam
3945 1723 4026 1790 ab
4072 1723 4268 1790 annis

2310 1815 2396 1876 40
2438 1820 2509 1877 et
2549 1810 2830 1894 amplius
2869 1810 3146 1878 mirifice
3183 1810 3401 1876 Deum
3436 1817 3734 1876 nostrum
3774 1830 4038 1877 causam
4079 1808 4270 1875 illam

2310 1896 2651 1981 religionis
2715 1907 2783 1962 et
2840 1896 3244 1979 promovisse
3309 1896 3381 1960 in
3440 1894 3685 1960 mundo
3743 1903 3812 1961 et
3876 1895 4266 1962 defendisse.

2310 1982 2463 2048 Non
2507 1982 2719 2048 deerit
2758 1982 2944 2049 nobis
2985 1979 3448 2048 invocantibus
3492 2001 3734 2047 nomen
3777 1982 3940 2048 eius.
4015 1982 4268 2047 Mirum

2312 2088 2468 2134 vero
2509 2067 2676 2134 illud
2718 2077 2838 2144 est,
2893 2065 3068 2151 quod
3125 2076 3195 2132 et
3240 2067 3636 2133 Namursius
3655 2072 3690 2107 ⁹
3716 2071 3772 2140 ²)
3817 2075 4110 2134 mortuos
4154 2063 4269 2133 de-

2309 2175 2529 2221 serere
2586 2175 2718 2220 non
2774 2153 2935 2232 vult,
2989 2153 3226 2236 quibus
3267 2151 3598 2219 indivulse
3641 2152 3941 2219 adhaesit
3986 2151 4269 2220 viventi-

2309 2239 2449 2305 bus.
2525 2239 2587 2306 Ο
2633 2247 2876 2323 quanto
2930 2237 3330 2305 nebulonum
3376 2237 3665 2322 pondere
3723 2239 3983 2305 levatur
4025 2238 4264 2304 Gallia.

2311 2325 2712 2392 Miraculum
2775 2334 2877 2391 est
2937 2324 3175 2408 ingens
3192 2375 3210 2404 ,
3289 2322 3461 2407 quod
3539 2334 3673 2390 tem
3760 2346 3832 2390 re
3912 2323 4269 2390 admodum

2312 2411 2498 2477 brevi
2543 2421 2643 2476 tot
2685 2410 2927 2477 sublati
2968 2418 3125 2477 sunt
3158 2409 3382 2476 hostes
3424 2431 3680 2495 evange
3710 2411 3748 2426 ‘⁸
3788 2431 4044 2495 graves.
4113 2410 4267 2476 Non

2308 2498 2554 2564 frustra
2612 2518 2891 2563 evenere
2946 2495 3128 2563 haec.
3200 2496 3418 2561 Favet
3472 2494 3687 2563 adhuc
3732 2494 3991 2561 Galliae
4034 2494 4269 2562 Domi-

2311 2605 2438 2650 nus
2474 2584 2586 2667 qui
2617 2581 2995 2649 huiusmodi
3037 2603 3183 2647 eam
3226 2581 3466 2647 liberat
3508 2583 3837 2648 monstris.
3908 2581 4268 2649 Benedicet

2308 2669 2372 2734 ei
2431 2671 2630 2735 etiam
2685 2689 2808 2734 suo
2863 2677 3156 2750 tempore
3200 2667 3472 2751 plenius.
3543 2667 3684 2751 Ipsi
3727 2668 3959 2753 gloria.
4029 2668 4265 2735 ante·

2308 2776 2456 2820 rum
2516 2774 2662 2820 meo
2719 2763 2789 2820 et
2844 2755 3142 2820 omnium
3199 2754 3480 2819 fratrum
3523 2754 3792 2819 nomine
3845 2752 3965 2818 tibi
4019 2756 4265 2838 gratias

2307 2862 2450 2991 {33
2493 2838 4265 3010 35¹1&tgffirffl'ssffiff”Sssniiu‘ssssffissussss'ffinssffi

2306 3012 2523 3080 fecisti
2578 3011 3045 3097 gratissimam.
3128 3011 3404 3078 Utinam
3470 3010 3656 3078 brevi
3720 3010 4005 3079 scribere
4071 3011 4265 3078 detur

2306 3098 2642 3169 faustiora.
2712 3096 2848 3165 Sed
2892 3109 2959 3163 et
3000 3118 3121 3163 nos
3163 3104 3233 3163 et
3273 3119 3381 3163 res
3415 3106 3679 3164 nostrae
3719 3118 3947 3164 omnes
3990 3109 4147 3164 sunt
4189 3099 4261 3165 in

2306 3206 2513 3250 manu
2557 3184 2830 3251 Domini
2873 3183 3005 3248 Dei
3047 3183 3271 3249 nostri.

2478 3269 2659 3352 Quid
2703 3269 2946 3335 factum
2990 3269 3078 3336 sit
3120 3270 3192 3334 in
3236 3289 3433 3334 causa
3478 3268 3722 3335 Zanehi
3751 3273 3806 3352 ⁸)
3851 3271 4262 3355 Argentinae

2304 3355 2632 3440 intelliges
2675 3356 2921 3422 rectius
2964 3376 3048 3420 ex
3091 3355 3299 3439 ipsius
3341 3354 3569 3421 literis.
3639 3355 3812 3421 Mihi
3858 3355 4119 3422 videtur
4154 3358 4261 3424 vir

2302 3440 2516 3507 bonus
2549 3442 2748 3524 paulo
2784 3440 3269 3525 imprudentius
3303 3441 3535 3524 egisse,
3578 3450 3647 3507 et
3681 3442 3963 3507 nimium
4000 3441 4259 3509 dedisse

2303 3536 2370 3593 et
2411 3526 2707 3594 hostibus
2748 3536 2817 3592 et
2859 3527 3400 3610 compositoribus
3445 3534 3563 3593 ete.
3637 3527 3745 3592 Ex
3790 3527 3987 3593 Italia
4028 3529 4260 3594 scribi·

2304 3621 2414 3678 tur
2454 3622 2753 3679 mortuos
2797 3634 2941 3679 esse
2975 3612 3363 3695 praecipuos
3398 3613 3648 3697 legates
3691 3613 3949 3678 concilii
3984 3615 4260 3680 Triden-

2300 3699 2426 3763 tini
2493 3699 2971 3776 Mantuanum,
3053 3697 3514 3763 Tridentinum
3581 3709 3648 3764 et
3710 3696 4170 3782 Seripandum.
4199 3704 4260 3782 ⁴)

2299 3784 2536 3851 Patres
2571 3784 2831 3850 concilii
2862 3783 3290 3850 vehementer
3325 3783 3656 3861 dissidere,
3703 3783 3858 3850 dum
3903 3784 3972 3850 hi
4016 3806 4256 3870 papam

2298 3870 2533 3936 volunt
2575 3869 2894 3937 subiicere
2937 3870 3231 3947 coneilio,
3283 3870 3395 3934 alii
3436 3871 3786 3953 praeferre,
3843 3881 3921 3936 ut
3962 3872 4074 3955 qui
4118 3894 4253 3938 non

2299 3955 2389 4020 sit
2422 3955 2505 4021 ab
2541 3954 2676 4021 ullo
2711 3955 3121 4021 iudicandus.
3189 3954 3563 4022 Sessionem
3601 3957 3750 4023 illos
3786 3957 3856 4022 in
3883 3961 3983 4022 22.
4012 3958 4252 4041 Aprilis

2299 4040 2633 4108 distulisse
2710 4040 2939 4108 scribit
3015 4041 3232 4107 Iulius
3292 4040 3824 4109 Mediolanensis.
3857 4044 3912 4126 ⁵)
4018 4043 4256 4112 Comes

2296 4314 2484 4370 8085.
2505 4317 2562 4380 l)
2599 4313 2859 4371 Candaei.

2503 4384 2566 4450 2)
2598 4385 2764 4454 gravi
2795 4384 2983 4438 morbo
3016 4385 3244 4452 affectus
3280 4384 3358 4440 N.
3390 4382 3544 4438 3929.

2502 4452 2563 4591 ἐξ
2597 4451 3399 4604 gergzeffwgqglaffqaebard.
3452 4520 3507 4574 S.
3555 4521 3783 4577 Mariae
3839 4539 4030 4605 meae,
4084 4525 4253 4580 Man·

2294 4596 2516 4653 titanus,
2621 4607 2772 4646 ceses
2804 4591 3022 4646 concana
3057 4591 3191 4645 obul
3222 4606 3276 4644 a.
3315 4589 3368 4646 d.
3403 4590 3495 4645 VI.
3541 4606 3720 4645 nonas
3759 4591 4020 4647 Martias.
4093 4594 4253 4651 Hier.

2299 4658 2423 4715 Seru·
2497 4677 2534 4713 a
2577 4675 2642 4714 us
2677 4660 2844 4715 σανα.
2879 4674 2924 4714 s.
2947 4658 3254 4725 δἀεακυαε,
3279 4658 3689 4727 Neapolitanus,
3724 4662 3823 4731 qui
3855 4665 3905 4716 et
3938 4663 4058 4730 ipse
4087 4678 4251 4731 prae·

2294 4744 2381 4783 ses
2493 4731 2540 4795 ',
2575 4730 2714 4785 obi-‘t
2745 4745 2799 4782 a.
2837 4728 2892 4782 d.
2931 4728 3083 4783 XVI.
3132 4728 3234 4782 cal.
3279 4729 3330 4781 Δ
3406 4729 3518 4782 iles.
3607 4728 3727 4789 (De
3783 4729 3937 4784 Thou
3983 4731 4084 4787 111.
4125 4731 4249 4794 487,

2297 4797 2632 4922 was
2675 4796 2813 4852 1563
2855 4814 2909 4851 n.
2958 4796 3046 4851 58.
3087 4794 3201 4863 59.)
3346 4797 3506 4852 adon.
3563 4797 3918 4859 Μαάθ-νοέω,
3968 4800 4133 4855 card.
4189 4800 4247 4856 8.

2430 4869 2439 4879 “
2493 4868 2529 4928 ι’,
2563 4883 2644 4936 ep.
2681 4866 3036 4921 maestis-us
3070 4881 3239 4935 neque
3270 4867 3483 4934 boatus
3514 4872 3649 4931 erat,
3684 4882 3858 4936 nequo
3884 4876 4136 4924 mortim
4171 4876 4252 4926 en

2291 4952 2355 4990 eo
2388 4942 2494 4991 ιοηι
2596 4952 2639 5001 e,
2676 4936 2774 4990 sed
2809 4937 2950 4990 0222·st
2983 4934 3061 4989 ed
3093 4951 3148 4989 a.
3182 4933 3336 4988 1567.
3408 4935 3463 4988 Δ
3497 4935 3675 4989 medio
3709 4953 3779 4990 m.
3818 4935 3965 5007 Sept.
4005 4936 4139 4993 1562
4171 4939 4250 4995 ad

2293 5004 2436 5059 Idus
2507 5005 2579 5058 ul.
2618 5004 2755 5059 1563
2786 5004 2942 5058 naua
2973 5003 3146 5058 sessio
3175 5004 3444 5060 celebrata
3471 5003 3599 5068 fuit.

2499 5072 2562 5140 5)
2605 5072 2794 5127 Giuls‘o
2842 5073 3130 5137 Milanese,
3179 5073 3264 5127 Ιο.
3327 5072 3570 5126 Valdaii
3620 5073 3941 5144 discipulus,
4003 5076 4253 5133 Vermi‘ls’n‘

2291 5142 2653 5199 collaborator
2686 5156 2779 5211 ap.
2808 5142 3224 5211 Neapolitanos,
3264 5140 3472 5196 och-‘no
3488 5142 3874 5207 Ῑαωᾱίαήίαιε
3907 5147 4247 5209 coniunctus,

2290 5228 2320 5266 e
2353 5225 2572 5267 earcere
2618 5210 2915 5265 Veneticae
2959 5212 3235 5279 profugus
3296 5209 3428 5264 inde
3472 5212 3544 5265 ab
3579 5227 3631 5265 a.
3668 5210 3805 5265 1547
3855 5212 4154 5270 Ponendum·
4182 5215 4248 5272 in

2303 5281 2456 5337 Vane
2483 5279 2695 5335 mum
2726 5282 3032 5335 meo-mario
3061 5253 3394 5349 mma...
3410 5279 3846 5349 amptum-m
3873 5281 4026 5339 aeas
4058 5285 4248 5343 meras

2289 5350 2367 5405 ed
2402 5348 2801 5419 Bullinqerum.

3723 5432 3834 5488 450
