4900 6125
271 402 390 465 305

267 610 432 656 vous
490 589 698 673 plaise
755 612 1073 676 revoquer
1115 614 1256 680 ung
1298 593 1387 660 tel
1432 594 1606 661 edict
1646 595 1782 661 afin
1826 593 1909 662 de
1950 593 2228 662 mainte-

264 675 377 741 nir
420 683 491 741 et
533 696 883 745 conserver
923 677 1198 765 lamitye
1242 680 1359 765 qui
1399 700 1439 748 a
1485 688 1624 748 este
1676 680 1757 747 de
1805 679 1965 765 long
2013 686 2230 764 temps

261 770 454 829 entre
497 782 666 830 vous
709 772 779 830 et
821 784 987 831 nous
1031 786 1073 832 a
1116 773 1337 832 vostre
1379 765 1593 852 grand
1633 768 1868 851 profict
1908 774 1978 832 et
2010 764 2231 832 utilite

267 850 283 863 ‘
329 847 472 914 inct
515 868 670 915 auss
762 850 898 934 quil
957 858 1061 917 est
1103 854 1473 919 necessaire
1513 860 1583 918 et
1624 852 1790 918 utile
1831 872 2000 937 pour
2041 851 2109 918 la
2151 852 2231 917 li·

251 868 454 999 'tene
514 932 595 1000 de
684 955 726 1003 a
766 948 989 1003 vostre
1032 943 1102 1002 et
1145 947 1369 1004 nostre
1414 938 1806 1023 republique
1846 937 1985 1023 quil
2028 960 2075 1022 y
2118 943 2233 1023 ayt

261 1018 585 1086 mutuelle
643 1021 947 1088 affection
1004 1032 1075 1088 et
1128 1043 1549 1092 convenance
1592 1045 1677 1091 en
1723 1032 1937 1090 tontes
1980 1024 2233 1091 actions

261 1104 494 1171 civiles
552 1116 619 1172 et
670 1128 1084 1175 commeroes.
1172 1110 1268 1175 Et
1323 1132 1398 1177 ce
1454 1112 1701 1177 faisant
1757 1129 2012 1175 comme
2066 1129 2233 1175 nous

262 1212 641 1345 {pff-{iffi
664 1214 748 1345 ¹32
789 1194 1024 1346 {⁰35⁸
1065 1216 1245 1364 ¹3:¹32
1271 1197 1467 1349 ‘'22‘’5„
1486 1197 1743 1366 0ξὲἓῇ
1808 1193 2105 1348 0333„
2139 1195 2233 1364 {³3

261 1375 668 1447 presentem.
758 1365 1186 1432 Aultrement
1243 1389 1409 1433 nous
1465 1388 1553 1434 ne
1595 1387 1895 1451 pouvons
1935 1367 2100 1435 faire
2142 1366 2232 1432 si-

263 1469 404 1514 non
447 1469 800 1517 conserver
843 1463 1066 1518 nostre
1108 1451 1344 1520 liberte
1387 1463 1457 1519 et
1496 1454 1849 1539 pourveoir
1893 1474 1933 1519 a
1975 1452 2043 1518 la
2085 1472 2233 1518 seu·

263 1544 407 1601 rete
464 1543 536 1600 et
582 1536 953 1621 jndemnite
1011 1536 1093 1603 de
1150 1560 1274 1603 noz
1331 1539 1619 1605 subiectz
1664 1560 1704 1605 a
1744 1537 2025 1622 laquelle
2067 1558 2232 1603 nous

261 1640 551 1687 sommes
594 1621 864 1709 obliges.
956 1623 1230 1690 Oomme
1305 1647 1470 1692 nous
1511 1625 1737 1692 ferens
1780 1646 1861 1691 en
1911 1638 2125 1707 temps
2167 1633 2236 1689 et

265 1706 402 1772 lieu
446 1727 569 1790 par
611 1707 707 1776 les
750 1730 1031 1794 moyens
1067 1731 1194 1794 que
1229 1711 1429 1779 ἀνοία
1462 1717 1520 1777 d
1551 1712 1774 1777 raison
1807 1710 1863 1775 le
1887 1713 2235 1792 poneront:

261 1793 440 1859 aelon
477 1814 596 1876 que
637 1814 1336 1880 vousmesmesporrez
1373 1797 1638 1882 iuqer2)
1681 1795 1926 1862 Prians
1960 1795 2024 1861 le
2058 1795 2157 1862 sei
2204 1830 2233 1845 ·

264 1899 439 2028 ιὲςω·
460 1900 809 2030 ᾳοηεοτξὲι·
822 1891 1052 2007 ⁴vostre
1089 1883 1481 1968 seigneurye
1497 1884 1554 1959 ⁸)
1588 1881 1819 1949 Domo
1837 1901 1902 1947 oe
1921 1882 2129 1964 xxm?
2197 1899 2235 1945 e

477 2168 540 2235 2)
574 2171 688 2226 Les
719 2176 860 2226 nott
892 2170 1168 2241 soaliqne'e
1201 2172 1268 2227 de
1302 2173 1360 2227 la
1394 2173 1548 2228 main
1584 2172 1884 2230 &Gabios
1936 2172 2053 2243 Ily
2082 2173 2240 2227 avait

265 2239 537 2294 enecta.-
609 2257 677 2294 ue
711 2257 814 2295 nos
849 2241 1222 2296 ordonnanoes
1257 2246 1497 2311 portent.

477 2307 539 2371 3)
571 2257 746 2365 (boici
775 2311 1031 2381 quaqua
1063 2313 1268 2391 ruptices
1301 2313 1402 2379 qui
1441 2317 1677 2379 penem
1720 2308 1970 2391 servir-d
2002 2309 2236 2366 l’mtelli·

263 2392 434 2447 σασα
468 2377 537 2432 de
569 2386 701 2433 oenc
734 2378 915 2434 zettre:
952 2378 1118 2432 L'emi
1186 2379 1335 2434 ation
1368 2396 1508 2449 pour
1535 2395 1695 2432 cause
1715 2379 1785 2433 de
1821 2379 2051 2448 religion
2087 2383 2238 2433 avait

265 2446 583 2500 commoneo?
618 2446 653 2501 ὁ
675 2447 925 2518 Lucques
960 2446 1058 2502 des
1098 2398 1246 2503 ἐῶ.
1301 2448 1490 2502 Parmi
1524 2449 1605 2503 los
1640 2464 1797 2502 noms
1833 2448 1913 2502 les
1985 2448 2071 2501 lus
2107 2464 2238 2502 con-

265 2530 368 2570 nns
425 2514 612 2569 furent
663 2532 800 2571 ceux
846 2516 944 2570 des
980 2516 1221 2579 Diodati,
1266 2517 1365 2571 des
1400 2516 1662 2578 saladini,
1709 2518 1807 2571 des
1843 2516 1955 2571 Bur
1976 2517 2233 2582 macchi,

263 2584 364 2637 des
409 2582 745 2648 Gelandrini,
791 2585 890 2639 des
935 2585 1216 2640 Turretini
1261 2596 1365 2640 etc.
1421 2585 1704 2656 (Eynard,
1753 2586 1877 2641 Luc
2057 2591 2108 2640 ct
2160 2584 2239 2640 les

265 2652 522 2708 Barla-⁸.
564 2653 628 2707 P.
650 2651 800 2707 1848.
836 2670 891 2722 ρ.
933 2652 1073 2722 184.)
1143 2654 1219 2709 Ils
1253 2655 1478 2708 vim-ent
1510 2654 1752 2708 s’etablir
1784 2655 1818 2707 ἐι
1904 2654 2075 2709 eneve
2110 2661 2170 2707 et
2200 2656 2234 2709 a

267 2722 448 2791 Lyon,
484 2730 673 2776 centro
708 2722 776 2775 de
811 2723 1117 2778 l‘industrie
1154 2723 1251 2777 des
1286 2724 1514 2777 soieries
1533 2722 1567 2778 ὸ,
1593 2722 1827 2805 laquelle
1862 2723 2237 2777 s'adonnaieut

271 2791 350 2845 le·
389 2790 667 2860 Luoquois
704 2830 718 2842 .
759 2830 772 2843 .
811 2831 823 2844 .
864 2830 878 2844 .
931 2791 1024 2844 Uu
1078 2792 1266 2846 de'cret
1317 2792 1391 2846 du
1438 2790 1489 2849 9.
1524 2792 1755 2846 Janvier
1805 2790 1940 2846 1562
1991 2792 2239 2847 ordonna

343 2876 376 2912 e
423 2859 524 2912 des
568 2860 793 2914 commis
839 2860 908 2913 de
953 2862 1009 2913 la
1050 2864 1235 2916 nation
1281 2860 1624 2915 veilleraient
1658 2861 1693 2915 ὁ
1726 2877 1789 2915 ce
1834 2878 1940 2931 que
1984 2868 2111 2915 tous
2154 2862 2236 2914 les

265 2876 547 2997 fficqnois
581 2927 651 2982 de
688 2928 844 2998 Lyon
889 2931 1348 2984 communiassent
1382 2931 1675 2985 ensemble.
1749 2931 1831 2983 De
1863 2930 1988 2999 plus
2023 2930 2063 2982 il
2098 2929 2238 2984 etait

263 2996 507 3051 defends
544 3014 650 3066 que
685 2999 782 3052 des
816 2998 1091 3068 anquois
1136 2997 1349 3053 tombes
1392 3015 1458 3053 en
1496 2998 1709 3053 heresis
1756 3005 1983 3068 pussent
2017 2998 2237 3052 habitet

265 3082 336 3121 en
389 3065 569 3132 Italis,
625 3083 692 3121 en
740 3067 967 3138 Franco,
1019 3085 1088 3121 en
1135 3068 1409 3138 Espagne,
1463 3085 1531 3121 en
1575 3068 1812 3122 Flsndre
1866 3073 1924 3122 et
1971 3067 2232 3122 Brabant.

267 3135 480 3200 Qnieon
521 3150 589 3189 ne
634 3153 702 3190 en
751 3139 956 3190 tuerait
990 3154 1064 3191 un
1252 3139 1394 3190 eruit
1425 3135 1532 3191 800
1565 3137 1690 3191 ecus
1726 3136 1843 3191 d'or
1885 3137 1954 3190 de
2000 3138 2056 3190 18
2090 3153 2236 3191 com·

265 3220 433 3258 mnne
519 3220 552 3258 e
587 3203 839 3286 Luoqnes
876 3204 1035 3270 (ibid.
1074 3204 1104 3257 1
1145 3205 1221 3272 1).
1291 3206 1370 3259 Le
1405 3205 1456 3259 5.
1492 3206 1643 3261 Mars
1676 3206 1856 3260 Berne
1903 3206 2073 3259 suivit
2105 3205 2233 3258 l’ex-

265 3274 452 3342 emple
488 3274 558 3326 de
591 3273 810 3328 Geneve
845 3283 904 3329 et
936 3275 1162 3328 adressa
1205 3291 1274 3328 au
1321 3276 1479 3329 senat
1523 3274 1594 3328 de
1629 3275 1881 3343 Lucques
1917 3273 2015 3327 des
2050 3274 2235 3345 repre-

267 3342 579 3397 sentatione
621 3359 693 3396 en
733 3344 925 3396 faveur
968 3342 1066 3396 des
1111 3342 1348 3413 refugies
1395 3343 1556 3412 (ibid.
1592 3341 1734 3409 198).
1777 3370 1840 3381 -
1881 3342 2106 3399 Ructat
2138 3343 2233 3396 VI.

265 3408 405 3464 462.-
452 3410 604 3466 Dans
637 3427 699 3464 ce
744 3421 924 3480 tempe
972 3411 1027 3465 la
1071 3412 1127 3465 la
1171 3411 1498 3494 republique
1546 3411 1616 3465 de
1652 3413 1902 3481 Lucqnes
1936 3412 2126 3480 publia
2161 3429 2235 3465 uu

265 3479 385 3533 edit
417 3479 711 3533 fulminant
743 3485 932 3534 contre
966 3496 1104 3534 ceux
1139 3480 1209 3534 de
1253 3497 1341 3534 ses
1388 3487 1635 3550 citoyens
1671 3481 1765 3550 qui
1800 3480 2023 3534 avoient
2057 3480 2235 3549 quitte

267 3548 390 3602 leur
425 3547 608 3618 patrie
641 3564 781 3618 pour
814 3564 975 3603 cause
1001 3549 1071 3602 de
1096 3549 1323 3619 religion
1362 3556 1421 3603 et
1455 3548 1707 3603 s'etoient
1740 3548 1936 3603 retii-es
1961 3548 1995 3601 ὲ
2012 3548 2236 3603 Geneve

267 3618 899 3739 ''⁰¹¹'m'150ffi32ff
919 3617 1269 3755 ,tam
1322 3617 1873 3741 “122505522‘2233
1926 3619 2237 3741 ’,0ἲὲῧῖ

421 3756 550 3809 ecus
586 3755 621 3808 'a
653 3770 788 3808 ceux
838 3755 932 3823 qui
975 3756 1253 3808 tueroient
1297 3772 1374 3809 un
1418 3756 1534 3809 seul
1579 3754 1649 3808 de
1696 3771 1787 3809 ces
1834 3755 1893 3809 re
1991 3755 2081 3809 'ea
2153 3756 2235 3809 La

271 3841 405 3878 cour
445 3823 516 3876 de
553 3822 763 3877 Franco
810 3824 922 3891 prit
965 3839 1054 3876 ces
1100 3841 1235 3893 gens
1282 3840 1410 3878 sous
1454 3841 1517 3877 sa
1551 3824 1881 3893 protection,
1929 3831 1988 3876 et
2037 3824 2235 3879 &crivit

270 3892 732 4014 asmata-1³²&
751 3890 1656 4030 &figmata-„tamt
1673 3891 2233 4015 mmmm:

270 4030 488 4099 quillite
523 4029 592 4082 de
610 4027 831 4083 Gen'eve
868 4030 986 4082 leur
1020 4028 1197 4092 alliso,
1233 4029 1528 4084 eci-ivirent
1561 4047 1630 4083 au
1667 4030 1751 4084 roi
1786 4029 1838 4083 le
1861 4026 1896 4082 6
1919 4046 2065 4083 mars
2095 4046 2234 4099 pour

273 4100 324 4153 le
357 4098 670 4153 remercier.
741 4097 815 4150 110
849 4097 1144 4152 e'crivirent
1189 4099 1240 4151 le
1287 4099 1461 4152 meme
1496 4099 1627 4168 j0ur
1672 4116 1779 4151 aux
1814 4098 2132 4167 magistrats
2164 4098 2234 4151 de

271 4167 526 4237 anques
561 4183 661 4236 par
694 4166 776 4220 les
811 4166 1072 4221 exhorter
1106 4165 1138 4219 a
1174 4167 1445 4236 revoqner
1488 4173 1577 4220 cet
1618 4166 1750 4232 e'dit,
1795 4167 1916 4220 leur
1950 4166 2235 4236 represen-

269 4243 392 4291 unt
429 4252 538 4304 quc
582 4251 672 4290 ces
708 4235 980 4304 Lucquois
1023 4235 1232 4288 eicient
1277 4238 1381 4289 bon
1515 4237 1562 4289 is
1607 4235 1675 4289 de
1710 4234 1947 4302 Geneve,
1990 4243 2049 4289 et
2169 4252 2234 4290 ur

271 4306 349 4359 les
402 4319 658 4358 menaoer
710 4304 780 4358 de
849 4303 1209 4374 represailles.
1267 4334 1330 4344 —
1430 4305 1715 4374 kanwnay
1765 4320 1842 4358 aa
1891 4305 1983 4358 roi
2030 4303 2086 4357 ἄ
2219 4344 2234 4358 .

272 4373 354 4428 14.
396 4371 564 4428 ntor.
617 4372 810 4438 (Μὲπι.
845 4373 914 4427 cle
952 4371 1264 4441 Gamlnau,
1314 4369 1401 4428 e'd,
1446 4374 1494 4428 le
1528 4373 1856 4429 Labounur
1903 4371 2064 4437 ⁷48).·
2125 4374 2234 4428 Des

273 4443 486 4497 amires
536 4458 641 4510 que
679 4442 745 4495 V.
781 4441 853 4494 M.
892 4458 925 4494 a
958 4441 1274 4495 commande
1321 4441 1458 4496 faire
1506 4458 1640 4495 avec
1687 4459 1824 4496 ceux
1869 4441 1939 4496 de
1981 4442 2234 4511 Lucques

271 4511 306 4567 il
341 4517 431 4566 est
461 4511 642 4564 renssi
678 4527 784 4579 que
818 4515 978 4564 outre
1024 4512 1075 4563 le
1110 4510 1439 4564 chastiment
1474 4510 1633 4580 qu'ils
1667 4517 1768 4565 ont
1811 4510 1910 4565 fait
1945 4509 2042 4565 des
2075 4511 2233 4565 bere-

271 4581 452 4662 tiqnes
488 4595 559 4632 en
595 4585 781 4633 vostre
817 4578 996 4645 Euat,
1043 4578 1112 4632 ils
1148 4587 1246 4632 ont
1286 4597 1318 4632 s
1359 4580 1482 4649 pole
1526 4587 1584 4633 et
1617 4581 1721 4633 mis
1767 4580 1922 4634 taille
1965 4596 2062 4634 sur
2096 4596 2232 4634 ceux

399 4657 532 4704 sont
547 4647 747 4702 debore
781 4653 940 4702 notes
976 4646 1259 4716 d’beresie,
1332 4649 1548 4717 esquels
1582 4649 1623 4701 il
1657 4664 1727 4702 en
1746 4663 1867 4703 aen
1899 4664 2111 4702 comme
2145 4649 2164 4702 i

268 4667 598 4786 glum)
630 4734 698 4769 au
746 4717 956 4770 service
991 4715 1059 4769 de
1095 4733 1156 4770 ce
1191 4717 1327 4784 Boy,
1375 4719 1469 4786 qui
1516 4725 1613 4771 ont
1648 4734 1716 4771 eu
1763 4733 1984 4771 recours
2017 4719 2053 4775 a
2084 4716 2168 4772 ΡΑ
2211 4746 2234 4758 ··

272 4787 436 4841 mii-al
468 4785 578 4840 afin
616 4785 746 4854 qu’il
781 4786 859 4840 les
907 4786 1158 4853 favarias,
1196 4793 1255 4838 et
1296 4785 1540 4840 s'entend
1578 4786 1708 4855 qu'il
1743 4804 1778 4839 a
1810 4788 1929 4841 este
1961 4785 2232 4868 depesche'

272 4855 369 4910 des
403 4857 604 4910 lettres
636 4853 705 4909 de
739 4855 796 4909 la
829 4861 955 4923 part
986 4853 1062 4907 du
1079 4853 1200 4925 Roy
1223 4853 1260 4908 a
1293 4871 1429 4908 ceux
1463 4854 1532 4909 de
1552 4854 1818 4924 Lucques,
1857 4870 1915 4909 se
1950 4855 2234 4926 plugnant

274 4925 341 4979 de
375 4926 432 4978 la
466 4923 698 4978 citation
742 4928 802 4976 et
847 4922 1000 4976 taille
1042 4939 1137 4976 sur
1182 4924 1261 4976 les
1308 4929 1492 4977 autres
1529 4923 1819 4993 Lucqnois,
1865 4924 2081 4978 avisant
2125 4941 2232 4994 que

273 4995 352 5049 ⁸¹51
400 5009 460 5046 se
511 4991 796 5060 prooedoit
841 4997 1030 5046 contre
1076 5007 1211 5046 ceux
1260 4993 1354 5061 qni
1401 4999 1528 5047 sont
1573 5001 1762 5046 entren
1797 5010 1866 5047 au
1913 4994 2122 5048 service
2156 4995 2230 5049 du

275 5062 392 5133 Boy
443 5069 503 5117 et
554 5060 661 5116 l’on
713 5061 794 5115 les
840 5061 1133 5122 molestoit,
1186 5077 1293 5129 que
1346 5061 1398 5115 le
1444 5077 1647 5116 mesine
1695 5079 1754 5116 se
1807 5061 1970 5116 feroit
2014 5064 2101 5133 icy
2135 5080 2232 5117 sur

273 5133 556 5199 beaucoup
607 5129 676 5184 de
980 5128 1045 5182 ds
1087 5136 1144 5183 et
1194 5135 1379 5184 autres
1501 5147 1731 5188 monne·
1768 5131 2100 5199 Lucquoises
2135 5132 2230 5201 qui

277 5205 537 5256 viennam
578 5198 650 5253 de
681 5198 818 5268 deca
861 5214 1070 5253 comme
1115 5213 1251 5268 gens
1285 5198 1355 5253 de
1390 5201 1427 5253 b
1450 5217 1538 5269 en,
1579 5199 1650 5254 de
1685 5215 1833 5269 quoy
1867 5215 2071 5254 aucuns
2104 5207 2232 5256 sont

279 5277 396 5325 tant
431 5267 683 5322 troubles
716 5266 874 5336 qu’ils
908 5273 1035 5322 sont
1069 5283 1209 5335 pour
1242 5268 1412 5322 sortir
1445 5269 1514 5323 de
1547 5284 1610 5323 oe
1644 5267 1935 5339 Royanme.

480 5336 546 5404 4)
587 5333 702 5390 Une
745 5336 1062 5394 traduaion
1106 5336 2034 5408 lainamjomaeeoeepdeoe.
2105 5337 2232 5395 Eue

482 5420 706 5479 Gabini
728 5437 916 5494 opera.
992 5422 1114 5479 Vol.
1139 5420 1316 5478 xlx.

1941 408 2106 472 1562
2151 402 2620 475 FEBRUAR.

4170 408 4301 473 306

3183 591 3384 665 872⁶.

2728 745 3406 815 BULLINGERUS
3449 746 3893 816 OALVINO.

2506 919 2786 1003 Attmqit
2828 918 3139 1003 quaedam
3180 937 3384 1000 nuper
3416 922 3703 997 tractata,
3738 919 4043 1002 mittitque
4076 918 4297 987 literas

2334 1026 2412 1072 cx
2460 1004 2730 1074 Polonia
2774 1010 3088 1087 acceptas.-
3164 1004 3359 1071 simul
3401 1005 3588 1070 etiam
3631 1004 3713 1071 ab
3756 1004 4072 1089 Halwylio
4104 1025 4296 1087 pecu-

2331 1112 2743 1245 :tm
2781 1089 3085 1158 Calvinus
3119 1090 3438 1158 tabellam·
3468 1090 3728 1157 dederat
3760 1095 3947 1158 antea
3980 1092 4115 1158 iam
4134 1092 4299 1157 satis

2329 1349 2444 1473 §gx
2498 1348 2839 1431 autographo
2888 1348 3019 1404 cod.
3071 1346 3275 1402 Gener.
3326 1345 3441 1411 114,
3491 1345 3587 1428 sol.
3621 1345 3705 1415 97,
3757 1347 3879 1404 coll.
3914 1362 3960 1400 c.
3997 1348 4302 1431 exemplari

2419 1424 2617 1474 rretim
2664 1417 2784 1472 Vol.
2821 1418 2966 1485 111⁸,
3001 1414 3251 1540 solffi,
3272 1419 3577 1552 γῗῖτιιιοῶει)
3602 1415 3695 1470 VI.
3729 1432 3783 1486 p.
3836 1415 3971 1470 1012
4015 1424 4074 1471 et
4108 1418 4305 1472 simle·

2337 1658 2723 1726 Clarissimo
2804 1658 2947 1724 viro
3033 1660 3120 1724 D.
3200 1658 3438 1725 Ioanni
3523 1658 3804 1726 Calvino
3882 1657 4301 1725 Genevensis

2338 1744 2651 1811 ecclesiae
2721 1744 2966 1826 pastori
3034 1743 3218 1810 fideli
3258 1831 3272 1844 ·
3285 1744 3550 1845 domino
3623 1743 3897 1812 colendo
3966 1755 4034 1810 et
4109 1744 4302 1810 fratri

3139 1851 3498 1897 carissimo.

2514 2000 2585 2068 S.
2629 2002 2716 2066 D.
2774 2002 3022 2085 Accepi
3076 2010 3245 2080 tuas,
3277 2006 3329 2079 ¹)
3373 2000 3639 2069 domine
3677 2001 3946 2069 colende
3989 2012 4058 2067 et
4098 2002 4304 2067 frater

2338 2087 2698 2163 carissime,
2744 2109 2881 2154 una
2922 2108 3075 2154 cum
3119 2087 3333 2153 literis
3374 2084 3604 2154 Besae.
3698 2085 3907 2154 Doleo
3952 2107 4035 2152 ex
4079 2088 4302 2153 animo

2338 2173 2515 2240 vices
2568 2174 2800 2256 optimi
2855 2182 2927 2238 et
2983 2172 3342 2239 doctissimi
3400 2172 3527 2239 viri
3584 2180 3654 2239 et
3708 2194 3842 2239 non
3897 2171 4128 2238 desino
4227 2193 4303 2238 ro

2338 2260 2482 2325 eius
2525 2259 2738 2325 salute
2781 2279 2973 2325 orare
3017 2258 3395 2325 Dominum.
3485 2257 3697 2325 Doleo
3740 2258 3940 2325 unius
3981 2258 4304 2324 levissimi

2334 2344 2626 2410 hominis
2639 2346 2698 2423 ²)
2734 2344 2927 2428 culpa
2960 2354 3215 2410 tantam
3249 2364 3577 2411 remoram
3610 2344 3792 2411 iniici
3826 2344 4305 2427 exspectationi

2339 2438 2624 2497 nostrae.
2724 2429 2982 2496 Verum
3043 2431 3373 2496 Dominus
3429 2430 3527 2495 ita
3584 2428 3893 2496 extundit
3950 2427 4137 2497 nobis
4198 2449 4304 2496 ar-

2339 2515 2575 2582 dentes
2616 2536 2847 2600 preces
2890 2524 2958 2582 et
3000 2523 3472 2583 commonstrat
3533 2515 3724 2582 nobis
3766 2514 3926 2599 quid
3968 2524 4306 2600 exspecte-

2342 2623 2491 2668 mus
2534 2622 2623 2667 ex
2667 2624 2882 2668 carne.
2956 2601 3243 2669 Oremus
3285 2601 3513 2669 sedulo
3558 2601 3926 2668 Dominum
3967 2613 4045 2666 ut
4076 2601 4306 2667 miseri

2341 2688 2522 2753 illius
2563 2688 2956 2755 misereatur
2997 2696 3067 2753 et
3109 2687 3447 2772 negotium
3503 2708 3698 2755 suum
3742 2687 4066 2755 sustineat
4107 2696 4305 2771 atque

2340 2784 2747 2858 promoveat.
3242 2803 3251 2813 ·

2718 2860 3117 2926 remisissem
3174 2859 3296 2927 tibi
3338 2858 3550 2926 Besae
3592 2859 3819 2926 literas
3862 2860 3935 2924 ni
3976 2859 4303 2925 misissem

2342 2944 2427 3012 ad
2483 2944 2881 3011 Blaurerum
2934 2958 3253 3011 nostrum.
3355 2944 3614 3012 Nobilis
3670 2944 3786 3011 ille
3844 2944 4307 3011 Hartmannus

2340 3053 2384 3098 a
2427 3030 2680 3099 Hauvil
2696 3032 2752 3119 ⁸)
2812 3030 3272 3118 indignissime
3325 3031 3477 3098 tulit
3527 3033 3704 3116 quod
3745 3031 4011 3098 tabellio
4055 3033 4306 3116 accepit

2338 3139 2379 3184 a
2398 3129 2466 3184 te
2490 3117 2795 3196 talerum,
2837 3139 2960 3185 nec
3003 3117 3232 3185 dubito
3272 3119 3433 3202 quin
3477 3118 3669 3184 illum
3711 3116 3906 3184 modo
3951 3117 4306 3185 coniecerit

2340 3204 2413 3269 in
2493 3204 2777 3270 vincula.
2911 3203 3146 3272 Oravit
3233 3224 3433 3288 quam
3559 3205 3573 3218 '
3608 3203 3622 3218 ⁶
3674 3204 4009 3270 entissime
4084 3203 4306 3287 ipsum

2341 3289 2517 3374 apud
2573 3300 2637 3355 te
2692 3310 3097 3368 excusarem,
3151 3311 3237 3356 ne
3290 3290 3458 3356 forte
3512 3287 3854 3357 arbitreris
3905 3291 4126 3373 ipsum
4168 3309 4303 3356 non

2340 3376 2503 3441 satis
2548 3376 2943 3443 instruxisse
3000 3374 3427 3442 tabellionem
3471 3376 3725 3443 viatico.
3804 3375 4109 3443 Instruxi
4165 3395 4304 3440 non

2337 3459 2619 3540 sordide,
2680 3460 2858 3541 dicit,
2915 3461 3033 3528 sed
3088 3461 3478 3529 liberaliter:
3535 3461 3646 3529 ille
3704 3482 3859 3528 vero
3912 3462 4128 3546 turpis
4183 3482 4303 3526 ne-

2338 3546 2493 3613 bulo
2539 3545 2687 3614 dolo
2732 3568 2893 3614 usus
2935 3557 3036 3614 est
3083 3547 3272 3626 malo,
3309 3546 3483 3631 quod
3526 3569 3658 3614 non
3703 3549 4023 3632 potuisset
4055 3548 4305 3614 maiore

2339 3653 2489 3699 mea
2530 3655 2681 3699 cum
2724 3634 3181 3719 indignatione
3246 3655 3444 3717 quam
3491 3632 3665 3718 apud
3708 3633 3899 3699 illum
3940 3632 4158 3700 facere
4203 3634 4303 3699 vi·

2337 3740 2489 3784 rum
2532 3720 2636 3786 cui
2683 3718 2763 3785 de
2818 3718 3093 3785 meliore
3151 3727 3308 3785 nota
3363 3718 3861 3786 commendatus
3904 3739 4047 3785 esse
4089 3719 4299 3803 cupio.

2336 3805 2399 3870 N
2403 3826 2512 3870 am
2569 3806 2703 3872 scio
2758 3812 2824 3872 te
2874 3804 3306 3890 singulariter
3362 3805 3444 3872 ab
3502 3807 3646 3889 ipso
3703 3805 3911 3871 amari
3962 3815 4031 3871 et
4071 3805 4301 3890 magni

2336 3891 2500 3969 fieri,
2547 3911 2676 3974 qua
2719 3890 2800 3957 de
2842 3912 2916 3958 re
2958 3910 3153 3974 saepe
3194 3911 3454 3957 mecum
3498 3891 3806 3975 loquitur.
3896 3891 4034 3959 Fac
4081 3893 4093 3906 '
4150 3892 4301 3970 ‘tur,

2335 3977 2429 4043 mi
2481 3976 2743 4042 domine
2803 3987 2871 4042 et
2921 3977 3144 4055 frater,
3212 3983 3290 4042 ut
3342 3978 3449 4044 vir
3502 3977 3617 4043 ille
3658 3976 4039 4044 illustrisin
4161 3978 4176 3992 ⁶
4269 3987 4300 4042 t

2336 4084 2442 4128 me
2488 4063 2634 4128 eius
2677 4062 2854 4146 apud
2898 4069 2966 4128 te
3002 4063 3555 4130 existimationem
3591 4061 3959 4130 defendisse
3993 4072 4060 4128 et
4098 4082 4296 4129 excu-

2336 4169 2519 4215 sasse
2575 4149 2810 4231 ipsum.
2912 4147 3223 4215 'Palerum
3286 4148 3367 4215 ad
3424 4170 3532 4216 me
3587 4149 3785 4226 misit,
3852 4149 4165 4233 iussitque
4219 4155 4298 4214 ut

2335 4245 2610 4318 repente
2649 4234 2734 4300 ad
2778 4242 2843 4300 te
2888 4234 3235 4314 mitterem,
3280 4256 3477 4320 quem
3513 4236 3622 4302 hic
3664 4236 3877 4301 mitto,

2509 4319 2723 4404 Spero
2789 4331 2856 4386 te
2921 4321 3247 4404 aoeepisse
3312 4341 3494 4388 meas
3548 4341 3682 4387 una
3736 4341 3890 4387 oum
3954 4319 4299 4386 Hesshusii

2335 4405 2504 4473 libro
2547 4426 2742 4490 quem
2778 4405 3224 4491 Heidelberga
3265 4427 3402 4472 una
3438 4427 3591 4473 cum
3626 4406 3836 4473 literis
3870 4405 3954 4471 ad
3978 4414 4044 4471 te
4078 4412 4297 4473 trans-

2332 4490 2680 4558 mittendis
2742 4511 3135 4575 acceperam.
3239 4492 3399 4558 Misi
3443 4493 3738 4559 Bernam
3802 4492 3887 4557 ad
3932 4490 4295 4571 Hanerum,

2336 4577 2534 4644 sicuti
2602 4587 2670 4643 et
2726 4578 2849 4644 has
2901 4576 3136 4662 quibus
3196 4577 3471 4644 adiunxi
3540 4598 3652 4645 eas
3705 4599 3871 4662 quas
3925 4577 4144 4661 accepi
4210 4598 4296 4643 ex

2339 4663 2630 4730 Polonia.
2654 4661 2709 4748 ⁴)
2812 4663 3094 4729 Mittunt
3147 4661 3232 4729 ad
3288 4685 3396 4730 me
3450 4665 3941 4741 confessionem,
3964 4667 4023 4741 6)
4100 4683 4298 4746 quam

2327 4929 2489 4993 porte
2520 4922 2809 4978 Padum.-
2846 4921 3137 4976 Nobilibus
3172 4937 3236 4976 ac
3272 4921 3571 4992 magnificis
3607 4919 3741 4973 viris
3770 4919 4149 4975 confalonerio
4178 4922 4292 4976 An·

2333 4992 2498 5046 tinnis
2533 5001 2591 5046 et
2624 4992 2837 5046 senatui
2875 4991 3105 5046 Lucensi
3142 4991 3329 5046 amicis
3365 4989 3541 5045 modi·
3575 4989 3824 5044 omnibus
3857 4988 4207 5044 honorandis.

2331 5059 2517 5116 8726.
2545 5062 2606 5127 1)
2643 5059 2972 5129 deperditae.

2539 5130 2597 5194 2)
2632 5127 2805 5199 Regio
2836 5129 3139 5188 Nasam-ae.

2537 5200 2595 5264 3)
2631 5200 2708 5256 Ν.
2741 5198 2895 5254 3719.

2538 5270 2605 5406 ἓ)
2632 5274 3045 5395 ”sonabat-Q.-
3083 5336 3151 5390 A.
3192 5332 3323 5389 1561
3362 5335 3414 5390 d.
3451 5333 3533 5388 10.
3572 5333 3700 5388 Deo.
3738 5332 3943 5472 ἰοάἳίῧιι
3977 5332 4288 5394 &movim
