4900 6125
263 456 384 518 721
1690 449 1996 517 INDEX
2038 450 2130 517 11.
2176 450 2873 520 EPIS'POLARUM.
4181 455 4311 520 722

260 641 358 707 Ut
399 647 468 706 te
511 639 778 708 oonsilio
823 640 1114 706 maxime
1159 643 1347 705 3104.

259 727 359 793 Ut
401 725 521 791 tibi
563 746 713 793 mea
754 725 839 791 ad
883 725 1354 810 Westphalum
1401 728 1590 790 2591.

259 813 611 896 Utcunque
652 811 923 878 tandem
977 816 1157 875 1672.

259 898 556 981 Uterque
599 898 830 966 oonsul
874 899 1238 965 Beruensis
1284 900 1426 961 788.

259 984 537 1051 Utinam
582 985 797 1068 aptius
839 983 1034 1050 malis
1084 987 1265 1047 1760.

258 1070 535 1136 Utinam
577 1070 659 1136 de
701 1070 1002 1153 proximo
1047 1073 1234 1133 3056.

258 1156 536 1223 Utinam
579 1156 1018 1239 frequentiore
1060 1155 1401 1221 literarum
1448 1157 1639 1218 3560.

258 1242 534 1308 Utinam
580 1242 690 1307 hio
734 1248 961 1308 noster
1003 1240 1513 1306 commentarius
1559 1243 1701 1306 753.

259 1329 538 1395 Utinam
583 1327 740 1393 hino
784 1327 948 1392 mihi
994 1326 1076 1392 ad
1120 1326 1413 1392 triduum
1463 1329 1606 1388 726.

260 1413 533 1480 Utinam
578 1414 672 1479 ita
714 1412 798 1478 ad
842 1414 1209 1496 praesentis
1256 1415 1400 1477 402.

259 1500 539 1566 Utinam
579 1499 818 1565 laetius
862 1499 945 1564 ad
992 1520 1107 1565 vos
1154 1502 1341 1562 3890.

259 1585 539 1652 Utinam
580 1584 855 1651 meliora
898 1593 967 1650 et
1010 1584 1450 1669 auspicatiora
1495 1585 1681 1648 2298.

260 1670 537 1737 Utinam
582 1671 746 1736 mihi
790 1671 925 1735 iam
968 1670 1259 1737 redditae
1308 1675 1456 1736 417.

259 1755 538 1822 Utinam
580 1756 986 1840 perrexisses
1036 1761 1218 1820 1019.

260 1841 539 1909 Utinam
584 1862 715 1925 quo
758 1843 1045 1925 primum
1093 1851 1384 1925 tempore
1431 1844 1619 1907 2380.

259 1928 541 1994 Utinam
584 1929 672 1994 sit
714 1928 1049 2012 integrum
1094 1933 1237 1991 445.

259 2013 537 2080 Utinam
582 2022 719 2078 tam
763 2014 929 2079 bene
973 2012 1369 2097 respondere
1416 2016 1604 2077 3411.

262 2099 543 2166 Utinam
587 2108 721 2163 tam
766 2120 1024 2182 possem
1070 2100 1282 2164 vitare
1328 2101 1475 2164 585.

264 2185 540 2251 Utinam
585 2193 723 2250 tam
767 2185 1016 2250 laetum
1063 2189 1250 2250 4093.

262 2271 540 2337 Utinam
585 2280 801 2338 teeum
844 2290 1058 2354 nuper
1106 2274 1285 2335 1377.

263 2356 544 2422 Utinam
588 2365 705 2422 tua
748 2363 818 2421 et
861 2357 970 2440 pia
1016 2359 1203 2420 2145.

263 2442 539 2508 Utinam
585 2453 660 2506 ut
703 2463 811 2507 me
854 2441 1040 2526 angit
1086 2444 1230 2504 657.

264 2527 543 2593 Utinam
586 2527 696 2593 vel
743 2529 944 2594 vestri
994 2528 1180 2590 2324.

263 2612 542 2679 Utinam
590 2633 746 2679 vera
789 2623 1012 2679 essent
1057 2615 1245 2677 2216.

262 2699 454 2766 Uxor
492 2699 781 2765 cantoris
825 2719 977 2765 oum
1021 2698 1146 2764 hoo
1190 2703 1333 2764 830.

1200 2906 1300 2974 V.

268 3039 482 3108 Valde
526 3041 814 3110 delector
855 3040 1134 3127 prolixis
1178 3045 1368 3107 3991.

266 3126 484 3194 Valde
528 3129 824 3196 dolemus
867 3128 1042 3212 quod
1089 3131 1276 3191 4188.

264 3213 483 3280 Valde
527 3213 883 3281 dolendum
927 3227 1027 3281 est
1077 3216 1259 3278 1218.

265 3300 483 3366 Valde
526 3299 713 3367 doleo
752 3300 917 3365 mihi
964 3302 1153 3365 4123.

265 3385 482 3451 Valde
525 3385 713 3451 doleo
754 3396 1173 3470 praereptam
1219 3388 1404 3449 3935.

267 3469 483 3537 Valde
527 3470 717 3536 doleo
759 3480 1029 3555 propter
1073 3470 1438 3537 horrendas
1482 3473 1649 3535 2294
1697 3471 1815 3539 bis.

267 3557 483 3623 Valde
526 3578 633 3622 me
676 3558 927 3623 orueiat
972 3558 1158 3618 2442.

265 3641 483 3708 Valde
528 3664 634 3708 me
677 3651 745 3706 et
790 3652 1195 3726 symmystas
1241 3644 1430 3707 3872.

265 3728 484 3794 Valde
528 3729 805 3794 miratus
846 3749 994 3793 sum
1038 3748 1244 3811 quum
1288 3727 1509 3792 audivi
1557 3731 1703 3793 901.

266 3812 483 3879 Valde
526 3815 803 3880 miratus
846 3835 992 3879 sum
1038 3833 1259 3895 quum·
1287 3813 1453 3878 mihi
1499 3815 1685 3877 2268.

266 3897 486 3965 Valde
528 3919 649 3966 nos
687 3900 759 3964 in
803 3899 927 3965 hae
973 3899 1268 3964 molestia
1314 3901 1459 3962 253.

266 3984 486 4051 Valde
529 4005 649 4050 nos
691 3983 966 4050 turbant
1008 3986 1295 4068 pessima
1340 3989 1483 4049 707.

268 4070 484 4137 Valde
527 4071 917 4154 perplexum
962 4080 1061 4136 est
1106 4073 1293 4133 2577.

263 4155 480 4222 Valde
523 4156 741 4240 plaeet
783 4154 1077 4222 studium
1126 4160 1312 4221 2344.

264 4242 481 4309 Valde
526 4241 883 4307 sollicitum
927 4264 1033 4307 me
1077 4239 1504 4308 reddiderunt
1556 4245 1734 4305 1104.

265 4326 481 4395 Valde
525 4327 845 4394 sollicitus
889 4349 1034 4392 sum
1081 4337 1395 4410 perpetuo
1448 4330 1630 4391 1469.

264 4413 482 4481 Valde
524 4434 673 4479 sum
716 4412 1031 4479 sollicitus
1075 4412 1156 4478 de
1199 4423 1319 4478 tua
1360 4411 1734 4479 valetudine
1780 4415 1967 4479 3594.

264 4498 483 4566 Valde
527 4520 677 4565 sum
722 4500 1037 4565 sollieitus
1081 4519 1208 4582 quo
1252 4506 1440 4582 paeto
1486 4501 1675 4564 3638.

266 4584 483 4651 Valde
526 4600 595 4650 te
638 4606 751 4650 oro
795 4605 913 4669 per
955 4583 1325 4650 Dominum
1374 4588 1515 4648 184.

266 4670 484 4738 Valde
528 4679 594 4736 te
637 4692 751 4736 oro
795 4681 869 4735 ut
913 4672 967 4736 si
1014 4692 1145 4754 qua
1189 4675 1288 4734 57.

267 4757 440 4823 Vale
482 4758 576 4822 mi
619 4757 866 4840 optime
912 4760 1099 4821 4104.

266 4842 670 4909 Valentinus
714 4843 825 4907 ille
869 4842 1056 4909 euius
1095 4840 1329 4906 exsilio
1379 4846 1560 4903 1664.

268 4930 485 4994 Vanis
530 4938 596 4994 et
638 4928 1026 5012 plerumque
1070 4926 1252 4994 falsis
1298 4929 1484 4991 2313.

268 5013 689 5081 Varandalus
734 5015 847 5096 qui
891 5035 932 5078 a
974 5011 1159 5078 vobis
1207 5017 1394 5077 3674.

268 5100 478 5166 Varie
521 5122 668 5167 sum
712 5100 985 5165 affectus
1038 5102 1217 5162 1638.

268 5186 496 5252 Variis
539 5184 803 5269 quidem
843 5184 1161 5250 molestiis
1197 5187 1385 5250 3744.

266 5272 722 5338 Vehementer
763 5269 948 5335 doleo
988 5269 1391 5335 Balduinum
1437 5271 1623 5334 3842.

270 5356 723 5425 Vehementer
763 5353 943 5422 dolet
986 5356 1176 5422 nobis
1221 5346 1525 5422 omnibus
1570 5358 1759 5421 2443.

482 5459 703 5517 Caluini
732 5473 921 5528 opera.
998 5456 1115 5515 Vol.
1150 5456 1286 5513 XX.

2331 640 2782 708 Vehementer
2823 640 3091 722 gavisus
3136 661 3285 706 sum
3326 644 3472 708 608.

2331 726 2784 794 Vehementer
2826 746 2934 792 me
2975 735 3303 793 terrerent
3346 732 3534 792 4159.

2333 811 2788 879 Vehementer
2831 810 3019 878 nobis
3064 811 3240 879 dolet
3282 834 3359 880 ae
3400 814 3461 879 si
3507 817 3695 879 3871.

2332 899 2787 966 Vehementer
2830 897 3022 964 nobis
3067 897 3242 964 dolet
3280 899 3585 966 eeclesias
3631 902 3822 966 3211.

2334 984 2785 1052 Vehementer
2827 983 3020 1051 nobis
3064 983 3243 1051 dolet
3282 986 3594 1070 exiguam
3639 990 3830 1053 3347.

2334 1070 2467 1137 Vel
2511 1091 2598 1137 ex
2640 1091 2717 1137 eo
2759 1069 3127 1154 intelligere
3166 1077 3352 1156 potes
3395 1075 3577 1136 1936.

2334 1157 2467 1224 Vel
2508 1167 2624 1223 tuo
2668 1155 2941 1223 oonsilio
2984 1161 3128 1220 831.

2336 1242 2778 1309 Venerandus
2812 1241 3001 1308 nobis
3045 1261 3122 1306 ao
3165 1261 3404 1326 parens
3455 1246 3638 1308 1976.

2336 1329 2686 1395 Venerunt
2730 1328 2800 1392 hi
2841 1328 3080 1393 fratres
3127 1330 3312 1393 3442.

2335 1415 2513 1480 Veni
2558 1416 2853 1480 Bernam
2897 1415 3090 1479 tertio
3140 1417 3324 1479 1020.

2336 1501 2517 1566 Veni
2558 1500 2682 1565 hae
2726 1500 2873 1584 lege
2919 1503 3061 1563 774.

2335 1587 2514 1652 Veni
2558 1585 2810 1653 Orbam
2851 1606 3001 1651 oum
3046 1583 3358 1651 fratribus
3405 1588 3550 1647 708.

2336 1673 2514 1738 Veni
2560 1671 2696 1740 vidi
2739 1670 3048 1755 obstupui
3094 1674 3240 1734 404.

2337 1757 2588 1823 Veniat
2629 1778 2787 1841 ergo
2832 1755 3218 1840 Stephanus
3264 1759 3449 1818 2491.

2337 1844 2635 1909 Venient
2678 1842 2975 1909 foi-meis
3022 1844 3207 1904 2615.

2335 1928 2546 1995 Venit
2589 1928 2672 1994 ad
2717 1949 2824 1994 me
2866 1927 3203 1995 Gortesius
3245 1931 3390 1993 521.

2337 2015 2549 2081 Venit
2590 2015 2676 2080 ad
2720 2036 2825 2079 me
2871 2014 2976 2080 his
3021 2012 3250 2079 diebus
3292 2016 3478 2077 2438.

2336 2102 2545 2165 Venit
2587 2101 2671 2167 ad
2716 2121 2823 2166 me
2866 2120 3046 2165 nune
3089 2118 3319 2164 cursor
3366 2102 3550 2161 2817.

2337 2187 2549 2251 Venit
2590 2187 2675 2252 ad
2718 2208 2825 2251 me
2871 2184 3187 2251 Salomon
3240 2189 3421 2248 1702.

2336 2274 2548 2338 Venit
2591 2272 2677 2338 ad
2722 2293 2842 2338 nos
2889 2272 3090 2336 frater
3133 2269 3242 2336 hio
3280 2274 3469 2335 3528.

2337 2357 2548 2424 Venit
2591 2359 2676 2424 ad
2719 2378 2840 2423 nos
2881 2356 3064 2422 hisee
3108 2354 3339 2421 diebus
3391 2360 3573 2419 1027.

2337 2443 2549 2510 Venit
2590 2443 2676 2508 ad
2718 2451 2787 2509 te
2831 2449 3098 2526 propter
3140 2459 3557 2507 eommunem
3604 2444 3794 2506 3320.

2336 2530 2547 2594 Venit
2589 2553 2674 2597 ex
2717 2527 2996 2594 Polonia
3042 2530 3229 2591 3309.

2337 2614 2550 2681 Venit
2592 2615 2740 2681 heri
2782 2611 3167 2680 Henriohus
3218 2616 3356 2676 178.

2340 2701 2545 2766 Venit
2589 2700 2695 2767 his
2738 2697 2971 2765 diebus
3016 2699 3202 2762 2438.

2339 2784 2547 2852 Venit
2589 2787 2721 2852 huo
2765 2795 2918 2850 ante
2962 2784 3103 2850 dies
3147 2782 3398 2867 aliquot
3438 2785 3583 2846 496.

2337 2871 2548 2938 Venit
2587 2870 2722 2939 hue
2765 2869 3067 2937 Farellus
3113 2878 3339 2935 noster
3385 2871 3527 2934 222.

2339 2956 2547 3023 Venit
2589 2957 2785 3023 modo
2827 2956 3055 3022 Berna
3099 2957 3287 3019 2217.

2339 3042 2549 3110 Venit
2588 3042 2862 3110 tandem
2906 3041 2992 3108 ad
3035 3063 3152 3108 vos
3199 3039 3519 3109 Oalvinus
3563 3045 3706 3107 348.

2337 3129 2657 3196 Veraeius
2700 3138 2926 3195 noster
2967 3127 3138 3193 mihi
3188 3131 3370 3192 1358.

2336 3214 2568 3280 Verax
2606 3225 2710 3281 est
2749 3215 2938 3281 Deus
2984 3218 3129 3278 942.

2334 3300 2518 3367 Vere
2559 3299 2942 3367 benedictus
2981 3300 3168 3362 2393.

2335 3385 2637 3454 Verebar
2680 3407 2792 3452 eas
2836 3386 3060 3451 literas
3104 3388 3294 3448 3547.

2334 3473 2638 3539 Verebar
2682 3495 2764 3539 ne
2810 3472 2967 3556 quid
3011 3469 3442 3537 offendissent
3485 3473 3674 3536 4252.

2336 3558 2635 3625 Verebar
2680 3558 2943 3643 quidem
2988 3556 3315 3639 principio
3364 3558 3552 3622 3255.

2336 3642 2638 3711 Verebar
2679 3643 2851 3728 quod
2896 3640 3134 3709 aooidit
3178 3645 3323 3706 560.

2336 3728 2593 3797 Vereor
2637 3752 2724 3796 ne
2767 3739 2833 3796 te
2877 3726 3241 3795 obtundam
3288 3731 3431 3792 779.

2336 3815 2593 3881 Vereor
2637 3837 2720 3881 118
2763 3824 2840 3881 tu
2884 3813 2992 3879 vel
3037 3813 3327 3878 nominis
3372 3813 3556 3875 2837.

2338 3900 2592 3967 Vereor
2633 3903 2834 3966 nimis
2874 3920 3018 3965 esse
3068 3902 3252 3960 1340.

2336 3982 2702 4053 Verissima
2743 3994 2899 4051 sunt
2942 4004 3110 4068 quae
3154 3982 3235 4049 de
3279 3982 3500 4050 Gallia
3541 3989 3727 4051 3108.

2337 4071 2710 4138 Veritatem
2751 4092 2896 4137 rem
2937 4091 3082 4136 esse
3129 4071 3319 4135 4232.

2333 4156 2614 4225 Vestras
2654 4157 3026 4241 aoeepimus
3067 4155 3293 4221 literas
3330 4160 3475 4220 342.

2335 4240 2614 4310 Vestras
2656 4244 2934 4327 scriptas
2977 4241 3084 4307 die
3130 4242 3273 4302 622.

2334 4327 2654 4395 Vestrum
2698 4327 3047 4397 eonsilium
3089 4327 3256 4392 mihi
3300 4330 3486 4392 2082.

2336 4413 2511 4481 Vide
2553 4435 2718 4499 quae
2762 4414 3080 4481 mentitur
3124 4416 3270 4477 220.

2334 4500 2511 4567 Vide
2553 4522 2751 4584 quam
2795 4497 3089 4565 nondum
3134 4499 3439 4582 ignaviae
3484 4502 3624 4562 613.

2333 4585 2509 4652 Vide
2551 4607 2750 4670 quam
2791 4587 2980 4670 pigro
3022 4586 3244 4651 ventri
3290 4590 3434 4649 454.

2333 4671 2510 4737 Vide
2553 4693 2751 4757 quam
2796 4673 2920 4737 sim
2965 4668 3318 4753 impudens
3362 4672 3550 4733 4268.

2333 4756 2510 4824 Vide
2554 4768 2875 4841 quantum
2918 4755 3085 4821 mihi
3126 4754 3402 4821 fiduciae
3446 4758 3633 4821 2371.

2333 4841 2510 4910 Vide
2555 4851 2631 4909 ut
2672 4842 2850 4909 domi
2891 4842 3177 4924 forisque
3225 4844 3408 4905 1975.

2335 4928 2586 4996 Videre
2627 4929 2792 4995 mihi
2837 4926 3062 4993 videor
3103 4930 3285 4989 1128.

2334 5013 2547 5081 Vides
2589 5016 2661 5079 in
2704 5014 2913 5080 literis
2956 5013 3201 5079 Bueeri
3247 5016 3394 5078 950.

2332 5099 2495 5164 Vidi
2540 5100 3053 5166 admonitionem
3096 5098 3400 5163 ultimam
3441 5102 3626 5166 2729.

2336 5184 2499 5249 Vidi
2540 5186 2877 5269 exemplar
2916 5184 3259 5250 literarum
3307 5187 3490 5251 1681.

2335 5270 2499 5335 Vidi
2543 5294 2662 5355 per
2704 5271 3046 5355 epistolam
3092 5272 3276 5335 4244.

2338 5355 2498 5422 Vidi
2540 5379 2669 5443 qua
2712 5356 3103 5424 dexteritate
3154 5362 3335 5423 1249.
