4900 6125
617 399 743 462 599

614 585 869 654 duobus
942 585 1148 670 pagis,
1218 581 1589 651 Gentiliaco
1658 591 1728 649 et
1792 580 2066 650 Arculio
2088 584 2151 659 8)
2229 579 2579 648 collocatis.

617 672 866 739 Hostes
923 691 1075 739 cum
1132 669 1470 738 Germano
1533 676 1601 735 et
1643 667 1995 736 Helvetico
2057 666 2354 752 peditatu
2407 668 2586 733 fossa

617 754 1065 825 circumducta
1121 764 1190 822 et
1244 755 1572 840 impositis
1631 756 1977 821 tormentis
2019 753 2086 819 in
2133 752 2471 819 suburbiis
2513 772 2585 818 se

614 841 1061 912 continebant.
1151 840 1379 908 Nostri
1436 862 1514 907 eo
1571 861 1779 925 usque
1831 861 2031 925 proru
2118 860 2211 905 re.
2302 839 2392 905 Et
2450 858 2588 904 cer-

616 936 763 995 tum
808 937 912 996 est
944 928 1034 994 ita
1090 927 1292 994 fuisse
1350 928 1524 992 inter
1566 926 1789 993 hostes
1844 927 2014 1010 trepi
2061 935 2263 1004 atum,
2301 933 2379 990 ut
2428 925 2589 990 Gui-

614 1016 757 1082 εἰπε
798 1014 939 1099 ipse
988 1029 1212 1098 postea
1255 1014 1470 1079 fassus
1513 1013 1601 1077 sit
1662 1013 1999 1079 victoriam
2045 1013 2112 1076 in
2159 1012 2400 1078 nostris
2444 1030 2585 1074 ma-

612 1100 812 1167 nibus
846 1100 1066 1165 fuisse.
1154 1099 1401 1165 Noster
1440 1098 1761 1181 Princeps
1813 1096 2222 1182 pergendum
2280 1095 2589 1163 censebat

615 1193 687 1252 et
719 1187 861 1271 ipse
895 1186 1154 1252 fortiter
1186 1183 1484 1270 urgebat,
1529 1183 1645 1251 sed
1668 1183 2059 1268 quibusdam
2102 1182 2295 1249 aliter
2340 1182 2588 1249 visum:

612 1272 712 1338 ita
761 1271 1017 1338 reducti
1066 1282 1225 1338 sunt
1283 1274 1351 1336 in
1392 1283 1611 1337 castra
1666 1270 1929 1336 milites.
2018 1268 2171 1337 Uno
2213 1277 2437 1352 postea
2481 1266 2588 1333 die

612 1356 957 1424 interiecto
1016 1358 1339 1423 instructa
1395 1356 1535 1422 acie
1588 1355 1846 1422 hostem
1905 1355 2426 1440 provocavimus,
2473 1352 2588 1419 sed

613 1441 881 1510 flustra.
972 1442 1374 1510 Prodierunt
1428 1449 1689 1507 tantum
1749 1442 1998 1525 aliquot
2053 1439 2309 1525 pedites
2352 1440 2587 1523 equiti-

612 1528 741 1596 bus
777 1529 1105 1611 permixti,
1144 1548 1304 1612 quos
1340 1529 1543 1594 nostri
1589 1526 1771 1593 nullo
1807 1527 2070 1611 negotio
2112 1527 2291 1592 intra
2332 1525 2587 1592 vallum

611 1615 1022 1699 repulerunt.
1122 1615 1632 1680 'fomentorum
1676 1612 1917 1680 ictibus
1961 1633 2204 1696 paucos
2248 1611 2587 1697 gregarios

615 1701 871 1785 equites
926 1709 993 1766 et
1046 1720 1249 1784 equos
1314 1699 1563 1782 aliquot
1622 1699 1985 1765 amisimus.
2086 1698 2303 1764 Noctu
2362 1707 2592 1780 postea

614 1793 876 1852 tentata
938 1805 1045 1851 res
1102 1794 1221 1852 est.
1330 1783 1468 1852 Sed
1535 1784 1751 1851 Genlii
1820 1784 2192 1868 proditione
2222 1783 2278 1869 θ)
2346 1793 2412 1848 et
2488 1784 2587 1849 in-

614 1872 1028 1938 terveniente
1118 1892 1350 1937 rursus
1460 1871 1594 1936 acis
1674 1871 2008 1936 mentione
2032 1919 2047 1949 ‚
2129 1891 2235 1935 res
2300 1870 2585 1936 evanuit.

612 1957 976 2041 Reliquum
1022 1971 1282 2040 tempus
1321 1957 1391 2022 in
1440 1957 1608 2022 uciis
1654 1965 1723 2021 et
1758 1958 1948 2022 vanis
1992 1955 2589 2039 colloquutionibus

616 2043 880 2122 datum,
946 2047 1235 2108 maximo
1321 2043 1584 2124 quidem
1663 2063 1810 2107 meo
1875 2041 1990 2108 sed
2057 2041 2278 2107 inutili
2345 2041 2586 2107 dolore.

611 2129 906 2195 Tandem
951 2129 1277 2213 patefacta
1318 2129 1566 2205 fraude,
1612 2129 1913 2211 quamvis
1956 2147 2177 2193 eorum
2223 2127 2414 2193 fossis
2456 2126 2588 2192 iam

612 2214 698 2281 ad
756 2228 1125 2281 extremum
1194 2211 1524 2298 perductis
1589 2224 1657 2280 et
1722 2213 1939 2280 valido
2003 2212 2459 2295 Hispanorum
2526 2222 2593 2278 et

614 2301 993 2368 Vasconum
1032 2300 1321 2366 subsidio
1356 2300 1426 2364 in
1464 2297 1627 2364 urbe
1656 2300 2049 2379 intromiss0,
2084 2299 2333 2382 placuit
2368 2308 2591 2364 tamen

612 2388 858 2453 nostris
917 2384 1233 2451 suburbia
1278 2397 1551 2451 tentare.
1640 2383 1772 2450 Sed
1840 2385 2111 2451 Genlius
2174 2393 2444 2467 repente
2509 2382 2593 2448 ad

613 2473 843 2539 hostes
901 2471 1350 2556 transfugiens
1409 2470 1752 2536 consilium
1813 2479 2113 2537 nostrum
2163 2491 2434 2555 prorsus
2479 2468 2593 2534 ab·

614 2559 816 2643 rupit.
908 2558 1237 2625 Postridie
1281 2556 1486 2642 igitur
1529 2557 1725 2622 motis
1770 2557 2024 2635 castris,
2068 2556 2396 2623 Carnutes
2438 2576 2590 2641 per-

616 2666 774 2745 gere
828 2644 1184 2727 coepimus,
1247 2655 1323 2708 ut
1377 2643 1446 2707 in
1492 2641 1900 2708 Normandia
1956 2662 2107 2708 cum
2151 2642 2393 2726 Anglis
2437 2664 2590 2709 con·

615 2729 829 2797 iuncti
904 2729 1255 2796 consilium
1335 2749 1578 2794 novum
1639 2728 1992 2810 capiamus.
2023 2730 2106 2805 ¹⁰)
2194 2727 2433 2794 Hiems
2489 2727 2591 2793 in-

616 2825 802 2883 terea
882 2814 1071 2880 nobis
1146 2816 1439 2880 minatur
1516 2820 1584 2879 et
1647 2813 1935 2880 hostium
2002 2813 2180 2880 vires
2246 2820 2592 2898 augentur.

617 2902 892 2970 Utinam
943 2899 1130 2967 Deus
1180 2907 1443 2967 avertat
1497 2921 1665 2983 quae
1715 2909 1956 2965 metuo.
2046 2898 2231 2964 Nihil
2272 2921 2449 2967 nunc
2493 2906 2597 2965 est

494 3010 506 3022 ·
618 3009 727 3054 me
770 3008 904 3053 uno
949 2987 1273 3067 miserius,
1318 2986 1427 3070 qui
1483 3006 1699 3070 neque
1741 2984 1849 3051 hic
1891 3005 2132 3070 magno
2178 3006 2328 3052 cum
2372 2985 2594 3051 fructu

618 3094 765 3142 esse
809 3072 1221 3174 neque-hinc
1278 3073 1505 3138 abesse
1548 3093 1835 3156 possum.
1925 3070 2061 3138 Sed
2107 3072 2291 3138 Deus
2334 3092 2596 3137 mecum

618 3157 1873 3330 τε...ξπὲῗ,“.ῑ.εεὶξεῆῦῑῑψ
1961 3157 2072 3223 2¹
2135 3179 2304 3243 ...0
2348 3157 2420 3225 S·
2468 3158 2597 3223 A.-

794 3329 901 3396 De
964 3330 1203 3396 Passio.
1252 3338 1479 3396 nostro
1535 3336 1604 3396 et
1661 3328 1881 3395 oblata
1951 3329 2360 3397 confessione
2426 3327 2594 3393 nihil

619 3414 841 3483 adhuc
882 3417 1271 3500 accepimus.
1294 3419 1380 3493 ¹¹)

659 3743 673 3756 ·
709 3742 723 3755 ⁶
830 3670 894 3738 8)
932 3671 1084 3729 Ibia.
1123 3670 1250 3726 196:
1322 3671 1393 3727 Se
1436 3676 1763 3726 contentant
1809 3671 2011 3753 d'avoir
2044 3671 2145 3725 fnit
2220 3688 2321 3726 eur
2353 3689 2461 3726 aux
2498 3670 2598 3752 Ps-

624 3758 824 3824 rgsnens
864 3740 1068 3823 cbacnn
1120 3757 1180 3794 se
1234 3742 1391 3822 loges
1436 3758 1504 3794 en
1553 3757 1653 3794 sou
1702 3748 1948 3810 quarner
1994 3738 2105 3804 (28.
2207 3739 2381 3823 00.)οὶ
2414 3756 2600 3793 saveir

624 3810 951 3893 l'msanterie
989 3828 1079 3891 ’eu
1115 3811 1171 3864 la
1233 3810 1416 3891 plaine
1469 3810 1538 3863 de
1586 3810 1890 3891 Monrouge
1942 3814 2001 3863 et
2052 3810 2121 3863 de
2166 3809 2489 3881 Vangirard‚
2545 3808 2597 3862 le

624 3895 813 3951 prince
849 3880 1074 3961 Portica
1111 3896 1144 3932 s
1178 3878 1421 3960 Gentilh,
1459 3879 1647 3971 Geplis
1668 3896 1716 3962 ‘a
1749 3879 2050 3948 nom-ougo
2075 3895 2221 3959 ⁶avec
2253 3880 2334 3935 les
2368 3879 2598 3960 villages

622 3947 1860 4098 2¹¹0m⁰mm2tusstss¹¹fffss15⁶02tiiffi¹uss
1890 3948 2598 4097 &animatas

622 4102 695 4143 au
739 4086 863 4155 plus
911 4085 979 4141 de
1014 4084 1155 4140 8000
1205 4086 1456 4168 hommes
1492 4085 1564 4141 de
1609 4086 1738 4156 pied
1780 4092 1840 4167 et
1887 4086 1955 4139 de
1999 4084 2036 4139 5
2069 4103 2103 4140 a
2147 4084 2287 4141 6000
2330 4086 2595 4150 cbevsux,

622 4156 768 4279 dpux
804 4172 1026 4222 canons,
1074 4171 1179 4209 une
1215 4155 1528 4211 coulevnne
1564 4159 1623 4209 et
1665 4153 1702 4207 4
1738 4170 1920 4223 pisces
1955 4153 2024 4208 de
2059 4171 2356 4226 campsgne
2392 4160 2451 4209 et
2486 4170 2596 4208 non

686 4242 765 4279 us.

624 4241 663 4296 p
832 4291 893 4361 9)
924 4291 1073 4348 loia.
1108 4291 1228 4346 215.
1309 4290 1559 4345 Transiit
1602 4290 1682 4345 ad
1724 4291 1925 4346 hoeoem
1968 4292 2237 4361 postridie
2272 4291 2421 4347 Noa.
2460 4289 2596 4346 Dee.

624 4361 844 4417 Cbacun
898 4362 1105 4432 iugeoit
1165 4360 1294 4431 qu’il
1346 4361 1497 4414 svoit
1598 4360 1796 4414 roiette
1847 4366 1995 4414 ceste
2047 4360 2288 4415 lsscbete
2342 4362 2411 4415 de
2464 4361 2596 4428 long

622 4436 805 4501 temps
842 4469 1063 4487 .....
1102 4430 1181 4484 Le
1214 4429 1520 4483 leudemsin
1558 4430 1597 4483 11
1634 4428 1700 4483 fit
1724 4429 1989 4483 euteudre
2023 4447 2091 4483 au
2130 4430 2323 4484 Prince
2359 4428 2489 4499 qu'il
2527 4444 2596 4482 ne

624 4500 949 4580 s’enoestoit
995 4498 1101 4553 alle
1147 4514 1253 4568 que
1298 4514 1439 4568 pour
1482 4498 1533 4551 le
1581 4498 1753 4564 grand
1799 4499 1925 4552 bien
1974 4498 2044 4552 de
2092 4498 2187 4568 luy
2233 4503 2291 4552 et
2324 4514 2466 4568 pour
2500 4498 2596 4568 luy

624 4585 805 4625 servu·
838 4569 907 4622 de
942 4568 1182 4622 soliciter
1215 4583 1412 4621 envers
1446 4567 1501 4620 ls
1517 4567 1705 4636 chne
1740 4583 1882 4637 pour
1915 4568 2182 4621 terminer
2214 4572 2363 4621 ceste
2397 4582 2596 4637 guerre

624 4655 732 4719 par
776 4654 882 4691 une
931 4637 1110 4691 bonne
1163 4637 1289 4707 psix
1337 4636 1575 4706 plustost
1610 4652 1717 4705 que
1763 4653 1864 4706 par
1896 4637 2132 4706 quelque
2180 4636 2467 4706 sanglante
2501 4633 2596 4689 bs·

759 4721 899 4856 θ..10)
936 4771 1030 4829 Sic
1066 4772 1403 4855 bucinam
1435 4771 1497 4827 in
1532 4778 1780 4854 atroque.
1796 4771 1993 4857 codice.
2050 4771 2159 4828 Sed
2189 4773 2251 4827 in
2293 4771 2602 4828 Geneveuei

630 4860 670 4899 ⁰
698 4859 899 4981 ⁹⁶3·ss
925 4842 1443 4980 mmm-³
1396 4846 1994 4980 ”xtawaew
2010 4841 2383 4966 om...
2410 4908 2599 4980 s...

630 4982 777 5036 unius
810 4982 874 5036 s’n
913 4978 1267 5036 &manian
1301 4980 1503 5035 mium
1532 4978 1719 5046 fuerat
1752 4994 1872 5034 aaa
1904 4980 2263 5047 confusione.

2129 389 2661 460 EPISTOLAE
2705 394 3131 460 3884—3886

3563 579 3770 651 8885.

3091 734 3565 803 CALVINUS
3612 734 4247 803 BULLINGERO.

2863 905 3070 973 Mittit
3109 909 3168 973 ei
3197 910 3666 993 praecedentem
3699 906 3927 976 Beeae.

2688 1079 2821 1145 (Est
2829 1080 3010 1203 ozilini
3147 1080 3458 1149 bscriptum
3483 1078 3766 1136 lenvillsei
3783 1096 3946 1133 mauu
3965 1083 4264 1140 exaratum,
4300 1077 4373 1132 ad
4401 1078 4604 1144 eandm,

2688 1148 2748 1202 in
2784 1148 2826 1204 C
2905 1150 2983 1202 ‘ce
3040 1149 3317 1230 ‘uticensi
3354 1151 3410 1204 iu
3446 1166 3556 1220 quo
3589 1150 3706 1204 solo
3743 1155 3925 1203 exstat
3970 1164 4156 1202 errore
4190 1147 4416 1201 sortasse
4446 1146 4602 1204 biblio·

2927 1234 3055 1287 pegi
3091 1219 3373 1288 praecedit
3408 1221 3582 1289 ipsam
3619 1219 3796 1273 Besae
3833 1217 4120 1287 epistolam
4154 1216 4247 1272 sol.
4283 1214 4422 1283 358.)

2866 1387 3079 1456 Citius
3135 1390 3256 1456 bas
3313 1392 3634 1457 missurus
3677 1410 3858 1456 eram
3904 1389 4033 1456 nisi
4076 1388 4493 1457 vehementer
4527 1409 4612 1455 ro-

2691 1486 2912 1560 gasset
2959 1476 3225 1543 Trecius
3269 1490 3346 1541 ut
3389 1477 3459 1541 in
3505 1497 3698 1542 suum
3745 1476 3992 1542 abitum
4035 1474 4385 1541 differrem.
4401 1479 4446 1550 ¹)
4501 1474 4614 1540 Pu·

2690 1562 2860 1627 tavit
2915 1562 3093 1626 enim
3152 1583 3345 1627 suum
3402 1562 3486 1628 ad
3540 1584 3650 1628 vos
3702 1561 4056 1628 adventum
4119 1562 4253 1626 fore
4297 1559 4615 1644 gratiorem

2690 1648 2742 1713 ei
2782 1648 2921 1730 ipse
2964 1647 3302 1731 perferret.
3376 1648 3529 1714 Non
3573 1657 3714 1713 erat
3750 1646 4011 1730 quidem
4056 1646 4136 1711 ad
4183 1666 4450 1711 manum
4481 1645 4620 1710 alius

2692 1734 2995 1812 nuncius,
3062 1732 3177 1798 sed
3233 1736 3454 1818 potius
3515 1736 3584 1800 in
3652 1735 3871 1798 animo
3929 1747 4070 1798 erat
4124 1733 4481 1799 conducere
4527 1731 4618 1814 qui

2692 1819 2986 1884 Bernam
3044 1840 3250 1902 usque
3306 1820 3453 1885 iret.
3544 1819 3744 1885 Forte
3799 1818 3972 1902 apud
4032 1840 4149 1884 vos
4192 1838 4447 1901 quoque
4485 1815 4621 1881 voli·

2690 1905 2857 1970 tabit
2912 1925 3156 1982 rumor,
3211 1927 3406 1988 quem
3463 1905 3572 1970 hic
3613 1915 4000 1988 sparserunt
4042 1904 4386 1981 Germani,
4429 1902 4503 1968 de
4539 1921 4624 1967 oc-

2692 1992 2844 2056 cisis
2919 1991 2990 2055 in
3049 1990 3418 2074 Campania
3482 1990 3750 2075 legatis:
3818 2010 4010 2074 quem
4071 1999 4292 2055 tamen
4360 1989 4630 2054 existimo

2693 2097 2937 2143 vanum
2999 2081 3226 2154 esse,²)
3284 2078 3437 2161 quia
3495 2077 3840 2143 consilium
3894 2074 4165 2141 dederat
4205 2073 4294 2141 D.
4348 2074 4632 2157 Spifameo

2692 2162 3008 2245 principis
3067 2161 3287 2247 legato
3355 2162 3839 2228 illustrissimus
3895 2183 4114 2229 comes
4174 2160 4508 2227 Palatinus
4561 2178 4632 2223 ue

2693 2256 2962 2332 urgeret
3016 2246 3098 2313 de
3156 2248 3479 2313 mittenda
3529 2248 3870 2332 legatione.
3971 2248 4078 2312 Ita
4133 2269 4239 2313 res
4291 2247 4634 2342 interrupta

2693 2334 2926 2399 fuerat.
3016 2333 3209 2415 Quod
3255 2347 3475 2400 autem
3517 2334 3746 2400 dicunt
3793 2353 4000 2398 unum
4044 2333 4245 2398 fuisse
4285 2354 4376 2397 ex
4419 2329 4635 2396 familis

2697 2418 3185 2503 Lunehurqensi,
3231 2421 3510 2486 alterum
3547 2440 3703 2485 vero
3747 2419 4073 2485 Comitem
4110 2417 4635 2500 Man-§felmeum

2697 2504 2881 2572 nullo
2923 2504 3118 2571 modo
3161 2504 3469 2572 credibile
3511 2514 3629 2572 est.

3729 2641 4063 2711 Iohannes
4106 2639 4450 2708 Calvinus.
4475 2641 4526 2722 ⁸)

3587 3153 3790 3224 8886.

3099 3307 3576 3377 CALVINUS
3620 3306 4263 3376 BULLINGERO.

2876 3478 3141 3547 Praeter
3193 3500 3296 3547 res
3344 3479 3632 3547 Gauicas
3697 3480 3973 3546 maxime
4033 3480 4370 3557 militares,
4430 3475 4654 3559 anisy&

2699 3587 2859 3651 quae
2916 3567 3006 3634 ad
3053 3566 3403 3634 Concilium
3450 3566 3764 3649 pertinent
3817 3570 3872 3630 et
3913 3565 4107 3631 obiter
4157 3567 4484 3632 occasione
4523 3580 4653 3645 quo-

2696 3655 2974 3720 rundam
3029 3654 3364 3719 recentium
3428 3651 3776 3717 libellorum
3822 3651 3894 3714 in
3952 3652 4303 3717 Germania
4369 3650 4658 3741 editors-q

2686 3741 2924 3822 paucis
2964 3758 3151 3803 suam
3193 3738 3561 3804 sententiam
3603 3737 3680 3803 de
3711 3739 4078 3819 praeseutia
4119 3737 4413 3818 corporis
4443 3733 4658 3801 cleri*

2698 3826 2962 3908 ceponii.

2693 3997 2808 4066 (Ex
2879 3994 3012 4049 Cod.
3064 3993 3270 4049 Genev.
3319 3991 3467 4057 1072,
3516 3993 3609 4047 fol.
3655 3991 3761 4048 276
3813 3999 3872 4048 et
3922 3993 4029 4048 286
4083 4000 4141 4049 et
4199 3992 4338 4049 Cod.
4399 3992 4531 4055 108,
4579 3989 4656 4046 fot

2839 4062 2958 4119 153.
2998 4064 3123 4118 coll.
3169 4078 3217 4117 c.
3252 4062 3470 4117 Simleri
3505 4062 3628 4118 Vol.
3675 4061 3793 4117 108.
3867 4063 4024 4118 Vera.
4073 4063 4214 4132 angl.
4256 4063 4353 4118 IV.
4387 4061 4538 4129 282.)

2870 4234 2943 4303 S.
3012 4233 3160 4301 Etsi
3227 4254 3405 4300 nunc
3465 4254 3724 4317 quoque
3791 4233 3873 4299 de
3928 4235 4127 4301 rebus
4182 4254 4429 4319 parum
4480 4231 4656 4299 certis

2696 4324 2984 4390 scribere
3027 4320 3110 4385 ad
3154 4331 3219 4383 te
3264 4319 3462 4402 piget,
3510 4320 3886 4386 venerande
3927 4321 4149 4397 frater,
4194 4342 4410 4403 quum
4458 4332 4660 4387 tsmoe

2697 4409 2807 4476 hic
2855 4409 3066 4474 bonus
3124 4404 3504 4471 adolescens
3557 4426 3824 4488 operam
3879 4426 4068 4473 suam
4125 4407 4296 4471 mihi
4345 4407 4424 4471 in
4469 4403 4660 4470 literis

2697 4491 3048 4562 reddendis
3104 4491 3389 4569 offerret,
3444 4490 3617 4556 hanc
3682 4491 4085 4558 occasionem
4142 4493 4664 4575 praetermittere

2696 4580 2899 4647 nolui.
3013 4576 3196 4660 Quid
3261 4576 3506 4660 cogitet
3569 4576 3874 4661 princeps
3943 4575 4288 4646 condensis
4356 4578 4662 4645 ooniioeoe

2699 4666 2887 4733 nobis
2952 4674 3054 4730 est
3118 4662 3402 4728 difficile.
3497 4661 3780 4728 Circiter
3835 4662 4100 4728 initium
4156 4665 4416 4729 mensis
4481 4661 4666 4728 huius

2699 4751 2783 4819 ad
2838 4771 3063 4817 muros
3119 4769 3325 4831 usque
3366 4748 3678 4814 Lutetiae
3719 4750 3941 4833 copias
3985 4748 4398 4829 admoverat,
4427 4754 4480 4827 ¹)
4523 4766 4664 4833 pau·

2698 4973 2881 5032 8886.
2907 4974 2967 5111 13
2999 4972 3212 5027 Fuerat
3244 4984 3374 5040 erqo
3405 4984 3585 5040 nuper
3623 4969 3887 5053 Qenem.
3961 4969 4047 5053 Cr.
4087 4971 4166 5027 N.
4202 4970 4366 5026 8878.

2698 5112 2820 5170 ...ι
2856 5041 3300 5166 11313'3312'3.
3320 5038 3622 5165 ’ἶὸοέἒὲ
3650 5056 3778 5164 ’ν’ἷ*
3789 5038 4488 5165 emata&
4533 5036 4668 5094 Β*

2699 5179 3698 5307 aeeei'flwi'p'ssp‘iibtvae
3808 5246 3892 5302 nu
4228 5245 4462 5302 wit-1.

2699 5251 3119 5376 milk-21.
3161 5247 4672 5386 κιαῲα.ω..η.ω.ἵ..”ἳφ”.ῗῖωη’ἓῗ
