4900 6125
607 404 736 468 207

607 589 847 672 ciac-⁸)
933 588 1208 655 Detecta
1252 586 1621 655 cardinali-s
1675 587 1942 655 consilia
1985 586 2067 653 de
2109 586 2367 654 foedere
2409 608 2564 654 cum

613 673 916 757 Phacppo
957 683 1026 739 et
1066 681 1204 740 tota
1244 673 1442 740 Italia
1481 673 1791 740 ineundo.
1879 672 2243 740 Immutata
2285 673 2567 758 Reyinae

607 761 842 828 matris
882 759 1191 827 voluntas
1223 759 1306 826 de
1339 759 1624 843 petenda
1656 758 2093 844 Lotharingia
2126 769 2195 826 et
2232 758 2568 827 cardinali

607 846 746 912 illio
802 845 1266 912 conveniendo.
1289 845 1346 928 ⁴)
1444 844 1634 929 Quae
1684 846 2000 929 profectio
2069 845 2308 911 merito
2375 845 2567 912 nobis

606 941 914 1016 suspecta
953 942 1112 998 erat.
1182 931 1344 997 Dux
1402 940 1627 998 noster
1670 930 1931 1000 vicinus
1944 933 2003 1009 ὅ)
2052 931 2291 998 Niceae
2341 937 2569 996 manet

607 1015 986 1086 valetudine
1029 1016 1220 1084 valde
1260 1015 1604 1084 imbecilla.
1671 1016 1771 1082 ·In
1830 1017 2078 1101 Apulia
2134 1029 2201 1082 et
2255 1015 2569 1083 Calabria

605 1101 882 1170 maximi
925 1103 1253 1169 tumultus
1287 1111 1447 1169 sunt
1478 1104 1766 1184 excitati,
1809 1103 2045 1186 quibus
2080 1101 2567 1187 compescendis

607 1188 962 1256 summissa
1000 1188 1306 1254 dicuntur
1340 1189 1471 1255 tria
1503 1189 1955 1273 Hispanorum
1990 1188 2218 1255 millia.
2290 1188 2375 1254 In
2409 1187 2566 1253 Bel-

608 1275 718 1361 gio
772 1281 1078 1341 crescunt
1131 1275 1206 1339 in
1259 1273 1491 1341 mediis
1555 1274 2169 1359 persequutionibus
2234 1274 2563 1342 ecclesiae.

609 1359 812 1443 Apud
855 1360 1189 1443 Hispanos
1244 1381 1500 1444 quoque
1557 1367 1963 1446 propagatur
2017 1360 2292 1427 verbum
2348 1358 2568 1425 oblata

607 1445 865 1514 vicinae
905 1446 1190 1528 regionis
1232 1447 1714 1529 opportunitate
1756 1447 1829 1511 in
1872 1466 2003 1530 qua
2023 1445 2399 1513 dominatur
2424 1444 2567 1511 Na-

605 1551 836 1598 omae
879 1532 1108 1616 regina
1149 1540 1397 1615 papatu
1439 1531 1594 1598 inde
1638 1542 1862 1616 aperte
1898 1533 2261 1617 profligato.
2321 1531 2448 1613 Ita,
2495 1536 2568 1596 ut

605 1636 818 1701 spero,
864 1637 1001 1682 non
1043 1616 1252 1684 deerit
1299 1616 1598 1701 Philippo
1638 1617 1809 1701 quod
1853 1616 2033 1684 domi
2073 1626 2242 1702 agat.

783 1701 1082 1770 Gallicae
1125 1702 1436 1770 ecclesiae
1478 1702 1794 1787 paulatim
1836 1704 2291 1770 instaurantur
2334 1711 2401 1768 et
2434 1701 2567 1768 Dei

607 1786 925 1854 beneficio
981 1789 1220 1854 mirum
1275 1789 1347 1854 in
1402 1787 1669 1855 modum
1725 1797 2068 1874 augentur.
2086 1793 2144 1867 ⁶)
2228 1789 2367 1855 Nos
2436 1788 2567 1854 Dei

609 1874 826 1959 gratia
867 1884 1043 1942 recte
1084 1873 1402 1941 valemus.
1495 1873 1796 1942 Calvinus
1852 1875 2117 1959 quidem
2173 1886 2400 1941 noster
2447 1894 2567 1940 suo

609 1980 814 2038 more,
851 1959 964 2025 sed
1000 1960 1091 2025 ita
1127 1969 1346 2026 tamen
1382 1966 1457 2025 ut
1490 1981 1732 2027 munus
1775 1982 1970 2027 suum
2004 1959 2225 2044 aliqua
2260 1982 2344 2027 ex
2380 1967 2566 2044 parte

609 2045 742 2111 iam
778 2044 956 2111 obire
991 2046 1279 2129 possit.⁷)
1336 2045 1520 2112 Haec
1554 2066 1730 2113 nunc
1751 2044 1969 2127 habui,
2008 2047 2103 2111 mi
2137 2048 2361 2126 frater,
2398 2065 2567 2130 quae

609 2129 695 2196 ad
739 2139 804 2197 te
837 2131 1206 2210 scriberem,
1247 2151 1485 2216 rogans
1521 2139 1596 2197 ut
1628 2133 1982 2216 superioris
2019 2134 2331 2216 temporis
2365 2131 2567 2199 silen-

608 2215 778 2280 tium
821 2217 895 2281 in
936 2216 1177 2282 bonam
1219 2227 1472 2300 partem
1516 2217 1812 2301 accipias.
1884 2217 2136 2285 Vin-etus
2154 2227 2377 2285 noster
2400 2217 2568 2283 bene

609 2300 811 2368 habet
847 2307 916 2368 et
956 2301 1276 2387 Lugduni
1320 2302 1688 2369 incredibili
1726 2323 2031 2370 successu
2072 2304 2309 2390 pergit.
2369 2302 2567 2385 Quod

610 2400 909 2471 superest
973 2387 1337 2454 Dominum
1398 2409 1632 2471 precor
1697 2398 1770 2454 ut
1834 2399 2123 2456 vestram
2202 2389 2565 2468 ecclesiam,

610 2481 833 2556 erepto
878 2472 1247 2539 doctissimo
1287 2481 1356 2539 et
1395 2474 1642 2557 optimo
1700 2475 1845 2540 viro
1904 2474 1991 2542 D.
2039 2473 2329 2541 Masada
2387 2495 2566 2540 nune

609 2559 925 2638 orbatam,
969 2579 1142 2625 novo
1184 2558 1400 2641 aliquo
1440 2560 1763 2643 praesidio
1806 2560 2031 2627 fulciat
2072 2569 2142 2628 et
2174 2569 2259 2640 te,
2304 2560 2398 2625 mi
2432 2560 2566 2626 fra-

610 2650 732 2723 ter,
777 2645 988 2731 magis
1032 2667 1107 2711 ac
1150 2646 1361 2730 magis
1415 2644 1488 2710 in
1547 2646 1754 2711 tantis
1807 2647 2141 2714 laboribus
2201 2646 2564 2714 confirmet.

610 2727 927 2797 Genevae
972 2735 1027 2796 5.
1073 2728 1382 2798 Decemb.
1436 2733 1618 2797 1563.

1371 3023 1782 3035 ————

1508 3275 1711 3348 4⁰55.

1029 3442 1674 3514 MORELLANUS
1721 3446 2158 3516 OALVINO.

795 3614 1176 3682 Gratantur
1208 3616 1268 3681 ei
1300 3614 1616 3683 meliorem
1651 3618 1787 3684 iam
1820 3618 2240 3685 valetudinem
2274 3624 2330 3684 et
2362 3619 2571 3703 pluri-

612 3702 732 3769 bus
785 3701 1043 3768 ostendit
1104 3720 1296 3783 quam
1357 3702 1622 3785 difficile
1683 3705 1907 3772 reddat
1967 3704 2094 3770 sibi
2145 3705 2569 3771 ministerium

613 3786 1758 3953 mffiimmmrae
1811 3789 2570 3857 ecclesiastica-cetuna-

740 4216 750 4228 ·
821 4145 884 4214 3)
917 4144 1059 4226 Ipsa
1100 4159 1223 4226 peu·
1274 4149 1493 4201 mncita
1545 4151 1623 4201 cat
1676 4163 1728 4202 a.
1766 4146 1818 4201 d.
1858 4147 1984 4203 111.
2022 4147 2110 4203 16.
2148 4147 2288 4217 Apr.
2325 4147 2465 4203 1664
2509 4151 2570 4204 in

613 4212 1276 4364 ‘’wdafflffird·
1324 4282 1393 4364 d..
1423 4281 1692 4365 ’ll-“Dea-
1731 4299 1787 4353 ρ.
1833 4281 1966 4338 275ε
2020 4282 2351 4367 Scripseram
2408 4291 2571 4340 antea

614 4352 908 4502 ἔξω
934 4367 1211 4489 aaa?
1224 4351 1569 4475 aare?
1593 4352 2571 4503 ,ἱσῖτῑήῗξήᾞεεεπεεοῇ

615 4490 858 4570 consiliis
909 4490 1333 4558 obtemperasse.
1404 4489 1624 4570 ‘Verum
1673 4506 1796 4571 ipsa.
1829 4559 1842 4571 ⁶
1911 4496 2053 4544 citur
2102 4491 2280 4573 denuo
2324 4504 2570 4575 ‘mutasse-

615 4564 946 4697 ῧῗᾙὲὶῗ
980 4558 1266 4680 “13:5²2
1300 4558 1645 4709 5⁸13}ss
1658 4561 2573 4710 ἕῇἳῗῗὲῗῖᾙἪὲίῗὲἑέῗ

617 4691 2499 4767 6.Mart.p.287ecrn‘buBemna-nusqumoacententiaeue.

754 4900 1534 5026 mcv-{w
1566 4901 1802 4958 amn
1832 4918 1992 4971 pecu
2019 4904 2352 4959 ara-oribus
2384 4905 2570 4961 ῑιιηει·

828 5036 888 5105 7)
924 5036 1188 5093 condo„
1214 5036 1345 5092 104.-
1381 5038 1452 5092 Sa
1473 5042 1662 5108 goutte
1696 5052 1940 5092 commen
2033 5039 2068 5093 ὁ
2088 5040 2166 5094 lui
2189 5039 2400 5094 donner
2419 5043 2569 5110 quel·

621 5123 732 5176 que
766 5106 1025 5188 rel-sobe.
1075 5105 1285 5187 ‚Adone
1326 5106 1369 5159 il
1415 5122 1474 5160 se
1517 5106 1814 5187 pua-torcoit
1845 5123 1951 5187 que
1971 5124 2108 5188 ques
2150 5108 2254 5163 sois
2287 5108 2358 5162 de
2402 5111 2573 5191 σοι-βι-

619 5190 1798 5324 ᾶέοᾯσᾚ)ιᾷωωῒωῧιῶἑᾚ,
1811 5176 2436 5315 pgnpffiotmfflgd
2464 5179 2571 5302 alig

624 5309 808 5364 chaire
843 5327 1061 5381 :unques
1096 5328 1165 5366 au
1197 5312 1421 5382 temple.

2114 398 2645 468 EPISTOLAE
2689 404 3117 468 4054—4056

4478 402 4579 466 203

2665 589 2777 658 (Ex
2812 587 3167 660 autographis
3188 588 3319 644 Cod.
3342 587 3504 645 Goth.
3526 585 3649 654 404,
3685 588 3777 643 fol.
3802 586 3924 642 243.
3959 614 4028 627 —·
4062 585 4256 641 Edidit
4274 585 4434 641 [debe
4464 604 4509 658 p.
4528 585 4584 641 8³

3058 674 3127 713 ex
3162 674 3271 728 quo
3305 658 3597 727 descripsit
3630 656 3893 713 Simlerus
3927 655 4049 711 Vol.
4087 653 4232 722 ΠΒ.)

2669 828 2732 894 A
2777 828 3117 895 Monsieur
3159 839 3224 895 et
3268 828 3652 896 treshonore
3697 848 3854 913 pere
3897 825 4243 894 Monsieur
4276 825 4589 894 Passelius.

2843 998 2912 1067 S.
2962 1000 3147 1065 Nihil
3183 998 3378 1066 audio
3412 998 3741 1080 libentius,
3779 1005 3968 1083 pater
4001 1000 4071 1066 in
4108 999 4377 1066 Christo
4408 997 4590 1066 colen·

2670 1083 2955 1165 dissime,
3001 1107 3195 1170 quam
3241 1094 3309 1151 te
3351 1107 3438 1152 ex
3473 1085 3724 1151 diutino
3758 1084 3985 1151 morbo
4030 1085 4267 1152 saltem
4303 1095 4595 1168 utcunque

2670 1180 3041 1238 recreatum
3085 1193 3245 1239 esse.
3334 1171 3513 1257 Opto
3574 1181 3795 1237 autem
3854 1180 3933 1236 ut
3985 1171 4309 1255 pristinae
4364 1170 4597 1236 sanitati

2669 1256 3013 1324 restitutus
3058 1278 3203 1323 eam
3248 1258 3774 1323 constantissime
3815 1277 3935 1341 per
3969 1255 4427 1342 longissimam
4458 1265 4601 1320 aets-

2668 1351 2803 1409 tem
2849 1343 3136 1409 retinere
3193 1343 3421 1428 possis.
3509 1341 3703 1425 Quod
3759 1342 3936 1408 idem
3992 1344 4074 1409 ab
4140 1342 4447 1408 omnibus
4500 1341 4600 1421 piis

2670 1428 2960 1496 ecclesiis
3016 1450 3274 1496 summe
3331 1430 3553 1512 expeti
3609 1449 3747 1494 non
3810 1435 3912 1494 est
3976 1430 4238 1506 mirum,
4305 1447 4499 1512 quum
4552 1437 4603 1492 tu

2668 1514 2858 1598 quasi
2903 1515 3275 1582 columnam
3335 1514 3610 1580 huiusce
3670 1515 3986 1597 temporis
4039 1514 4257 1598 praeci
4308 1534 4463 1578 uam
4512 1533 4605 1577 ex·

2669 1600 3009 1684 periantur
3051 1600 3133 1666 ad
3180 1599 3547 1666 doctrinam
3596 1599 3893 1665 veritatis
3944 1600 4243 1666 sustinen
4292 1619 4422 1664 am.
4496 1597 4607 1664 Sed

2669 1685 2836 1752 mihi
2879 1686 3255 1770 comprimis
3278 1690 3318 1727 ἓ
3361 1696 3476 1751 tua
3520 1685 3699 1751 salus
3742 1704 3899 1750 cara
3957 1694 4074 1764 est,
4131 1705 4342 1769 quum
4386 1683 4465 1750 ob
4506 1683 4609 1748 alia

2667 1772 3015 1858 permulta,
3062 1781 3203 1836 tum
3247 1770 3420 1856 quod
3461 1779 3773 1855 tanquam
3817 1772 3892 1836 in
3928 1772 4079 1836 sinu
4121 1779 4238 1835 tuo
4282 1789 4611 1836 exonerare

2669 1857 2935 1935 soleam,
2974 1857 3032 1924 si
3074 1856 3231 1941 quid
3277 1857 3499 1922 animo
3541 1877 3687 1922 meo
3723 1856 3894 1922 male
3930 1865 4045 1936 est,
4091 1877 4214 1922 nec
4249 1865 4329 1920 tu
4367 1876 4482 1940 pro
4512 1853 4611 1919 hu·

2669 1943 2989 2008 manitate
3011 1951 3131 2008 tua
3154 1943 3474 2027 gravaris,
3500 1941 3675 2008 haud
3701 1964 3889 2009 secus
3910 1963 3985 2009 ac
4010 1943 4065 2006 si
4088 1963 4335 2026 parens
4358 1961 4541 2018 esses,
4558 1955 4613 2004 et

2668 2028 2996 2095 monendo
3040 2039 3108 2094 et
3147 2026 3553 2095 consulendo
3612 2047 3796 2093 meas
3840 2026 4287 2113 aegritudines
4336 2026 4613 2092 allevate.

2669 2115 2945 2182 Utinam
3000 2121 3221 2179 autem
3279 2112 3598 2179 eiusmodi
3654 2123 3915 2198 tempus
3974 2110 4259 2192 accidat,
4340 2122 4421 2177 ut
4472 2113 4613 2262 g:

2670 2201 2872 2266 animi
2939 2200 3269 2283 specimen
3334 2198 3594 2282 aliquod
3659 2220 3820 2283 erga
3876 2207 3942 2264 te
4000 2198 4245 2282 possim
4308 2196 4470 2264 exhi

2669 2287 2823 2352 Nou
2866 2286 3316 2351 immemorem
3362 2293 3628 2350 tuorum
3671 2304 3831 2368 erga
3873 2305 3980 2350 me
4022 2283 4495 2350 beneficiorum
4532 2303 4615 2347 me

2670 2370 2788 2438 tibi
2832 2369 3283 2455 comprobabo.

2845 2455 2977 2522 Sed
3026 2475 3146 2540 pro
3190 2477 3337 2521 meo
3378 2476 3560 2521 more
3614 2454 3697 2520 ad
3758 2463 3827 2520 te
3889 2475 4121 2520 rursus
4185 2453 4432 2520 accedo
4492 2474 4616 2519 con-

2670 2542 2894 2609 silium
2938 2552 3189 2626 petens.
3270 2539 3550 2607 Senatui
3592 2539 4028 2608 ecclesiastico
4060 2540 4391 2605 interesse
4424 2547 4617 2626 postu-

2671 2629 2768 2694 lat
2808 2626 3102 2693 Domina
3148 2626 3511 2706 Ferrariae,
3542 2629 3590 2698 ¹)
3652 2625 3975 2711 exemplo,
4033 2633 4110 2691 ut
4150 2625 4395 2709 inquit,
4454 2625 4617 2708 Regi·

2671 2735 2799 2780 nae
2845 2713 3202 2780 Navarrae.
3270 2711 3426 2793 Qua
3467 2719 3708 2790 mente,
3754 2733 3887 2777 non
3922 2719 4025 2777 est
4058 2711 4223 2776 mihi
4259 2712 4617 2778 obscurum:

2674 2820 2913 2882 nempe
2957 2807 3037 2864 ut
3075 2799 3216 2864 eius
3257 2799 3661 2881 praescripto
3705 2798 3929 2863 omnia
3983 2799 4055 2863 in
4097 2797 4492 2864 consistorio
4531 2795 4619 2861 de-

2674 2891 3061 2963 cernantur,
3132 2884 3325 2949 sicuti
3391 2882 3465 2948 in
3528 2884 3951 2950 concionibus
4015 2903 4091 2949 ac
4157 2881 4619 2966 precationibm

2673 2970 2879 3038 vellet
2920 2970 3141 3034 omnia
3181 2989 3300 3034 suo
3343 2969 3667 3034 arbitratu
3712 2968 3861 3035 dici.
3950 2971 4044 3034 At
4098 2969 4155 3033 si
4213 2977 4422 3053 turpe
4462 2975 4623 3054 putat

2675 3055 2927 3125 Paulus
2985 3054 3327 3122 mulierem
3387 3055 3459 3120 iu
3525 3065 3714 3120 coetu
3769 3053 3964 3139 loqui,
4015 3061 4263 3138 quanto
4320 3057 4455 3121 erit
4508 3068 4619 3119 tur-

2675 3143 2845 3227 pius,
2911 3143 2969 3208 si
3035 3140 3203 3206 nihil
3270 3162 3403 3205 uon
3471 3148 3717 3206 statuet
3770 3161 3847 3208 ac
3907 3139 4259 3207 decernet?
4356 3141 4505 3207 Iam
4556 3138 4621 3203 ad

2676 3235 2973 3294 nostram
3016 3226 3358 3292 ecclesiam
3402 3247 3601 3309 quam
3646 3225 3778 3291 rari
3840 3246 3911 3291 se
3965 3227 4331 3305 conferent,
4396 3229 4455 3293 si
4504 3226 4619 3311 qui·

2675 3313 2798 3379 bus
2845 3312 2925 3378 de
2969 3313 3164 3378 rebus
3222 3311 3538 3395 appellati
3590 3311 3857 3389 fuerint,
3919 3310 4091 3393 apud
4147 3320 4413 3378 tantam
4468 3312 4623 3397 prin·

2671 3399 2887 3483 cipem
2964 3397 3416 3463 intellexerint
3492 3395 3980 3463 examinanda?
4071 3395 4293 3478 Quam
4378 3397 4621 3463 ridicula

2671 3495 2871 3550 erunt
2912 3483 3189 3567 papistis
3233 3490 3427 3565 atque
3452 3481 3907 3568 Anabaptistis
3950 3482 4345 3549 consistoria
4405 3494 4621 3557 noem.

2671 3590 2838 3653 quae
2880 3588 2922 3632 a
2962 3567 3267 3634 foeminis
3313 3568 3669 3652 gubernari
3724 3567 4073 3633 dicentur?
4149 3568 4379 3634 Enixe
4424 3568 4621 3654 rogavi

2674 3663 2791 3721 aut
2826 3654 3163 3738 proximas
3206 3653 3529 3731 ecclesias,
3576 3661 3695 3718 aut
3736 3661 3801 3718 te
3824 3674 4025 3736 super
4056 3674 4135 3719 ea
4156 3674 4228 3718 re
4250 3656 4621 3727 consuleret,

2672 3739 2845 3824 quod
2890 3747 3243 3822 utrumque
3286 3739 3633 3804 recusavit.
3721 3737 3946 3819 Quum
3991 3738 4301 3818 seniores,
4400 3763 4521 3807 uos
4556 3760 4625 3804 ex

2672 3826 2816 3891 eius
2854 3824 3102 3890 familia
3145 3834 3423 3908 quatuor
3446 3823 3918 3908 delegeramus,
3966 3826 4208 3891 sensim
4232 3845 4375 3891 sea
4438 3826 4623 3893 officio

2673 3909 3122 3987 deduxissent,
3188 3910 3271 3975 ab
3336 3930 3468 3975 uno
3536 3930 3761 3974 eorum
3830 3910 4127 3976 intellexi
4185 3910 4255 3975 id
4310 3913 4503 3995 quasi
4556 3931 4621 3975 ex

2672 3997 3031 4080 composito
3086 3995 3264 4073 fieri,
3326 4016 3409 4060 ue
3462 3995 3795 4078 Principis
3851 3996 4143 4062 animum
4205 3997 4619 4071 offenderent.

2672 4103 2841 4165 quae
2884 4081 3070 4165 quasi
3114 4081 3396 4146 iniuriae
3440 4080 3805 4163 deputaret,
3851 4082 3907 4147 si
3944 4082 4094 4165 quis
4128 4103 4357 4148 eorum
4398 4085 4469 4148 in
4492 4104 4621 4149 con·

2671 4167 2930 4234 sistorio
2988 4167 3349 4232 interesset.
3441 4165 3622 4248 Quid
3677 4165 3884 4253 igitur
3941 4168 4245 4234 mutilato
4304 4190 4385 4235 ac
4443 4189 4620 4253 prope

2672 4273 2901 4320 everso
2945 4261 3177 4318 senatu
3222 4252 3660 4319 ecclesiastico
3713 4252 4155 4318 constituam?
4238 4254 4349 4319 An
4412 4274 4619 4340 supa·-

2672 4338 2879 4405 ciliosi
2924 4338 3118 4403 aulici
3182 4336 3373 4404 dictis
3416 4337 3891 4422 oppidanorum
3928 4339 4258 4405 seniorum
4296 4339 4621 4405 audientes

2671 4433 2886 4503 erunt,
2932 4423 3041 4507 qui
3088 4421 3461 4489 domesticis
3504 4423 3833 4507 Principis
3877 4433 4218 4508 tantopere
4258 4446 4496 4508 parere
4532 4426 4619 4490 in-

2672 4510 3047 4660 dignantur.
3138 4507 3272 4574 Sed
3318 4508 3680 4575 aulicorum
3732 4511 4067 4575 seniorum
4116 4509 4379 4594 culpam
4441 4510 4621 4596 probe

2670 4597 2740 4661 vi
2788 4606 2934 4662 etur
2975 4596 3154 4660 ultus
3196 4594 3546 4661 Dominus.
3616 4595 3723 4660 Ex
3768 4595 3875 4660 his
3910 4596 4089 4661 enim
4124 4595 4422 4681 plerique
4456 4596 4619 4661 adul-

2671 4682 2821 4747 terii
2864 4688 3026 4747 sunt
3063 4680 3447 4747 insimulati.
3468 4682 3527 4758 ²)
3615 4681 3755 4748 Nec
3810 4682 3977 4747 forte
4034 4680 4455 4765 probationes
4498 4680 4619 4748 ido-

2670 4787 2834 4833 neae
2894 4766 3269 4845 defuissent,
3338 4766 3393 4831 si
3451 4787 3557 4832 res
3612 4766 3695 4832 ad
3760 4766 4124 4851 legitimam
4192 4769 4623 4853 eognifioun

2673 4853 2957 4919 deducta
2998 4851 3240 4919 fuisset.
3329 4851 3572 4918 Maluit
3626 4850 3918 4918 Domina
3983 4851 4299 4936 quosdam
4364 4854 4621 4921 domu-

2671 4938 3019 5017 dimittere,
3055 4958 3248 5021 quam
3283 4937 3529 5004 factum
3565 4940 3935 5005 accuratius
3970 4940 4377 5025 investigari.
4450 4939 4619 5006 Ali»

2670 5044 2895 5092 secum
2938 5024 3182 5090 retinet
3224 5023 3520 5090 omnium
3565 5043 3952 5090 arcanorum
4010 5045 4283 5091 suorum
4339 5026 4619 5094 cons&

2672 5246 2945 5309 aosm)
2996 5245 3133 5302 veae
3165 5244 3401 5368 aggius
3436 5245 3490 5301 a
3524 5245 3578 5301 a.
3613 5244 3702 5303 21.
3741 5246 3917 5303 Mare.
3952 5244 4107 5301 1564.

2877 5315 2939 5384 2)
2972 5315 3043 5383 ef.
3083 5315 3162 5371 N.
3308 5316 3349 5368 1.
