<?xml version="1.0" encoding="UTF-8"?>
<!DOCTYPE html PUBLIC "-//W3C//DTD XHTML 1.0 Transitional//EN"
    "http://www.w3.org/TR/xhtml1/DTD/xhtml1-transitional.dtd">
<html xmlns="http://www.w3.org/1999/xhtml" xml:lang="en" lang="en">
 <head>
  <title>
</title>
<meta http-equiv="Content-Type" content="text/html;charset=utf-8" />
  <meta name='ocr-system' content='tesseract 3.04.00' />
  <meta name='ocr-capabilities' content='ocr_page ocr_carea ocr_par ocr_line ocrx_word'/>
</head>
<body>
  <div class='ocr_page' id='page_1' title='image "./ioanniscalvinio12unkngoog/ioanniscalvinio12unkngoog_0061.png"; bbox 0 0 4900 6125; ppageno 0'>
   <div class='ocr_carea' id='block_1_1' title="bbox 343 375 4351 448">
    <p class='ocr_par' dir='ltr' id='par_1_1' title="bbox 343 375 4351 448">
     <span class='ocr_line' id='line_1_1' title="bbox 343 375 4351 448; baseline 0.002 -8"><span class='ocrx_word' id='word_1_1' title='bbox 343 378 425 441; x_wconf 75' lang='lat'><strong>93</strong></span> <span class='ocrx_word' id='word_1_2' title='bbox 2078 382 2239 445; x_wconf 78' lang='lat'>1561</span> <span class='ocrx_word' id='word_1_3' title='bbox 2287 375 2615 446; x_wconf 74' lang='grc' dir='ltr'><strong>ΟΟΤΟΒ.</strong></span> <span class='ocrx_word' id='word_1_4' title='bbox 4264 384 4351 448; x_wconf 79' lang='lat'><strong>94</strong></span> 
     </span>
    </p>
   </div>
   <div class='ocr_carea' id='block_1_2' title="bbox 321 566 2295 2627">
    <p class='ocr_par' dir='ltr' id='par_1_2' title="bbox 321 566 2295 2627">
     <span class='ocr_line' id='line_1_2' title="bbox 340 566 2295 652; baseline 0 -19"><span class='ocrx_word' id='word_1_5' title='bbox 340 566 553 633; x_wconf 85' lang='lat' dir='ltr'><strong>officio</strong></span> <span class='ocrx_word' id='word_1_6' title='bbox 586 568 1016 634; x_wconf 87' lang='lat' dir='ltr'><strong>continerent.</strong></span> <span class='ocrx_word' id='word_1_7' title='bbox 1074 566 1158 634; x_wconf 94' lang='lat' dir='ltr'><strong>Id</strong></span> <span class='ocrx_word' id='word_1_8' title='bbox 1191 568 1455 652; x_wconf 90' lang='lat' dir='ltr'><strong>quidem</strong></span> <span class='ocrx_word' id='word_1_9' title='bbox 1491 568 1703 636; x_wconf 89' lang='lat' dir='ltr'><strong>edicto</strong></span> <span class='ocrx_word' id='word_1_10' title='bbox 1736 568 1994 652; x_wconf 86' lang='lat' dir='ltr'><strong>publice</strong></span> <span class='ocrx_word' id='word_1_11' title='bbox 2029 575 2295 636; x_wconf 87' lang='lat' dir='ltr'><strong>cautum</strong></span> 
     </span>
     <span class='ocr_line' id='line_1_3' title="bbox 340 652 2294 738; baseline 0.001 -21"><span class='ocrx_word' id='word_1_12' title='bbox 340 672 479 717; x_wconf 89' lang='lat' dir='ltr'><strong>nen</strong></span> <span class='ocrx_word' id='word_1_13' title='bbox 514 660 634 732; x_wconf 81' lang='lat' dir='ltr'><strong>est,</strong></span> <span class='ocrx_word' id='word_1_14' title='bbox 679 652 794 719; x_wconf 88' lang='lat' dir='ltr'><strong>sed</strong></span> <span class='ocrx_word' id='word_1_15' title='bbox 829 653 1123 737; x_wconf 90' lang='lat' dir='ltr'><strong>epistolis</strong></span> <span class='ocrx_word' id='word_1_16' title='bbox 1148 657 1202 729; x_wconf 78' lang='lat'><strong>⁵)</strong></span> <span class='ocrx_word' id='word_1_17' title='bbox 1247 675 1415 738; x_wconf 89' lang='lat' dir='ltr'><strong>quae</strong></span> <span class='ocrx_word' id='word_1_18' title='bbox 1450 653 1533 720; x_wconf 92' lang='lat' dir='ltr'><strong>ab</strong></span> <span class='ocrx_word' id='word_1_19' title='bbox 1576 655 1857 722; x_wconf 75' lang='lat' dir='ltr'><strong>arctiore</strong></span> <span class='ocrx_word' id='word_1_20' title='bbox 1900 655 2168 722; x_wconf 90' lang='lat' dir='ltr'><strong>consilio</strong></span> <span class='ocrx_word' id='word_1_21' title='bbox 2210 653 2294 719; x_wconf 84' lang='lat' dir='ltr'><strong>ad</strong></span> 
     </span>
     <span class='ocr_line' id='line_1_4' title="bbox 337 737 2292 825; baseline 0.002 -22"><span class='ocrx_word' id='word_1_22' title='bbox 337 737 515 820; x_wconf 83' lang='lat' dir='ltr'><strong>ipsos</strong></span> <span class='ocrx_word' id='word_1_23' title='bbox 558 738 798 805; x_wconf 89' lang='lat' dir='ltr'><strong>missae</strong></span> <span class='ocrx_word' id='word_1_24' title='bbox 840 747 1012 805; x_wconf 86' lang='lat' dir='ltr'><strong>sunt.</strong></span> <span class='ocrx_word' id='word_1_25' title='bbox 1103 740 1271 807; x_wconf 90' lang='lat' dir='ltr'><strong>Heri</strong></span> <span class='ocrx_word' id='word_1_26' title='bbox 1314 740 1518 825; x_wconf 85' lang='lat' dir='ltr'><strong>igitur</strong></span> <span class='ocrx_word' id='word_1_27' title='bbox 1560 741 1895 825; x_wconf 87' lang='lat' dir='ltr'><strong>coepimus</strong></span> <span class='ocrx_word' id='word_1_28' title='bbox 1937 742 2031 806; x_wconf 89' lang='lat' dir='ltr'><strong>ita</strong></span> <span class='ocrx_word' id='word_1_29' title='bbox 2075 739 2292 825; x_wconf 91' lang='lat' dir='ltr'><strong>palam</strong></span> 
     </span>
     <span class='ocr_line' id='line_1_5' title="bbox 336 824 2294 911; baseline 0.001 -20"><span class='ocrx_word' id='word_1_30' title='bbox 336 824 695 891; x_wconf 85' lang='lat' dir='ltr'><strong>convenire</strong></span> <span class='ocrx_word' id='word_1_31' title='bbox 755 825 1148 892; x_wconf 72' lang='lat' dir='ltr'><strong>infr-emente</strong></span> <span class='ocrx_word' id='word_1_32' title='bbox 1214 825 1403 910; x_wconf 92' lang='lat' dir='ltr'><strong>plebe</strong></span> <span class='ocrx_word' id='word_1_33' title='bbox 1469 833 1664 910; x_wconf 89' lang='lat' dir='ltr'><strong>atque</strong></span> <span class='ocrx_word' id='word_1_34' title='bbox 1729 827 1927 892; x_wconf 86' lang='lat' dir='ltr'><strong>etiam</strong></span> <span class='ocrx_word' id='word_1_35' title='bbox 2000 827 2294 911; x_wconf 84' lang='lat' dir='ltr'><strong>graviter</strong></span> 
     </span>
     <span class='ocr_line' id='line_1_6' title="bbox 334 908 2293 979; baseline 0.001 -4"><span class='ocrx_word' id='word_1_36' title='bbox 334 908 651 975; x_wconf 79' lang='lat' dir='ltr'><strong>minante.</strong></span> <span class='ocrx_word' id='word_1_37' title='bbox 740 908 1143 978; x_wconf 78' lang='lat' dir='ltr'>observavit</span> <span class='ocrx_word' id='word_1_38' title='bbox 1184 911 1442 978; x_wconf 82' lang='lat' dir='ltr'><strong>exitum</strong></span> <span class='ocrx_word' id='word_1_39' title='bbox 1485 919 1789 978; x_wconf 89' lang='lat' dir='ltr'><strong>nostrum</strong></span> <span class='ocrx_word' id='word_1_40' title='bbox 1832 933 1905 979; x_wconf 92' lang='lat' dir='ltr'><strong>ac</strong></span> <span class='ocrx_word' id='word_1_41' title='bbox 1952 912 2293 978; x_wconf 83' lang='lat' dir='ltr'><strong>turmatim</strong></span> 
     </span>
     <span class='ocr_line' id='line_1_7' title="bbox 334 995 2291 1082; baseline 0.002 -21"><span class='ocrx_word' id='word_1_42' title='bbox 334 1016 456 1061; x_wconf 85' lang='lat' dir='ltr'><strong>noe</strong></span> <span class='ocrx_word' id='word_1_43' title='bbox 521 995 596 1059; x_wconf 89' lang='lat' dir='ltr'><strong>in</strong></span> <span class='ocrx_word' id='word_1_44' title='bbox 661 996 963 1080; x_wconf 88' lang='lat' dir='ltr'><strong>compitis</strong></span> <span class='ocrx_word' id='word_1_45' title='bbox 1028 998 1466 1082; x_wconf 77' lang='lat' dir='ltr'><strong>exspectabat.</strong></span> <span class='ocrx_word' id='word_1_46' title='bbox 1570 998 1756 1064; x_wconf 88' lang='lat' dir='ltr'><strong>Nihil</strong></span> <span class='ocrx_word' id='word_1_47' title='bbox 1821 1006 2049 1064; x_wconf 85' lang='lat' dir='ltr'><strong>tamen</strong></span> <span class='ocrx_word' id='word_1_48' title='bbox 2111 1018 2291 1075; x_wconf 89' lang='lat' dir='ltr'><strong>ausa,</strong></span> 
     </span>
     <span class='ocr_line' id='line_1_8' title="bbox 332 1081 2291 1167; baseline 0.001 -21"><span class='ocrx_word' id='word_1_49' title='bbox 332 1081 642 1165; x_wconf 90' lang='lat' dir='ltr'><strong>queniam</strong></span> <span class='ocrx_word' id='word_1_50' title='bbox 713 1102 958 1167; x_wconf 89' lang='lat' dir='ltr'><strong>magna</strong></span> <span class='ocrx_word' id='word_1_51' title='bbox 1022 1081 1252 1150; x_wconf 87' lang='lat' dir='ltr'><strong>aderat</strong></span> <span class='ocrx_word' id='word_1_52' title='bbox 1317 1084 1638 1150; x_wconf 86' lang='lat' dir='ltr'><strong>nobilium</strong></span> <span class='ocrx_word' id='word_1_53' title='bbox 1720 1084 2100 1164; x_wconf 82' lang='lat' dir='ltr'><strong>multitude,</strong></span> <span class='ocrx_word' id='word_1_54' title='bbox 2177 1083 2291 1150; x_wconf 91' lang='lat' dir='ltr'><strong>sed</strong></span> 
     </span>
     <span class='ocr_line' id='line_1_9' title="bbox 418 1167 2292 1256; baseline 0.001 -23"><span class='ocrx_word' id='word_1_55' title='bbox 418 1167 747 1233; x_wconf 87' lang='lat' dir='ltr'><strong>tissimum</strong></span> <span class='ocrx_word' id='word_1_56' title='bbox 803 1189 1106 1254; x_wconf 86' lang='lat' dir='ltr'><strong>repressa</strong></span> <span class='ocrx_word' id='word_1_57' title='bbox 1156 1180 1257 1238; x_wconf 89' lang='lat' dir='ltr'><strong>est</strong></span> <span class='ocrx_word' id='word_1_58' title='bbox 1313 1190 1353 1235; x_wconf 89' lang='lat' dir='ltr'><strong>a</strong></span> <span class='ocrx_word' id='word_1_59' title='bbox 1395 1171 1720 1256; x_wconf 84' lang='lat' dir='ltr'><strong>praefecto</strong></span> <span class='ocrx_word' id='word_1_60' title='bbox 1774 1191 2000 1236; x_wconf 91' lang='lat' dir='ltr'><strong>rerum</strong></span> <span class='ocrx_word' id='word_1_61' title='bbox 2045 1170 2292 1254; x_wconf 88' lang='lat' dir='ltr'><strong>capita-</strong></span> 
     </span>
     <span class='ocr_line' id='line_1_10' title="bbox 381 1253 2293 1340; baseline 0.001 -22"><span class='ocrx_word' id='word_1_62' title='bbox 381 1274 519 1332; x_wconf 87' lang='lat' dir='ltr'><strong>um,</strong></span> <span class='ocrx_word' id='word_1_63' title='bbox 581 1255 693 1339; x_wconf 89' lang='lat' dir='ltr'><strong>qui</strong></span> <span class='ocrx_word' id='word_1_64' title='bbox 736 1253 962 1322; x_wconf 88' lang='lat' dir='ltr'><strong>obvies</strong></span> <span class='ocrx_word' id='word_1_65' title='bbox 1006 1277 1292 1340; x_wconf 86' lang='lat' dir='ltr'><strong>quosque</strong></span> <span class='ocrx_word' id='word_1_66' title='bbox 1336 1264 1688 1339; x_wconf 86' lang='lat' dir='ltr'><strong>antequam</strong></span> <span class='ocrx_word' id='word_1_67' title='bbox 1731 1264 2078 1324; x_wconf 85' lang='lat' dir='ltr'><strong>moverent</strong></span> <span class='ocrx_word' id='word_1_68' title='bbox 2117 1256 2293 1321; x_wconf 88' lang='lat' dir='ltr'><strong>fuste</strong></span> 
     </span>
     <span class='ocr_line' id='line_1_11' title="bbox 328 1339 2293 1425; baseline -0.001 -18"><span class='ocrx_word' id='word_1_69' title='bbox 328 1339 664 1407; x_wconf 88' lang='lat' dir='ltr'><strong>caedebat.</strong></span> <span class='ocrx_word' id='word_1_70' title='bbox 744 1341 848 1408; x_wconf 88' lang='lat' dir='ltr'><strong>lta</strong></span> <span class='ocrx_word' id='word_1_71' title='bbox 890 1350 1071 1408; x_wconf 89' lang='lat' dir='ltr'><strong>metu</strong></span> <span class='ocrx_word' id='word_1_72' title='bbox 1116 1342 1380 1409; x_wconf 86' lang='lat' dir='ltr'><strong>incusso</strong></span> <span class='ocrx_word' id='word_1_73' title='bbox 1426 1341 1664 1425; x_wconf 79' lang='lat' dir='ltr'><strong>dilapsi</strong></span> <span class='ocrx_word' id='word_1_74' title='bbox 1709 1351 1884 1420; x_wconf 91' lang='lat' dir='ltr'><strong>sunt,</strong></span> <span class='ocrx_word' id='word_1_75' title='bbox 1928 1361 2005 1408; x_wconf 88' lang='lat' dir='ltr'><strong>ac</strong></span> <span class='ocrx_word' id='word_1_76' title='bbox 2048 1342 2293 1408; x_wconf 88' lang='lat' dir='ltr'><strong>nostris</strong></span> 
     </span>
     <span class='ocr_line' id='line_1_12' title="bbox 328 1426 2291 1511; baseline 0.002 -19"><span class='ocrx_word' id='word_1_77' title='bbox 328 1426 513 1492; x_wconf 78' lang='lat' dir='ltr'><strong>viam</strong></span> <span class='ocrx_word' id='word_1_78' title='bbox 556 1427 1031 1511; x_wconf 83' lang='lat' dir='ltr'><strong>patefacerunt.</strong></span> <span class='ocrx_word' id='word_1_79' title='bbox 1101 1429 1390 1495; x_wconf 77' lang='lat' dir='ltr'><strong>Tantum</strong></span> <span class='ocrx_word' id='word_1_80' title='bbox 1433 1426 1653 1494; x_wconf 81' lang='lat' dir='ltr'><strong>verbis</strong></span> <span class='ocrx_word' id='word_1_81' title='bbox 1688 1428 2095 1495; x_wconf 75' lang='lat' dir='ltr'><strong>lacessebant</strong></span> <span class='ocrx_word' id='word_1_82' title='bbox 2128 1449 2291 1495; x_wconf 91' lang='lat' dir='ltr'><strong>nen-</strong></span> 
     </span>
     <span class='ocr_line' id='line_1_13' title="bbox 330 1511 2290 1599; baseline 0.001 -22"><span class='ocrx_word' id='word_1_83' title='bbox 330 1511 574 1592; x_wconf 88' lang='lat' dir='ltr'><strong>nullos,</strong></span> <span class='ocrx_word' id='word_1_84' title='bbox 615 1514 726 1596; x_wconf 88' lang='lat' dir='ltr'><strong>qui</strong></span> <span class='ocrx_word' id='word_1_85' title='bbox 772 1534 813 1578; x_wconf 91' lang='lat' dir='ltr'><strong>a</strong></span> <span class='ocrx_word' id='word_1_86' title='bbox 854 1514 1043 1580; x_wconf 91' lang='lat' dir='ltr'><strong>nobis</strong></span> <span class='ocrx_word' id='word_1_87' title='bbox 1085 1514 1325 1580; x_wconf 86' lang='lat' dir='ltr'><strong>moniti</strong></span> <span class='ocrx_word' id='word_1_88' title='bbox 1367 1514 1797 1581; x_wconf 76' lang='lat' dir='ltr'><strong>contumelias</strong></span> <span class='ocrx_word' id='word_1_89' title='bbox 1832 1513 2290 1599; x_wconf 83' lang='lat' dir='ltr'><strong>neglexerunt.</strong></span> 
     </span>
     <span class='ocr_line' id='line_1_14' title="bbox 326 1597 2290 1683; baseline 0 -19"><span class='ocrx_word' id='word_1_90' title='bbox 326 1597 635 1664; x_wconf 86' lang='lat' dir='ltr'><strong>Aderant</strong></span> <span class='ocrx_word' id='word_1_91' title='bbox 678 1598 881 1665; x_wconf 84' lang='lat' dir='ltr'><strong>etiam</strong></span> <span class='ocrx_word' id='word_1_92' title='bbox 926 1599 1192 1683; x_wconf 86' lang='lat' dir='ltr'><strong>quidam</strong></span> <span class='ocrx_word' id='word_1_93' title='bbox 1239 1620 1276 1665; x_wconf 95' lang='lat' dir='ltr'><strong>e</strong></span> <span class='ocrx_word' id='word_1_94' title='bbox 1320 1599 1781 1667; x_wconf 89' lang='lat' dir='ltr'><strong>decurionibus</strong></span> <span class='ocrx_word' id='word_1_95' title='bbox 1825 1600 2111 1667; x_wconf 84' lang='lat' dir='ltr'><strong>civitatis</strong></span> <span class='ocrx_word' id='word_1_96' title='bbox 2147 1601 2290 1683; x_wconf 90' lang='lat' dir='ltr'><strong>qui·</strong></span> 
     </span>
     <span class='ocr_line' id='line_1_15' title="bbox 327 1682 2293 1770; baseline -0.001 -20"><span class='ocrx_word' id='word_1_97' title='bbox 327 1682 456 1750; x_wconf 90' lang='lat' dir='ltr'><strong>bus</strong></span> <span class='ocrx_word' id='word_1_98' title='bbox 513 1683 691 1750; x_wconf 92' lang='lat' dir='ltr'><strong>idem</strong></span> <span class='ocrx_word' id='word_1_99' title='bbox 748 1685 1132 1751; x_wconf 91' lang='lat' dir='ltr'><strong>mandatum</strong></span> <span class='ocrx_word' id='word_1_100' title='bbox 1187 1687 1329 1752; x_wconf 85' lang='lat' dir='ltr'><strong>fuit.</strong></span> <span class='ocrx_word' id='word_1_101' title='bbox 1418 1685 1526 1751; x_wconf 88' lang='lat' dir='ltr'><strong>Ita</strong></span> <span class='ocrx_word' id='word_1_102' title='bbox 1579 1684 1833 1770; x_wconf 89' lang='lat' dir='ltr'><strong>placide</strong></span> <span class='ocrx_word' id='word_1_103' title='bbox 1875 1707 1982 1754; x_wconf 87' lang='lat' dir='ltr'><strong>res</strong></span> <span class='ocrx_word' id='word_1_104' title='bbox 2025 1694 2293 1770; x_wconf 90' lang='lat' dir='ltr'><strong>peracta</strong></span> 
     </span>
     <span class='ocr_line' id='line_1_16' title="bbox 326 1769 2291 1856; baseline 0 -21"><span class='ocrx_word' id='word_1_105' title='bbox 326 1777 450 1849; x_wconf 81' lang='lat' dir='ltr'><strong>est,</strong></span> <span class='ocrx_word' id='word_1_106' title='bbox 486 1769 906 1854; x_wconf 82' lang='lat' dir='ltr'><strong>maximaque</strong></span> <span class='ocrx_word' id='word_1_107' title='bbox 941 1793 1092 1855; x_wconf 91' lang='lat' dir='ltr'><strong>spes</strong></span> <span class='ocrx_word' id='word_1_108' title='bbox 1128 1771 1346 1851; x_wconf 86' lang='lat' dir='ltr'><strong>allata,</strong></span> <span class='ocrx_word' id='word_1_109' title='bbox 1383 1771 1701 1838; x_wconf 91' lang='lat' dir='ltr'><strong>maiorem</strong></span> <span class='ocrx_word' id='word_1_110' title='bbox 1735 1771 2009 1856; x_wconf 88' lang='lat' dir='ltr'><strong>posthac</strong></span> <span class='ocrx_word' id='word_1_111' title='bbox 2047 1771 2291 1837; x_wconf 86' lang='lat' dir='ltr'><strong>nostris</strong></span> 
     </span>
     <span class='ocr_line' id='line_1_17' title="bbox 324 1854 2289 1944; baseline 0.001 -24"><span class='ocrx_word' id='word_1_112' title='bbox 324 1854 705 1923; x_wconf 80' lang='lat' dir='ltr'><strong>libertatem</strong></span> <span class='ocrx_word' id='word_1_113' title='bbox 762 1858 919 1923; x_wconf 82' lang='lat' dir='ltr'><strong>fere.</strong></span> <span class='ocrx_word' id='word_1_114' title='bbox 1025 1858 1171 1944; x_wconf 84' lang='lat' dir='ltr'><strong>Ego</strong></span> <span class='ocrx_word' id='word_1_115' title='bbox 1231 1858 1339 1924; x_wconf 89' lang='lat' dir='ltr'><strong>hie</strong></span> <span class='ocrx_word' id='word_1_116' title='bbox 1396 1855 1478 1923; x_wconf 88' lang='lat' dir='ltr'><strong>ab</strong></span> <span class='ocrx_word' id='word_1_117' title='bbox 1537 1858 1698 1941; x_wconf 89' lang='lat' dir='ltr'><strong>ipsis</strong></span> <span class='ocrx_word' id='word_1_118' title='bbox 1758 1866 2048 1941; x_wconf 87' lang='lat' dir='ltr'><strong>expetor.</strong></span> <span class='ocrx_word' id='word_1_119' title='bbox 2153 1856 2289 1924; x_wconf 83' lang='lat' dir='ltr'><strong>Sed</strong></span> 
     </span>
     <span class='ocr_line' id='line_1_18' title="bbox 322 1941 2290 2022; baseline 0 -14"><span class='ocrx_word' id='word_1_120' title='bbox 322 1941 732 2020; x_wconf 85' lang='lat' dir='ltr'><strong>Lendinum‚</strong></span> <span class='ocrx_word' id='word_1_121' title='bbox 790 1951 866 2009; x_wconf 86' lang='lat' dir='ltr'><strong>ut</strong></span> <span class='ocrx_word' id='word_1_122' title='bbox 909 1944 1034 2009; x_wconf 88' lang='lat' dir='ltr'><strong>iam</strong></span> <span class='ocrx_word' id='word_1_123' title='bbox 1082 1952 1277 2009; x_wconf 90' lang='lat' dir='ltr'><strong>antea</strong></span> <span class='ocrx_word' id='word_1_124' title='bbox 1331 1942 1460 2009; x_wconf 90' lang='lat' dir='ltr'><strong>scri</strong></span> <span class='ocrx_word' id='word_1_125' title='bbox 1507 1944 1583 2022; x_wconf 86' lang='lat' dir='ltr'><strong>si,</strong></span> <span class='ocrx_word' id='word_1_126' title='bbox 1649 1942 1818 2008; x_wconf 88' lang='lat' dir='ltr'><strong>mihi</strong></span> <span class='ocrx_word' id='word_1_127' title='bbox 1875 1941 2290 2008; x_wconf 89' lang='lat' dir='ltr'><strong>redeundum</strong></span> 
     </span>
     <span class='ocr_line' id='line_1_19' title="bbox 324 2027 2287 2113; baseline 0 -19"><span class='ocrx_word' id='word_1_128' title='bbox 324 2037 451 2106; x_wconf 88' lang='lat' dir='ltr'><strong>est,</strong></span> <span class='ocrx_word' id='word_1_129' title='bbox 517 2048 640 2095; x_wconf 90' lang='lat' dir='ltr'><strong>nec</strong></span> <span class='ocrx_word' id='word_1_130' title='bbox 699 2028 780 2094; x_wconf 93' lang='lat' dir='ltr'><strong>de</strong></span> <span class='ocrx_word' id='word_1_131' title='bbox 833 2050 941 2094; x_wconf 89' lang='lat' dir='ltr'><strong>me</strong></span> <span class='ocrx_word' id='word_1_132' title='bbox 996 2027 1349 2113; x_wconf 91' lang='lat' dir='ltr'><strong>quidquam</strong></span> <span class='ocrx_word' id='word_1_133' title='bbox 1404 2048 1443 2093; x_wconf 88' lang='lat' dir='ltr'><strong>a</strong></span> <span class='ocrx_word' id='word_1_134' title='bbox 1489 2029 1620 2096; x_wconf 88' lang='lat' dir='ltr'><strong>huc</strong></span> <span class='ocrx_word' id='word_1_135' title='bbox 1662 2049 1932 2113; x_wconf 89' lang='lat' dir='ltr'><strong>possum</strong></span> <span class='ocrx_word' id='word_1_136' title='bbox 1977 2035 2287 2095; x_wconf 83' lang='lat' dir='ltr'><strong>statuere.</strong></span> 
     </span>
     <span class='ocr_line' id='line_1_20' title="bbox 322 2112 2290 2198; baseline 0 -18"><span class='ocrx_word' id='word_1_137' title='bbox 322 2112 626 2180; x_wconf 84' lang='lat' dir='ltr'><strong>Rursum</strong></span> <span class='ocrx_word' id='word_1_138' title='bbox 670 2115 839 2180; x_wconf 90' lang='lat' dir='ltr'><strong>mihi</strong></span> <span class='ocrx_word' id='word_1_139' title='bbox 880 2116 1135 2183; x_wconf 87' lang='lat' dir='ltr'><strong>instant</strong></span> <span class='ocrx_word' id='word_1_140' title='bbox 1178 2115 1647 2181; x_wconf 80' lang='lat' dir='ltr'><strong>Pictavienses.</strong></span> <span class='ocrx_word' id='word_1_141' title='bbox 1672 2120 1729 2196; x_wconf 65' lang='grc' dir='ltr'><strong>θ)</strong></span> <span class='ocrx_word' id='word_1_142' title='bbox 1816 2115 2103 2181; x_wconf 87' lang='lat' dir='ltr'><strong>Animus</strong></span> <span class='ocrx_word' id='word_1_143' title='bbox 2146 2113 2290 2198; x_wconf 88' lang='lat' dir='ltr'><strong>qui-</strong></span> 
     </span>
     <span class='ocr_line' id='line_1_21' title="bbox 324 2197 2289 2285; baseline -0.001 -19"><span class='ocrx_word' id='word_1_144' title='bbox 324 2197 479 2266; x_wconf 82' lang='lat' dir='ltr'><strong>dem</strong></span> <span class='ocrx_word' id='word_1_145' title='bbox 535 2200 703 2265; x_wconf 87' lang='lat' dir='ltr'><strong>mihi</strong></span> <span class='ocrx_word' id='word_1_146' title='bbox 760 2209 860 2268; x_wconf 90' lang='lat' dir='ltr'><strong>est</strong></span> <span class='ocrx_word' id='word_1_147' title='bbox 913 2202 985 2266; x_wconf 90' lang='lat' dir='ltr'><strong>in</strong></span> <span class='ocrx_word' id='word_1_148' title='bbox 1042 2209 1232 2267; x_wconf 89' lang='lat' dir='ltr'><strong>tanta</strong></span> <span class='ocrx_word' id='word_1_149' title='bbox 1283 2221 1649 2267; x_wconf 90' lang='lat' dir='ltr'><strong>messorum</strong></span> <span class='ocrx_word' id='word_1_150' title='bbox 1705 2200 1984 2285; x_wconf 89' lang='lat' dir='ltr'><strong>penuria</strong></span> <span class='ocrx_word' id='word_1_151' title='bbox 2026 2220 2289 2266; x_wconf 90' lang='lat' dir='ltr'><strong>omnem</strong></span> 
     </span>
     <span class='ocr_line' id='line_1_22' title="bbox 322 2284 2290 2372; baseline -0.001 -20"><span class='ocrx_word' id='word_1_152' title='bbox 322 2306 594 2370; x_wconf 85' lang='lat' dir='ltr'><strong>operam</strong></span> <span class='ocrx_word' id='word_1_153' title='bbox 662 2284 973 2353; x_wconf 90' lang='lat' dir='ltr'><strong>adhibere</strong></span> <span class='ocrx_word' id='word_1_154' title='bbox 1030 2295 1105 2352; x_wconf 91' lang='lat' dir='ltr'><strong>ut</strong></span> <span class='ocrx_word' id='word_1_155' title='bbox 1164 2288 1341 2372; x_wconf 90' lang='lat' dir='ltr'><strong>ipses</strong></span> <span class='ocrx_word' id='word_1_156' title='bbox 1405 2287 1648 2352; x_wconf 81' lang='lat' dir='ltr'><strong>iuvem.</strong></span> <span class='ocrx_word' id='word_1_157' title='bbox 1749 2285 1886 2354; x_wconf 85' lang='lat' dir='ltr'><strong>Sed</strong></span> <span class='ocrx_word' id='word_1_158' title='bbox 1940 2288 2290 2370; x_wconf 87' lang='lat' dir='ltr'><strong>impetrata</strong></span> 
     </span>
     <span class='ocr_line' id='line_1_23' title="bbox 321 2370 2288 2456; baseline 0 -20"><span class='ocrx_word' id='word_1_159' title='bbox 321 2372 511 2456; x_wconf 88' lang='lat' dir='ltr'><strong>prius</strong></span> <span class='ocrx_word' id='word_1_160' title='bbox 552 2370 873 2439; x_wconf 86' lang='lat' dir='ltr'><strong>libertate.</strong></span> <span class='ocrx_word' id='word_1_161' title='bbox 963 2372 1204 2439; x_wconf 81' lang='lat' dir='ltr'><strong>Adhuc</strong></span> <span class='ocrx_word' id='word_1_162' title='bbox 1247 2381 1473 2438; x_wconf 88' lang='lat' dir='ltr'><strong>tamen</strong></span> <span class='ocrx_word' id='word_1_163' title='bbox 1516 2372 1808 2439; x_wconf 84' lang='lat' dir='ltr'><strong>incertus</strong></span> <span class='ocrx_word' id='word_1_164' title='bbox 1859 2394 2004 2438; x_wconf 90' lang='lat' dir='ltr'><strong>sum</strong></span> <span class='ocrx_word' id='word_1_165' title='bbox 2051 2371 2288 2455; x_wconf 90' lang='lat' dir='ltr'><strong>quibus</strong></span> 
     </span>
     <span class='ocr_line' id='line_1_24' title="bbox 322 2457 2286 2542; baseline 0 -19"><span class='ocrx_word' id='word_1_166' title='bbox 322 2477 434 2523; x_wconf 94' lang='lat' dir='ltr'><strong>me</strong></span> <span class='ocrx_word' id='word_1_167' title='bbox 478 2458 898 2542; x_wconf 83' lang='lat' dir='ltr'><strong>potissimum</strong></span> <span class='ocrx_word' id='word_1_168' title='bbox 956 2457 1279 2538; x_wconf 85' lang='lat' dir='ltr'><strong>addicam,</strong></span> <span class='ocrx_word' id='word_1_169' title='bbox 1334 2479 1457 2524; x_wconf 92' lang='lat' dir='ltr'><strong>nec</strong></span> <span class='ocrx_word' id='word_1_170' title='bbox 1500 2458 1703 2526; x_wconf 80' lang='lat' dir='ltr'><strong>velim</strong></span> <span class='ocrx_word' id='word_1_171' title='bbox 1749 2479 1829 2524; x_wconf 89' lang='lat' dir='ltr'><strong>ea</strong></span> <span class='ocrx_word' id='word_1_172' title='bbox 1870 2459 1941 2522; x_wconf 91' lang='lat' dir='ltr'><strong>in</strong></span> <span class='ocrx_word' id='word_1_173' title='bbox 1984 2479 2057 2523; x_wconf 92' lang='lat' dir='ltr'><strong>re</strong></span> <span class='ocrx_word' id='word_1_174' title='bbox 2101 2458 2286 2540; x_wconf 90' lang='lat' dir='ltr'><strong>sequi</strong></span> 
     </span>
     <span class='ocr_line' id='line_1_25' title="bbox 1044 2543 2283 2627; baseline -0.002 -17"><span class='ocrx_word' id='word_1_175' title='bbox 1044 2544 1372 2610; x_wconf 88' lang='lat' dir='ltr'><strong>Dominus</strong></span> <span class='ocrx_word' id='word_1_176' title='bbox 1416 2551 1481 2610; x_wconf 89' lang='lat' dir='ltr'><strong>te</strong></span> <span class='ocrx_word' id='word_1_177' title='bbox 1526 2551 1888 2623; x_wconf 88' lang='lat' dir='ltr'><strong>conservet,</strong></span> <span class='ocrx_word' id='word_1_178' title='bbox 1939 2543 2035 2607; x_wconf 91' lang='lat' dir='ltr'><strong>mi</strong></span> <span class='ocrx_word' id='word_1_179' title='bbox 2074 2551 2283 2627; x_wconf 86' lang='lat' dir='ltr'><strong>pater,</strong></span> 
     </span>
    </p>
   </div>
   <div class='ocr_carea' id='block_1_3' title="bbox 318 2544 2286 3264">
    <p class='ocr_par' dir='ltr' id='par_1_3' title="bbox 318 2544 2286 3264">
     <span class='ocr_line' id='line_1_26' title="bbox 322 2544 955 2610; baseline -0.002 0"><span class='ocrx_word' id='word_1_180' title='bbox 322 2544 669 2610; x_wconf 89' lang='lat' dir='ltr'><strong>eonsilium</strong></span> <span class='ocrx_word' id='word_1_181' title='bbox 715 2565 955 2610; x_wconf 88' lang='lat' dir='ltr'><strong>meum.</strong></span> 
     </span>
     <span class='ocr_line' id='line_1_27' title="bbox 324 2626 2286 2715; baseline -0.002 -20"><span class='ocrx_word' id='word_1_182' title='bbox 324 2627 577 2713; x_wconf 81' lang='lat' dir='ltr'><strong>tibique</strong></span> <span class='ocrx_word' id='word_1_183' title='bbox 621 2630 947 2715; x_wconf 87' lang='lat' dir='ltr'><strong>integram</strong></span> <span class='ocrx_word' id='word_1_184' title='bbox 992 2629 1435 2696; x_wconf 84' lang='lat' dir='ltr'><strong>valetudinem</strong></span> <span class='ocrx_word' id='word_1_185' title='bbox 1477 2629 1730 2709; x_wconf 90' lang='lat' dir='ltr'><strong>reddat,</strong></span> <span class='ocrx_word' id='word_1_186' title='bbox 1777 2637 1851 2696; x_wconf 90' lang='lat' dir='ltr'><strong>ut</strong></span> <span class='ocrx_word' id='word_1_187' title='bbox 1894 2650 2093 2713; x_wconf 89' lang='lat' dir='ltr'><strong>quam</strong></span> <span class='ocrx_word' id='word_1_188' title='bbox 2137 2626 2286 2693; x_wconf 91' lang='lat' dir='ltr'><strong>diu·</strong></span> 
     </span>
     <span class='ocr_line' id='line_1_28' title="bbox 323 2714 2285 2799; baseline -0.001 -18"><span class='ocrx_word' id='word_1_189' title='bbox 323 2714 580 2781; x_wconf 82' lang='lat' dir='ltr'><strong>tissime</strong></span> <span class='ocrx_word' id='word_1_190' title='bbox 658 2716 789 2781; x_wconf 83' lang='lat' dir='ltr'><strong>tuis</strong></span> <span class='ocrx_word' id='word_1_191' title='bbox 861 2714 1193 2783; x_wconf 85' lang='lat' dir='ltr'><strong>laboribus</strong></span> <span class='ocrx_word' id='word_1_192' title='bbox 1271 2716 1403 2782; x_wconf 84' lang='lat' dir='ltr'><strong>frui</strong></span> <span class='ocrx_word' id='word_1_193' title='bbox 1480 2715 1897 2799; x_wconf 86' lang='lat' dir='ltr'><strong>consiliisque</strong></span> <span class='ocrx_word' id='word_1_194' title='bbox 1976 2715 2112 2780; x_wconf 88' lang='lat' dir='ltr'><strong>tuis</strong></span> <span class='ocrx_word' id='word_1_195' title='bbox 2186 2715 2285 2779; x_wconf 86' lang='lat' dir='ltr'><strong>uti</strong></span> 
     </span>
     <span class='ocr_line' id='line_1_29' title="bbox 321 2799 2284 2887; baseline -0.001 -20"><span class='ocrx_word' id='word_1_196' title='bbox 321 2800 671 2884; x_wconf 78' lang='lat' dir='ltr'><strong>pessimus.</strong></span> <span class='ocrx_word' id='word_1_197' title='bbox 759 2801 1035 2868; x_wconf 81' lang='lat' dir='ltr'><strong>Fratres</strong></span> <span class='ocrx_word' id='word_1_198' title='bbox 1091 2808 1159 2868; x_wconf 92' lang='lat' dir='ltr'><strong>ct</strong></span> <span class='ocrx_word' id='word_1_199' title='bbox 1215 2802 1499 2887; x_wconf 86' lang='lat' dir='ltr'><strong>collegas</strong></span> <span class='ocrx_word' id='word_1_200' title='bbox 1557 2811 1751 2885; x_wconf 89' lang='lat' dir='ltr'><strong>atque</strong></span> <span class='ocrx_word' id='word_1_201' title='bbox 1794 2801 1994 2866; x_wconf 86' lang='lat' dir='ltr'><strong>etiam</strong></span> <span class='ocrx_word' id='word_1_202' title='bbox 2039 2799 2284 2867; x_wconf 87' lang='lat' dir='ltr'><strong>amicos</strong></span> 
     </span>
     <span class='ocr_line' id='line_1_30' title="bbox 322 2886 2284 2972; baseline 0.001 -21"><span class='ocrx_word' id='word_1_203' title='bbox 322 2906 555 2954; x_wconf 90' lang='lat' dir='ltr'><strong>omnes</strong></span> <span class='ocrx_word' id='word_1_204' title='bbox 635 2907 833 2971; x_wconf 91' lang='lat' dir='ltr'><strong>quam</strong></span> <span class='ocrx_word' id='word_1_205' title='bbox 912 2887 1276 2971; x_wconf 88' lang='lat' dir='ltr'><strong>plurimum</strong></span> <span class='ocrx_word' id='word_1_206' title='bbox 1342 2888 1589 2955; x_wconf 81' lang='lat' dir='ltr'><strong>salvere</strong></span> <span class='ocrx_word' id='word_1_207' title='bbox 1659 2888 1869 2972; x_wconf 89' lang='lat' dir='ltr'><strong>cupio.</strong></span> <span class='ocrx_word' id='word_1_208' title='bbox 1973 2886 2284 2953; x_wconf 79' lang='lat' dir='ltr'><strong>Lutetiae</strong></span> 
     </span>
     <span class='ocr_line' id='line_1_31' title="bbox 318 2971 1063 3041; baseline 0 -4"><span class='ocrx_word' id='word_1_209' title='bbox 318 2971 559 3039; x_wconf 87' lang='lat' dir='ltr'><strong>ultima</strong></span> <span class='ocrx_word' id='word_1_210' title='bbox 603 2971 834 3041; x_wconf 88' lang='lat' dir='ltr'><strong>Octeb.</strong></span> <span class='ocrx_word' id='word_1_211' title='bbox 879 2977 1063 3039; x_wconf 77' lang='grc'><strong>1661.</strong></span> 
     </span>
     <span class='ocr_line' id='line_1_32' title="bbox 1319 3110 2110 3179; baseline 0.001 -2"><span class='ocrx_word' id='word_1_212' title='bbox 1319 3110 1447 3177; x_wconf 70' lang='lat' dir='ltr'><strong>&#39;rui</strong></span> <span class='ocrx_word' id='word_1_213' title='bbox 1487 3111 2110 3179; x_wconf 82' lang='lat' dir='ltr'><strong>observantissimus</strong></span> 
     </span>
     <span class='ocr_line' id='line_1_33' title="bbox 1483 3196 1969 3264; baseline 0 -2"><span class='ocrx_word' id='word_1_214' title='bbox 1483 3196 1565 3262; x_wconf 90' lang='lat' dir='ltr'><strong>N.</strong></span> <span class='ocrx_word' id='word_1_215' title='bbox 1613 3197 1969 3264; x_wconf 80' lang='lat' dir='ltr'><strong>Gallasius.</strong></span> 
     </span>
    </p>
   </div>
   <div class='ocr_carea' id='block_1_4' title="bbox 325 3399 1662 3644">
    <p class='ocr_par' dir='ltr' id='par_1_4' title="bbox 325 3399 1662 3644">
     <span class='ocr_line' id='line_1_34' title="bbox 491 3399 1662 3503; baseline -0.001 -36"><span class='ocrx_word' id='word_1_216' title='bbox 491 3401 571 3469; x_wconf 92' lang='lat' dir='ltr'><strong>D.</strong></span> <span class='ocrx_word' id='word_1_217' title='bbox 613 3402 868 3488; x_wconf 57' lang='grc' dir='ltr'><em>Μανίῳ</em></span> <span class='ocrx_word' id='word_1_218' title='bbox 887 3401 1058 3503; x_wconf 41' lang='grc' dir='ltr'><strong>,111ᾳο</strong></span> <span class='ocrx_word' id='word_1_219' title='bbox 1093 3399 1431 3501; x_wconf 79' lang='lat' dir='ltr'><strong>discedens</strong></span> <span class='ocrx_word' id='word_1_220' title='bbox 1466 3402 1662 3485; x_wconf 85' lang='lat' dir='ltr'><strong>petiit</strong></span> 
     </span>
     <span class='ocr_line' id='line_1_35' title="bbox 327 3497 1657 3573; baseline 0 -18"><span class='ocrx_word' id='word_1_221' title='bbox 327 3510 367 3555; x_wconf 87' lang='lat' dir='ltr'><strong>a</strong></span> <span class='ocrx_word' id='word_1_222' title='bbox 424 3510 532 3555; x_wconf 91' lang='lat' dir='ltr'><strong>me</strong></span> <span class='ocrx_word' id='word_1_223' title='bbox 599 3497 676 3555; x_wconf 90' lang='lat' dir='ltr'><strong>ut</strong></span> <span class='ocrx_word' id='word_1_224' title='bbox 752 3497 818 3553; x_wconf 89' lang='lat' dir='ltr'><strong>te</strong></span> <span class='ocrx_word' id='word_1_225' title='bbox 881 3507 1092 3572; x_wconf 78' lang='lat' dir='ltr'><strong>ipsms</strong></span> <span class='ocrx_word' id='word_1_226' title='bbox 1170 3507 1438 3554; x_wconf 80' lang='lat' dir='ltr'><strong>nomine</strong></span> <span class='ocrx_word' id='word_1_227' title='bbox 1506 3510 1657 3573; x_wconf 91' lang='lat' dir='ltr'><strong>per-</strong></span> 
     </span>
     <span class='ocr_line' id='line_1_36' title="bbox 325 3573 1021 3644; baseline -0.003 -3"><span class='ocrx_word' id='word_1_228' title='bbox 325 3573 606 3644; x_wconf 79' lang='lat' dir='ltr'><strong>officiose</strong></span> <span class='ocrx_word' id='word_1_229' title='bbox 647 3573 1021 3641; x_wconf 87' lang='lat' dir='ltr'><strong>salutarem.</strong></span> 
     </span>
    </p>
   </div>
   <div class='ocr_carea' id='block_1_5' title="bbox 314 4206 2274 4790">
    <p class='ocr_par' dir='ltr' id='par_1_5' title="bbox 314 4206 2274 4790">
     <span class='ocr_line' id='line_1_37' title="bbox 1195 4206 1398 4277; baseline 0.005 -1"><span class='ocrx_word' id='word_1_230' title='bbox 1195 4206 1398 4277; x_wconf 76' lang='lat'><strong>8597.</strong></span> 
     </span>
     <span class='ocr_line' id='line_1_38' title="bbox 710 4357 1873 4432; baseline -0.002 -5"><span class='ocrx_word' id='word_1_231' title='bbox 710 4360 1374 4432; x_wconf 81' lang='lat' dir='ltr'><strong>BULLINGERUS</strong></span> <span class='ocrx_word' id='word_1_232' title='bbox 1436 4357 1873 4427; x_wconf 83' lang='lat' dir='ltr'><strong>CALVINO.</strong></span> 
     </span>
     <span class='ocr_line' id='line_1_39' title="bbox 490 4530 2273 4619; baseline -0.004 -17"><span class='ocrx_word' id='word_1_233' title='bbox 490 4534 784 4619; x_wconf 70' lang='lat' dir='ltr'><strong>Theoloyt&#39;</strong></span> <span class='ocrx_word' id='word_1_234' title='bbox 854 4534 1164 4600; x_wconf 76' lang='lat' dir='ltr'><strong>Germani</strong></span> <span class='ocrx_word' id='word_1_235' title='bbox 1222 4533 1539 4600; x_wconf 75' lang='lat' dir='ltr'><strong>Lutetiam</strong></span> <span class='ocrx_word' id='word_1_236' title='bbox 1591 4533 1794 4612; x_wconf 79' lang='lat' dir='ltr'><strong>missi,</strong></span> <span class='ocrx_word' id='word_1_237' title='bbox 1852 4530 2083 4598; x_wconf 73' lang='lat' dir='ltr'><strong>seilicet</strong></span> <span class='ocrx_word' id='word_1_238' title='bbox 2133 4531 2273 4596; x_wconf 79' lang='lat' dir='ltr'><strong>Au-</strong></span> 
     </span>
     <span class='ocr_line' id='line_1_40' title="bbox 314 4616 2274 4709; baseline -0.003 -21"><span class='ocrx_word' id='word_1_239' title='bbox 314 4627 617 4709; x_wconf 57' lang='lat' dir='ltr'><strong>gustam</strong></span> <span class='ocrx_word' id='word_1_240' title='bbox 693 4620 1108 4687; x_wconf 65' lang='lat' dir='ltr'><strong>obtrudendas</strong></span> <span class='ocrx_word' id='word_1_241' title='bbox 1183 4640 1397 4687; x_wconf 70' lang='lat' dir='ltr'><strong>eausa.</strong></span> <span class='ocrx_word' id='word_1_242' title='bbox 1514 4618 1781 4686; x_wconf 81' lang='lat' dir='ltr'><strong>Comitia</strong></span> <span class='ocrx_word' id='word_1_243' title='bbox 1848 4616 2153 4683; x_wconf 70' lang='lat' dir='ltr'><strong>Rhaetica</strong></span> <span class='ocrx_word' id='word_1_244' title='bbox 2216 4622 2274 4684; x_wconf 77' lang='lat' dir='ltr'><strong>et</strong></span> 
     </span>
     <span class='ocr_line' id='line_1_41' title="bbox 318 4703 2269 4790; baseline -0.004 -14"><span class='ocrx_word' id='word_1_245' title='bbox 318 4708 730 4776; x_wconf 67' lang='lat' dir='ltr'><strong>Hermanno</strong></span> <span class='ocrx_word' id='word_1_246' title='bbox 762 4708 1003 4790; x_wconf 71' lang='lat' dir='ltr'><strong>intaeta</strong></span> <span class='ocrx_word' id='word_1_247' title='bbox 1035 4729 1103 4773; x_wconf 83' lang='lat' dir='ltr'><strong>re</strong></span> <span class='ocrx_word' id='word_1_248' title='bbox 1123 4706 1448 4773; x_wconf 69' lang='lat' dir='ltr'><strong>dissoluta.</strong></span> <span class='ocrx_word' id='word_1_249' title='bbox 1511 4705 1772 4771; x_wconf 75' lang='lat' dir='ltr'><strong>Trecius</strong></span> <span class='ocrx_word' id='word_1_250' title='bbox 1791 4703 2269 4771; x_wconf 69' lang='lat' dir='ltr'><strong>commendatur.</strong></span> 
     </span>
    </p>
   </div>
   <div class='ocr_carea' id='block_1_6' title="bbox 315 4876 2266 5018">
    <p class='ocr_par' dir='ltr' id='par_1_6' title="bbox 315 4876 2266 5018">
     <span class='ocr_line' id='line_1_42' title="bbox 315 4876 2266 4951; baseline -0.002 -16"><span class='ocrx_word' id='word_1_251' title='bbox 315 4882 421 4951; x_wconf 75' lang='lat' dir='ltr'><strong>(Ex</strong></span> <span class='ocrx_word' id='word_1_252' title='bbox 457 4878 800 4951; x_wconf 76' lang='lat' dir='ltr'><strong>autographo</strong></span> <span class='ocrx_word' id='word_1_253' title='bbox 836 4880 1004 4935; x_wconf 82' lang='lat' dir='ltr'><strong>Arcb.</strong></span> <span class='ocrx_word' id='word_1_254' title='bbox 1050 4880 1229 4935; x_wconf 82' lang='lat' dir='ltr'><strong>Turio.</strong></span> <span class='ocrx_word' id='word_1_255' title='bbox 1277 4880 1422 4935; x_wconf 86' lang='lat' dir='ltr'><strong>Plut.</strong></span> <span class='ocrx_word' id='word_1_256' title='bbox 1473 4880 1565 4935; x_wconf 80' lang='lat' dir='ltr'><strong>vl.</strong></span> <span class='ocrx_word' id='word_1_257' title='bbox 1613 4881 1736 4936; x_wconf 81' lang='lat' dir='ltr'><strong>Vel.</strong></span> <span class='ocrx_word' id='word_1_258' title='bbox 1772 4876 1892 4945; x_wconf 80' lang='lat'><strong>129,</strong></span> <span class='ocrx_word' id='word_1_259' title='bbox 1927 4878 2057 4933; x_wconf 88' lang='lat' dir='ltr'><strong>elim</strong></span> <span class='ocrx_word' id='word_1_260' title='bbox 2094 4877 2266 4937; x_wconf 84' lang='lat' dir='ltr'><strong>Serin.</strong></span> 
     </span>
     <span class='ocr_line' id='line_1_43' title="bbox 526 4946 2063 5018; baseline -0.003 -13"><span class='ocrx_word' id='word_1_261' title='bbox 526 4951 594 5005; x_wconf 86' lang='grc' dir='ltr'><strong>Β.</strong></span> <span class='ocrx_word' id='word_1_262' title='bbox 632 4948 776 5018; x_wconf 75' lang='lat' dir='ltr'><strong>Bpp.</strong></span> <span class='ocrx_word' id='word_1_263' title='bbox 812 4949 964 5004; x_wconf 80' lang='lat' dir='ltr'><strong>Tem.</strong></span> <span class='ocrx_word' id='word_1_264' title='bbox 999 4947 1085 5018; x_wconf 83' lang='lat'><strong>30,</strong></span> <span class='ocrx_word' id='word_1_265' title='bbox 1121 4951 1214 5006; x_wconf 76' lang='lat' dir='ltr'><strong>fol.</strong></span> <span class='ocrx_word' id='word_1_266' title='bbox 1250 4948 1370 5004; x_wconf 74' lang='lat'><strong>415.</strong></span> <span class='ocrx_word' id='word_1_267' title='bbox 1409 4976 1472 4988; x_wconf 89' lang='lat'>-</span> <span class='ocrx_word' id='word_1_268' title='bbox 1508 4949 1724 5006; x_wconf 84' lang='lat' dir='ltr'><strong>Simler.</strong></span> <span class='ocrx_word' id='word_1_269' title='bbox 1760 4948 1880 5004; x_wconf 82' lang='lat' dir='ltr'><strong>Vol.</strong></span> <span class='ocrx_word' id='word_1_270' title='bbox 1920 4946 2063 5016; x_wconf 77' lang='lat'><strong>102.)</strong></span> 
     </span>
    </p>
   </div>
   <div class='ocr_carea' id='block_1_7' title="bbox 326 5100 725 5122">
    <p class='ocr_par' dir='ltr' id='par_1_7' title="bbox 326 5100 725 5122">
     <span class='ocr_line' id='line_1_44' title="bbox 326 5100 725 5122; baseline 0 1003"><span class='ocrx_word' id='word_1_271' title='bbox 326 5100 725 5122; x_wconf 95' lang='lat' dir='ltr'><strong> </strong></span> 
     </span>
    </p>
   </div>
   <div class='ocr_carea' id='block_1_8' title="bbox 515 5221 879 5361">
    <p class='ocr_par' dir='ltr' id='par_1_8' title="bbox 515 5221 879 5361">
     <span class='ocr_line' id='line_1_45' title="bbox 515 5221 879 5293; baseline 0.003 -13"><span class='ocrx_word' id='word_1_272' title='bbox 515 5224 580 5293; x_wconf 79' lang='lat'><strong>5)</strong></span> <span class='ocrx_word' id='word_1_273' title='bbox 613 5224 690 5280; x_wconf 76' lang='lat' dir='ltr'><strong>N.</strong></span> <span class='ocrx_word' id='word_1_274' title='bbox 724 5221 879 5281; x_wconf 55' lang='lat'><strong>3592</strong></span> 
     </span>
     <span class='ocr_line' id='line_1_46' title="bbox 515 5292 879 5361; baseline -0.005 -11"><span class='ocrx_word' id='word_1_275' title='bbox 515 5294 574 5361; x_wconf 73' lang='lat'><strong>6)</strong></span> <span class='ocrx_word' id='word_1_276' title='bbox 614 5293 691 5353; x_wconf 71' lang='lat' dir='ltr'><strong>N.</strong></span> <span class='ocrx_word' id='word_1_277' title='bbox 724 5292 879 5349; x_wconf 78' lang='lat'><strong>3546.</strong></span> 
     </span>
    </p>
   </div>
   <div class='ocr_carea' id='block_1_9' title="bbox 2320 572 2356 5347">
    <p class='ocr_par' dir='ltr' id='par_1_9' title="bbox 2320 572 2356 5347">
     <span class='ocr_line' id='line_1_47' title="bbox 2320 572 2356 5347; baseline 0 0"><span class='ocrx_word' id='word_1_278' title='bbox 2320 572 2356 5347; x_wconf 95' lang='lat' dir='ltr'><strong> </strong></span> 
     </span>
    </p>
   </div>
   <div class='ocr_carea' id='block_1_10' title="bbox 2396 565 4353 807">
    <p class='ocr_par' dir='ltr' id='par_1_10' title="bbox 2396 565 4353 807">
     <span class='ocr_line' id='line_1_48' title="bbox 2398 565 4351 638; baseline 0.003 -5"><span class='ocrx_word' id='word_1_279' title='bbox 2398 565 2784 633; x_wconf 87' lang='lat' dir='ltr'><strong>Olarissimo</strong></span> <span class='ocrx_word' id='word_1_280' title='bbox 2867 568 3010 633; x_wconf 83' lang='lat' dir='ltr'><strong>viro</strong></span> <span class='ocrx_word' id='word_1_281' title='bbox 3089 566 3174 633; x_wconf 92' lang='lat' dir='ltr'><strong>D.</strong></span> <span class='ocrx_word' id='word_1_282' title='bbox 3259 567 3501 634; x_wconf 88' lang='lat' dir='ltr'><strong>Ioanni</strong></span> <span class='ocrx_word' id='word_1_283' title='bbox 3578 568 3857 635; x_wconf 80' lang='lat' dir='ltr'><strong>Calvino</strong></span> <span class='ocrx_word' id='word_1_284' title='bbox 3936 568 4351 638; x_wconf 82' lang='lat' dir='ltr'><strong>Genevensis</strong></span> 
     </span>
     <span class='ocr_line' id='line_1_49' title="bbox 2396 652 4353 738; baseline 0.001 -18"><span class='ocrx_word' id='word_1_285' title='bbox 2396 653 2709 720; x_wconf 86' lang='lat' dir='ltr'><strong>eeclesiae</strong></span> <span class='ocrx_word' id='word_1_286' title='bbox 2751 652 3136 720; x_wconf 86' lang='lat' dir='ltr'><strong>fidelissimo</strong></span> <span class='ocrx_word' id='word_1_287' title='bbox 3181 655 3445 738; x_wconf 86' lang='lat' dir='ltr'><strong>pastori,</strong></span> <span class='ocrx_word' id='word_1_288' title='bbox 3506 654 3770 721; x_wconf 90' lang='lat' dir='ltr'><strong>domino</strong></span> <span class='ocrx_word' id='word_1_289' title='bbox 3813 673 3931 722; x_wconf 88' lang='lat' dir='ltr'><strong>sue</strong></span> <span class='ocrx_word' id='word_1_290' title='bbox 3974 655 4243 723; x_wconf 92' lang='lat' dir='ltr'><strong>colendo</strong></span> <span class='ocrx_word' id='word_1_291' title='bbox 4286 667 4353 723; x_wconf 91' lang='lat' dir='ltr'><strong>et</strong></span> 
     </span>
     <span class='ocr_line' id='line_1_50' title="bbox 3067 740 3645 807; baseline 0.003 -2"><span class='ocrx_word' id='word_1_292' title='bbox 3067 740 3258 805; x_wconf 79' lang='lat' dir='ltr'><strong>fratri</strong></span> <span class='ocrx_word' id='word_1_293' title='bbox 3292 741 3645 807; x_wconf 89' lang='lat' dir='ltr'><strong>carissimo.</strong></span> 
     </span>
    </p>
   </div>
   <div class='ocr_carea' id='block_1_11' title="bbox 2381 907 4355 4052">
    <p class='ocr_par' dir='ltr' id='par_1_11' title="bbox 2392 907 4354 1941">
     <span class='ocr_line' id='line_1_51' title="bbox 2568 907 4352 996; baseline 0.002 -20"><span class='ocrx_word' id='word_1_294' title='bbox 2568 907 2640 976; x_wconf 82' lang='lat' dir='ltr'><strong>S.</strong></span> <span class='ocrx_word' id='word_1_295' title='bbox 2686 909 2771 976; x_wconf 91' lang='lat' dir='ltr'><strong>D.</strong></span> <span class='ocrx_word' id='word_1_296' title='bbox 2833 909 2913 977; x_wconf 80' lang='lat' dir='ltr'><strong>Si</strong></span> <span class='ocrx_word' id='word_1_297' title='bbox 2956 911 3188 987; x_wconf 88' lang='lat' dir='ltr'><strong>nescis,</strong></span> <span class='ocrx_word' id='word_1_298' title='bbox 3239 912 3580 979; x_wconf 76' lang='lat' dir='ltr'><strong>Navarrus</strong></span> <span class='ocrx_word' id='word_1_299' title='bbox 3619 913 3860 996; x_wconf 85' lang='lat' dir='ltr'><strong>petivit</strong></span> <span class='ocrx_word' id='word_1_300' title='bbox 3900 913 4025 980; x_wconf 91' lang='lat' dir='ltr'><strong>sibi</strong></span> <span class='ocrx_word' id='word_1_301' title='bbox 4070 934 4111 978; x_wconf 91' lang='lat' dir='ltr'><strong>a</strong></span> <span class='ocrx_word' id='word_1_302' title='bbox 4152 914 4352 979; x_wconf 91' lang='lat' dir='ltr'><strong>Prin-</strong></span> 
     </span>
     <span class='ocr_line' id='line_1_52' title="bbox 2394 994 4351 1081; baseline 0.002 -18"><span class='ocrx_word' id='word_1_303' title='bbox 2394 994 2649 1079; x_wconf 87' lang='lat' dir='ltr'><strong>cipibus</strong></span> <span class='ocrx_word' id='word_1_304' title='bbox 2673 995 3026 1062; x_wconf 82' lang='lat' dir='ltr'><strong>Germanis</strong></span> <span class='ocrx_word' id='word_1_305' title='bbox 3064 996 3241 1063; x_wconf 85' lang='lat' dir='ltr'><strong>viros</strong></span> <span class='ocrx_word' id='word_1_306' title='bbox 3278 998 3527 1081; x_wconf 87' lang='lat' dir='ltr'><strong>aliquot</strong></span> <span class='ocrx_word' id='word_1_307' title='bbox 3561 996 3782 1065; x_wconf 87' lang='lat' dir='ltr'><strong>doctos</strong></span> <span class='ocrx_word' id='word_1_308' title='bbox 3818 999 4014 1064; x_wconf 84' lang='lat' dir='ltr'><strong>mitti.</strong></span> <span class='ocrx_word' id='word_1_309' title='bbox 4046 1002 4091 1077; x_wconf 91' lang='lat'><strong>¹)</strong></span> <span class='ocrx_word' id='word_1_310' title='bbox 4151 999 4351 1067; x_wconf 81' lang='lat' dir='ltr'><strong>Certe</strong></span> 
     </span>
     <span class='ocr_line' id='line_1_53' title="bbox 2393 1081 4349 1167; baseline 0.003 -21"><span class='ocrx_word' id='word_1_311' title='bbox 2393 1090 2616 1146; x_wconf 89' lang='lat' dir='ltr'><strong>autem</strong></span> <span class='ocrx_word' id='word_1_312' title='bbox 2695 1083 2829 1149; x_wconf 91' lang='lat' dir='ltr'><strong>scie</strong></span> <span class='ocrx_word' id='word_1_313' title='bbox 2920 1081 3532 1167; x_wconf 75' lang='lat' dir='ltr'><strong>Wirtemberyensem</strong></span> <span class='ocrx_word' id='word_1_314' title='bbox 3615 1085 3872 1151; x_wconf 89' lang='lat' dir='ltr'><strong>misisse</strong></span> <span class='ocrx_word' id='word_1_315' title='bbox 3951 1084 4349 1166; x_wconf 71' lang='lat' dir='ltr'><strong>Beurlinum,</strong></span> 
     </span>
     <span class='ocr_line' id='line_1_54' title="bbox 2397 1166 4352 1252; baseline 0.003 -20"><span class='ocrx_word' id='word_1_316' title='bbox 2397 1166 2774 1234; x_wconf 78' lang='lat' dir='ltr'><strong>Palatinum</strong></span> <span class='ocrx_word' id='word_1_317' title='bbox 2835 1167 3044 1234; x_wconf 85' lang='lat' dir='ltr'><strong>Elect.</strong></span> <span class='ocrx_word' id='word_1_318' title='bbox 3082 1168 3401 1234; x_wconf 69' lang='lat' dir='ltr'><strong>Dillerum</strong></span> <span class='ocrx_word' id='word_1_319' title='bbox 3464 1179 3532 1235; x_wconf 92' lang='lat' dir='ltr'><strong>et</strong></span> <span class='ocrx_word' id='word_1_320' title='bbox 3577 1168 3960 1252; x_wconf 79' lang='lat' dir='ltr'><strong>Boquinum.</strong></span> <span class='ocrx_word' id='word_1_321' title='bbox 4041 1171 4146 1236; x_wconf 92' lang='lat' dir='ltr'><strong>De</strong></span> <span class='ocrx_word' id='word_1_322' title='bbox 4203 1171 4352 1239; x_wconf 89' lang='lat' dir='ltr'><strong>aliis</strong></span> 
     </span>
     <span class='ocr_line' id='line_1_55' title="bbox 2396 1254 4352 1341; baseline 0.001 -22"><span class='ocrx_word' id='word_1_323' title='bbox 2396 1274 2484 1319; x_wconf 92' lang='lat' dir='ltr'><strong>an</strong></span> <span class='ocrx_word' id='word_1_324' title='bbox 2527 1254 2832 1320; x_wconf 89' lang='lat' dir='ltr'><strong>miserint</strong></span> <span class='ocrx_word' id='word_1_325' title='bbox 2888 1263 2956 1319; x_wconf 90' lang='lat' dir='ltr'><strong>et</strong></span> <span class='ocrx_word' id='word_1_326' title='bbox 3011 1272 3175 1339; x_wconf 88' lang='lat' dir='ltr'><strong>quos</strong></span> <span class='ocrx_word' id='word_1_327' title='bbox 3231 1255 3535 1320; x_wconf 88' lang='lat' dir='ltr'><strong>miserint</strong></span> <span class='ocrx_word' id='word_1_328' title='bbox 3576 1258 3811 1322; x_wconf 86' lang='lat' dir='ltr'><strong>nescio.</strong></span> <span class='ocrx_word' id='word_1_329' title='bbox 3900 1256 4107 1322; x_wconf 85' lang='lat' dir='ltr'><strong>Audio</strong></span> <span class='ocrx_word' id='word_1_330' title='bbox 4151 1278 4352 1341; x_wconf 82' lang='lat' dir='ltr'><strong>syne-</strong></span> 
     </span>
     <span class='ocr_line' id='line_1_56' title="bbox 2395 1338 4354 1427; baseline 0.003 -23"><span class='ocrx_word' id='word_1_331' title='bbox 2395 1338 2556 1404; x_wconf 91' lang='lat' dir='ltr'><strong>dum</strong></span> <span class='ocrx_word' id='word_1_332' title='bbox 2601 1340 2922 1406; x_wconf 88' lang='lat' dir='ltr'><strong>Lunebur</strong></span> <span class='ocrx_word' id='word_1_333' title='bbox 2968 1362 3191 1407; x_wconf 87' lang='lat' dir='ltr'><strong>ensem</strong></span> <span class='ocrx_word' id='word_1_334' title='bbox 3209 1343 3264 1418; x_wconf 79' lang='lat'><strong>²)</strong></span> <span class='ocrx_word' id='word_1_335' title='bbox 3311 1338 3656 1407; x_wconf 86' lang='lat' dir='ltr'><strong>damnasse</strong></span> <span class='ocrx_word' id='word_1_336' title='bbox 3699 1341 4354 1427; x_wconf 86' lang='lat' dir='ltr'><strong>Wittenbergensem</strong></span> 
     </span>
     <span class='ocr_line' id='line_1_57' title="bbox 2395 1424 4352 1511; baseline 0.002 -18"><span class='ocrx_word' id='word_1_337' title='bbox 2395 1435 2462 1493; x_wconf 89' lang='lat' dir='ltr'><strong>et</strong></span> <span class='ocrx_word' id='word_1_338' title='bbox 2515 1426 2585 1491; x_wconf 93' lang='lat' dir='ltr'><strong>in</strong></span> <span class='ocrx_word' id='word_1_339' title='bbox 2643 1427 2875 1510; x_wconf 84' lang='lat' dir='ltr'><strong>primis</strong></span> <span class='ocrx_word' id='word_1_340' title='bbox 2990 1447 3290 1493; x_wconf 80' lang='lat' dir='ltr'><strong>eucerum.</strong></span> <span class='ocrx_word' id='word_1_341' title='bbox 3385 1424 3574 1505; x_wconf 79' lang='lat' dir='ltr'><strong>Quae</strong></span> <span class='ocrx_word' id='word_1_342' title='bbox 3618 1429 4063 1511; x_wconf 87' lang='lat' dir='ltr'><strong>superioribus</strong></span> <span class='ocrx_word' id='word_1_343' title='bbox 4122 1426 4352 1497; x_wconf 87' lang='lat' dir='ltr'><strong>diebus</strong></span> 
     </span>
     <span class='ocr_line' id='line_1_58' title="bbox 2394 1510 4352 1594; baseline 0.003 -17"><span class='ocrx_word' id='word_1_344' title='bbox 2394 1511 2628 1594; x_wconf 89' lang='lat' dir='ltr'><strong>scripsi</strong></span> <span class='ocrx_word' id='word_1_345' title='bbox 2672 1510 2754 1577; x_wconf 89' lang='lat' dir='ltr'><strong>ad</strong></span> <span class='ocrx_word' id='word_1_346' title='bbox 2799 1524 2864 1576; x_wconf 90' lang='lat' dir='ltr'><strong>te</strong></span> <span class='ocrx_word' id='word_1_347' title='bbox 2910 1512 2991 1577; x_wconf 92' lang='lat' dir='ltr'><strong>de</strong></span> <span class='ocrx_word' id='word_1_348' title='bbox 3034 1513 3374 1578; x_wconf 87' lang='lat' dir='ltr'><strong>conatibus</strong></span> <span class='ocrx_word' id='word_1_349' title='bbox 3407 1513 3946 1580; x_wconf 88' lang='lat' dir='ltr'><strong>Lutheranerum</strong></span> <span class='ocrx_word' id='word_1_350' title='bbox 3992 1524 4057 1580; x_wconf 91' lang='lat' dir='ltr'><strong>et</strong></span> <span class='ocrx_word' id='word_1_351' title='bbox 4100 1516 4352 1583; x_wconf 81' lang='lat' dir='ltr'><strong>confes-</strong></span> 
     </span>
     <span class='ocr_line' id='line_1_59' title="bbox 2395 1596 4313 1683; baseline 0.002 -21"><span class='ocrx_word' id='word_1_352' title='bbox 2395 1597 2580 1664; x_wconf 88' lang='lat' dir='ltr'><strong>sione</strong></span> <span class='ocrx_word' id='word_1_353' title='bbox 2622 1600 3019 1682; x_wconf 87' lang='lat' dir='ltr'><strong>Augustana</strong></span> <span class='ocrx_word' id='word_1_354' title='bbox 3062 1596 3277 1663; x_wconf 84' lang='lat' dir='ltr'><strong>Gallis</strong></span> <span class='ocrx_word' id='word_1_355' title='bbox 3321 1597 3746 1676; x_wconf 85' lang='lat' dir='ltr'><strong>obtrudenda‚</strong></span> <span class='ocrx_word' id='word_1_356' title='bbox 3812 1601 4097 1683; x_wconf 90' lang='lat' dir='ltr'><strong>quotidie</strong></span> <span class='ocrx_word' id='word_1_357' title='bbox 4140 1622 4208 1665; x_wconf 91' lang='lat' dir='ltr'><strong>m</strong></span> <span class='ocrx_word' id='word_1_358' title='bbox 4299 1602 4313 1617; x_wconf 82' lang='grc'><strong><em>’</em></strong></span> 
     </span>
     <span class='ocr_line' id='line_1_60' title="bbox 2392 1682 4225 1769; baseline 0.003 -22"><span class='ocrx_word' id='word_1_359' title='bbox 2392 1682 2735 1766; x_wconf 85' lang='lat' dir='ltr'><strong>magisque</strong></span> <span class='ocrx_word' id='word_1_360' title='bbox 2792 1684 3284 1749; x_wconf 88' lang='lat' dir='ltr'><strong>confirmantur.</strong></span> <span class='ocrx_word' id='word_1_361' title='bbox 3376 1683 3529 1749; x_wconf 91' lang='lat' dir='ltr'><strong>Non</strong></span> <span class='ocrx_word' id='word_1_362' title='bbox 3585 1687 3758 1752; x_wconf 87' lang='lat' dir='ltr'><strong>male</strong></span> <span class='ocrx_word' id='word_1_363' title='bbox 3801 1707 3989 1769; x_wconf 89' lang='lat' dir='ltr'><strong>spere</strong></span> <span class='ocrx_word' id='word_1_364' title='bbox 4033 1684 4113 1751; x_wconf 91' lang='lat' dir='ltr'><strong>de</strong></span> <span class='ocrx_word' id='word_1_365' title='bbox 4158 1686 4225 1752; x_wconf 90' lang='lat' dir='ltr'><strong><em>P</em></strong></span> 
     </span>
     <span class='ocr_line' id='line_1_61' title="bbox 2393 1768 4351 1839; baseline 0.004 -8"><span class='ocrx_word' id='word_1_366' title='bbox 2393 1768 2522 1833; x_wconf 73' lang='lat' dir='ltr'><strong>tino</strong></span> <span class='ocrx_word' id='word_1_367' title='bbox 2585 1769 2791 1834; x_wconf 85' lang='lat' dir='ltr'><strong>Elect.</strong></span> <span class='ocrx_word' id='word_1_368' title='bbox 2860 1778 2928 1834; x_wconf 87' lang='lat' dir='ltr'><strong>et</strong></span> <span class='ocrx_word' id='word_1_369' title='bbox 2992 1769 3216 1836; x_wconf 69' lang='lat' dir='ltr'><strong>Hasce.</strong></span> <span class='ocrx_word' id='word_1_370' title='bbox 3324 1770 3430 1836; x_wconf 94' lang='lat' dir='ltr'><strong>De</strong></span> <span class='ocrx_word' id='word_1_371' title='bbox 3494 1770 3642 1836; x_wconf 87' lang='lat' dir='ltr'><strong>aliis</strong></span> <span class='ocrx_word' id='word_1_372' title='bbox 3708 1772 3893 1839; x_wconf 85' lang='lat' dir='ltr'><strong>varia</strong></span> <span class='ocrx_word' id='word_1_373' title='bbox 3956 1772 4351 1839; x_wconf 84' lang='lat' dir='ltr'><strong>referuntur.</strong></span> 
     </span>
     <span class='ocr_line' id='line_1_62' title="bbox 2394 1853 4196 1941; baseline 0.003 -23"><span class='ocrx_word' id='word_1_374' title='bbox 2394 1853 2656 1919; x_wconf 87' lang='lat' dir='ltr'><strong>Rursus</strong></span> <span class='ocrx_word' id='word_1_375' title='bbox 2700 1875 2856 1938; x_wconf 90' lang='lat' dir='ltr'><strong>erge</strong></span> <span class='ocrx_word' id='word_1_376' title='bbox 2901 1854 3315 1940; x_wconf 85' lang='lat' dir='ltr'><strong>vigilandum</strong></span> <span class='ocrx_word' id='word_1_377' title='bbox 3364 1864 3433 1921; x_wconf 88' lang='lat' dir='ltr'><strong>et</strong></span> <span class='ocrx_word' id='word_1_378' title='bbox 3473 1855 3793 1922; x_wconf 90' lang='lat' dir='ltr'><strong>orandum</strong></span> <span class='ocrx_word' id='word_1_379' title='bbox 3832 1878 3978 1925; x_wconf 90' lang='lat' dir='ltr'><strong>esse</strong></span> <span class='ocrx_word' id='word_1_380' title='bbox 4021 1867 4196 1941; x_wconf 89' lang='lat' dir='ltr'><strong>pute.</strong></span> 
     </span>
    </p>

    <p class='ocr_par' dir='ltr' id='par_1_12' title="bbox 2389 1938 4355 2791">
     <span class='ocr_line' id='line_1_63' title="bbox 2566 1938 4352 2022; baseline 0.002 -16"><span class='ocrx_word' id='word_1_381' title='bbox 2566 1938 2852 2007; x_wconf 82' lang='lat' dir='ltr'><strong>Comitia</strong></span> <span class='ocrx_word' id='word_1_382' title='bbox 2915 1941 3239 2007; x_wconf 81' lang='lat' dir='ltr'><strong>Rhaetica</strong></span> <span class='ocrx_word' id='word_1_383' title='bbox 3259 1944 3314 2022; x_wconf 89' lang='lat'><strong>³)</strong></span> <span class='ocrx_word' id='word_1_384' title='bbox 3378 1953 3535 2006; x_wconf 90' lang='lat' dir='ltr'><strong>sunt</strong></span> <span class='ocrx_word' id='word_1_385' title='bbox 3582 1943 3788 2008; x_wconf 87' lang='lat' dir='ltr'><strong>finita.</strong></span> <span class='ocrx_word' id='word_1_386' title='bbox 3878 1942 4352 2011; x_wconf 90' lang='lat' dir='ltr'><strong>Discesserunt</strong></span> 
     </span>
     <span class='ocr_line' id='line_1_64' title="bbox 2392 2026 4355 2112; baseline 0.003 -21"><span class='ocrx_word' id='word_1_387' title='bbox 2392 2046 2654 2093; x_wconf 91' lang='lat' dir='ltr'><strong>summa</strong></span> <span class='ocrx_word' id='word_1_388' title='bbox 2708 2045 2860 2093; x_wconf 90' lang='lat' dir='ltr'><strong>eum</strong></span> <span class='ocrx_word' id='word_1_389' title='bbox 2918 2026 3374 2110; x_wconf 83' lang='lat' dir='ltr'><strong>indignatione</strong></span> <span class='ocrx_word' id='word_1_390' title='bbox 3424 2028 3647 2112; x_wconf 85' lang='lat' dir='ltr'><strong>legati.</strong></span> <span class='ocrx_word' id='word_1_391' title='bbox 3737 2027 3979 2095; x_wconf 90' lang='lat' dir='ltr'><strong>Oleum</strong></span> <span class='ocrx_word' id='word_1_392' title='bbox 4041 2030 4218 2095; x_wconf 90' lang='lat' dir='ltr'><strong>enim</strong></span> <span class='ocrx_word' id='word_1_393' title='bbox 4284 2041 4355 2097; x_wconf 92' lang='lat' dir='ltr'><strong>et</strong></span> 
     </span>
     <span class='ocr_line' id='line_1_65' title="bbox 2391 2112 4349 2200; baseline 0.003 -23"><span class='ocrx_word' id='word_1_394' title='bbox 2391 2131 2658 2195; x_wconf 90' lang='lat' dir='ltr'><strong>operam</strong></span> <span class='ocrx_word' id='word_1_395' title='bbox 2722 2112 3170 2195; x_wconf 88' lang='lat' dir='ltr'><strong>perdiderunt.</strong></span> <span class='ocrx_word' id='word_1_396' title='bbox 3265 2112 3509 2178; x_wconf 86' lang='lat' dir='ltr'><strong>Rhaeti</strong></span> <span class='ocrx_word' id='word_1_397' title='bbox 3575 2125 3850 2180; x_wconf 84' lang='lat' dir='ltr'><strong>manent</strong></span> <span class='ocrx_word' id='word_1_398' title='bbox 3904 2116 3979 2180; x_wconf 90' lang='lat' dir='ltr'><strong>in</strong></span> <span class='ocrx_word' id='word_1_399' title='bbox 4031 2115 4349 2200; x_wconf 86' lang='lat' dir='ltr'><strong>religione</strong></span> 
     </span>
     <span class='ocr_line' id='line_1_66' title="bbox 2389 2198 4350 2281; baseline 0.002 -17"><span class='ocrx_word' id='word_1_400' title='bbox 2389 2205 2784 2264; x_wconf 80' lang='lat' dir='ltr'><strong>constantes.</strong></span> <span class='ocrx_word' id='word_1_401' title='bbox 2880 2198 3170 2265; x_wconf 75' lang='lat' dir='ltr'><strong>Comitia</strong></span> <span class='ocrx_word' id='word_1_402' title='bbox 3205 2198 3641 2265; x_wconf 88' lang='lat' dir='ltr'><strong>Heremitana</strong></span> <span class='ocrx_word' id='word_1_403' title='bbox 3663 2205 3717 2281; x_wconf 83' lang='lat'><strong>⁴)</strong></span> <span class='ocrx_word' id='word_1_404' title='bbox 3776 2200 3951 2266; x_wconf 91' lang='lat' dir='ltr'><strong>inter</strong></span> <span class='ocrx_word' id='word_1_405' title='bbox 3985 2200 4350 2268; x_wconf 85' lang='lat' dir='ltr'><strong>Olarenen-</strong></span> 
     </span>
     <span class='ocr_line' id='line_1_67' title="bbox 2389 2285 3810 2369; baseline 0.002 -20"><span class='ocrx_word' id='word_1_406' title='bbox 2389 2303 2495 2349; x_wconf 92' lang='lat' dir='ltr'><strong>ses</strong></span> <span class='ocrx_word' id='word_1_407' title='bbox 2549 2291 2619 2348; x_wconf 90' lang='lat' dir='ltr'><strong>et</strong></span> <span class='ocrx_word' id='word_1_408' title='bbox 2675 2289 2713 2347; x_wconf 77' lang='lat'><strong>6</strong></span> <span class='ocrx_word' id='word_1_409' title='bbox 2770 2305 2976 2368; x_wconf 81' lang='lat' dir='ltr'><strong>pagos</strong></span> <span class='ocrx_word' id='word_1_410' title='bbox 3046 2295 3207 2351; x_wconf 90' lang='lat' dir='ltr'><strong>sunt</strong></span> <span class='ocrx_word' id='word_1_411' title='bbox 3279 2293 3349 2349; x_wconf 90' lang='lat' dir='ltr'><strong>et</strong></span> <span class='ocrx_word' id='word_1_412' title='bbox 3403 2285 3552 2369; x_wconf 86' lang='lat' dir='ltr'><strong>ipsa</strong></span> <span class='ocrx_word' id='word_1_413' title='bbox 3604 2287 3810 2351; x_wconf 88' lang='lat' dir='ltr'><strong>finita.</strong></span> 
     </span>
     <span class='ocr_line' id='line_1_68' title="bbox 2389 2368 4347 2457; baseline 0.004 -25"><span class='ocrx_word' id='word_1_414' title='bbox 2389 2388 2621 2436; x_wconf 90' lang='lat' dir='ltr'><strong>rursus</strong></span> <span class='ocrx_word' id='word_1_415' title='bbox 2687 2390 2730 2434; x_wconf 91' lang='lat' dir='ltr'><strong>a</strong></span> <span class='ocrx_word' id='word_1_416' title='bbox 2793 2377 2832 2434; x_wconf 84' lang='lat'>4</span> <span class='ocrx_word' id='word_1_417' title='bbox 2900 2368 3229 2437; x_wconf 87' lang='lat' dir='ltr'><strong>iudicibus</strong></span> <span class='ocrx_word' id='word_1_418' title='bbox 3291 2370 3610 2452; x_wconf 88' lang='lat' dir='ltr'><strong>quaedam</strong></span> <span class='ocrx_word' id='word_1_419' title='bbox 3679 2372 3856 2456; x_wconf 88' lang='lat' dir='ltr'><strong>pacis</strong></span> <span class='ocrx_word' id='word_1_420' title='bbox 3906 2375 4122 2457; x_wconf 88' lang='lat' dir='ltr'><strong>capita</strong></span> <span class='ocrx_word' id='word_1_421' title='bbox 4175 2395 4347 2457; x_wconf 89' lang='lat' dir='ltr'><strong>quae</strong></span> 
     </span>
     <span class='ocr_line' id='line_1_69' title="bbox 2390 2454 4347 2544; baseline 0.003 -24"><span class='ocrx_word' id='word_1_422' title='bbox 2390 2475 2527 2520; x_wconf 92' lang='lat' dir='ltr'><strong>non</strong></span> <span class='ocrx_word' id='word_1_423' title='bbox 2569 2468 2849 2538; x_wconf 90' lang='lat' dir='ltr'><strong>pessunt</strong></span> <span class='ocrx_word' id='word_1_424' title='bbox 2890 2456 3094 2541; x_wconf 88' lang='lat' dir='ltr'><strong>recipi</strong></span> <span class='ocrx_word' id='word_1_425' title='bbox 3153 2477 3192 2521; x_wconf 91' lang='lat' dir='ltr'><strong>a</strong></span> <span class='ocrx_word' id='word_1_426' title='bbox 3236 2454 3751 2524; x_wconf 85' lang='lat' dir='ltr'><strong>Clarenensibus</strong></span> <span class='ocrx_word' id='word_1_427' title='bbox 3796 2459 3963 2524; x_wconf 85' lang='lat' dir='ltr'><strong>citra</strong></span> <span class='ocrx_word' id='word_1_428' title='bbox 4007 2459 4347 2544; x_wconf 86' lang='lat' dir='ltr'><strong>religionis</strong></span> 
     </span>
     <span class='ocr_line' id='line_1_70' title="bbox 2389 2541 4346 2626; baseline 0.002 -19"><span class='ocrx_word' id='word_1_429' title='bbox 2389 2560 2587 2607; x_wconf 82' lang='lat' dir='ltr'><strong>verae</strong></span> <span class='ocrx_word' id='word_1_430' title='bbox 2628 2542 3003 2624; x_wconf 90' lang='lat' dir='ltr'><strong>perniciem.</strong></span> <span class='ocrx_word' id='word_1_431' title='bbox 3076 2541 3375 2606; x_wconf 87' lang='lat' dir='ltr'><strong>Arbitror</strong></span> <span class='ocrx_word' id='word_1_432' title='bbox 3408 2542 3628 2626; x_wconf 87' lang='lat' dir='ltr'><strong>itaque</strong></span> <span class='ocrx_word' id='word_1_433' title='bbox 3664 2544 3774 2610; x_wconf 82' lang='lat' dir='ltr'><strong>vel</strong></span> <span class='ocrx_word' id='word_1_434' title='bbox 3812 2547 4142 2611; x_wconf 89' lang='lat' dir='ltr'><strong>sententia</strong></span> <span class='ocrx_word' id='word_1_435' title='bbox 4173 2545 4346 2611; x_wconf 91' lang='lat' dir='ltr'><strong>iudi-</strong></span> 
     </span>
     <span class='ocr_line' id='line_1_71' title="bbox 2389 2625 4348 2715; baseline 0.003 -23"><span class='ocrx_word' id='word_1_436' title='bbox 2389 2647 2540 2692; x_wconf 88' lang='lat' dir='ltr'><strong>cum</strong></span> <span class='ocrx_word' id='word_1_437' title='bbox 2576 2625 2852 2694; x_wconf 88' lang='lat' dir='ltr'><strong>iuridica</strong></span> <span class='ocrx_word' id='word_1_438' title='bbox 2894 2647 3161 2694; x_wconf 89' lang='lat' dir='ltr'><strong>eausam</strong></span> <span class='ocrx_word' id='word_1_439' title='bbox 3206 2626 3710 2706; x_wconf 87' lang='lat' dir='ltr'><strong>terminandam,</strong></span> <span class='ocrx_word' id='word_1_440' title='bbox 3755 2630 3864 2697; x_wconf 81' lang='lat' dir='ltr'><strong>vel</strong></span> <span class='ocrx_word' id='word_1_441' title='bbox 3908 2631 4130 2710; x_wconf 88' lang='lat' dir='ltr'><strong>armis,</strong></span> <span class='ocrx_word' id='word_1_442' title='bbox 4174 2631 4348 2715; x_wconf 88' lang='lat' dir='ltr'><strong>quod</strong></span> 
     </span>
     <span class='ocr_line' id='line_1_72' title="bbox 2391 2708 3120 2791; baseline 0.001 -14"><span class='ocrx_word' id='word_1_443' title='bbox 2391 2708 2580 2791; x_wconf 90' lang='lat' dir='ltr'><strong>absit,</strong></span> <span class='ocrx_word' id='word_1_444' title='bbox 2623 2711 3120 2779; x_wconf 84' lang='lat' dir='ltr'><strong>discutiendam.</strong></span> 
     </span>
    </p>

    <p class='ocr_par' dir='ltr' id='par_1_13' title="bbox 2381 2798 4348 3830">
     <span class='ocr_line' id='line_1_73' title="bbox 2564 2798 4346 2897; baseline 0.002 -33"><span class='ocrx_word' id='word_1_445' title='bbox 2564 2799 2907 2897; x_wconf 83' lang='lat' dir='ltr'><strong>Principes</strong></span> <span class='ocrx_word' id='word_1_446' title='bbox 2963 2798 3214 2883; x_wconf 89' lang='lat' dir='ltr'><strong>aliquot</strong></span> <span class='ocrx_word' id='word_1_447' title='bbox 3264 2800 3338 2864; x_wconf 94' lang='lat' dir='ltr'><strong>in</strong></span> <span class='ocrx_word' id='word_1_448' title='bbox 3384 2798 3745 2865; x_wconf 84' lang='lat' dir='ltr'><strong>Germania</strong></span> <span class='ocrx_word' id='word_1_449' title='bbox 3788 2808 4136 2883; x_wconf 85' lang='lat' dir='ltr'><strong>coeperant</strong></span> <span class='ocrx_word' id='word_1_450' title='bbox 4191 2823 4346 2868; x_wconf 89' lang='lat' dir='ltr'><strong>con-</strong></span> 
     </span>
     <span class='ocr_line' id='line_1_74' title="bbox 2389 2882 4347 2968; baseline 0.002 -18"><span class='ocrx_word' id='word_1_451' title='bbox 2389 2882 2678 2950; x_wconf 88' lang='lat' dir='ltr'><strong>scribere</strong></span> <span class='ocrx_word' id='word_1_452' title='bbox 2720 2883 3017 2963; x_wconf 78' lang='lat' dir='ltr'><strong>militem,</strong></span> <span class='ocrx_word' id='word_1_453' title='bbox 3063 2905 3258 2968; x_wconf 92' lang='lat' dir='ltr'><strong>quem</strong></span> <span class='ocrx_word' id='word_1_454' title='bbox 3304 2886 3437 2951; x_wconf 89' lang='lat' dir='ltr'><strong>iam</strong></span> <span class='ocrx_word' id='word_1_455' title='bbox 3481 2905 3714 2950; x_wconf 91' lang='lat' dir='ltr'><strong>rursus</strong></span> <span class='ocrx_word' id='word_1_456' title='bbox 3757 2883 4114 2952; x_wconf 88' lang='lat' dir='ltr'><strong>dimittunt.</strong></span> <span class='ocrx_word' id='word_1_457' title='bbox 4193 2887 4347 2954; x_wconf 90' lang='lat' dir='ltr'><strong>Non</strong></span> 
     </span>
     <span class='ocr_line' id='line_1_75' title="bbox 2387 2970 4346 3141; baseline 0.004 -21"><span class='ocrx_word' id='word_1_458' title='bbox 2387 2990 2471 3120; x_wconf 67' lang='lat'><strong>¹13⁶</strong></span> <span class='ocrx_word' id='word_1_459' title='bbox 2473 2970 3424 3141; x_wconf 50' lang='lat' dir='ltr'><strong>”effiffmss‘ssmuffi‘iff</strong></span> <span class='ocrx_word' id='word_1_460' title='bbox 3433 2970 4075 3134; x_wconf 48' lang='grc' dir='ltr'><strong>ἐὲῗὲζὶᾝωὲῖἕο</strong></span> <span class='ocrx_word' id='word_1_461' title='bbox 4077 2973 4346 3127; x_wconf 60' lang='lat' dir='ltr'><strong>iffi</strong></span> 
     </span>
     <span class='ocr_line' id='line_1_76' title="bbox 2388 3110 4348 3243; baseline 0.003 -37"><span class='ocrx_word' id='word_1_462' title='bbox 2388 3141 2676 3242; x_wconf 81' lang='lat' dir='ltr'><strong>colende,</strong></span> <span class='ocrx_word' id='word_1_463' title='bbox 2720 3141 3121 3209; x_wconf 89' lang='lat' dir='ltr'><strong>commende.</strong></span> <span class='ocrx_word' id='word_1_464' title='bbox 3205 3142 3478 3243; x_wconf 76' lang='lat' dir='ltr'><strong>Integer</strong></span> <span class='ocrx_word' id='word_1_465' title='bbox 3520 3150 3622 3210; x_wconf 86' lang='lat' dir='ltr'><strong>est</strong></span> <span class='ocrx_word' id='word_1_466' title='bbox 3662 3152 3733 3209; x_wconf 89' lang='lat' dir='ltr'><strong>et</strong></span> <span class='ocrx_word' id='word_1_467' title='bbox 3773 3165 3922 3243; x_wconf 85' lang='lat' dir='ltr'><strong>spes</strong></span> <span class='ocrx_word' id='word_1_468' title='bbox 3965 3110 4047 3211; x_wconf 66' lang='lat' dir='ltr'><strong>d’e</strong></span> <span class='ocrx_word' id='word_1_469' title='bbox 4090 3166 4168 3212; x_wconf 91' lang='lat' dir='ltr'><strong>eo</strong></span> <span class='ocrx_word' id='word_1_470' title='bbox 4210 3167 4348 3212; x_wconf 85' lang='lat' dir='ltr'><strong>ma-</strong></span> 
     </span>
     <span class='ocr_line' id='line_1_77' title="bbox 2386 3228 4348 3385; baseline 0.004 -7"><span class='ocrx_word' id='word_1_471' title='bbox 2386 3235 2737 3380; x_wconf 50' lang='lat'><strong>3⁰22&amp;</strong></span> <span class='ocrx_word' id='word_1_472' title='bbox 2789 3230 2921 3381; x_wconf 48' lang='lat' dir='ltr'><strong>Ass?</strong></span> <span class='ocrx_word' id='word_1_473' title='bbox 2923 3228 3876 3383; x_wconf 51' lang='lat'><strong>“1330022‘3222322&#39;202‘333’35</strong></span> <span class='ocrx_word' id='word_1_474' title='bbox 3908 3229 4084 3382; x_wconf 60' lang='lat'><strong>23:2⁶</strong></span> <span class='ocrx_word' id='word_1_475' title='bbox 4096 3238 4348 3385; x_wconf 59' lang='lat'><strong>13223</strong></span> 
     </span>
     <span class='ocr_line' id='line_1_78' title="bbox 2385 3399 4344 3487; baseline 0.003 -23"><span class='ocrx_word' id='word_1_476' title='bbox 2385 3399 2737 3466; x_wconf 82' lang='lat' dir='ltr'><strong>universae</strong></span> <span class='ocrx_word' id='word_1_477' title='bbox 2779 3400 3094 3467; x_wconf 89' lang='lat' dir='ltr'><strong>Peleniae</strong></span> <span class='ocrx_word' id='word_1_478' title='bbox 3158 3401 3500 3468; x_wconf 80' lang='lat' dir='ltr'><strong>inservies.</strong></span> <span class='ocrx_word' id='word_1_479' title='bbox 3591 3404 3877 3469; x_wconf 84' lang='lat' dir='ltr'><strong>Amatur</strong></span> <span class='ocrx_word' id='word_1_480' title='bbox 3937 3401 4020 3468; x_wconf 90' lang='lat' dir='ltr'><strong>ab</strong></span> <span class='ocrx_word' id='word_1_481' title='bbox 4075 3403 4344 3487; x_wconf 84' lang='lat' dir='ltr'><strong>optimis</strong></span> 
     </span>
     <span class='ocr_line' id='line_1_79' title="bbox 2384 3485 4343 3574; baseline 0.003 -24"><span class='ocrx_word' id='word_1_482' title='bbox 2384 3492 2507 3552; x_wconf 89' lang='lat' dir='ltr'><strong>etc.</strong></span> <span class='ocrx_word' id='word_1_483' title='bbox 2598 3485 2786 3566; x_wconf 85' lang='lat' dir='ltr'><strong>Vale,</strong></span> <span class='ocrx_word' id='word_1_484' title='bbox 2851 3486 3188 3553; x_wconf 88' lang='lat' dir='ltr'><strong>carissime</strong></span> <span class='ocrx_word' id='word_1_485' title='bbox 3251 3486 3479 3565; x_wconf 86' lang='lat' dir='ltr'><strong>frater,</strong></span> <span class='ocrx_word' id='word_1_486' title='bbox 3545 3507 3682 3553; x_wconf 91' lang='lat' dir='ltr'><strong>una</strong></span> <span class='ocrx_word' id='word_1_487' title='bbox 3744 3508 3896 3553; x_wconf 89' lang='lat' dir='ltr'><strong>cum</strong></span> <span class='ocrx_word' id='word_1_488' title='bbox 3959 3489 4343 3574; x_wconf 81' lang='lat' dir='ltr'><strong>symmystis</strong></span> 
     </span>
     <span class='ocr_line' id='line_1_80' title="bbox 2383 3570 4342 3657; baseline 0.003 -22"><span class='ocrx_word' id='word_1_489' title='bbox 2383 3578 2453 3636; x_wconf 89' lang='lat' dir='ltr'><strong>et</strong></span> <span class='ocrx_word' id='word_1_490' title='bbox 2493 3570 2834 3651; x_wconf 77' lang='lat' dir='ltr'><strong>fratribus,</strong></span> <span class='ocrx_word' id='word_1_491' title='bbox 2870 3571 2956 3637; x_wconf 91' lang='lat' dir='ltr'><strong>D.</strong></span> <span class='ocrx_word' id='word_1_492' title='bbox 3004 3572 3226 3640; x_wconf 69' lang='lat' dir='ltr'><strong>Roseto</strong></span> <span class='ocrx_word' id='word_1_493' title='bbox 3265 3572 3589 3657; x_wconf 85' lang='lat' dir='ltr'><strong>inprimis.</strong></span> <span class='ocrx_word' id='word_1_494' title='bbox 3671 3571 3984 3640; x_wconf 80' lang='lat' dir='ltr'><strong>Salutant</strong></span> <span class='ocrx_word' id='word_1_495' title='bbox 4025 3582 4091 3640; x_wconf 90' lang='lat' dir='ltr'><strong>te</strong></span> <span class='ocrx_word' id='word_1_496' title='bbox 4126 3575 4342 3641; x_wconf 86' lang='lat' dir='ltr'><strong>nestri</strong></span> 
     </span>
     <span class='ocr_line' id='line_1_81' title="bbox 2382 3655 4340 3741; baseline 0.004 -19"><span class='ocrx_word' id='word_1_497' title='bbox 2382 3676 2633 3726; x_wconf 80' lang='lat' dir='ltr'><strong>omnes.</strong></span> <span class='ocrx_word' id='word_1_498' title='bbox 2733 3655 2811 3724; x_wconf 81' lang='lat' dir='ltr'><strong>Si</strong></span> <span class='ocrx_word' id='word_1_499' title='bbox 2865 3656 3023 3741; x_wconf 89' lang='lat' dir='ltr'><strong>quid</strong></span> <span class='ocrx_word' id='word_1_500' title='bbox 3078 3680 3162 3724; x_wconf 87' lang='lat' dir='ltr'><strong>ex</strong></span> <span class='ocrx_word' id='word_1_501' title='bbox 3222 3656 3447 3724; x_wconf 80' lang='lat' dir='ltr'><strong>Gallia</strong></span> <span class='ocrx_word' id='word_1_502' title='bbox 3501 3656 3708 3725; x_wconf 87' lang='lat' dir='ltr'><strong>habes</strong></span> <span class='ocrx_word' id='word_1_503' title='bbox 3757 3661 4186 3727; x_wconf 85' lang='lat' dir='ltr'><strong>communica.</strong></span> <span class='ocrx_word' id='word_1_504' title='bbox 4273 3663 4340 3729; x_wconf 75' lang='lat' dir='ltr'>A</span> 
     </span>
     <span class='ocr_line' id='line_1_82' title="bbox 2381 3742 4341 3830; baseline 0.004 -23"><span class='ocrx_word' id='word_1_505' title='bbox 2381 3742 2735 3826; x_wconf 88' lang='lat' dir='ltr'><strong>postremis</strong></span> <span class='ocrx_word' id='word_1_506' title='bbox 2771 3743 2905 3809; x_wconf 87' lang='lat' dir='ltr'><strong>illis</strong></span> <span class='ocrx_word' id='word_1_507' title='bbox 2939 3744 3074 3809; x_wconf 90' lang='lat' dir='ltr'><strong>tuis</strong></span> <span class='ocrx_word' id='word_1_508' title='bbox 3109 3743 3277 3809; x_wconf 87' lang='lat' dir='ltr'><strong>nihil</strong></span> <span class='ocrx_word' id='word_1_509' title='bbox 3312 3744 3558 3812; x_wconf 83' lang='lat' dir='ltr'><strong>audivi.</strong></span> <span class='ocrx_word' id='word_1_510' title='bbox 3631 3743 3864 3830; x_wconf 67' lang='lat' dir='ltr'><strong>&#39;rigori</strong></span> <span class='ocrx_word' id='word_1_511' title='bbox 3900 3749 4003 3811; x_wconf 82' lang='lat'><strong>31.</strong></span> <span class='ocrx_word' id='word_1_512' title='bbox 4033 3745 4341 3814; x_wconf 85' lang='lat' dir='ltr'><strong>Octobris</strong></span> 
     </span>
    </p>

    <p class='ocr_par' dir='ltr' id='par_1_14' title="bbox 3512 3965 4162 4052">
     <span class='ocr_line' id='line_1_83' title="bbox 3512 3965 4162 4052; baseline 0.005 -20"><span class='ocrx_word' id='word_1_513' title='bbox 3512 3965 3947 4052; x_wconf 90' lang='lat' dir='ltr'><strong>Bullingerus</strong></span> <span class='ocrx_word' id='word_1_514' title='bbox 3988 3975 4162 4036; x_wconf 88' lang='lat' dir='ltr'><strong>tuus.</strong></span> 
     </span>
    </p>
   </div>
   <div class='ocr_carea' id='block_1_12' title="bbox 2379 4118 2792 4133">
    <p class='ocr_par' dir='ltr' id='par_1_15' title="bbox 2379 4118 2792 4133">
     <span class='ocr_line' id='line_1_84' title="bbox 2379 4118 2792 4133; baseline 0 0"><span class='ocrx_word' id='word_1_515' title='bbox 2379 4118 2792 4133; x_wconf 95' lang='lat' dir='ltr'><strong> </strong></span> 
     </span>
    </p>
   </div>
   <div class='ocr_carea' id='block_1_13' title="bbox 2366 4218 4336 4698">
    <p class='ocr_par' dir='ltr' id='par_1_16' title="bbox 2377 4218 3136 4289">
     <span class='ocr_line' id='line_1_85' title="bbox 2377 4218 3136 4289; baseline -0.001 -12"><span class='ocrx_word' id='word_1_516' title='bbox 2377 4220 2641 4289; x_wconf 59' lang='lat'><strong>85921)</strong></span> <span class='ocrx_word' id='word_1_517' title='bbox 2677 4221 2757 4277; x_wconf 83' lang='lat' dir='ltr'><strong>N.</strong></span> <span class='ocrx_word' id='word_1_518' title='bbox 2791 4218 2946 4275; x_wconf 77' lang='lat'><strong>35⁷9.</strong></span> <span class='ocrx_word' id='word_1_519' title='bbox 2981 4220 3136 4276; x_wconf 76' lang='lat'><strong>3594.</strong></span> 
     </span>
    </p>

    <p class='ocr_par' dir='ltr' id='par_1_17' title="bbox 2366 4289 4336 4568">
     <span class='ocr_line' id='line_1_86' title="bbox 2585 4289 4336 4361; baseline 0.004 -16"><span class='ocrx_word' id='word_1_520' title='bbox 2585 4289 2647 4356; x_wconf 82' lang='lat'><strong>2)</strong></span> <span class='ocrx_word' id='word_1_521' title='bbox 2685 4289 2779 4346; x_wconf 75' lang='lat' dir='ltr'><strong>De</strong></span> <span class='ocrx_word' id='word_1_522' title='bbox 2812 4298 3078 4346; x_wconf 71' lang='lat' dir='ltr'><strong>conventu</strong></span> <span class='ocrx_word' id='word_1_523' title='bbox 3123 4290 3542 4361; x_wconf 69' lang='lat' dir='ltr'><strong>Luneburoensi</strong></span> <span class='ocrx_word' id='word_1_524' title='bbox 3580 4308 3621 4346; x_wconf 84' lang='lat' dir='ltr'><strong>a</strong></span> <span class='ocrx_word' id='word_1_525' title='bbox 3665 4293 3901 4349; x_wconf 68' lang='grc' dir='ltr'><strong>εταίίὸκε</strong></span> <span class='ocrx_word' id='word_1_526' title='bbox 3937 4292 4220 4351; x_wconf 64' lang='lat' dir='ltr'><strong>&amp;sonim</strong></span> <span class='ocrx_word' id='word_1_527' title='bbox 4249 4295 4336 4351; x_wconf 68' lang='lat' dir='ltr'><strong>in-</strong></span> 
     </span>
     <span class='ocr_line' id='line_1_87' title="bbox 2371 4358 4332 4433; baseline 0.004 -20"><span class='ocrx_word' id='word_1_528' title='bbox 2371 4358 2601 4425; x_wconf 69' lang='lat' dir='ltr'><strong>ferioris</strong></span> <span class='ocrx_word' id='word_1_529' title='bbox 2634 4367 2928 4415; x_wconf 79' lang='lat' dir='ltr'><strong>convocato</strong></span> <span class='ocrx_word' id='word_1_530' title='bbox 2962 4377 3030 4413; x_wconf 71' lang='grc' dir='ltr'><strong>ιι.</strong></span> <span class='ocrx_word' id='word_1_531' title='bbox 3068 4358 3219 4414; x_wconf 75' lang='lat' dir='ltr'><strong>lulio</strong></span> <span class='ocrx_word' id='word_1_532' title='bbox 3255 4358 3404 4426; x_wconf 78' lang='lat'>1561,</span> <span class='ocrx_word' id='word_1_533' title='bbox 3441 4376 3550 4430; x_wconf 70' lang='lat' dir='ltr'><strong>quo</strong></span> <span class='ocrx_word' id='word_1_534' title='bbox 3582 4360 3672 4416; x_wconf 65' lang='lat'>⁸²12·</span> <span class='ocrx_word' id='word_1_535' title='bbox 3702 4377 3761 4418; x_wconf 75' lang='lat' dir='ltr'><em>u</em></span> <span class='ocrx_word' id='word_1_536' title='bbox 3797 4362 4208 4433; x_wconf 65' lang='lat' dir='ltr'><strong>Nune-trucum*</strong></span> <span class='ocrx_word' id='word_1_537' title='bbox 4238 4380 4332 4433; x_wconf 78' lang='lat' dir='ltr'><strong>op-</strong></span> 
     </span>
     <span class='ocr_line' id='line_1_88' title="bbox 2366 4427 3625 4568; baseline 0.002 -19"><span class='ocrx_word' id='word_1_538' title='bbox 2366 4428 2989 4559; x_wconf 39' lang='lat' dir='ltr'><strong>pmffi&#39;i’ffl&#39;ffelsif&#39;</strong></span> <span class='ocrx_word' id='word_1_539' title='bbox 3023 4427 3261 4553; x_wconf 51' lang='lat' dir='ltr'><strong>{1AE</strong></span> <span class='ocrx_word' id='word_1_540' title='bbox 3264 4467 3373 4551; x_wconf 67' lang='lat' dir='ltr'><strong>&#39;vi</strong></span> <span class='ocrx_word' id='word_1_541' title='bbox 3406 4495 3512 4551; x_wconf 76' lang='lat'><strong>384</strong></span> <span class='ocrx_word' id='word_1_542' title='bbox 3545 4513 3625 4568; x_wconf 63' lang='grc' dir='ltr'><strong>ες.</strong></span> 
     </span>
    </p>

    <p class='ocr_par' dir='ltr' id='par_1_18' title="bbox 2579 4564 3131 4698">
     <span class='ocr_line' id='line_1_89' title="bbox 2579 4564 3131 4698; baseline 0 -10"><span class='ocrx_word' id='word_1_543' title='bbox 2579 4564 2641 4698; x_wconf 58' lang='lat' dir='ltr'><strong>{i</strong></span> <span class='ocrx_word' id='word_1_544' title='bbox 2675 4567 2754 4690; x_wconf 53' lang='lat' dir='ltr'><strong>ff</strong></span> <span class='ocrx_word' id='word_1_545' title='bbox 2787 4566 2949 4689; x_wconf 47' lang='lat'><strong>5555?</strong></span> <span class='ocrx_word' id='word_1_546' title='bbox 2974 4632 3131 4688; x_wconf 79' lang='lat'><strong>3404.</strong></span> 
     </span>
    </p>
   </div>
   <div class='ocr_carea' id='block_1_14' title="bbox 3900 2285 4430 2358">
    <p class='ocr_par' dir='ltr' id='par_1_19' title="bbox 3900 2285 4430 2358">
     <span class='ocr_line' id='line_1_90' title="bbox 3900 2285 4430 2358; baseline 0.013 -7"><span class='ocrx_word' id='word_1_547' title='bbox 3900 2285 4143 2353; x_wconf 88' lang='lat' dir='ltr'><strong>Oblata</strong></span> <span class='ocrx_word' id='word_1_548' title='bbox 4192 2297 4351 2354; x_wconf 90' lang='lat' dir='ltr'><strong>sunt</strong></span> <span class='ocrx_word' id='word_1_549' title='bbox 4415 2347 4430 2358; x_wconf 85' lang='lat'><strong>.</strong></span> 
     </span>
    </p>
   </div>
  </div>
 </body>
</html>
