4900 6125
293 453 413 516 705
1709 445 2015 515 INDEX
2057 447 2147 516 Π.
2194 445 2891 515 EPISTOLARUM.
4213 453 4343 514 706

292 634 484 717 Quod
529 636 611 702 de
653 636 1104 703 Porentruaco
1152 639 1339 700 2862.

290 721 483 804 Quod
527 720 610 788 de
653 742 727 787 re
771 724 1063 788 maxime
1107 722 1279 788 seria
1326 726 1511 786 2832.

290 808 482 891 Quod
528 807 611 874 de
653 807 840 874 urbis
880 816 1146 874 nostrae
1194 810 1381 870 2250.

289 893 483 976 Quod
527 892 730 960 debeo
777 894 1014 959 merito
1064 899 1247 958 1837.

289 979 483 1063 Quod
528 978 1038 1046 declarationem
1084 980 1323 1045 attinet
1374 985 1554 1045 1198.

287 1064 483 1148 Quod
525 1066 749 1132 doctor
792 1064 1071 1132 Iacobus
1118 1069 1304 1130 2675.

289 1152 480 1233 Quod
531 1150 839 1217 dominus
881 1161 948 1217 et
990 1159 1293 1218 servator
1343 1154 1524 1216 1824.

282 1237 487 1320 Quod
533 1259 678 1303 eam
724 1258 954 1305 curam
999 1239 1207 1303 nostri
1256 1241 1440 1303 3647.

287 1324 483 1405 Quod
526 1344 646 1409 ego
690 1325 903 1390 facere
948 1345 1083 1388 non
1127 1344 1326 1388 ausus
1378 1328 1560 1390 1845.

288 1409 486 1493 Quod
533 1431 653 1494 ego
698 1410 896 1476 homo
940 1410 1057 1474 tibi
1102 1410 1368 1494 ignotus
1415 1414 1557 1476 994.
1611 1415 1798 1474 1917.

287 1495 484 1578 Quod
530 1504 596 1562 et
641 1496 828 1562 vobis
863 1496 1172 1578 privatim
1220 1499 1405 1561 4189.

286 1580 485 1663 Quod
530 1583 733 1648 etiam
776 1583 1097 1667 mysteria
1139 1585 1239 1646 25.

287 1667 485 1750 Quod
529 1691 609 1733 ex
656 1668 990 1734 communi
1038 1675 1187 1732 voto
1240 1671 1423 1731 1405.

286 1752 485 1834 Quod
529 1776 610 1820 ex
655 1754 854 1838 longa
898 1763 964 1819 et
1007 1752 1250 1820 infesta
1298 1756 1483 1817 2001.

284 1838 488 1918 Quod
532 1860 807 1906 excusas
851 1839 1066 1905 alieno
1113 1841 1297 1902 3209.

284 1924 486 2007 Quod
531 1926 783 1991 frivolis
825 1925 956 1991 illis
1000 1924 1411 1991 sermonibus
1463 1927 1644 1991 1427.
1699 1927 1883 1991 1482.

285 2011 487 2093 Quod
673 2012 751 2077 ‘ci
797 2010 1125 2076 tumultus
1163 2014 1350 2075 3197.

285 2096 491 2179 Quod
587 2106 857 2163 actenus
892 2117 933 2162 a
975 2095 1323 2163 scribendo
1377 2101 1516 2162 119.

285 2183 485 2265 Quod
532 2183 849 2250 hactenus
884 2183 1054 2248 nihil
1098 2180 1183 2247 ad
1229 2190 1294 2249 te
1340 2184 1527 2246 2992.

283 2268 487 2351 Quod
533 2270 854 2336 hactenus
900 2267 1069 2333 nihil
1113 2267 1235 2333 tibi
1283 2272 1471 2334 3670.

285 2355 485 2438 Quod
529 2356 727 2421 homo
770 2355 1038 2439 ignotus
1085 2356 1272 2417 2983.

285 2441 486 2524 Quod
530 2440 708 2508 hunc
750 2460 974 2505 meum
1008 2439 1294 2506 laborem
1343 2442 1529 2505 3998.

285 2526 488 2609 Quod
531 2529 662 2592 iam
707 2524 955 2592 dudum
1001 2526 1184 2591 nulla
1230 2529 1417 2588 4253.

285 2612 484 2695 Quod
531 2614 598 2678 in
643 2612 961 2679 familiam
1009 2616 1195 2676 2945.

286 2698 488 2782 Quod
532 2699 605 2764 in
649 2698 924 2783 psalmis
967 2698 1211 2782 legitur
1262 2700 1443 2761 1106.

286 2784 488 2867 Quod
533 2786 602 2851 in
648 2785 844 2851 rebus
889 2783 1133 2850 nostris
1179 2785 1238 2848 2.

284 2869 487 2954 Quod
530 2872 604 2938 in
646 2879 833 2937 tanta
874 2870 1079 2937 animi
1125 2872 1269 2931 291.

285 2957 487 3040 Quod
531 2958 657 3023 iste
701 2958 986 3023 nuncius
1034 2957 1218 3020 2510.

286 3042 488 3126 Quod
535 3043 681 3110 istic
725 3044 819 3110 sic
862 3044 1105 3126 passim
1154 3043 1340 3106 3880.

286 3129 488 3212 Quod
533 3130 931 3196 Lausannae
974 3128 1100 3195 feci
1145 3130 1332 3191 2119.

286 3215 490 3297 Quod
535 3216 756 3282 literas
801 3216 1018 3280 rarius
1062 3234 1260 3297 quam
1301 3218 1487 3279 3119.
1528 3214 1687 3276 3251
1721 3216 1837 3284 bis.

285 3301 489 3384 Quod
531 3302 760 3367 literas
804 3308 956 3366 tuas
1000 3299 1165 3365 mihi
1220 3304 1400 3364 1113.

284 3387 488 3470 Quod
532 3387 742 3453 literis
787 3387 952 3452 meis
996 3406 1159 3469 quas
1207 3389 1392 3449 2424.

286 3472 488 3553 Quod
536 3472 837 3539 Macrino
882 3477 1067 3537 4216.

287 3558 489 3641 Quod
535 3580 642 3625 me
686 3558 963 3643 dignum
1008 3557 1405 3624 existimasti
1460 3562 1641 3624 1380.

286 3645 489 3728 Quod
535 3667 641 3711 me
684 3663 880 3729 rogas
923 3650 1001 3708 ut
1045 3648 1189 3707 909.

286 3730 490 3814 Quod
534 3751 642 3797 me
685 3730 935 3815 rogasti
977 3738 1053 3794 ut
1098 3734 1240 3795 561.

287 3816 489 3899 Quod
533 3838 750 3882 meam
796 3816 867 3880 in
911 3815 1260 3882 scribendo
1308 3820 1495 3879 2841.

288 3902 494 3985 Quod
538 3923 720 3968 meas
765 3902 991 3967 literas
1036 3909 1175 3966 tam
1220 3902 1494 3967 comiter
1539 3905 1727 3967 2373.

286 3988 487 4071 Quod
532 4010 790 4054 mecum
838 3986 1217 4070 expostulas
1264 3991 1448 4050 3565.

286 4074 491 4154 Quod
538 4094 765 4140 mense
812 4072 1027 4156 Aprili
1074 4077 1261 4139 3848.

288 4159 489 4242 Quod
535 4181 721 4225 meus
766 4160 874 4225 hic
918 4160 1426 4225 commentarius
1484 4163 1666 4223 1319.

288 4246 486 4328 Quod
533 4246 693 4310 mihi
740 4254 935 4310 antea
979 4242 1060 4309 de
1104 4265 1327 4310 amore
1379 4249 1556 4307 1054.

288 4331 488 4411 Quod
536 4331 703 4396 mihi
748 4352 958 4413 nuper
1003 4330 1451 4395 illustrissima
1505 4336 1684 4394 1207.

289 4416 487 4499 Quod
531 4416 697 4483 mihi
739 4437 858 4499 per
903 4417 1130 4482 literas
1178 4421 1362 4480 3559.

287 4504 486 4588 Quod
533 4502 877 4569 Nicolaum
924 4524 1142 4567 meum
1200 4507 1377 4566 1508.

290 4590 491 4672 Quod
535 4589 701 4655 nihil
745 4589 827 4654 ad
875 4598 939 4654 te
984 4588 1239 4672 pridem
1285 4592 1472 4653 2231.

292 4677 492 4759 Quod
539 4676 701 4740 nihil
747 4673 829 4739 ad
875 4696 997 4740 vos
1040 4674 1414 4757 scripserim
1464 4680 1562 4739 80.

290 4761 492 4846 Quod
538 4762 705 4826 nihil
747 4763 877 4826 iam
925 4781 964 4824 a
1006 4760 1232 4825 multis
1281 4764 1463 4824 1494.

288 4847 490 4930 Quod
537 4859 827 4913 nostram
876 4846 957 4911 de
999 4847 1428 4912 sacramentis
1483 4848 1666 4910 1161.

293 4933 493 5014 Quod
540 4935 783 4999 nostris
827 4932 1038 4998 literis
1082 4931 1479 5015 respondere
1526 4935 1711 4997 2154.

292 5020 493 5103 Quod
536 5021 675 5084 noti
725 5020 841 5086 tibi
884 5018 1185 5083 veritatis
1232 5018 1451 5083 hostes
1499 5022 1684 5080 3881.

291 5106 494 5188 Quod
540 5128 715 5171 nunc
760 5105 843 5169 ad
888 5118 954 5169 te
998 5104 1410 5170 familiariter
1456 5108 1640 5168 3003.

294 5191 493 5271 Quod
538 5213 749 5276 nuper
790 5189 1175 5257 consulebas
1218 5194 1362 5254 576.

294 5277 495 5359 Quod
540 5277 699 5343 olim
745 5276 1012 5343 Iudaeis
1063 5280 1244 5340 1607.

294 5363 495 5445 Quod
536 5363 845 5447 optabam
890 5362 1174 5427 maxime
1227 5366 1408 5429 1923.

507 5465 728 5521 Calvini
760 5482 946 5533 opera.
1032 5465 1143 5519 Vol.
1184 5463 1311 5517 XX.

2362 635 2561 717 Quod
2604 636 2879 720 optabas
2922 659 3059 704 non
3105 659 3304 703 ausus
3346 658 3496 704 sum
3539 641 3726 703 2856.

2361 720 2557 804 Quod
2601 722 2798 806 paulo
2842 724 3052 790 serius
3095 723 3324 789 literas
3371 726 3556 788 1390.

2360 806 2558 888 Quod
2603 809 2771 891 petit
2809 810 3012 876 frater
3053 831 3187 874 non
3233 821 3335 876 est
3385 811 3524 874 142.

2360 891 2557 976 Quod
2602 892 2900 976 pluribus
2946 894 3061 961 abs
3107 903 3171 961 te
3215 895 3426 961 literis
3478 899 3661 957 1130.

2361 979 2557 1060 Quod
2601 989 3021 1065 praepostero
3065 980 3296 1048 ordine
3333 984 3523 1045 2914.

2360 1063 2559 1145 Quod
2603 1066 2931 1148 prioribus
2974 1067 3187 1132 literis
3230 1068 3661 1150 promiseram
3713 1072 3810 1132 18.

2361 1150 2558 1233 Quod
2602 1152 2930 1236 prioribus
2976 1154 3109 1219 tuis
3153 1153 3364 1219 literis
3408 1153 3618 1220 serius
3669 1158 3852 1218 1703.

2359 1235 2555 1317 Quod
2600 1257 2720 1320 pro
2764 1246 2996 1303 mutua
3034 1247 3264 1305 nostra
3310 1243 3499 1303 3215.

2360 1320 2555 1402 Quod
2598 1323 2912 1405 putabam
2955 1325 3076 1390 has
3119 1323 3346 1390 literas
3394 1326 3582 1390 2300.

2360 1407 2554 1488 Quod
2597 1417 2793 1493 putas
2837 1417 2916 1474 ut
2958 1410 3188 1476 scribis
3237 1415 3421 1474 3073.

2361 1493 2558 1574 Quod
2603 1495 3111 1580 quinquepagici
3158 1499 3345 1560 3268.

2361 1578 2556 1659 Quod
2602 1582 2885 1647 rariores
2929 1580 3157 1647 literas
3199 1582 3437 1664 accipis
3483 1584 3671 1648 2946.

2360 1663 2557 1746 Quod
2601 1667 2821 1733 rarius
2864 1686 2939 1732 ac
2981 1668 3243 1752 parcius
3289 1671 3434 1733 275.

2360 1749 2556 1830 Quod
2601 1754 2816 1819 rarius
2860 1751 2943 1819 ad
2989 1764 3053 1819 te
3093 1775 3218 1820 scr.
3262 1774 3413 1819 mea
3455 1753 3865 1839 negligentia
3910 1757 4103 1817 3397.

2360 1834 2560 1915 Quod
2605 1839 2820 1905 rarius
2863 1837 2945 1904 ad
2994 1846 3061 1904 te
3105 1861 3229 1905 scr.
3276 1838 3444 1903 mihi
3488 1839 3850 1923 persuadeo
3898 1842 4086 1904 3013.

2361 1920 2560 2000 Quod
2602 1925 2818 1991 rarius
2862 1924 2946 1990 ad
2990 1933 3056 1991 tc
3099 1946 3224 1992 scr.
3270 1925 3434 1990 mihi
3477 1945 3598 2009 pro
3640 1932 3757 1992 tua
3803 1928 3993 1991 2773.

2360 2005 2556 2087 Quod
2599 2011 2817 2077 rarius
2861 2008 2946 2076 ad
2989 2018 3057 2075 te
3098 2032 3224 2078 scr.
3270 2031 3403 2076 non
3447 2011 3607 2078 facit
3652 2015 3840 2079 2931.

2360 2092 2555 2172 Quod
2599 2097 2818 2164 rarius
2860 2095 2945 2162 ad
2990 2103 3054 2162 te
3097 2116 3222 2163 scr.
3269 2116 3403 2162 non
3449 2105 3588 2162 tam
3639 2103 3779 2161 176.

2360 2176 2560 2258 Quod
2602 2183 2817 2249 rarius
2859 2182 2982 2248 tibi
3024 2183 3238 2250 scribo
3276 2184 3421 2247 268.

2361 2263 2559 2344 Quod
2603 2289 2835 2354 regum
2880 2269 3153 2334 nomina
3199 2270 3387 2335 3232.

2362 2349 2558 2430 Quod
2603 2373 2796 2438 saepe
2840 2354 2971 2419 iam
3018 2353 3104 2419 ad
3151 2358 3337 2417 3912.

2360 2434 2555 2517 Quod
2598 2441 2892 2506 scholam
2936 2447 3229 2506 nostram
3276 2443 3464 2504 3040.

2361 2521 2557 2601 Quod
2602 2527 2832 2593 scribis
2877 2525 2959 2592 de
3000 2525 3676 2610 Argentoratensibus
3729 2529 3868 2589 138.

2411 2611 2558 2687 huod
2603 2611 2835 2678 scribis
2879 2610 2959 2677 de
3002 2611 3066 2676 N
3068 2611 3274 2676 icolao
3321 2616 3466 2674 649.

2411 2696 2560 2773 Ξυοᾱ
2605 2718 2678 2763 se
2721 2696 2924 2763 vicini
2966 2697 3173 2763 vestri
3224 2700 3410 2762 4018.

2415 2783 2561 2861 huod
2605 2782 2833 2850 sedulo
2876 2783 3148 2849 fratrem
3198 2786 3383 2845 2632.

2415 2869 2561 2946 huod
2605 2868 2832 2935 sedulo
2876 2869 2949 2933 in
2989 2866 3312 2953 placanda
3361 2871 3545 2933 1590.

2411 2954 2559 3031 huod
2604 2956 2808 3021 semel
2852 2975 2999 3020 sum
3044 2962 3323 3020 testatus
3371 2959 3556 3020 3014.

2412 3039 2560 3120 huod
2602 3041 2813 3109 serius
2857 3039 2938 3107 ad
2984 3039 3327 3124 epistolam
3374 3042 3560 3106 3039.

2412 3127 2559 3204 &uod
2603 3128 2816 3193 serius
2859 3127 3198 3210 aliquanto
3246 3128 3391 3189 524.

2411 3212 2560 3290 !uod
2604 3213 2819 3279 serius
2864 3214 3174 3296 opinione
3221 3215 3367 3276 569.

2362 2607 2409 3375 nnnnnnnnfi

2326 3331 2342 3344 ·
2411 3298 2561 3376 huod
2602 3301 2815 3365 serius
2857 3298 3219 3383 respondeo
3271 3301 3415 3362 680.

2411 3383 2557 3464 guod
2600 3384 2802 3451 simul
2845 3405 2921 3452 ac
2964 3384 3118 3451 finis
3164 3388 3351 3448 3934.

2411 3470 2554 3548 Βαοᾶ
2602 3491 2788 3537 soror
2828 3478 3056 3537 nostra
3106 3474 3291 3534 3810.

2408 3556 2559 3634 huod
2604 3555 2824 3623 studia
2868 3563 3090 3624 vestra
3133 3555 3312 3623 hisce
3361 3556 3548 3616 2077.

2409 3641 2557 3723 huod
2601 3642 2925 3725 superiori
2962 3663 3137 3708 anno
3182 3644 3370 3705 4063.

2409 3726 2556 3807 guod
2602 3727 3046 3812 superioribus
3090 3726 3321 3794 diebus
3372 3728 3561 3790 2690.

2409 3811 2557 3893 3uod
2601 3821 2739 3879 tam
2782 3814 3037 3897 copiose
3084 3817 3271 3877 4010.

2409 3898 2557 3978 !uod
2597 3908 2736 3965 tam
2779 3899 2894 3964 diu
2930 3898 3012 3964 ad
3059 3908 3125 3964 te
3167 3902 3312 3965 910.

2407 3984 2554 4064 huod
2599 3993 2737 4050 tam
2782 3983 2897 4049 diu
2944 3985 3107 4050 nihil
3153 3984 3235 4049 ad
3278 4005 3396 4050 vos
3450 3988 3630 4049 1651.

2360 4069 2559 4149 Quod
2601 4080 2740 4136 tam
2786 4071 3014 4137 multis
3058 4080 3125 4138 et·
3166 4080 3395 4136 exacte
3446 4073 3627 4134 1987.

2361 4154 2556 4237 Quod
2600 4166 2738 4222 tam
2782 4158 3036 4241 prolixe
3081 4167 3150 4222 et
3195 4156 3545 4240 diligenter
3593 4161 3776 4223 2744.

2361 4241 2557 4322 Quod
2603 4252 2738 4307 tam
2783 4263 2964 4308 raras
3008 4264 3049 4307 a
3091 4264 3198 4307 me
3243 4247 3386 4306 975.

2360 4326 2559 4408 Quod
2603 4338 2788 4394 tanto
2833 4329 3296 4394 beneficiorum
3347 4331 3527 4392 1492.

2360 4412 2556 4494 Quod
2601 4424 2788 4478 tanto
2831 4414 3180 4480 intervallo
3227 4418 3415 4477 2415.

2359 4497 2557 4579 Quod
2603 4509 2944 4583 tantopere
2988 4499 3108 4565 tibi
3161 4504 3342 4566 1115.

2360 4584 2556 4665 Quod
2602 4585 2857 4650 tardius
2901 4587 3066 4651 forte
3114 4590 3301 4647 3971.

2359 4669 2555 4751 Quod
2600 4672 2852 4737 tardius
2895 4682 3159 4737 nostrae
3202 4671 3285 4736 ad
3332 4679 3395 4737 te
3441 4672 3584 4735 926.

2359 4754 2557 4835 Quod
2602 4757 2855 4823 tardius
2900 4758 3112 4824 scribo
3157 4779 3240 4823 ne
3284 4778 3480 4842 aegre
3526 4760 3630 4820 35.

2356 4843 2552 4924 Quod
2598 4856 2664 4909 te
2703 4846 2773 4908 in
2814 4842 2939 4909 hoc
2981 4854 3115 4909 tam
3159 4843 3420 4909 excelso
3465 4846 3650 4906 2113.

2358 4928 2553 5011 Quod
2600 4938 2664 4995 te
2707 4951 2854 4995 mea
2898 4930 3355 5014 deprecatione
3403 4932 3592 4991 3138.

2358 5015 2553 5096 Quod
2597 5025 2662 5080 te
2705 5016 3026 5100 principia
3069 5036 3291 5080 rerum
3343 5018 3526 5077 1800.

2357 5102 2550 5182 Quod
2596 5110 2665 5167 te
2707 5102 2938 5169 ultimo
2982 5122 3336 5187 congressu
3382 5102 3568 5165 3259.

2357 5187 2553 5270 Quod
2599 5198 2665 5254 te
2709 5189 2926 5254 virum
2971 5186 3419 5255 doctissimum
3468 5188 3610 5248 382.

2359 5273 2555 5354 Quod
2600 5284 2859 5357 tempus
2899 5293 3224 5340 summam
3268 5273 3458 5338 nobis
3503 5273 3690 5339 2163.

2358 5359 2552 5442 Quod
2600 5360 2720 5425 tibi
2755 5368 2822 5427 et
2864 5359 3176 5425 fratribus
3224 5362 3408 5424 1565.

2360 3381 2407 3979 fififissfinfi

2361 3984 2406 4064 fi
