4900 6125
596 458 725 520 487

596 646 741 712 sine
786 643 1278 711 tabellariorum
1321 642 1698 711 discrimine
1740 641 1914 708 nihil
1947 640 2272 708 eiusmodi
2308 648 2565 708 tentare

595 751 885 816 possum.
959 731 1162 797 Arcto
1248 729 1441 795 litani
1485 739 1708 795 tamen
1751 729 1874 796 tibi
1916 749 2041 812 sup
2175 727 2338 794 ‘tare
2380 742 2565 811 pote-

595 825 758 883 runt
798 817 1040 896 omnia,
1086 836 1166 882 ve
1235 815 1541 901 Tigurini
1585 814 1821 900 potius,
1867 834 2180 899 quomam
2222 813 2369 880 heri
2412 834 2566 880 nos-

593 902 723 968 tris
761 902 981 970 visum
1025 910 1129 969 est
1163 900 1247 969 ad
1282 922 1393 968 eos
1424 901 1721 987 legatum
1755 901 2039 980 mittere,
2082 897 2200 967 sed
2234 900 2340 966 cui
2373 899 2568 967 valde

595 995 841 1056 metuo.

766 1074 1035 1141 Literas
1067 1080 1218 1140 tuas
1252 1093 1401 1140 acce
1446 1073 1472 1138 i
1506 1071 1697 1140 datas
1731 1076 1834 1138 21.
1863 1070 2112 1157 Aprilis
2134 1061 2296 1150 ⁸)'in
2330 1070 2568 1155 quibus

593 1158 677 1227 de
733 1159 988 1228 Veraoii
1044 1159 1254 1226 nostri
1308 1095 1529 1226 reditu
1545 1160 1604 1242 ⁴)
1648 1159 1906 1245 agebas.
1994 1157 2223 1224 Nostri
2265 1177 2569 1242 proceres

592 1254 1017 1400 fflffi‘
1052 1245 1727 1399 Ἧέἶῃῗέἰὲἔέᾒῖῗ
1761 1242 2568 1396 ¹²31¹21⁹0¹1²12·..¹I{‚⁰⁸33.0³¹¹“1⁶3

593 1425 701 1486 est
752 1354 1080 1503 ambigud1
1118 1425 1187 1483 et
1239 1353 1624 1485 meticuloso
1676 1352 2034 1500 resspondit.
2120 1414 2261 1482 Nos
2312 1380 2572 1482 interea

592 1524 732 1571 non
764 1513 1137 1585 stertemus,
1172 1505 1471 1589 quamvis
1506 1503 1635 1569 ista
1669 1502 2171 1587 procrastinatio
2186 1500 2244 1587 ⁶)
2278 1500 2566 1567 incredi-

592 1588 817 1656 biliter
858 1611 967 1657 me
1007 1599 1312 1674 torqueat
1327 1638 1341 1663 .
1398 1589 1505 1657 cui
1564 1598 1787 1655 tamen
1832 1610 1967 1654 non
2011 1587 2203 1653 video
2242 1586 2566 1671 quomodo

591 1677 923 1761 possimus
977 1676 1141 1742 satis
1200 1677 1591 1759 tempestive
1646 1675 1896 1740 mederi
1915 1725 1932 1754 ,
1986 1673 2120 1739 nisi
2161 1671 2407 1757 stupidi
2450 1673 2568 1738 isti

594 1769 665 1829 et
706 1761 952 1829 sordidi
998 1764 1013 1778 '
1153 1762 1340 1828 nium
1384 1763 1557 1828 serio
1600 1767 1881 1827 mutent.
1956 1759 2232 1826 Passius
2245 1763 2303 1833 ⁷)
2339 1767 2567 1825 noster

593 1856 666 1912 et
708 1868 848 1933 ego,
893 1868 1014 1915 nos
1102 1849 1337 1931 enique
1379 1868 1609 1913 omnes
1651 1855 1918 1914 strenue
1953 1845 2083 1912 Dei
2125 1845 2340 1930 gratia
2381 1843 2564 1911 labo·

594 1954 840 2000 ramus.
930 1934 1204 2000 Utinam
1263 1935 1321 2000 is
1386 1936 1475 2000 sit
1527 1941 1902 1999 nostrorum
1960 1930 2281 1997 sudorum
2346 1932 2564 1996 exitus

595 2040 793 2104 quem
850 2027 1158 2103 optamus
1210 2027 1280 2086 et
1334 2040 1494 2087 sane
1536 2040 1897 2105 speramus.
1986 2017 2173 2083 Bene
2215 2016 2368 2083 vale
2411 2037 2563 2084 cum

598 2106 828 2173 amicis
892 2114 963 2172 et
1024 2105 1340 2172 fratribus
1403 2106 1727 2172 omnibus.
1814 2104 2149 2170 Dominus
2203 2109 2269 2168 te
2322 2108 2563 2182 servet,

599 2193 694 2343 Ξῖ
711 2198 1059 2344 οξὲἝιῖἶ
1076 2213 1205 2363 .ἲέ
1248 2191 1673 2344 δ’,ῗὲιὶῗὲἒθ
1704 2211 1883 2361 Κὲἰῗ,
1912 2186 2565 2342 ἑῖωῗῗὲθξῗῇἓὲἓ

599 2364 794 2449 cupio
851 2371 1235 2431 reverenter
1290 2385 1437 2430 meo
1495 2364 1759 2429 nomine
1815 2382 1950 2428 una
1992 2381 2146 2427 cum
2187 2370 2325 2428 toto
2368 2358 2563 2426 colle·

597 2469 831 2536 garum
875 2457 1065 2517 coetu
1109 2449 1404 2516 salutari.
1473 2449 1790 2535 Ignosces
1834 2447 2118 2532 tempori
2160 2446 2332 2531 quod
2367 2444 2564 2531 plura

563 2557 732 2602 -non
777 2536 1056 2603 scribam
1102 2556 1187 2601 ne
1231 2535 1545 2621 ampliore
1589 2535 1819 2602 charta
1861 2535 1949 2601 sit
1993 2554 2171 2617 opus.
2190 2533 2251 2612 8)

777 2621 1144 2689 Turnonius
1163 2624 1221 2699 ⁹)
1265 2620 1533 2688 tandem
1578 2620 1663 2687 ad
1705 2628 1963 2705 patrem
1999 2639 2191 2685 suum
2226 2617 2560 2704 migravit.

599 2706 931 2874 Obiemssg
1015 2728 1272 2793 quoque
1328 2708 1771 2787 Avansonius,
1852 2705 2204 2773 ramensis
2266 2711 2335 2772 et
2399 2702 2562 2770 Lor-

598 2814 811 2880 yacus.

1489 3357 1679 3428 421⁰.

1129 3514 1606 3582 OALVINUS
1649 3511 2025 3580 VIRETO.

776 3685 1033 3753 Acriter
1471 3684 2029 3764 cumamneoeio

604 3771 870 3855 epistola
901 3773 991 3840 aa
1028 3686 1591 3855 qum
1640 3771 1983 3854 αφεναετα.

607 3944 718 4011 (Ex
768 3958 973 4066 arpogra
1011 3943 1084 3999 bo
1131 3944 1265 3999 Ood.
1302 3943 1506 3999 Genev.
1545 3942 1692 4009 1072,
1727 3943 1820 3999 fol.
1854 3940 1988 4025 2723
2040 3944 2160 4025 coll.
2197 3959 2243 3997 c.
2282 3941 2414 3997 Cod.
2452 3940 2572 4010 108,

806 4013 877 4068 ol.
917 4014 939 4066 1
1029 4032 1041 4075 ;
1076 4014 1219 4083 Epp.
1255 4014 1405 4068 Bern
1441 4013 1537 4067 VI.
1578 4011 1715 4067 1124
1748 4017 1808 4066 et
1842 4012 2061 4067 Simleri
2095 4011 2216 4067 Vol.
2269 4009 2410 4080 108.)

2070 3683 2568 3768 quadem,

610 4184 1186 4252 Praestantissimo
1230 4183 1485 4250 Clu-isti
1527 4205 1720 4250 servo
1764 4185 1849 4251 D.
1885 4183 2086 4249 Petro
2119 4178 2352 4250 Vireto
2386 4183 2576 4249 fratri

966 4280 1035 4336 et
1075 4270 1364 4355 collegae
1416 4269 1773 4354 plurimum
1819 4269 2219 4336 honorando.

617 4414 844 4423 ———.--.——
875 4414 1028 4421 w

921 4495 1055 4550 Non
1089 4498 1323 4549 mam.

823 4566 860 4617 4
919 4580 986 4619 ex
1026 4562 1331 4619 omnia
1366 4560 1459 4627 (N.
1494 4558 1649 4614 3757.
1682 4558 1866 4627 3837).

825 4632 887 4699 5)
927 4633 1238 4687 catharina
1273 4631 1542 4686 Mediae.

618 4772 723 4843 (80
825 4700 1218 4834 6)Ποοἷἱὶῗοιιο
1264 4701 1387 4755 ludi
1432 4714 1490 4753 se
1527 4698 1845 4767 patiebatur
1887 4698 2053 4751 σακία
2101 4696 2582 4765 περαὲαίὲοπίὺιιε.

827 4838 861 4891 7
918 4839 962 4892 S
1009 4838 1185 4905 'fama

619 4978 767 5050 quod
800 4840 1236 5032 ‘gamag-nolam
1283 4922 1354 4962 m.
1403 4905 1565 4960 Maio
1614 4901 1751 4959 1562
1802 4905 2063 4971 scriptam
2113 4901 2290 4969 fuisse
2338 4918 2452 4958 non
2505 4908 2587 4958 est

827 5044 890 5113 9)
929 5042 1067 5113 Quia
1100 5044 1191 5099 hic
1221 5043 1393 5109 fuerit
1423 5044 1721 5109 nemus,
1767 5043 1930 5096 etiam
1963 5042 2068 5095 νει·

621 5114 713 5169 De
761 5114 1094 5169 Tor-noceam·
1152 5112 1218 5167 ae
1262 5112 1320 5167 lo
1360 5111 1522 5177 Tour,
1561 5112 1712 5165 Hist.
1749 5111 1870 5166 eccl.
1906 5109 1975 5163 11.

620 5185 789 5306 &2⁸
815 5199 980 5306 ..3222
959 5180 1526 5316 ‘⁹...a2‘15013085f2'122'523'
1572 5182 1873 5250 ⁰⁰⁹⁶‘⁰'’⁸“⁸
1916 5178 2118 5248 ‘sm‘
2163 5182 2323 5233 Μ’
2366 5192 2516 5232 ''⁸⁰''
2548 5192 2588 5232 ⁶

745 5267 913 5399 ⁰10).
933 5320 1178 5373 fflmum
1228 5334 1424 5400 nomen
1466 5325 1516 5372 et
1563 5318 1780 5399 testium
1823 5314 2011 5381 dubia,
2050 5314 2153 5371 Br.
2197 5320 2247 5372 et
2285 5314 2354 5371 1..
2389 5314 2590 5370 habent

631 5388 998 5455 Anausoums,
1032 5388 1134 5443 Br.
1169 5393 1333 5443 ettam
1368 5386 1662 5441 Tei-ventis
1696 5392 1747 5441 et
1779 5384 2073 5454 Lergaeus.

2175 5056 2204 5094 s
2247 5041 2588 5122 ἑᾳηοναωιιε.

2126 450 2658 521 ΕΡΙΒΤΟΒΔΕ
2702 456 3129 521 4209-4212

2118 5109 2588 5179 >quamtum
2688 5111 2791 5162 tem

4492 457 4593 519 488

2842 639 2913 708 S.
2983 642 3231 727 Accepi
3286 642 3409 708 sub
3461 660 3732 709 coenam
3784 647 3933 707 tuas
3974 641 4201 707 literas
4243 641 4327 707 ab
4370 641 4597 708 homine

2669 725 2834 792 mihi
2889 726 3144 811 ignoto,
3220 747 3418 812 quem
3482 735 3708 793 tamen
3760 748 3936 794 unus
3990 747 4076 792 ex
4128 725 4398 814 collegis
4456 726 4598 793 dixit

2665 812 2991 879 famulum
3033 834 3176 880 esse
3203 813 3527 880 Ludovioi
3548 812 3809 879 Ranci.
3882 810 3960 880 Si
4004 812 4088 878 de
4130 833 4281 878 meo
4325 812 4600 879 diuturno

2667 897 2930 965 silentio
2994 901 3294 983 quereris
3353 899 3565 966 facilis
3629 899 3966 965 excusatio
4017 907 4195 965 esset
4208 948 4226 978 ,
4290 899 4418 965 nisi
4454 898 4601 982 quod

2670 985 2992 1068 suspicari
3047 992 3114 1051 te
3173 984 3365 1052 video
3420 984 3850 1051 offensionem
3905 1005 3948 1048 a
4001 1004 4110 1050 me
4162 993 4495 1069 exceptam
4544 985 4603 1050 in

2668 1090 2868 1137 causa
2925 1091 3087 1137 esse.
3176 1069 3356 1153 Quid
3413 1070 3535 1136 tibi
3590 1070 3945 1136 retulerint
4000 1071 4197 1137 amici
4239 1073 4339 1135 tui
4396 1071 4603 1148 nesn‘o,

2668 1177 2792 1223 nec
2855 1155 3051 1223 valde
3111 1176 3352 1223 moror.
3439 1156 3592 1222 Non
3652 1165 3880 1222 tamen
3934 1154 4275 1222 dissimulo
4337 1155 4505 1241 quod
4540 1154 4605 1222 de

2667 1241 2879 1309 literis
2914 1242 3294 1327 interceptis
3327 1242 3656 1309 scribebas
3689 1242 3859 1307 mihi
3891 1242 4311 1308 stomachum
4330 1242 4607 1308 movisse.

2668 1327 2980 1395 Nondum
3024 1328 3204 1394 enim
3246 1328 3485 1395 oblitus
3528 1348 3675 1394 sum
3716 1348 3915 1411 quam
3953 1327 4308 1413 diligenter
4340 1349 4448 1394 me
4477 1337 4607 1392 ants

2669 1414 3036 1497 complures
3101 1434 3314 1481 annos
3378 1412 3828 1494 admonueris,
3894 1434 4100 1497 quum
4163 1433 4349 1480 meas
4408 1413 4610 1480 literas

2669 1499 2848 1583 apud
2905 1507 2970 1566 te
3027 1500 3289 1567 furatus
3332 1507 3507 1567 esset
3548 1499 3837 1566 famulus
3879 1508 4064 1579 tuus,
4131 1507 4208 1566 ut
4246 1498 4610 1584 prudmtior

2668 1605 2879 1652 essem
2937 1585 3301 1653 scribendo.
3399 1585 3695 1651 Putasne
3751 1584 3919 1650 mihi
3971 1594 4124 1651 tuas
4174 1584 4612 1652 insultatione

2666 1669 2883 1737 videri
2925 1672 3022 1737 ita
3064 1671 3338 1756 lepidas,
3380 1678 3457 1738 ut
3498 1669 3755 1754 probris
3797 1673 3869 1736 in
3912 1691 4020 1737 me
4062 1671 4379 1738 coniectis
4421 1670 4609 1736 oblec-

2666 1756 2817 1823 ter?
2888 1758 3098 1841 Atqui
3139 1777 3229 1823 ne
3271 1757 3384 1822 isti
3426 1755 3691 1841 quidem
3733 1757 3929 1823 amici
3974 1757 4092 1831 tui.
4136 1777 4301 1841 quos
4334 1777 4495 1841 erga
4523 1776 4613 1821 ms

2665 1842 3037 1926 proditores
3090 1843 3397 1910 existimo
3411 1894 3428 1922 ‚
3484 1863 3784 1926 unquam
3840 1843 4129 1909 efficient
4185 1850 4265 1908 ut
4317 1842 4487 1908 mihi
4524 1859 4612 1906 cs-

2664 1948 2877 1995 veam.
2965 1928 3116 1995 Non
3160 1928 3387 2013 placeo
3428 1928 3597 1994 mihi
3639 1928 3711 1993 in
3755 1928 3968 2007 vitiis,
4024 1926 4141 1995 sed
4184 1928 4311 1994 hoc
4352 1929 4471 1992 vix
4508 1949 4613 1992 un-

2665 2034 2869 2097 quam
2911 2015 3296 2099 corrigetur.

2838 2100 3108 2167 Interea
3162 2099 3322 2185 quid
3375 2100 3499 2166 tibi
3552 2100 3848 2166 iacturae
3905 2098 4129 2165 attulit
4168 2119 4399 2165 meum
4440 2098 4615 2164 silen-

2667 2185 2880 2251 tium?
2970 2185 3191 2253 Multa
3229 2184 3391 2252 diois
3435 2186 3686 2270 agitata
3727 2184 3808 2251 de
3852 2186 4094 2271 quibus
4135 2184 4405 2250 nullum
4446 2181 4528 2249 ad
4562 2193 4617 2247 ts

2666 2272 2961 2339 verbum.
3052 2270 3232 2354 Quid
3276 2273 3333 2337 si
3376 2272 3590 2338 bonae
3631 2272 3842 2355 partis
3900 2291 3985 2337 ne
4026 2271 4331 2337 conscius
4374 2269 4616 2354 quidem

2665 2357 2949 2423 fuerim?
3041 2355 3219 2439 Quid
3284 2358 3343 2423 si
3406 2379 3449 2422 a
3509 2357 3800 2424 consiliis
3863 2377 4031 2440 quae
4097 2378 4233 2423 non
4274 2355 4618 2440 probabam

2665 2443 2908 2509 fuerim
2950 2441 3248 2509 alienus?
3339 2441 3518 2524 Quid
3565 2444 3622 2508 si
3667 2442 4011 2527 aliquoties
4052 2449 4339 2508 testatus
4382 2441 4617 2519 fuerim,

2668 2527 2990 2613 quidquid
3034 2528 3412 2612 agitabatur
3453 2528 3621 2594 mihi
3663 2529 3804 2595 fore
3837 2528 4246 2614 incognitum
4281 2528 4448 2610 quia
4478 2527 4620 2593 seire

2667 2614 2956 2682 nollem?
3046 2614 3138 2679 Et
3181 2621 3404 2680 tamen
3446 2614 3666 2680 adhuc
3709 2614 3965 2680 facetus
4007 2635 4152 2680 esse
4194 2613 4489 2697 appetis,
4528 2613 4621 2677 ob-

2666 2699 2847 2783 lique
2900 2720 3009 2766 me
3065 2700 3439 2780 insimulas,
3494 2699 3607 2765 ubi
3662 2699 3827 2767 dicis
3879 2700 4055 2765 nihil
4111 2719 4414 2783 unquam
4455 2697 4536 2762 ad
4570 2707 4621 2762 ts

2670 2786 2952 2852 relatum
2999 2805 3142 2852 esse
3208 2785 3414 2851 donec
3458 2786 3679 2852 omnia
3734 2793 3956 2852 essent
3996 2786 4276 2851 turbata.
4375 2783 4623 2852 Utinam

2671 2871 3125 2956 exploratores
3159 2872 3258 2936 tui
3293 2870 3576 2938 fideliter
3610 2870 4045 2938 nunciassent
4121 2870 4367 2936 naliter
4386 2889 4623 2935 mecum

2672 2966 2893 3024 actum
2972 2956 3187 3023 fuerit.
3309 2954 3389 3023 Si
3464 2956 3921 3023 amarulentus
4002 2957 4074 3023 vi
4120 2977 4267 3036 eor,
4363 2976 4453 3024 ex
4514 2955 4625 3020 tuis

2671 3042 2881 3109 literis
2925 3042 3143 3110 didici.
3232 3041 3633 3128 Quanquam
3676 3064 3811 3110 non
3854 3041 4036 3110 solus
4075 3042 4497 3128 perstringor
4534 3040 4623 3107 ubi

2670 3136 2739 3197 te
2782 3136 3229 3214 contemptum
3273 3130 3566 3213 quereris
3582 3180 3599 3209 ,
3667 3149 3744 3196 ac
3785 3130 3841 3196 si
3886 3130 4166 3213 pastoris
4228 3128 4456 3195 locum
4512 3146 4625 3193 uon

2672 3222 2937 3282 teneres
2979 3236 3102 3282 nec
3144 3215 3227 3281 ad
3272 3214 3619 3300 collegium
3663 3222 3968 3282 nostrum
4011 3215 4409 3299 pertineres.
4476 3212 4623 3280 mhi

2674 3303 2835 3370 satis
2900 3310 3004 3368 est
3066 3302 3392 3385 privatam
3457 3320 3725 3367 causam
3793 3320 4009 3387 agere.
4095 3300 4461 3367 Fratribus
4520 3299 4623 3364 erit

2672 3410 2794 3456 sua
2837 3387 3172 3453 excusatio
3227 3408 3345 3454 cur
3396 3407 3532 3452 non
3590 3385 3673 3452 ad
3728 3393 3797 3453 te
3850 3386 4233 3472 quotidiana
4288 3393 4449 3453 acta
4502 3404 4625 3467 ρει·

2673 3473 3076 3558 scripserint.
3146 3472 3463 3558 Ignosces
3507 3492 3692 3538 meae
3733 3471 4195 3558 indignationi,
4243 3492 4455 3556 quam
4488 3468 4623 3535 mihi

2673 3567 2899 3625 tamen
2954 3559 3149 3644 paulo
3199 3559 3610 3642 imperiosior
3673 3564 3789 3623 tua
3845 3557 4290 3643 expostulatio
4348 3555 4623 3629 exterat,

2673 3645 2881 3712 donec
2936 3644 3021 3710 ad
3077 3664 3197 3711 nos
3249 3643 3524 3711 redieris
3587 3643 3969 3722 incolumis,
4034 3642 4209 3727 quod
4265 3664 4310 3727 p
4524 3644 4537 3654 '

2672 3733 2814 3798 fore
2858 3730 3111 3798 confido
3155 3738 3222 3797 et
3264 3731 3553 3796 maxime
3597 3737 3780 3814 opto:
3849 3750 4006 3795 nam
4050 3738 4206 3795 tuae
4252 3738 4324 3794 et

2675 3837 2994 3883 censurae
3036 3816 3319 3883 libenter
3360 3815 3840 3900 obtemperabo.
3909 3815 4098 3894 Vale,
4145 3815 4401 3880 eximie
4440 3814 4542 3879 vir
4572 3822 4625 3874 st

2676 3999 2747 4054 et
2810 3985 3167 4054 benedicat.
3279 3987 3600 4055 Genevae
3665 3990 3724 4052 2.
3792 3984 4223 4071 Septembris,
4256 3992 4308 4065 Ι)
4399 3984 4625 4051 dmbm

2676 4084 2829 4158 post
2871 4074 3052 4140 horis
3097 4094 3293 4156 quam
3339 4082 3491 4139 tuae
3534 4072 3701 4138 mihi
3745 4073 4013 4138 fuerunt
4054 4071 4381 4137 redditae.

2674 3903 2845 3968 mihi
2899 3902 3299 3968 honorande.
3387 3902 3717 3968 Dominus
3772 3899 3890 3965 tibi
3949 3899 4149 3979 adsit,
4210 3910 4283 3965 te

3590 4208 3879 4274 Ioannes
3923 4207 4251 4275 Calvinus
4296 4218 4477 4274 tuus.

2683 4556 2912 4610 Viretus
2936 4554 3208 4634 *ecclesiae
3243 4552 3579 4633 Qeuevensis
3613 4556 3730 4604 tum
3766 4556 3970 4619 pastor,
4005 4551 4063 4603 in
4098 4548 4299 4615 Gallia,
4340 4556 4625 4629 ver-yn!

2683 4622 3100 4748 (ww...
3113 4619 4233 4745 ssz'ssss'ssffiwwmmfflffi
4265 4628 4625 4770 βξ

2685 4760 3570 4909 2¹32.13¹‘¹s.⁶.2⁶⁰.⁸32?015.·5
3601 4755 4205 4947 amem&
4236 4757 4555 4881 τε
4568 4768 4625 4875 2¹

2683 4900 3548 5023 ἤιξ’-’,Ὦραῧωνὲἕὲὥῗίἕᾞ
3579 4894 4625 5031 mffmss'affiss

2692 5033 3152 5104 1563(N.3999)
3199 5051 3340 5116 quae
3386 5033 3516 5089 talia
3558 5037 4013 5112 estndmtrqm
4058 5031 4205 5086 hauc
4250 5029 4465 5085 vird

2691 5105 3161 5254 ...masi
3195 5109 3616 5237 ..a
3644 5099 4505 5249 samm
4522 5168 4619 5235 ..

2690 5250 2868 5299 erant.
2948 5242 3422 5324 Yet-omittamus·
3468 5254 3583 5322 csse
3629 5245 3809 5320 {auten
3849 5237 3995 5303 forte
4037 5252 4363 5319 conteeant,

2692 5310 4201 5446 mffxwff.w.;w⁹w
4220 5304 4479 5445 ...fl-...2⁹
4492 5303 4617 5426 a

4146 5962 4786 6092 *A
