4900 6125
291 428 390 490 561

289 611 594 680 Christum
645 613 724 676 ut
772 609 966 677 iuves
1030 615 1291 677 nostras
1344 608 1652 678 ecclesias
1715 614 1860 678 tum
1921 609 2216 679 consiliis

289 707 529 780 tumque
581 694 1169 776 exhortationibus,
1212 715 1378 780 quas
1419 716 1542 781 pro
1593 702 1713 762 tua
1810 697 2009 763 ietate
2063 716 2214 780 pro-

287 782 509 850 ceribus
549 782 739 865 regni
782 782 995 848 nostri
1035 780 1219 849 omni
1262 783 1598 849 occasione
1637 782 1767 850 scri
1811 802 1905 849 as.
1978 781 2215 867 Magni

283 868 437 935 euim
475 868 583 946 (ut
621 867 792 951 phas
832 867 961 954 est)
1004 887 1264 953 semper
1305 867 1695 935 aestimatur
1735 888 1978 936 nomen
2019 875 2216 934 tuum

284 955 348 1020 in
394 961 612 1019 noan-a
663 953 900 1037 patria.
988 952 1117 1021 Sin
1175 974 1332 1020 vero
1386 953 1473 1020 ad
1513 960 1583 1020 te
1623 953 1869 1037 aliquid
1927 953 2216 1021 scribent

280 1040 377 1107 isti
405 1038 905 1121 Lismaniniani,
950 1040 1219 1107 obsecro
1258 1059 1343 1106 ne
1385 1039 1665 1106 faciliter
1705 1040 1803 1106 illi
1845 1038 2044 1106 fidem
2078 1039 2212 1106 des.

281 1125 491 1193 Sciunt
529 1125 710 1191 enim
752 1126 898 1209 pios
936 1125 1186 1204 fallere,
1230 1133 1297 1192 et
1329 1124 1576 1192 habent
1617 1126 2018 1210 ineptiarum
2062 1146 2214 1192 sua-

279 1232 407 1278 rum
447 1216 637 1278 artes.
724 1211 874 1297 Ego
918 1210 1039 1278 tibi
1081 1211 1283 1278 fidem
1325 1232 1544 1278 meam
1587 1210 1896 1280 brevibus
1938 1211 2213 1294 explico,

279 1295 480 1363 eadem
532 1296 816 1364 veritate
859 1297 992 1363 Dei
1044 1298 1512 1381 purgatissima
1553 1299 1678 1363 niti
1718 1318 1849 1383 qua
1899 1297 2215 1363 fruuntur

278 1381 560 1450 ccclesiae
604 1391 883 1464 vestrae,
939 1403 1217 1468 eamque
1273 1384 1712 1450 constantiam
1767 1404 1919 1450 cum
1972 1383 2214 1467 spiritu

275 1468 524 1534 Domini
580 1467 848 1536 habent.
917 1469 1053 1536 Hic
1105 1468 1416 1536 standum
1473 1478 1647 1537 esset
1701 1490 1910 1553 usque
1969 1467 2054 1535 ad
2098 1490 2214 1535 ex-

275 1562 536 1620 tremum
574 1554 750 1621 diem
783 1556 961 1623 vitae
993 1555 1299 1621 hominis.
1367 1555 1573 1623 Ames
1614 1557 1636 1622 i
1689 1556 1703 1570 ’
1739 1577 1842 1637 ur,
1885 1553 2214 1622 excellen-

274 1640 501 1706 tissime
534 1641 663 1720 vir,
705 1641 1014 1708 ecclesias
1048 1649 1338 1707 nostras:
1383 1662 1609 1707 curam
1733 1641 1881 1708 beto
1913 1641 2210 1707 istarum.

273 1723 580 1791 Dominus
621 1726 740 1794 tibi
782 1726 1121 1794 fidelitatis
1165 1735 1235 1794 et
1253 1727 1642 1812 vigilantiae
1675 1725 1993 1810 rependet
2030 1747 2213 1793 coro-

271 1832 457 1965 121amb
500 1811 674 1964 Ὺζὶο
716 1820 786 1878 et
828 1833 979 1882 ama
1022 1813 1141 1879 tibi
1187 1811 1688 1881 deditissimum.
1767 1812 2213 1897 Olycseryciis

697 2036 1152 2103 Excellentiae
1195 2046 1349 2102 tuae
1393 2036 1679 2102 famulus
1724 2034 2171 2103 deditissimus

1119 2123 1397 2190 Iacobus
1441 2122 1719 2209 Sylvius

655 2207 811 2274 Iesu
835 2207 1089 2274 Christi
1125 2230 1359 2276 servus
1380 2209 1675 2275 Polonus
1709 2207 1799 2274 ill.
1824 2209 1907 2275 D.
1935 2207 2214 2273 Martini

658 2314 698 2358 a
731 2294 1007 2362 Zborow
1041 2294 1332 2360 Palatini
1366 2294 1839 2361 Posnaniensis
1887 2293 2209 2360 minister.

1130 2840 1334 2911 3867.

732 2994 1210 3065 CALVINUS
1255 2995 1734 3064 MEROERO.

412 3167 643 3235 Denuo
702 3173 886 3253 royat
933 3174 1005 3234 ut
1057 3188 1136 3236 ex
1188 3168 1489 3237 cathedra
1537 3189 1659 3236 sua
1704 3168 2071 3235 Parisiensi
2109 3168 2212 3235 de-

245 3253 462 3333 pulsus
509 3254 798 3321 Genevae
839 3275 1093 3339 operam
1133 3275 1370 3321 navare
1410 3254 1575 3322 velit.

253 3423 356 3485 (Ex
401 3443 435 3478 a
651 3427 724 3480 ho
771 3426 904 3481 Cod.
950 3425 1154 3481 Geuev.
1193 3425 1340 3495 107⁸,
1385 3425 1480 3480 fol.
1509 3423 1630 3479 259.
1711 3424 1838 3479 Alia
1880 3426 2214 3496 exemplaria

253 3495 483 3561 reperies
518 3496 597 3549 ὼ·
641 3535 655 3547 .
686 3495 780 3552 fol.
814 3493 936 3559 258,
984 3502 1042 3549 et
1089 3495 1148 3548 in
1185 3494 1314 3548 Cod.
1353 3493 1498 3561 1112,
1535 3495 1628 3548 fol.
1664 3492 1773 3547 212
1817 3500 1875 3547 et
1908 3495 2118 3550 Bernae
2153 3496 2210 3548 in

251 3560 380 3632 Epp.
417 3563 574 3619 Tom.
609 3563 712 3619 VI.
758 3581 812 3634 p.
853 3563 1002 3617 1131.
1073 3564 1303 3698 Simalflr.)
1327 3562 1454 3618 Vol.
1498 3561 1616 3616 105.
1686 3564 1883 3619 Versio
1928 3564 2070 3633 angl.
2107 3562 2212 3619 IV.

247 3799 683 3872 ornatissimo
717 3804 859 3871 viro
894 3804 978 3869 D.
1016 3804 1071 3868 I.
1111 3803 1414 3869 Mercero
1448 3803 1640 3868 fratri
1683 3812 1752 3868 et
1795 3804 2006 3869 amico
2045 3803 2212 3869 mihi

1011 3888 1443 3955 observando.

408 4059 484 4128 S.
547 4060 902 4145 Optassem
946 4060 1232 4146 quidem,
1276 4081 1480 4144 quum
1525 4066 1591 4124 te
1632 4058 1763 4126 huc
1806 4080 2212 4128 accerserem

242 4154 391 4212 ante
434 4148 804 4227 biennium,
831 4151 880 4225 ¹)
937 4147 1229 4213 rationes
1286 4158 1437 4212 tuas
1481 4147 1578 4212 ita
1633 4145 1827 4224 ferre,
1885 4156 1964 4211 ut
2005 4146 2211 4214 eccle-

243 4230 371 4298 siae
415 4231 811 4317 scholasque
853 4239 1120 4300 nostrae
1175 4240 1362 4297 tuam
1404 4251 1671 4315 operam
1729 4230 2032 4299 addicere
2073 4253 2211 4299 non

241 4313 607 4385 dubitares:
666 4317 786 4384 sed
839 4318 1011 4383 mihi
1069 4327 1231 4385 tunc
1274 4337 1407 4383 non
1467 4316 1631 4384 adeo
1674 4318 2030 4384 molestum
2083 4318 2213 4385 fuit

241 4414 393 4469 voto
435 4404 766 4482 frustrari,
824 4424 1025 4486 quam
1081 4412 1312 4487 postea
1368 4403 1557 4469 triste
1601 4410 1672 4469 et
1713 4403 2023 4470 acerbum
2063 4405 2210 4484 fuit,

239 4486 309 4553 iu
349 4490 603 4557 misera
654 4511 825 4573 quae
866 4490 1180 4555 Lutetiae
1235 4488 1473 4556 accidit
1524 4488 1949 4572 dissipatione
2004 4498 2073 4555 te
2128 4490 2210 4557 ab

237 4573 450 4642 officio
511 4574 792 4642 docendi
846 4596 989 4641 esse
1044 4575 1409 4641 exclusum.
1429 4576 1486 4656 ²)
1575 4574 1746 4640 Erat
1797 4584 1976 4642 certe
2029 4575 2212 4643 labo-

241 4660 412 4728 riosa
455 4669 530 4727 et
571 4662 793 4728 tenuis
836 4660 1143 4740 conditio,
1189 4659 1274 4727 ad
1317 4682 1517 4744 quam
1559 4668 1628 4727 te
1669 4661 2021 4729 vocabam:
2077 4683 2213 4728 una

239 4756 465 4813 tamen
511 4749 586 4814 in
628 4769 701 4813 re
742 4747 960 4831 opinio
1003 4755 1072 4812 te
1116 4745 1391 4830 decepit,
1451 4745 1623 4831 quod
1667 4766 2020 4830 persuasus
2064 4767 2213 4815 eras

239 4830 308 4895 in
370 4833 799 4900 celeberrimo
864 4832 1128 4899 theatro
1193 4832 1487 4899 laborem
1551 4841 1742 4898 tuum
1805 4833 1945 4899 fore
1999 4833 2213 4919 magis

237 4917 470 4985 utilem
507 4940 589 4986 ac
629 4919 1057 4999 fructuosum,
1101 4938 1299 5003 quam
1342 4919 1418 4984 in
1456 4918 1584 4985 hoc
1616 4917 1898 4986 obscuro
1930 4939 2209 4987 recessu.

233 5140 506 5211 mela)
537 5144 648 5199 ino
678 5141 795 5199 ias·
826 5147 994 5198 antea
1024 5140 1094 5194 N.
1126 5139 1283 5197 2832.

442 5211 512 5280 2)
550 5212 613 5266 Η
731 5211 744 5224 “
854 5215 1076 5269 contra:
1147 5209 1382 5265 Mei-ciet
1465 5210 1522 5263 ui
1564 5209 1769 5263 n’avait
1806 5209 1965 5278 point
2007 5209 2096 5264 ete'
2127 5210 2209 5264 in-

237 5280 424 5348 quiete
459 5297 538 5335 en
575 5281 600 5333 1
711 5321 725 5348 ,
760 5280 846 5334 fut
877 5279 1061 5403 dmg
1094 5279 1178 5363 de·
1209 5279 1420 5362 quitter
1501 5278 1611 5333 aris
1644 5283 1706 5333 et
1737 5279 1794 5332 la
1825 5278 2039 5334 Franco
2071 5279 2209 5335 lors-

235 5364 342 5416 que
374 5350 436 5404 la
472 5350 709 5405 seconde
740 5366 940 5421 guerre
1079 5349 1312 5419 religion
1343 5346 1518 5404 eclats
1549 5347 1709 5417 (Vn.
1742 5345 1886 5417 328).

449 5434 676 5493 Οοῑοὲιιι·
707 5451 896 5506 opera.
977 5434 1091 5492 Vol.
1128 5432 1300 5489 xlx.

1996 424 2159 488 1562
2204 420 2534 491 OOTOB.

4153 426 4289 491 562

2315 610 2467 677 Etsi
2510 609 2689 678 enim
2732 608 3013 697 exiguus
3054 613 3157 676 est
3198 609 3739 677 scholasticorum
3780 630 4115 692 numerus,
4166 631 4289 679 eos

2315 702 2545 763 tamen
2599 703 2836 764 nactus
2890 716 3067 764 esses
3125 695 3499 780 discipulos,
3557 696 3796 781 quibus
3850 695 4162 781 prodesse
4215 705 4291 765 te

2313 782 2678 867 plurimum
2741 782 3037 850 iuvisset.
3143 783 3247 849 Ac
3310 781 3371 848 si
3429 781 3564 849 huc
3627 790 3698 848 te
3763 782 4139 865 contuleris,
4205 792 4287 850 ut

2315 888 2530 951 spero,
2588 867 2842 936 videbis
2884 889 3019 934 non
3076 866 3543 952 poenitendam
3601 868 3801 935 fuisse
3857 869 4289 952 provinciam.

2314 953 2423 1020 Ex
2465 973 2596 1038 quo
2638 961 2862 1021 autem
2904 953 3283 1020 calamitosa
3315 974 3483 1036 quae
3525 961 3795 1038 repente
3838 954 4073 1021 accidit
4115 962 4289 1020 tem-

2314 1046 2536 1124 pestas
2579 1042 2802 1106 omnia
2844 1040 3160 1106 Lutetiae
3202 1060 3467 1123 pessum
3519 1039 3719 1120 dedit,
3763 1038 3956 1107 valde
4000 1039 4283 1106 miratus

2316 1146 2485 1206 sum,
2545 1133 2612 1192 te
2656 1126 2815 1193 alibi
2869 1126 3245 1211 perfugium
3287 1146 3485 1209 quam
3528 1125 3703 1210 apud
3746 1147 3865 1192 nos
3906 1126 4282 1209 quaesiisse,

2314 1211 2473 1295 quia
2529 1232 2853 1296 nusquam
2933 1211 3352 1295 tranquillior
3418 1231 3494 1277 ac
3573 1210 3971 1278 commodior
4048 1212 4285 1278 suisset

2315 1297 2531 1364 statio.
2616 1298 2755 1363 Nec
2796 1317 2958 1364 vero
3012 1297 3268 1363 tamdiu
3313 1318 3353 1362 a
3395 1296 3736 1363 scribendo
3789 1318 4162 1378 cessassem,
4223 1299 4285 1363 si

2316 1384 2689 1468 suspicatus
2722 1383 2993 1450 fuissem
3016 1382 3285 1448 ubinam
3321 1391 3388 1448 te
3410 1383 3776 1466 reperirent
3808 1405 3995 1450 meae
4030 1383 4283 1450 literae.

2316 1469 2511 1535 Nunc
2568 1470 2723 1552 quia
2779 1470 3028 1536 amicus
3073 1467 3339 1553 quidam
3396 1467 3728 1535 facturum
3784 1491 3854 1536 se
3912 1469 4161 1553 recepit
4203 1479 4284 1534 ut

2316 1553 2440 1619 tibi
2496 1553 2952 1633 redderentur,
3012 1554 3266 1620 diutius
3324 1553 3748 1638 supersedere
3801 1555 3903 1621 fas
3955 1577 4093 1621 nou
4135 1556 4283 1622 fuit.

2314 1640 2443 1706 Est
2487 1642 2663 1706 enim
2709 1641 2817 1706 hic
2873 1641 2995 1708 tibi
3036 1649 3312 1724 paratus
3366 1640 3569 1720 labor,
3630 1661 3825 1724 quem
3882 1640 4029 1706 aliis
4072 1642 4287 1707 omni-

2314 1724 2440 1791 bus
2497 1726 3005 1811 praeferendum
3057 1724 3291 1807 iudico,
3346 1726 3607 1791 etiamsi
3660 1726 3871 1792 libera
3924 1727 4045 1792 tibi
4103 1727 4285 1811 optio

2316 1811 2525 1878 detur.
2615 1812 2812 1879 Nunc
2856 1832 3013 1878 vero
3069 1832 3273 1896 quum
3318 1810 3503 1877 Deus
3561 1819 3626 1878 te
3681 1811 3762 1877 ab
3815 1832 3893 1878 eo
3948 1812 4090 1879 loco
4134 1812 4281 1878 abs·

2314 1899 2624 1976 traxerit,
2685 1898 2797 1964 ubi
2854 1904 2920 1964 te
2974 1897 3259 1982 putabas
3312 1897 3700 1964 obstrictum
3720 1946 3736 1976 ,
3801 1920 3921 1965 cur
3972 1898 4080 1964 vel
4138 1918 4281 1964 mo-

2315 1991 2617 2050 mentum
2675 2006 2881 2051 unum
2939 1984 3204 2050 differas
3262 2004 3398 2048 non
3440 1980 3651 2064 vide0,
3709 1984 3869 2067 quin
3922 1984 4154 2049 saltem
4198 2005 4285 2050 ex

2315 2070 2652 2153 praesenti
2692 2069 2944 2136 intuitu
2986 2069 3237 2136 iudices
3271 2068 3428 2153 quid
3471 2069 3588 2134 abs
3631 2076 3700 2134 te
3742 2067 3995 2153 flagitet
4025 2069 4290 2153 publica

2314 2155 2586 2221 utilitas.
2648 2155 2937 2240 Singula
2959 2155 3267 2222 distincte
3289 2154 3410 2219 tibi
3433 2175 3759 2238 exponere
3782 2155 4043 2220 difficile
4080 2163 4281 2221 esset:

2314 2262 2547 2307 verum
2592 2242 2650 2307 si
2692 2241 2849 2326 quid
2893 2240 3067 2324 apud
3112 2246 3178 2306 te
3222 2240 3452 2304 valent
3496 2260 3679 2306 meae
3722 2261 3968 2324 preces,
4014 2262 4174 2325 rogo
4218 2248 4286 2307 et

2314 2326 2585 2394 obsecro
2650 2337 2727 2392 ut
2791 2327 3027 2394 saltem
3087 2347 3300 2391 unum
3364 2326 3479 2392 abs
3542 2333 3612 2392 te
3675 2327 4019 2410 impetrari
4082 2327 4280 2393 sinas.

2313 2412 2545 2496 Neque
2589 2413 2769 2478 enim
2813 2412 2993 2478 aliud
3036 2413 3111 2477 in
3154 2413 3526 2495 praesentia
3568 2411 3907 2490 contendo,
3966 2433 4164 2496 quam
4208 2423 4287 2478 ut

2315 2507 2542 2564 noster
2576 2500 2689 2579 sis,
2732 2497 2937 2565 donec
2973 2497 3100 2564 alio
3136 2507 3203 2564 te
3245 2504 3509 2564 revocet
3541 2498 3737 2564 officii
3772 2498 3869 2562 tui
3905 2499 4283 2564 necessitas.

2316 2582 2517 2664 Quod
2560 2585 2617 2649 si
2654 2585 2878 2651 minus
2910 2583 3217 2668 precibus
3252 2584 3598 2663 movearis,
3644 2583 3990 2650 consilium
4026 2604 4286 2668 quoque

2315 2668 2681 2753 interpono,
2750 2671 2857 2737 cui
2921 2670 2978 2736 si
3036 2671 3461 2753 obtemperes,
3527 2668 3838 2752 polliceor
3896 2678 3962 2735 te
4020 2691 4105 2735 ex
4159 2670 4285 2736 hac

2315 2756 2719 2839 profectione
2780 2756 2932 2841 plus
3009 2754 3369 2839 voluptatis
3441 2763 3821 2838 capturum,
3902 2776 4098 2839 quam
4164 2754 4291 2821 tibi

2317 2840 2631 2908 credibile
2673 2842 2781 2922 sit,
2829 2841 3036 2908 donec
3078 2842 3281 2907 fueris
3323 2851 3652 2924 expertus.
3726 2840 4041 2907 Accelera
4083 2841 4287 2990 igitur

2318 2934 2388 2994 et
2420 2936 2672 3011 quanta
2705 2927 2952 3011 poteris
2986 2927 3407 2994 festinatione
3442 2935 3509 2991 te
3547 2926 3737 2993 nobis
3772 2927 3949 2992 siste.
3970 2928 4027 3006 ³)
4161 2925 4264 2992 ale

2317 3013 2736 3081 ornatissime
2779 3014 2904 3090 vir,
2963 3021 3030 3081 et
3088 3012 3257 3079 mihi
3315 3033 3401 3079 ex
3454 3011 3677 3079 animo
3735 3011 4007 3080 colende
4061 3013 4283 3079 frater.

2316 3100 2647 3166 Dominus
2690 3108 2760 3167 te
2794 3100 3033 3184 spiritu
3068 3119 3188 3166 suo
3225 3120 3485 3183 semper
3516 3098 3858 3184 gubernet,
3894 3099 4137 3165 itinera
4172 3108 4291 3165 tua

2318 3183 2583 3271 dirigat,
2629 3193 2706 3251 ut
2749 3193 2814 3252 te
2857 3186 3043 3253 brevi
3085 3185 3480 3252 incolumem
3521 3204 3887 3252 cernamus.

2494 3270 2810 3339 Genevae
2855 3277 2956 3337 25.
3004 3270 3326 3339 Octobris.
3350 3269 3407 3357 ⁴)

3236 3407 3521 3474 Carolus
3564 3406 3898 3473 Passelius
3938 3414 4115 3472 tuus.

3102 3702 3509 3711 ψ-

3184 3952 3389 4025 3868.

2449 4112 2576 4178 LE
2622 4094 2929 4179 SENAT
2973 4093 3538 4280 Dszfflggs
3585 4110 3646 4174 A
3692 4107 3979 4176 cunm
4021 4107 4153 4174 Du

2486 4385 2601 4451 Aa
2643 4386 2802 4471 sajet
2843 4385 2918 4452 de
2958 4383 3233 4468 l'affaire
3274 4383 3351 4449 de
3394 4382 3628 4451 Milan.

2518 4555 2816 4627 (Archives
2850 4557 2921 4612 de
2955 4555 3193 4613 Geneve.
3258 4554 3480 4610 Lettres
3513 4555 3584 4609 de
3618 4556 3674 4609 la
3707 4553 4070 4624 Seigneurie.)

2486 4728 2933 4814 Magnifiques
2977 4725 3342 4812 Seigneurs
3384 4732 3507 4793 etc.
3595 4725 3779 4791 Nous
3832 4742 4040 4792 avons
4084 4745 4281 4792 recen

2313 4835 2435 4883 voa
2499 4800 2731 4882 lettres
2772 4834 2896 4898 par
2958 4812 3305 4899 lesquelles
3360 4832 3526 4878 nous
3591 4831 3799 4878 avons
3866 4811 4156 4877 entendu
4214 4811 4283 4877 la

2518 5070 2581 5135 3)
2699 5076 2706 5083 ’
2817 5076 2999 5127 tam
3033 5086 3153 5125 eum
3184 5070 3379 5136 fecisse
3410 5082 3525 5125 non
3558 5072 3796 5125 constat.

2517 5137 2582 5222 4)
2673 5210 2683 5221 ·
2764 5155 2915 5196 anno
2957 5138 3167 5223 ambiat·
3194 5142 3400 5219 potest„
3470 5138 3779 5222 Exemplar
3828 5136 4281 5207 antiquissimu-s

2557 5207 2771 5291 maneat
2802 5224 3060 5291 apruna
3092 5224 3281 5292 pana,
3316 5207 3434 5263 aba
3469 5205 4151 5331 mmxlffl‘bssffl
4180 5222 4283 5263 σε·

2311 5345 2425 5403 Sim
2483 5292 2909 5403 quoqcusffverm
2949 5277 3185 5348 cnut-oa.
3258 5276 3600 5347 prrapha
3635 5277 3901 5346 praebent
3947 5276 3976 5328 1
4127 5275 4287 5347 quod

3794 5429 3866 5485 36
