4900 6125
307 419 415 484 145

299 625 430 671 ram
469 607 536 667 et
575 601 1020 669 ministerium
1061 623 1289 669 meum
1344 600 1522 668 haud
1577 602 1717 668 fore
1759 602 2245 669 infructuosum

298 689 522 757 vocari.
612 685 871 755 Saltem
932 686 1088 754 inde
1152 694 1381 772 potero
1442 709 1709 756 causam
1766 687 2029 768 bonam,
2075 706 2244 771 quae

298 796 375 862 op
415 794 594 841 ressa
656 775 767 840 hie
831 774 958 840 fuit
1024 794 1234 840 annos
1300 773 1463 840 duos
1529 795 1684 840 cum
1727 772 2016 854 dimidio,
2089 794 2244 840 cum

297 796 733 928 aedificatione
773 859 1088 927 ecclesiae
1122 860 1314 925 tueri.
1382 857 1668 944 Reliqua
1709 877 1951 926 coram.
2011 858 2244 925 Domi-

297 968 413 1014 nus
449 945 640 1012 Iesus
688 955 757 1011 te
808 945 922 1011 diu
968 945 1365 1012 incolumem
1413 945 1602 1012 nobis
1637 951 1876 1011 servet.
1948 943 2011 1011 O
2047 946 2244 1011 mise-

293 1053 427 1098 ram
480 1030 730 1098 Christi
796 1031 1135 1099 ecclesiam
1196 1052 1365 1115 quae
1434 1028 1711 1097 subinde
1775 1031 2110 1098 veteribus
2176 1037 2246 1096 et

294 1117 545 1203 optimis
625 1117 921 1201 patribus
1001 1125 1069 1183 et
1147 1114 1523 1184 doctoribus
1582 1115 1880 1194 orbatur,
1948 1138 1990 1182 a
2051 1117 2243 1182 novis

293 1223 440 1269 vero
481 1203 806 1287 imperitis
840 1224 918 1269 88
952 1202 1219 1269 furiosis
1256 1202 1634 1268 hominibus
1667 1200 2030 1274 invaditur,
2076 1201 2241 1266 dila-

291 1289 517 1354 niatur.
576 1288 978 1355 Misereatur
1012 1290 1199 1355 Deus
1233 1289 1337 1355 sui
1369 1287 1619 1373 populi.
1680 1290 1916 1354 Amen.
1974 1287 2243 1370 Quanto

292 1372 501 1441 dolore
545 1375 854 1442 conficiar
896 1374 1068 1459 quod
1116 1375 1184 1439 in
1239 1374 1355 1441 tali
1412 1380 1591 1440 statu
1643 1374 1816 1441 hanc
1872 1373 2242 1457 relinquam

289 1460 593 1535 scholam,
635 1462 770 1525 imo
813 1468 1022 1526 totam
1065 1460 1421 1538 civitatem,
1467 1480 1699 1526 eversa
1733 1460 1933 1526 etiam
1969 1458 2243 1526 ecclesia

290 1545 644 1625 Gallicana,
708 1567 877 1630 quae
921 1565 1130 1612 annos
1192 1545 1457 1613 circiter
1516 1545 1790 1631 triginta
1854 1566 2088 1629 puram
2133 1544 2242 1611 hic

285 1633 552 1697 retinuit
605 1629 969 1698 doctrinam
1027 1653 1104 1698 ac
1159 1631 1581 1716 religionem,
1646 1639 1721 1697 tu
1777 1631 2015 1697 melius
2056 1638 2242 1715 potes

280 1719 1002 1870 ffitssssnlussffnffi
1018 1718 1283 1868 „3332
1325 1717 2241 1869 ἒξὲωέἱῗὶωνῧθᾶἓὶᾚ

282 1897 347 1953 et
397 1889 682 1973 reliquos
741 1910 986 1955 omnes.
1072 1888 1485 1974 Argentinae
1543 1890 1601 1954 7.
1641 1887 1979 1973 Septemb.
2048 1892 2233 1954 1563.

1169 2399 1373 2471 4818.

680 2554 1155 2623 GALVINUS
1194 2553 1837 2623 BULLINGERO.

438 2729 507 2794 A
583 2727 1114 2811 Quinquepayicis
1188 2746 1314 2793 non
1387 2732 1479 2792 est
1557 2725 1723 2808 quod
1784 2727 1911 2792 sibi
1976 2732 2033 2792 et
2094 2729 2236 2794 suis

265 2819 517 2893 aduae,
564 2815 752 2879 diam
774 2812 1301 2879 Ltdheranismus
1325 2811 1542 2878 Gallis
1557 2810 1811 2892 frustra
1853 2811 2232 2879 obtrudatur.

271 2899 542 2967 Interim
596 2920 766 2981 puer
826 2897 1096 2967 Carolus
1157 2900 1408 2964 veniam
1472 2898 1696 2962 edatis
1753 2898 2112 2979 immovit
2179 2906 2236 2966 et

264 2986 470 3052 altera
528 3007 608 3052 ex
650 2990 843 3067 parte
890 2985 1260 3050 Tur-iconam
1319 2984 1578 3049 minime
1633 2982 1886 3049 solliciti
1943 2985 2235 3051 videmur

263 3074 476 3155 quoad
520 3071 878 3156 periculum
938 3069 1400 3137 Genevensibus
1444 3091 1487 3136 a
1535 3068 1834 3135 Sabaudo
1874 3071 2231 3138 ionminens.

262 3242 378 3307 (Ex
413 3241 763 3364 autogranho
798 3240 1066 3294 Ionvrllae’
1068 3240 1088 3293 i
1123 3241 1181 3293 in
1216 3240 1380 3293 Arch.
1417 3239 1601 3292 Turio.
1638 3240 1786 3295 Plut.
1824 3240 1924 3294 VI.
1963 3241 2088 3294 Vol.
2113 3240 2235 3311 166,

260 3312 392 3366 olim
430 3312 579 3381 Epp.
661 3327 767 3364 om.
801 3307 886 3375 24,
923 3308 1017 3363 fol.
1049 3307 1135 3361 53.
1222 3307 1515 3377 Inscriptio
1570 3306 1915 3362 desideratur
1965 3310 2063 3363 sed
2110 3313 2235 3364 sub·

256 3381 494 3450 scriptio
530 3380 743 3435 calvini
798 3379 974 3432 adest.
1046 3377 1382 3446 Apograpba
1440 3375 1611 3429 habes
1664 3376 1779 3429 anti
1823 3376 1943 3430 8188
1995 3377 2051 3432 in
2099 3378 2232 3432 Ood.

258 3449 400 3504 Gen.
438 3447 591 3515 107⁸,
626 3448 718 3501 fol.
751 3444 857 3500 269
894 3463 945 3498 v.
983 3448 1288 3500 recentiora
1320 3446 1379 3499 in
1414 3444 1546 3501 eod.
1583 3443 1704 3507 108,
1738 3444 1792 3498 fo
1849 3443 1952 3498 134
1977 3450 2037 3499 et
2059 3444 2163 3499 158
2181 3463 2232 3498 v.

256 3517 393 3572 item
456 3519 517 3572 in
569 3517 699 3571 Cod.
737 3519 900 3570 Bern.
936 3515 1032 3568 VI.
1071 3512 1225 3569 1121.
1272 3512 1397 3567 VII.
1450 3530 1504 3582 p.
1560 3512 1663 3567 116
1716 3518 1778 3567 et
1819 3530 1906 3583 ap.
1945 3514 2237 3569 Simlerum

751 3585 872 3640 Vol.
907 3581 1028 3636 108.
1101 3584 1261 3637 Vere.
1299 3582 1442 3652 angl.
1478 3582 1575 3638 IV.
1609 3580 1759 3648 334)

440 3757 518 3824 S.
567 3755 761 3838 Quod
816 3776 887 3822 se
936 3753 1135 3820 vicini
1192 3754 1403 3820 vestri
1426 3753 1476 3837 ι)
1534 3753 1895 3820 insolenter
1952 3755 2238 3820 efferunt

260 3863 337 3909 88
380 3845 659 3919 iactant,
702 3842 907 3906 miror
941 3838 1261 3906 eiusmodi
1296 3840 1552 3906 naeniis
1586 3860 1704 3906 vos
1747 3841 2021 3919 moveri,
2067 3860 2237 3924 quae

257 3930 492 4012 potius
559 3926 971 4011 spernendae
1035 3946 1112 3992 88
1172 3946 1293 4009 pro
1357 3925 1568 3991 nihilo
1626 3923 1963 3991 ducendae
2025 3936 2235 3991 erant.

258 4013 444 4080 Nam
515 4013 629 4080 ubi
685 4032 807 4078 sua
863 4012 979 4077 illa
1030 4020 1504 4095 stratagemate
1561 4010 1891 4076 ediderint
1947 4013 2238 4078 nescitur

258 4101 332 4167 in
394 4109 547 4167 tota
590 4098 831 4165 Gallia.
918 4097 1073 4163 Duo
1132 4096 1377 4163 vexilla
1432 4096 1744 4162 Aureliae
1800 4095 2014 4163 locata
2077 4106 2238 4164 sunt

256 4187 333 4251 18
380 4184 737 4271 praesidio.
823 4182 1165 4265 Quosdam
1228 4203 1314 4248 ex
1355 4181 1490 4248 illis
1531 4181 1981 4249 somnolentos
2025 4184 2238 4250 nostri

255 4272 881 4357 expergefecernnt,
927 4289 1161 4334 verum
1205 4269 1450 4351 absque
1482 4269 1824 4353 sanguine.
1894 4268 2237 4336 Hactenus
2335 4303 2408 4360 Πο
2440 4300 2548 4358 253

256 4358 402 4425 11118
437 4356 654 4442 quieti
686 4355 1019 4433 sederunt,
1055 4374 1236 4420 nune
1269 4354 1420 4420 uvis
1455 4353 1947 4439 ingurgitandis
1967 4362 2236 4421 strenue

254 4443 692 4521 incumbunt,
760 4461 892 4507 non
957 4461 1144 4507 secus
1208 4462 1285 4508 ac
1347 4438 1527 4505 turdi
1590 4439 1893 4508 famelici.
1980 4439 2116 4522 Qui
2163 4442 2238 4507 in

252 4530 616 4596 obsidione
680 4528 925 4594 Portus
993 4526 1269 4594 Gratiae
1330 4528 1514 4592 fuere
1576 4527 1912 4610 superiore
1975 4525 2161 4592 clade
2179 4532 2236 4607 ¹⁸)

255 4614 601 4682 admoniti
667 4623 743 4680 ut
804 4612 929 4679 sibi
992 4618 1307 4680 caverent
1370 4633 1503 4677 non
1564 4613 1894 4697 progressi
1955 4620 2116 4679 sunt
2153 4611 2239 4678 ad

252 4701 525 4769 iactum
570 4699 871 4766 telorum.
931 4697 1133 4777 Galli,
1176 4699 1291 4781 qui
1327 4699 1596 4764 fuerant
1628 4696 2025 4777 audaciores,
2072 4699 2241 4764 acri-

254 4797 367 4853 ter
412 4796 584 4853 sunt
638 4785 907 4870 repulsi,
968 4791 1037 4850 et
1094 4805 1295 4868 quum
1360 4785 1567 4850 fossas
1611 4783 1957 4850 duxissent
1999 4784 2242 4850 emissa

253 4873 389 4938 fuit
448 4893 704 4956 magna
762 4872 862 4938 vis
918 4890 1242 4955 aquarum
1302 4868 1384 4936 ab
1429 4868 1669 4955 Anglis
1725 4890 1893 4954 quae
1948 4890 2059 4937 eos
2112 4870 2240 4937 cir-

251 5130 465 5187 401⁸.
496 5129 556 5197 1)
592 5129 869 5211 equom
902 5126 1171 5183 ωσιοιιοε.

486 5197 899 5267 Dsagperte
944 5202 994 5251 α
1040 5192 2248 5252 montisbellicisaddeditiomeoadn'

248 5268 513 5334 suen-8
658 5267 717 5321 1⁸⁶.
766 5265 947 5334 (Hist-
982 5265 1079 5320 des
1111 5265 1299 5321 8118888
1329 5262 1484 5321 κέ..
1559 5263 1741 5318 .289·
1780 5261 2248 5321 Mla-‚deonna

254 5336 358 5392 1v.
398 5335 546 5399 sm,-
898 5332 1280 5400 erasmae
1326 5333 1480 5391 nou
1595 5303 1796 5397 ,88)

484 5421 917 5489 abbionem
992 5420 1283 5479 rotxx.

1969 412 2137 479 1563
2177 409 2638 485 SEPTEMB.

4190 419 4316 482 146

2345 601 2771 668 cumveniret.
2843 599 3098 686 Magna
3129 601 3337 753 idgitur
3369 614 3626 689 strages
3659 601 3792 669 fuit
3822 600 4017 669 edita.
4089 601 4197 669 Ex
4233 624 4318 671 eo

2347 693 2645 771 tempore
2702 685 3078 754 bombardis
3179 694 3461 754 untaxat
3517 696 3890 774 pugnatum
3933 688 4061 755 fuit
4104 687 4314 757 donec

2345 772 2567 923 gilvis
2624 772 2950 839 deficeret.
3036 772 3237 855 Quod
3272 795 3479 859 quum
3514 773 3769 859 Anglos
3804 774 4042 841 lateret
4074 773 4160 840 ad
4195 773 4311 841 de-

2396 858 2660 924 ‘tionem
2707 867 2865 925 sunt
2911 858 3247 943 compulsi.
3321 860 3518 926 Nunc
3568 859 3814 926 bellum
3851 858 4312 927 recrudescere

2345 953 2603 1011 certum
2663 953 2783 1010 est.
2861 941 3058 1011 Ultro
3115 945 3291 1011 enim
3349 955 3419 1012 et
3474 946 3639 1013 citro
3696 947 3942 1029 captivi
4001 952 4314 1013 tenentur

2344 1029 2547 1115 legati
2584 1037 2813 1096 contra
2858 1029 2964 1096 ius
3014 1031 3331 1116 gentium.
3410 1032 3517 1098 En
3573 1051 3690 1097 cur
3733 1052 3843 1098 res
3889 1052 4043 1098 8888
4089 1039 4314 1117 gestas

2342 1116 2546 1183 vicini
2583 1117 2792 1181 vestri
2830 1114 3235 1183 ebuccinent.

2517 1203 2580 1267 A
2616 1201 2821 1286 copiis
2855 1221 3017 1284 quas
3050 1222 3227 1268 nunc
3261 1203 3606 1268 Lacernae
3639 1202 3960 1269 conscribi
3998 1201 4314 1270 admones

2343 1287 2558 1354 nostri
2592 1287 2719 1353 sibi
2754 1308 2886 1353 non
2921 1295 3250 1354 metuunt.
3311 1286 3491 1370 Quid
3525 1289 3705 1353 enim
3740 1290 3798 1354 si
3832 1298 4065 1355 contra
4084 1287 4312 1356 hostes

2343 1372 2734 1439 armentur?
2806 1372 2981 1439 Nam
3015 1374 3221 1459 Regis
3279 1372 3549 1440 consilio
3585 1373 3918 1459 displicuit
3950 1373 4195 1441 milites
4238 1376 4310 1440 in

2344 1458 2709 1526 Germania
2758 1459 3052 1543 ipsorum
3100 1457 3471 1544 sumptibus
3520 1459 3760 1544 colligi,
3797 1468 3864 1526 et
3904 1459 4040 1526 illis
4075 1480 4311 1528 severe

2342 1544 2768 1611 interdictum
2825 1565 2909 1610 ne
2943 1553 3245 1630 pergant.
3317 1546 3596 1612 Detecta
3631 1546 3830 1611 etiam
3867 1545 3998 1611 fuit
4030 1546 4308 1612 scelesta

2341 1630 2742 1714 conspiratio
2764 1651 2932 1714 quae
2952 1651 3180 1696 eorum
3203 1633 3624 1698 autoritatem
3646 1632 3981 1716 infringet.
4037 1632 4309 1698 Interea

2342 1736 2605 1782 summa
2658 1717 3079 1783 contentione
3126 1716 3375 1803 Reyina
3431 1714 3513 1783 de
3563 1716 3680 1782 filii
3739 1717 4109 1783 maioritate
4165 1738 4310 1784 cer·

2342 1809 2458 1867 tat.
2480 1804 2537 1879 ⁸)
2625 1800 2927 1868 Vixdum
2974 1824 3221 1868 anuum
3282 1803 3608 1869 decimum
3668 1802 3944 1868 tertium
4002 1823 4310 1888 egressus

2342 1894 2462 1966 est,
2522 1908 2594 1953 se
2650 1895 2875 1953 tamen
2917 1888 3061 1971 ipse
3114 1889 3432 1955 maiorem
3489 1888 3956 1972 pronunciavit
4010 1890 4083 1954 in
4125 1889 4311 1957 curia

2341 1972 2884 2059 Rothomagensi,
2929 1973 3126 2058 idque
3185 1973 3267 2041 de
3321 1974 3651 2041 sententia
3694 1975 3927 2041 matris
3970 1984 4040 2041 et
4080 1995 4311 2059 prooe-

2340 2080 2509 2138 rum,
2555 2058 2630 2125 in
2665 2059 2903 2142 quibus
2945 2060 3202 2143 primus
3244 2066 3633 2126 numeratur
3675 2060 3879 2125 frater
3923 2060 4062 2126 dux
4107 2062 4314 2127 Aure—

2341 2144 2672 2224 lianensiS,
2784 2166 2906 2211 uer
2969 2165 3294 2212 annorum
3354 2145 3677 2212 undecim.
3765 2144 3974 2212 Vides
4029 2167 4161 2230 quo
4204 2145 4312 2212 lu-

2341 2227 2540 2296 dibrii
2582 2166 2894 2298 recidxbrit
2936 2232 3245 2316 antiquus
3287 2232 3479 2317 regni
3535 2231 3717 2297 illius
3760 2252 3794 2296 8
3839 2230 4086 2298 lendor.
4174 2231 4311 2298 Pa-

2339 2315 2653 2383 risienses
2740 2316 3076 2384 decretum
3159 2316 3326 2383 illud
3411 2316 3764 2400 repudiant
3784 2321 3812 2357 ⁴
3916 2324 3987 2382 et
4048 2318 4306 2383 merito.

2339 2400 2516 2467 Nam
2561 2422 2769 2486 quum
2811 2410 3063 2487 septem
3107 2403 3245 2468 sint
3288 2424 3367 2469 88
3416 2423 3636 2469 remae
3680 2423 3905 2469 cunae
3947 2401 4018 2467 in
4065 2401 4307 2481 Gallia,

2341 2507 2463 2553 sex
2529 2488 2797 2553 nonnisi
2853 2488 2939 2554 ad
2994 2489 3098 2554 ius
3156 2488 3345 2556 dicen
3394 2510 3507 2554 um
3560 2496 3822 2554 creatae
3885 2497 4062 2554 sunt.
4148 2486 4310 2555 Sola

2340 2581 2567 2638 autem
2621 2572 3018 2640 Parisiensis
3085 2574 3241 2639 olim
3302 2594 3468 2658 quae
3525 2573 3609 2641 ad
3671 2573 4058 2642 universum
4112 2575 4306 2659 regni

2338 2664 2589 2724 statum
2634 2658 3018 2742 spectabant
3060 2669 3346 2726 tractare
3383 2660 3579 2726 solita
3621 2667 3738 2726 est.
3812 2658 4211 2744 Quanquam
4246 2660 4307 2725 si

2382 2742 2499 2809 uid
2568 2745 2824 2812 ratione
2900 2746 3092 2812 fieret
3168 2757 3306 2812 tres
3383 2745 3648 2811 ordines
3732 2744 4013 2811 vocandi
4091 2750 4301 2812 erant.

2406 2827 2520 2894 uid
2565 2828 2680 2895 uid
2744 2832 2848 2908 sit,
2916 2832 3067 2897 Rex
3129 2831 3344 2898 invita
3406 2839 3647 2897 natura
3708 2831 3919 2896 maior
3982 2832 4114 2910 fiet,
4181 2852 4304 2899 nec

2339 2914 2521 2980 81188
2570 2936 2608 2981 8
2674 2936 2873 2998 quam
2915 2936 2955 2981 a
2998 2938 3070 2984 se
3106 2916 3255 3000 ipso
3302 2917 3563 2982 veniam
3609 2917 3843 2982 aetatis
3899 2916 4301 3000 impetrabit,

2337 3021 2538 3151 388111
2582 3000 2732 3068 81118
2773 3000 3128 3069 concedere
3174 3004 3244 3069 in
3289 3003 3561 3069 arbitrio
3593 3002 3911 3088 principis
3945 3024 4088 3070 esse
4119 3002 4304 3087 leges

2383 3094 2594 3154 ocent.
2667 3087 2802 3154 Ubi
2849 3089 3049 3155 fuerit
3101 3087 3335 3154 urbem
3387 3089 3728 3174 ingressus
3787 3088 4011 3173 populi
4054 3087 4303 3155 tumul·

2336 3173 2591 3239 tuantis
2650 3173 2979 3240 insaniam
3037 3194 3444 3258 compescere
3497 3175 3903 3259 propositum
3947 3181 4064 3241 est.
4140 3173 4303 3243 Gon-

2337 3258 2664 3325 noi-stabilis
2707 3257 3016 3338 edictum,
3082 3281 3211 3344 quo
3256 3260 3411 3326 data
3452 3268 3556 3325 est
3596 3260 3890 3328 ecclesiis
3930 3261 4177 3326 nostris
4221 3260 4303 3326 11-

2340 3343 2562 3409 bertas
2627 3353 2694 3410 et
2760 3346 3078 3411 securitas
3133 3347 3478 3429 promissa,
3546 3347 3970 3430 pertinaciter
4013 3344 4306 3412 defendit

2338 3449 2414 3496 ac
2460 3428 2697 3496 debere
2738 3431 2966 3515 vigere
3008 3440 3251 3498 censet.
3269 3433 3330 3514 ⁶)

2512 3513 2619 3581 De
2662 3518 3057 3601 Augustana
3100 3517 3508 3584 confessione
3528 3515 3584 3601 ⁶)
3628 3536 3895 3583 causam
3933 3536 4070 3582 non
4112 3515 4303 3583 video

2336 3620 2459 3666 cur
2499 3607 2846 3684 tantopere
2887 3603 3095 3668 simus
3139 3603 3348 3668 anxii:
3398 3603 3643 3668 frustm
3684 3603 3863 3668 enim
3898 3600 4304 3683 obtrudetur,

2337 3685 2496 3768 quia
2581 3707 2793 3769 neque
2867 3708 3012 3754 eam
3088 3689 3437 3772 quisquam
3500 3709 3583 3753 ex
3649 3689 3928 3773 papistis
3991 3687 4302 3769 admittit,

2337 3772 2548 3836 nostri
2592 3792 2752 3838 vero
2795 3781 3068 3840 strenue
3111 3774 3423 3840 reiicient.
3496 3774 3599 3839 Ne
3633 3773 3793 3858 quid
3835 3782 4058 3839 tamen
4101 3773 4305 3839 detri-

2337 3858 2548 3922 menti
2612 3879 2696 3923 ex
2741 3870 2968 3924 nostra
3009 3860 3267 3926 incuria
3309 3861 3651 3944 contingat
3693 3878 3961 3943 operam
4005 3859 4307 3925 dedimus

2338 3950 2408 4008 et
2434 3962 2632 4026 porro
2667 3941 2985 4010 dabimus.
3047 3945 3184 4011 Sed
3207 3944 3365 4029 quid
3385 3966 3505 4012 vos
3540 3944 3840 4012 interea?
3860 3945 3920 4030 ⁷)
3977 3945 4306 4011 Privatim

2548 4233 2611 4299 3)
2648 4233 2733 4301 of.
2769 4232 2852 4291 N.
2885 4232 3044 4291 4012.
3117 4233 3284 4292 Mem.
3335 4235 3404 4289 ae
3460 4231 3645 4291 conae<
3695 4235 3792 4291 1v.
3842 4232 3978 4303 574,-
4049 4233 4311 4305 Lama

2545 4369 2582 4425 4
2644 4370 2808 4426 Μέιι.
2843 4369 2913 4427 de
2951 4371 3135 4428 Οοηᾶέ
3168 4372 3274 4428 IV.
3307 4369 3415 4427 582
3448 4387 3563 4443 sqq.

2543 4440 2582 4561 ἓ
2638 4439 2922 4564 INM‘onX.
2955 4440 3061 4495 319
3094 4445 3277 4497 exstat
3307 4444 3429 4497 cius
3470 4441 3706 4511 epistola
3740 4440 3809 4495 de
3841 4440 3947 4496 luae
3980 4455 4043 4495 rc
4075 4440 4305 4510 sm·

2645 4577 2720 4632 N.
2757 4577 2913 4632 3956.
2951 4577 3209 4648 Lanquet
3242 4577 3297 4633 d.
3332 4576 3389 4633 d.
3424 4575 3507 4631 15.
3537 4577 3682 4646 Sept.
3723 4576 3820 4641 (11.
3856 4574 4022 4641 261).-
4068 4576 4156 4630 Ex
4191 4593 4303 4647 quo

2341 4644 2626 4701 Sabaudus
2661 4648 2948 4701 restitutus
2983 4653 3070 4701 est
3101 4648 3157 4702 in
3191 4664 3344 4701 suam
3363 4646 3628 4701 ditionem
3662 4644 3925 4700 celebrati
3958 4650 4089 4699 sunt
4115 4646 4304 4716 plnres

2341 4722 2644 4769 conventus
2678 4715 2749 4769 ad
2783 4716 3187 4786 componendas
3221 4715 3622 4771 controversias
3667 4715 3816 4769 inter
3860 4714 3880 4766 i
3949 4730 4041 4767 nm
4077 4719 4136 4768 et
4169 4714 4304 4768 Ber·

2342 4790 2502 4838 nates
2554 4791 2613 4837 et
2664 4785 2957 4853 plurimum
3002 4786 3058 4838 iu
3105 4801 3172 4838 ea
3217 4801 3277 4839 re
3329 4785 3652 4839 laborarunt
3685 4782 3943 4837 Helvetii.
4014 4782 4305 4840 Postremo

2342 4854 2613 4907 Bernates
2650 4853 3059 4922 (declararunt)
3091 4870 3152 4907 se
3186 4853 3534 4909 constituisse
3568 4851 3705 4905 nihil
3738 4867 3962 4920 prorsus
4009 4852 4304 4906 restituere

2343 4920 2595 5004 Sabando
2642 4939 2808 4991 quum
2853 4922 3019 4976 toties
3066 4924 3330 5006 recusarit
3372 4938 3483 4976 non
3526 4921 3742 5002 iniqnss
3787 4920 4128 4974 conditiones
4163 4937 4198 4973 8
4241 4936 4304 4974 88

2341 4991 3660 5140 ἓΞῖἕὲἛωΔέἧῖἓΕἫῖῗῑέἶῶῗὲῗέἒ
3693 4989 3890 5112 232³
3910 4994 4306 5139 qffia'xffit

2342 5129 2580 5183 restitui.
2650 5129 2752 5194 Qui
2795 5146 2960 5199 quum
3007 5145 3196 5184 omnes
3247 5128 3657 5198 respondissent
3707 5143 3767 5181 88
3809 5125 3955 5180 nolle
4042 5126 4306 5195 mdquam

2343 5198 2581 5264 restitui,
2626 5198 2891 5252 Bet-nates
2936 5197 3198 5252 dixerunt
3231 5197 3525 5252 verendum
3571 5212 3690 5250 8888
3726 5211 3794 5249 118
3829 5194 4007 5250 esban
4046 5211 4110 5248 88
4142 5210 4306 5250 cone·

2342 5271 2437 5321 tur
2472 5268 2578 5320 sibi
2613 5266 2768 5320 adem
2809 5272 2871 5321 ta
2904 5267 3073 5322 armis
3115 5274 3368 5350 repetere
3415 5274 3472 5321 et
3516 5272 3814 5335 propterea
3846 5267 4177 5317 monuerunt
4208 5278 4310 5318 888

2342 5336 2733 5407 utdiligenter
2805 5341 3383 5406 eearecogitarent
3423 5350 3526 5390 nec
3569 5335 3627 5389 in
3672 5332 4318 5403 magistr-tummim
