4900 6125
291 419 429 480 385

281 602 587 669 rioribus
642 603 870 671 diebus
927 603 1011 671 ad
1063 613 1393 672 nostrates
1450 607 1773 690 scripsisti
1802 612 1852 684 ¹)
1908 607 1976 672 in
2032 606 2269 690 quibus

283 709 437 753 non
481 689 694 755 solum
740 711 850 757 eos
895 691 1181 758 hortaris
1225 703 1304 758 ut
1338 693 1408 757 in
1445 693 1744 777 pristina,
1790 693 1915 760 hoc
1950 703 2071 772 est,
2115 713 2274 758 vera

283 773 432 840 fide
477 773 730 841 Christi
776 785 1093 843 maneant
1109 829 1124 854 ‚
1193 799 1424 843 verum
1482 779 1681 844 etiam
1726 777 1918 846 doces
1961 778 2272 863 quemad·

281 860 572 927 modum
632 861 909 946 quisque
965 865 1192 929 vivere
1248 863 1514 940 debeat,
1584 881 1651 929 et
1708 885 1938 931 mones
1983 876 2059 929 ut
2103 864 2272 929 nihil

284 947 718 1013 committant
761 949 930 1031 quod
975 949 1338 1016 christiana
1382 950 1722 1017 vocatione
1777 949 2128 1034 indignum
2172 951 2272 1016 vi-

285 1029 553 1097 deatur.
647 1034 943 1117 Mihique
1009 1047 1393 1119 pergratum
1460 1037 1615 1116 erit,
1691 1048 1759 1101 et
1824 1049 1900 1102 ut
1966 1037 2271 1102 existimo

281 1118 611 1184 eeclesiae
665 1122 1117 1203 maximopere
1177 1121 1368 1201 utile,
1436 1124 1493 1187 si
1551 1124 1813 1205 saepius
1870 1121 1954 1188 ad
1999 1122 2146 1188 illos
2192 1143 2271 1187 ea

283 1204 641 1288 scripseris
661 1256 676 1283 ,
757 1216 877 1270 aut
952 1207 1154 1273 etiam
1234 1207 1476 1274 librum
1542 1207 1956 1292 παραινετικόν
2034 1207 2270 1292 gallice

281 1295 621 1374 scriptum
679 1290 990 1371 edideris,
1012 1294 1070 1372 2)
1159 1293 1228 1357 in
1288 1313 1418 1376 quo
1476 1294 1855 1360 huiusmodi
1924 1304 2271 1376 praecepta

282 1389 370 1441 et
411 1378 661 1442 monita
705 1377 1190 1462 complectaris,
1259 1380 1495 1463 quibus
1565 1381 1699 1445 vita
1742 1380 2153 1464 singulorum
2197 1380 2269 1444 in

279 1462 531 1529 officiis
588 1461 953 1547 studiisque
1011 1465 1272 1547 pietatis
1340 1466 1747 1531 instituatur.
1839 1465 2012 1531 Nam
2057 1465 2268 1550 expli·

283 1569 452 1615 care
495 1548 698 1615 nullis
746 1550 965 1615 verbis
1011 1570 1271 1632 possem
1316 1571 1516 1633 quam
1562 1551 1700 1616 sint
1743 1551 2155 1635 negligentes
2202 1561 2271 1616 et

237 1657 244 1662 ⁴
281 1633 789 1700 concionatores
832 1636 905 1699 in
951 1635 1054 1700 his
1094 1638 1265 1701 vitae
1300 1637 1702 1703 christianae
1736 1637 1968 1703 officiis
2004 1637 2268 1702 traden-

284 1718 403 1785 dis
448 1729 516 1784 et
556 1723 795 1785 caeteri
841 1721 912 1786 in
955 1719 1189 1788 iisdem
1234 1721 1543 1798 colendis,
1598 1737 1715 1787 aut
1757 1724 1959 1788 etiam
2005 1724 2269 1806 utrique

277 1804 722 1890 impudentes
780 1809 845 1871 in
903 1808 984 1872 iis
1043 1808 1227 1874 vitiis
1283 1822 1350 1873 et
1414 1810 1698 1891 peccatis
1742 1809 1978 1892 quibus
2022 1810 2271 1891 optima

281 1891 638 1975 religionis
704 1894 1018 1975 professio
1084 1892 1504 1959 deformatur.
1617 1895 1698 1959 In
1767 1905 2020 1959 tantam
2091 1896 2271 1960 enim

280 1977 436 2042 iam
479 1979 968 2061 corruptionem
1009 1980 1530 2063 pravitatemque
1575 1979 1824 2064 delapsi
1867 2002 2130 2059 sumus,
2195 1989 2274 2046 ut

281 2064 418 2145 qui
461 2063 531 2128 in
574 2063 855 2129 aliorum
900 2065 1110 2130 vitam
1156 2065 1382 2131 lumen
1425 2065 1752 2149 quoddam
1796 2066 2042 2132 inferre
2079 2065 2272 2131 debe-

279 2170 525 2214 remus
545 2169 904 2234 eorumque
926 2150 1229 2217 tenebras
1253 2150 1666 2236 redarguere,
1685 2174 1862 2218 nuuc
1885 2172 2009 2218 nos
2036 2151 2119 2218 ab
2140 2151 2272 2218 illis

280 2253 766 2319 coarguamur‚
835 2247 904 2301 et
969 2239 1154 2319 quasi
1214 2247 1476 2302 autores
1534 2248 1599 2302 et
1666 2239 2064 2321 professores
2126 2246 2272 2302 tum

281 2319 638 2387 doctrinae
682 2331 826 2386 tum
873 2323 1047 2387 vitae
1091 2323 1332 2406 impiae
1392 2335 1457 2388 et
1518 2325 1871 2390 sceleratae
1916 2324 2270 2407 reprehen-

281 2406 551 2472 damur.
667 2406 926 2489 Quibus
995 2409 1290 2474 iustitiae
1370 2411 1839 2476 sanctimoniae
1911 2409 2270 2475 modestiae

279 2493 646 2577 omnisque
705 2494 972 2559 virtutis
1030 2497 1332 2580 magistri
1394 2495 1708 2561 debemus
1753 2516 1893 2561 esse
1914 2547 1928 2572 ‚
1998 2496 2104 2561 his
2148 2515 2271 2560 nos

283 2577 606 2644 videmur
662 2577 988 2661 desperati
1034 2581 1231 2663 plane
1276 2601 1351 2645 ac
1407 2580 1646 2663 perditi
1694 2581 2023 2660 homines,
2089 2582 2270 2647 omni

279 2663 446 2748 lege
493 2664 942 2749 religioneque
986 2667 1214 2732 soluti:
1262 2687 1337 2732 ac
1374 2666 1555 2752 digni
1593 2668 1859 2750 quidem
1895 2667 2269 2734 iudicamur

279 2751 414 2834 qui
455 2749 758 2816 omnibus
802 2760 867 2815 et
913 2750 1162 2817 divinis
1203 2761 1268 2816 et
1325 2752 1634 2818 humanis
1693 2750 1948 2818 iudiciis
2014 2753 2268 2836 suppli·

281 2837 418 2902 ciis
476 2855 911 2903 coerceamur.
1003 2838 1179 2904 Hinc
1234 2846 1368 2903 tam
1427 2859 1673 2921 parvus
1724 2838 2055 2923 evangelii
2115 2860 2266 2921 pro·

281 2943 583 3006 gressus,
631 2925 798 2987 tanti
843 2934 1108 3005 tamque
1152 2924 1512 2989 turbulenti
1560 2935 1806 3002 motus,
1865 2924 2102 3008 quibus
2147 2926 2266 2989 ho·

279 3009 515 3075 mines
572 3009 664 3092 pii
723 3021 790 3073 et
847 3009 1126 3076 modesti
1194 3011 1641 3094 maximopere
1683 3010 2157 3094 perturbantur
2201 3018 2269 3076 et

279 3104 647 3160 vexantur.
740 3094 1071 3160 Dominus
1115 3118 1233 3178 pro
1277 3118 1397 3163 sua
1441 3097 1949 3163 mansuetudine
2001 3106 2068 3161 et
2111 3117 2266 3162 con·

281 3180 652 3246 suetudine
718 3183 926 3247 nostri
993 3181 1280 3265 aliquam
1327 3181 1843 3248 misericordiam
1888 3184 2132 3265 capiat,
2202 3192 2268 3248 et

279 3276 414 3331 aut
481 3266 650 3331 hanc
717 3278 969 3332 tantam
1039 3270 1397 3351 nequitiam
1466 3270 1981 3351 iniustitiamque
2060 3267 2265 3345 tollat,

279 3362 414 3418 aut
457 3372 576 3417 nos
621 3354 733 3435 qui
778 3354 996 3436 ipsum
1032 3356 1391 3418 metuimus
1450 3375 1530 3419 ex
1577 3353 1702 3420 hac
1747 3355 2089 3419 hominum
2134 3354 2268 3419 col-

277 3437 566 3503 luvione
610 3438 864 3522 eripiat.
949 3438 1084 3505 Sed
1126 3461 1242 3522 per
1286 3440 1588 3517 eundem,
1635 3441 1728 3505 mi
1772 3440 2108 3506 carissime
2136 3440 2268 3505 fra·

279 3534 436 3601 ter,
479 3532 546 3589 te
590 3526 786 3589 etiam
832 3534 1027 3607 atque
1073 3526 1272 3590 etiam
1320 3524 1745 3591 vehementer
1787 3547 1982 3609 rogo,
2029 3532 2106 3589 ut
2147 3546 2269 3609 pro

281 3630 378 3673 ea
443 3611 768 3694 sapientia
835 3612 1138 3693 spiritus,
1208 3631 1402 3694 quam
1451 3612 1778 3676 Dominus
1837 3610 1960 3676 tibi
2013 3611 2266 3689 tribuit,

279 3695 515 3778 aliqua
558 3695 848 3761 remedia
892 3698 1140 3780 cogites
1202 3710 1396 3779 atque
1455 3697 1784 3775 adhibeas,
1832 3696 2064 3779 quibus
2112 3697 2267 3763 huic

280 3792 520 3846 tantae
563 3784 932 3849 communis
989 3783 1300 3848 ecclcsiae
1357 3782 1752 3866 turpitudini
1798 3792 1864 3847 et
1908 3783 2266 3848 calamitati

277 3867 546 3932 mederi
591 3867 818 3951 possis.
895 3868 1154 3932 Poteris
1192 3869 1260 3933 iu
1301 3888 1381 3932 ea
1427 3871 1600 3933 vitae
1634 3869 2051 3934 institutione
2087 3888 2265 3934 com-

277 3973 664 4019 memorare
709 3975 896 4019 casus
954 3975 1184 4020 omnes
1242 3952 1478 4037 quibus
1516 3956 1721 4019 animi
1765 3954 2106 4019 hominum
2151 3956 2266 4019 bo-

281 4059 534 4105 norum
581 4039 664 4105 ad
720 4038 1014 4106 studium
1062 4041 1322 4122 pietatis
1372 4041 1789 4105 innocentiae
1833 4059 1909 4104 ac
1949 4041 2267 4105 sanctita-

281 4126 389 4190 tis
432 4126 820 4204 excitentur,
867 4138 935 4191 et
971 4123 1370 4191 denunciare
1409 4146 1522 4191 eas
1557 4125 1989 4210 gravissimas
2023 4146 2268 4209 poenas

281 4232 462 4295 quas
503 4211 836 4278 Dominus
896 4222 962 4275 et
1019 4212 1089 4275 in
1153 4211 1275 4277 hac
1321 4212 1460 4276 vita
1504 4224 1573 4276 et
1617 4215 1682 4276 in
1733 4214 1954 4276 futura
1995 4214 2266 4277 commi·

281 4306 512 4378 natur,
578 4299 688 4381 qui
756 4320 876 4363 suo
957 4298 1371 4363 sanctissimo
1454 4299 1716 4364 nomine
1794 4297 2268 4381 evangelioque

281 4383 614 4450 scelerate
657 4383 1039 4460 abutuntur,
1087 4392 1161 4447 ut
1197 4396 1263 4447 et
1307 4384 1757 4450 recordatione
1802 4383 2268 4449 beneficiorum

283 4468 706 4545 collatorum,
751 4480 818 4534 et
859 4472 1349 4552 exspectatione
1395 4471 1783 4545 futurorum,
1830 4478 1897 4533 et
1936 4477 2118 4534 metu
2161 4470 2268 4533 iu-

283 4555 611 4620 diciorum
682 4576 758 4621 ao
823 4556 1290 4638 suppliciorum
1359 4558 1631 4638 quisque
1698 4558 1766 4620 iu
1811 4555 2029 4621 officio
2075 4576 2265 4620 vera·

283 4661 427 4725 que
471 4642 599 4707 fide
643 4643 1075 4707 contineatur.
1151 4643 1320 4706 Nam
1367 4664 1446 4706 ea
1489 4640 1757 4724 quidem
1800 4640 2099 4706 doctrina
2143 4641 2267 4705 hoc

285 4740 592 4811 tempore
647 4729 934 4792 maxime
979 4742 1079 4792 est
1137 4726 1528 4803 adhibenda,
1575 4748 1706 4809 qua
1748 4729 1816 4791 in
1865 4728 1969 4792 his
2013 4738 2264 4810 postre-

283 4815 425 4879 mis
489 4813 719 4879 diebus
786 4814 989 4878 animi
1053 4833 1282 4877 eorum
1346 4815 1457 4896 qui
1512 4813 1825 4897 pietatem
1871 4814 2266 4896 profitentur

289 4976 370 4983 ———-
387 4974 534 4979 ---
567 4974 708 4981 μ,

282 5068 483 5124 4148.
510 5070 565 5136 l)
608 5068 1878 5139 Quacumfflaefuerint,haudfaeilcdioeeris.
1930 5068 2266 5135 Gaufrem

285 5144 501 5207 madai
547 5139 614 5194 dc
659 5139 759 5193 sva
801 5155 967 5210 quau·
1013 5154 1116 5193 nos
1162 5140 1262 5193 sub
1301 5138 1376 5193 N.
1413 5138 1510 5192 931
1549 5139 1913 5201 &hebui-m,
1959 5154 2016 5192 a.
2054 5138 2109 5191 d.
2149 5136 2262 5192 IX.

293 5207 423 5264 001.
454 5210 595 5276 Aua.
633 5207 769 5263 1547
806 5206 1033 5276 meta,
1071 5212 1123 5262 et
1156 5208 1287 5262 inde
1322 5224 1528 5262 annum
1566 5207 1796 5269 definire
1828 5214 2077 5263 conatur.
2151 5205 2264 5263 ma

285 5292 425 5335 σοι-ο
459 5294 571 5332 non
743 5279 754 5289 '
829 5280 839 5289 ‘
923 5276 1001 5331 ad
1035 5275 1440 5331 Nemausenses.
1508 5276 1733 5337 (Bulla.
1770 5276 1804 5331 l.
1841 5294 1885 5332 c.
1918 5292 1976 5346 p.
2010 5274 2160 5344 398.)

505 5347 568 5405 2)
659 5350 769 5402 alie
807 5364 922 5399 nou
955 5350 1147 5401 aaut.

508 5431 729 5487 cavino·
747 5446 936 5502 opem.
1013 5430 1125 5487 Vol.
1171 5430 1305 5487 XX.

1935 416 2731 486 SUPPLEMENTUM.

4226 422 4354 487 386

2378 606 2459 672 ab
2497 606 2677 671 omni
2721 604 3031 671 illusione
3072 613 3139 671 et
3186 607 3478 672 vanitate
3515 606 3712 673 huius
3748 607 3977 673 mundi
4018 607 4105 673 ad
4130 609 4352 674 Deum

2378 693 2485 774 pie
2551 699 2863 775 casteque
2928 690 3279 757 colendum
3325 691 3797 776 Christumque
3864 693 4349 776 redemptorem

2378 776 2906 861 exspectandum
2962 785 3465 857 convertantur,
3528 787 3864 862 totamque
3910 780 4350 863 poenitentiae

2374 864 2703 929 rationem
2748 874 2817 928 et
2857 861 3000 929 vim
3045 885 3151 928 am
3199 862 3544 930 lectantur.
3611 862 3747 930 Sed
3786 875 3859 930 tu
3897 867 4063 931 haec
4098 865 4353 932 melius.

2548 946 2685 1030 Qui
2731 949 2852 1014 has
2894 947 3015 1013 tibi
3058 970 3129 1014 re
3177 947 3344 1014 didit
3387 970 3522 1015 non
3567 957 3671 1017 est
3713 970 3799 1016 ex
3840 950 4106 1018 illorum
4142 950 4353 1017 homi-

2380 1055 2548 1099 num
2593 1055 2836 1118 genere
2882 1056 2958 1101 ac
3003 1056 3278 1101 numero
3321 1055 3599 1118 quorum
3635 1056 3837 1119 supra
3871 1059 4023 1104 cum
4058 1038 4352 1103 maximo

2373 1119 2583 1185 animi
2629 1119 2853 1186 dolore
2902 1120 3307 1187 mentionem
3352 1120 3496 1200 feci,
3542 1121 3657 1187 sed
3702 1142 3785 1187 ex
3830 1122 3915 1188 iis
3951 1122 4065 1206 qui
4100 1130 4168 1189 et
4202 1143 4352 1189 mea

2372 1205 2938 1272 commendatione
2983 1214 3051 1272 et
3098 1214 3212 1272 tua
3256 1205 3714 1273 benevolentia
3758 1208 4062 1294 perdigni
4121 1209 4350 1275 existi-

2371 1291 2597 1356 mandi
2664 1303 2840 1358 sunt.
2929 1291 3105 1358 Nam
3168 1314 3373 1376 quum
3439 1292 3511 1357 in
3578 1293 3760 1358 omni
3822 1295 3997 1360 vitae
4042 1307 4229 1377 parte
4272 1316 4350 1361 ac

2371 1377 2850 1444 consuetudine
2910 1389 3052 1443 tum
3117 1379 3186 1444 in
3230 1389 3646 1446 sacrosancto
3696 1380 3878 1446 verbi
3923 1379 4351 1464 praedicandi

2372 1482 2647 1529 munere
2690 1464 2827 1529 iam
2872 1463 2985 1529 diu
3029 1464 3125 1528 ita
3159 1485 3231 1530 se
3266 1465 3473 1548 gessit
3508 1473 3586 1529 ut
3620 1466 3810 1532 nobis
3847 1473 4116 1549 propter
4153 1487 4349 1532 suam

2371 1548 2758 1615 modestiam
2803 1559 2870 1615 et
2905 1551 3298 1634 probitatem
3342 1559 3409 1615 et
3451 1550 3859 1635 singularem
3902 1555 3975 1617 in
3999 1551 4348 1618 Christum

2372 1635 2643 1718 eiusque
2708 1634 3052 1702 ecclesiam
3121 1656 3343 1702 amore
3407 1637 3497 1701 sit
3562 1638 4066 1719 probatissimus
4148 1647 4349 1721 atque

2371 1721 2769 1787 carissimus.
2842 1722 2945 1800 Ei,
2992 1743 3194 1805 quum
3227 1722 3397 1788 istuc
3432 1722 3516 1787 ad
3562 1744 3677 1788 vos
3721 1724 4044 1806 proficisci
4084 1745 4349 1808 cogere-

2373 1815 2516 1886 tur,
2583 1827 2623 1871 a
2675 1827 2911 1890 meque
2953 1807 3398 1873 contendisset
3447 1819 3523 1872 ut
3572 1807 3802 1875 literas
3855 1809 3940 1875 ad
3988 1817 4054 1876 te
4100 1809 4349 1888 darem,

2372 1893 2610 1975 quibus
2655 1893 2801 1976 quis
2841 1901 3017 1958 esset
3059 1904 3129 1958 et
3163 1893 3485 1977 quomodo
3532 1893 3639 1960 hic
3675 1894 3847 1978 apud
3886 1917 4005 1961 nos
4044 1905 4349 1962 versatus

2372 1978 2608 2044 fuisset
2662 1977 3104 2058 ostenderem,
3170 1979 3453 2045 libenter
3517 1979 3668 2045 dedi
3715 1981 3888 2063 apud
3937 1989 4004 2047 te
4050 1982 4347 2047 testimo·

2371 2065 2561 2129 nium
2628 2064 2770 2131 eius
2834 2065 3163 2147 opinionis
3227 2086 3425 2149 quam
3482 2065 3565 2132 de
3628 2066 3744 2130 illo
3792 2066 4019 2133 habeo.
4108 2066 4348 2150 Itaque

2372 2150 2759 2216 commendo
2804 2150 2920 2215 tibi
2963 2151 3298 2217 hominem
3345 2152 3525 2234 pium
3570 2163 3635 2217 et
3679 2152 4072 2234 modestum,
4116 2155 4189 2217 in
4224 2153 4348 2218 mi-

2373 2236 2646 2301 nisterio
2696 2235 2880 2301 verbi
2918 2237 3174 2321 integre
3210 2247 3511 2320 casteque
3546 2248 3906 2317 versatum,
3953 2237 4036 2303 de
4071 2238 4349 2305 ecclesia

2375 2320 2543 2387 bene
2586 2322 2920 2400 meritum,
2966 2343 3044 2388 eo
3087 2323 3352 2407 ingenio
3396 2323 3613 2389 studio
3659 2335 3854 2407 atque
3898 2325 4121 2389 animo
4158 2345 4348 2407 prae-

2374 2406 2607 2486 ditum,
2654 2415 2730 2473 ut
2772 2409 2832 2474 si
2876 2429 2916 2473 a
2960 2409 3147 2474 vobis
3191 2408 3393 2474 fuerit
3436 2407 3703 2474 adiutus
3747 2417 3816 2475 et
3860 2410 4206 2476 institutus
4241 2429 4347 2475 ec-

2372 2492 2609 2559 clesiae
2679 2512 2919 2577 magno
2984 2494 3367 2559 adiumento
3433 2504 3500 2561 et
3566 2496 3716 2561 usui
3784 2495 4138 2579 aliquando
4205 2517 4349 2562 esse

2373 2578 2597 2661 possit.
2686 2581 2754 2645 A
2818 2589 2885 2644 te
2928 2580 3376 2663 maximopere
3442 2591 3594 2664 peto
3660 2589 3735 2646 ut
3797 2602 3949 2647 eum
4028 2593 4349 2665 tanquam

2371 2662 2635 2731 fidelem
2668 2665 3052 2731 ministrum
3074 2664 3319 2732 Christi
3355 2678 3469 2732 tua
3504 2667 3921 2733 humanitate
3944 2668 4349 2751 caritateque

2373 2750 2847 2834 complectaris.

2545 2835 2735 2902 Uxor
2777 2857 2927 2903 mea
2973 2838 3090 2904 tibi
3138 2849 3417 2920 tuaeque
3464 2840 3657 2903 uxori
3704 2838 4068 2923 plurimum
4114 2839 4348 2906 salutis

2372 2931 2438 2987 et
2492 2922 2674 3004 pacis
2719 2942 2759 2986 a
2802 2923 3090 2989 Domino
3130 2934 3466 3007 precatur,
3526 2935 3720 3007 teque
3764 2945 4022 2991 mecum
4070 2946 4346 3010 magno-

2373 3028 2529 3091 pere
2574 3019 2764 3093 rogat
2806 3017 2883 3074 ut
2926 3019 3002 3074 tu
3046 3030 3168 3075 nos
3228 3031 3378 3077 cum
3421 3019 3652 3077 nostra
3694 3010 3945 3077 familia
3988 3012 4061 3077 in
4108 3012 4347 3079 vestris

2370 3094 2808 3162 sanctissimis
2883 3096 3185 3178 precibus
3263 3108 3403 3161 tum
3482 3096 3759 3179 publicis
3842 3107 3987 3162 tum
4065 3098 4347 3181 privatis

2368 3180 2767 3264 cogitatione
2811 3188 2880 3246 et
2922 3182 3382 3248 benevolentia
3425 3190 3540 3248 tua
3582 3182 4123 3266 comprehendas.
4148 3187 4202 3260 ³)

3301 3320 3484 3385 'l'uus
3530 3320 3789 3405 Appius
3835 3319 4171 3386 Claudius.

3154 3613 3561 3622 m*

3258 3860 3459 3931 4149.

2826 4014 3397 4084 BADUELLUS
3445 4016 3885 4084 CALVINO.

2544 4188 2794 4256 Literae
2849 4190 3386 4256 commendatitiae
3427 4209 3701 4271 quarum
3763 4191 4082 4257 occasione
4132 4190 4339 4257 denuo

2366 4282 2605 4342 statum
2636 4296 2851 4343 rerum
2892 4280 2949 4341 et
2990 4295 3192 4342 mres
3229 4275 3552 4341 hominum
3593 4276 3787 4356 deflet.

2698 4448 2811 4516 (Ex
2848 4446 3189 4517 autographo
3223 4445 3351 4499 Cod.
3391 4446 3595 4500 Geuev.
3634 4445 3752 4509 115,
3791 4446 3883 4500 fol.
3920 4445 3999 4514 8.)

2369 4620 2641 4704 Optimo
2684 4621 2827 4685 viro
2867 4627 2935 4684 et
2979 4617 3353 4717 doctissimo
3389 4617 3643 4683 homini
3688 4614 3773 4682 D.
3800 4616 4040 4684 Carolo
4075 4618 4339 4686 Pasello

3154 4723 3364 4769 amico
3408 4724 3547 4770 suo.

2542 4880 2605 4943 A
2670 4876 2897 4941 multis
2960 4875 3126 4939 mihi
3191 4895 3322 4940 non
3390 4876 3534 4941 sine
3592 4895 3855 4941 summo
3920 4895 4068 4941 meo
4112 4875 4337 4942 dolore

2366 4964 2753 5031 nunciatum
2800 4973 2902 5029 est
2944 4980 3075 5044 qua
3118 4960 3248 5025 fide
3293 4981 3370 5027 ac
3411 4961 3813 5027 conscientia
3856 4959 4061 5045 aliqui
4104 4981 4336 5029 eorum

2397 5205 2408 5218 ·
2572 5134 2634 5203 3)
2671 5133 2829 5189 iden
2876 5134 2936 5188 V.
2972 5131 3065 5215 D..
3084 5139 3250 5190 autor
3293 5139 3389 5215 eet·
3408 5132 3741 5187 Badullum
4081 5139 4205 5189 acto
4250 5150 4339 5189 rc-

2363 5204 2491 5260 bcto
2526 5202 2872 5260 Nemausum
2916 5201 3121 5257 reduce
3162 5218 3232 5257 a.
3270 5201 3422 5258 Iuleo
3470 5200 3623 5255 1547.
3673 5202 3850 5271 (Bau.
4027 5201 4089 5256 V.
4120 5218 4182 5271 p.
4220 5200 4332 5268 12.)

2363 5270 4337 5355 Haecomiataneumim’nenobiseumconvidenmadnatdu

2360 5341 2623 5412 madae
2653 5339 3006 5409 madon.
3855 5424 3926 5479 25
