4900 6125
696 412 823 475 119

694 594 978 680 lampas,
1042 617 1267 662 rerum
1332 614 1375 660 a
1438 616 1509 662 se
1574 601 1913 681 gestarum
1969 592 2371 678 (quindecim
2418 594 2669 661 scilicet

700 688 862 747 ante
905 680 1243 748 conditum
1286 681 1611 747 mundum
1655 701 1981 748 annorum
2016 679 2357 762 millibus),
2403 679 2668 765 putidas

698 765 957 834 fabulas
998 767 1184 834 nullo
1227 766 1480 852 pudore
1534 768 1881 834 iactarunt.
1965 765 2105 834 Nec
2147 767 2370 833 minus
2411 766 2667 850 puerile

698 852 1156 936 insulsumque
1233 851 1744 919 Atheniensium
1831 858 2307 931 commentum,
2395 852 2509 936 qui
2594 872 2666 919 se

698 935 1077 1019 αὖτόχθονας
1119 938 1401 1022 gloriati,
1462 959 1667 1022 quum
1720 937 1845 1005 sibi
1890 936 2285 1004 disiunctam
2328 959 2370 1002 a
2410 937 2666 1021 reliquo

700 1044 944 1109 genere
966 1022 1257 1090 humano
1292 1025 1615 1108 originem
1639 1033 2027 1102 assererent,
2072 1023 2368 1090 barbaris
2407 1044 2665 1107 quoque

700 1109 865 1193 ipsis
900 1130 973 1175 se
1021 1109 1319 1176 fecerunt
1361 1109 1692 1176 ridiculos.
1756 1109 2152 1192 Quanquam
2191 1116 2410 1174 autem
2431 1129 2664 1175 omnes

698 1193 854 1280 plus
916 1195 1138 1261 minus
1204 1194 1432 1262 eodem
1498 1194 1993 1280 ingratitudinis
2060 1195 2333 1261 erimine
2391 1195 2665 1260 fuerunt

700 1280 1023 1364 impliciti,
1083 1301 1194 1346 eos
1250 1280 1536 1366 deligere
1594 1300 1831 1364 operae
1874 1281 2157 1364 pretium
2203 1281 2431 1363 putavi
2499 1301 2661 1364 quo-

698 1387 854 1431 rum
911 1386 990 1433 eo
1044 1368 1266 1432 minus
1321 1365 1712 1434 excusabilis
1777 1375 1879 1433 est
1919 1387 2106 1432 error
2149 1387 2276 1450 quo
2318 1366 2445 1433 sibi
2487 1366 2662 1432 inter

700 1451 868 1518 alios
912 1473 1140 1517 omnes
1183 1453 1396 1537 magis
1441 1473 1667 1536 sapere
1712 1451 1837 1518 visi
1880 1460 2053 1518 sunt.

873 1535 1034 1603 Sive
1079 1546 1299 1603 autem
1346 1539 1693 1604 universae
1730 1559 1898 1621 quae
1932 1538 2091 1603 olim
2126 1538 2397 1603 fuerunt
2431 1545 2660 1621 gentes

697 1622 921 1689 velum
986 1622 1109 1689 sibi
1176 1623 1332 1689 data
1396 1645 1595 1708 opera
1659 1621 2076 1702 obduxerint,
2144 1623 2289 1690 sive
2353 1622 2487 1689 illis
2540 1644 2662 1689 sua

697 1719 959 1774 tantum
1024 1709 1293 1792 ignavia
1356 1710 1700 1788 obstiterit,
1764 1708 2300 1793 incomparabilis
2364 1709 2661 1775 thesauri

698 1794 842 1861 loco
886 1794 1113 1861 haberi
1158 1805 1448 1860 meretur
1490 1796 1700 1861 Mosis
1733 1794 1920 1874 liber,
1964 1795 2075 1877 qui
2113 1794 2350 1860 saltem
2386 1796 2659 1861 creatio-

695 1880 802 1946 nis
844 1879 1075 1945 mundi
1119 1879 1456 1946 indubiam
1502 1879 1692 1946 nobis
1745 1880 1943 1946 fidem
1987 1880 2173 1947 facit:
2230 1901 2359 1963 qua
2401 1880 2661 1946 sublata

696 1964 954 2049 indigni
1001 1987 1227 2032 sumus
1271 1987 1432 2049 quos
1492 1977 1669 2031 terra
1713 1968 2060 2032 sustineat.
2149 1966 2516 2032 Historiam
2561 1965 2658 2030 di-

697 2050 880 2129 luvii,
939 2072 1105 2134 quae
1161 2073 1291 2116 non
1349 2053 1568 2118 minus
1625 2053 2036 2117 formidabile
2092 2053 2162 2116 in
2208 2052 2501 2117 humano
2546 2074 2658 2136 ge-

698 2156 859 2202 nere
904 2136 1116 2203 deleto
1161 2136 1428 2202 divinae
1484 2138 1751 2204 ultionis
1796 2158 1994 2222 quam
2038 2157 2246 2204 suave
2290 2139 2545 2222 gratiae
2587 2139 2660 2202 in

695 2222 924 2289 eodem
981 2224 1346 2288 instaurato
1404 2224 1743 2307 speculum
1803 2224 2111 2302 continet,
2169 2225 2235 2287 in
2281 2224 2661 2307 praesentia

696 2308 1015 2374 omittam.
1086 2308 1240 2374 Una
1282 2309 1446 2375 haec
1489 2309 1742 2375 utilitas
1787 2309 2264 2375 inaestimabile
2300 2309 2469 2375 libro
2509 2331 2659 2392 pre-

696 2395 863 2459 tium
910 2395 1158 2470 statuit,
1230 2393 1399 2477 quod
1446 2417 1552 2460 res
1600 2394 1897 2479 apprime
1940 2395 2208 2480 cognitu
2253 2397 2659 2462 necessarias

696 2479 875 2545 solus
949 2478 1265 2546 ostendit:
1356 2481 1677 2564 quomodo
1745 2495 1891 2564 post
1968 2480 2305 2546 exitialem
2369 2481 2660 2546 hominis

693 2565 956 2648 lapsum
1013 2566 1354 2632 ecclesiam
1413 2564 1536 2632 sibi
1603 2567 1789 2632 Deus
1849 2566 2289 2649 adoptaverit:
2350 2569 2656 2650 quisnam

695 2651 897 2717 fuerit
954 2673 1153 2717 verus
1208 2653 1348 2717 eius
1405 2652 1640 2731 cultus,
1702 2661 1770 2717 et
1825 2652 2064 2735 quibus
2121 2653 2383 2735 pietatis
2427 2653 2657 2718 officiis

695 2759 768 2803 se
811 2738 1229 2803 exercuerint
1287 2739 1496 2804 sancti
1540 2749 1794 2822 patres:
1850 2737 2171 2821 quomodo
2212 2758 2383 2822 pura
2425 2737 2543 2804 reli
2598 2738 2657 2802 ‘o

696 2823 1041 2888 hominum
1086 2824 1351 2906 ignavia
1395 2822 1480 2888 ad
1538 2834 1802 2906 tempus
1860 2823 2152 2907 collapsa
2193 2824 2380 2907 quasi
2422 2759 2655 2907 90εὸὶί-

694 2909 904 2974 minio
961 2909 1033 2973 in
1090 2921 1337 2974 statum
1392 2909 1726 2993 integrum
1783 2910 2081 2974 redierit:
2163 2908 2429 2992 quando
2483 2907 2656 2993 apud

694 3007 951 3059 certum
1012 2995 1327 3079 populum
1390 2993 1762 3078 deposuerit
1804 2994 1989 3060 Deus
2034 2995 2399 3080 gratuitum
2442 3005 2655 3060 aeter-

696 3101 824 3146 nae
869 3079 1102 3146 salutis
1145 3079 1396 3147 foedus:
1445 3081 1768 3164 quomodo
1812 3102 1895 3146 ex
1932 3102 2067 3147 uno
2103 3081 2372 3147 homine
2416 3090 2484 3146 et
2526 3090 2656 3147 ste-

693 3166 808 3231 rili
873 3176 943 3231 et
1007 3167 1251 3233 caduco
1316 3187 1646 3251 propeque
1724 3167 2153 3233 semimortuo
2200 3175 2268 3232 et
2312 3167 2657 3250 (quemad-

694 3249 966 3317 modum
1048 3251 1259 3317 Isaias
1341 3260 1556 3333 vocat)
1623 3252 1936 3330 solitario,
2007 3253 2321 3337 paulatim
2388 3254 2658 3318 fluxerit

688 3336 932 3421 exigua
997 3337 1268 3413 soboles,
1336 3359 1502 3421 quae
1568 3348 1837 3421 repente
1902 3339 1971 3403 in
2017 3338 2509 3404 multitudinem
2554 3340 2657 3403 in-

690 3434 957 3507 gentem
1004 3424 1327 3489 excrevit:
1373 3445 1569 3507 quam
1614 3424 1977 3508 inopinatis
2034 3424 2248 3490 modis
2291 3434 2360 3489 et
2401 3424 2657 3489 extule-

692 3509 788 3573 rit
845 3519 915 3574 et
980 3518 1236 3574 tutatus
1299 3509 1386 3573 sit
1451 3510 1725 3575 electam
1771 3533 1812 3575 a
1854 3532 1925 3575 se
1970 3510 2260 3590 domum,
2320 3509 2474 3575 licet
2514 3510 2658 3575 ino-

692 3615 865 3678 pem,
944 3595 1247 3660 omnibus
1314 3595 1660 3678 praesidiis
1726 3594 2046 3661 nudatam
2111 3605 2179 3660 et
2242 3594 2326 3659 ad
2391 3596 2658 3680 quosvis

692 3689 917 3747 aestus
959 3680 1329 3763 expositam
1376 3677 1601 3766 [quum
1644 3679 1813 3768 eam]
1833 3683 1890 3751 ⁵)
1932 3680 2329 3764 multiplices
2368 3680 2659 3746 hostium

694 3766 921 3849 copiae
966 3766 1255 3848 undique
1298 3767 1657 3850 cingerent.

870 3852 1079 3917 Porro
1139 3873 1333 3935 quam
1396 3854 1764 3918 necessaria
1829 3853 1918 3919 sit
1959 3850 2198 3918 harum
2242 3873 2463 3918 rerum
2508 3874 2658 3937 cog·

694 3938 862 4002 nitio
901 3959 987 4003 ex
1022 3958 1142 4003 suo
1177 3938 1451 4020 quisque
1486 3959 1610 4003 usu
1648 3950 1713 4002 et
1755 3939 2164 4021 experientia
2204 3937 2521 4004 iudicium
2558 3939 2657 4003 fa-

694 4025 845 4091 ciat.
912 4021 1224 4089 Videmus
1266 4044 1463 4106 quam
1509 4023 1909 4089 tumultuose
1952 4024 2250 4108 papistae
2292 4022 2507 4090 fallaci
2553 4045 2659 4090 ec-

696 4109 935 4176 clesiae
980 4108 1173 4174 titulo
1237 4108 1568 4193 simplices
1611 4110 1932 4175 territent.
2021 4114 2085 4174 A
2129 4111 2316 4176 Mose
2360 4108 2658 4193 depingi-

698 4204 812 4260 tur
835 4195 1129 4279 genuina
1171 4194 1482 4261 ecclesiae
1527 4195 1725 4261 facies
1746 4216 1913 4279 quae
1956 4194 2266 4262 discussis
2301 4194 2435 4260 illis
2470 4216 2658 4278 prae·

694 4281 912 4365 stigiis
954 4282 1221 4346 inanem
1266 4290 1515 4346 metum
1560 4281 1832 4346 eximat:
1881 4282 2079 4348 fucati
2116 4281 2319 4347 etiam
2354 4281 2659 4365 splendo-

696 4368 793 4433 ris
836 4387 1353 4452 pomparumque
1397 4367 1835 4432 ostentatione
1878 4370 1944 4432 in
1991 4366 2263 4433 stultam
2307 4368 2413 4433 sui
2450 4366 2658 4432 admi-

698 4454 1025 4518 rationem
1083 4453 1353 4536 rapiunt
1403 4454 1623 4518 minus
1683 4453 2106 4538 perspicaces,
2151 4454 2285 4519 imo
2341 4453 2661 4519 hebetant

700 4560 779 4605 ac
845 4539 1247 4604 dementant.
1338 4540 1432 4604 At
1488 4539 1545 4604 si
1604 4539 1687 4604 ad
1748 4560 1859 4605 eas
1917 4550 2104 4605 notas
2158 4540 2394 4623 quibus
2453 4538 2657 4605 eccle-

699 4625 865 4690 siam
914 4624 1230 4709 designat‘
1260 4625 1480 4689 Moses
1521 4624 1743 4691 oculos
1786 4629 2251 4704 convertimus,
2306 4625 2474 4690 nihil
2519 4646 2657 4689 am·

695 4711 876 4796 plius
955 4712 1183 4776 inanes
1250 4710 1475 4776 larvae
1541 4711 1622 4776 ad
1690 4710 2050 4776 fallendum
2117 4710 2451 4777 habebunt
2515 4731 2657 4775 mo-

696 4797 926 4862 menti.
1017 4795 1229 4880 Saepe
1290 4816 1410 4861 nos
1469 4798 1816 4863 conturbat
1858 4798 2126 4880 fereque
2169 4795 2507 4862 exanimat
2549 4818 2656 4862 eo-

699 4904 847 4947 rum
906 4882 1203 4965 paucitas
1246 4883 1358 4965 qui
1404 4903 1638 4966 puram
1684 4884 1813 4948 Dei
1857 4881 2220 4949 doctrinam
2268 4892 2658 4965 sequuntur,

696 4990 775 5034 ac
836 4968 1217 5052 praesertim
1290 4968 1444 5033 dum
1513 4969 1841 5034 cernimus
1904 4989 2101 5050 quam
2159 4968 2354 5053 longe
2394 4968 2657 5053 lamque

904 5187 966 5254 5)
1004 5186 1097 5242 Sic
1141 5195 1345 5245 textum
1390 5192 1653 5260 refingere
1696 5203 1962 5243 conamur
2067 5190 2094 5243 ⁸·
2136 5190 2349 5259 alioqui
2389 5205 2504 5244 non
2549 5190 2659 5245 sibi

690 5264 925 5311 mat.
1012 5257 1203 5312 Vemm
1250 5262 1361 5312 iam
1410 5261 1537 5313 olim
1572 5257 1657 5324 (N.
1698 5256 1861 5323 1991)
2145 5262 2265 5312 eius
2314 5261 2496 5323 rma
2546 5262 2654 5313 evi·

682 5323 885 5382 denter
920 5326 1236 5396 imperfecta
1270 5332 1598 5384 occurrerat.

2394 402 2864 475 RPIS'DOLA
2903 407 3075 477 3998

4565 414 4660 479 1²0

2769 616 3050 680 regnum
3123 593 3464 662 obtineant
3525 595 4040 679 superstitiones.
4144 597 4242 661 At
4304 594 4658 679 quemadmo-

2770 679 2926 746 dum
2983 680 3140 747 olim
3181 681 3311 748 Dei
3365 681 3637 766 spiritus
3678 701 3797 765 per
3837 701 3911 747 os
3952 679 4168 746 Isaiae
4209 680 4543 765 prophetae
4575 682 4660 749 Iu·

2768 765 2963 833 daeos
3018 766 3103 832 ad
3154 788 3386 851 rupem
3443 766 3621 833 unde
3675 775 3869 833 erant
3909 765 4116 833 excisi
4171 768 4485 850 respicere
4519 767 4660 835 iube-

2768 851 2903 932 bat,
2958 853 3056 919 ita
3112 852 3341 919 eodem
3405 873 3588 919 nunc
3629 873 3884 937 quoque
3924 873 4044 936 per
4085 852 4322 918 Mosen
4363 872 4479 918 nos
4512 874 4662 920 revo-

2765 957 2943 1015 cans,
3009 959 3208 1022 quam
3273 958 3659 1022 perversum
3724 939 3812 1005 sit
3875 936 4298 1004 multitudine
4377 938 4660 1006 ecclesiam

2765 1024 3002 1103 metiri,
3047 1046 3124 1092 ac
3166 1025 3223 1091 si
3266 1024 3339 1089 in
3381 1024 3577 1091 turba
3618 1023 4005 1090 consisteret
4046 1025 4187 1091 eius
4231 1023 4525 1108 dignitas,
4577 1025 4664 1091 nd·

2763 1118 3009 1176 monet.
3113 1108 3188 1177 Si
3267 1108 3528 1193 quando
3594 1111 3815 1175 minus
3877 1111 4114 1175 floreat
4174 1111 4420 1194 passim
4481 1109 4662 1195 religio

2762 1215 2959 1277 quam
2993 1194 3354 1279 optandum
3389 1196 3496 1274 sit,
3520 1194 3873 1279 dissipetur
3894 1195 4158 1280 piorum
4183 1215 4439 1279 corpus,
4470 1207 4664 1262 status-

2762 1301 2887 1363 que
2923 1282 3232 1348 ecclesiae
3267 1281 3434 1348 bene
3466 1283 3865 1366 compositus
3899 1302 4164 1364 pessum
4199 1290 4327 1358 eat,
4361 1303 4494 1347 nou
4515 1282 4666 1347 modo

2761 1365 3104 1434 labascunt
3145 1367 3334 1433 nobis
3376 1367 3492 1433 sed
3620 1368 3801 1433 nitus
3847 1365 4159 1432 diffluunt
4201 1368 4422 1432 animi.
4501 1369 4666 1451 Atqui

2763 1451 2921 1517 dum
2980 1453 3049 1517 in
3105 1453 3230 1520 hac
3275 1453 3481 1520 Mosis
3591 1453 3816 1518 ‘storia
3872 1451 4190 1519 ecclesiae
4245 1460 4561 1519 structura
4604 1475 4668 1518 ex

2762 1538 2992 1618 ruinis,
3048 1538 3339 1605 collectio
3382 1560 3468 1604 ex
3509 1538 3745 1605 laceris
3780 1538 4010 1604 frustis
4043 1559 4120 1604 ac
4155 1537 4461 1604 vastitate
4491 1551 4666 1604 osten·

2764 1623 2959 1703 ditur,
3017 1625 3253 1690 merito
3323 1624 3457 1690 tale
3513 1625 3766 1708 gratiae
3809 1621 3943 1690 Dei
3985 1624 4320 1707 specimen
4363 1625 4433 1690 in
4475 1624 4670 1690 bonam

2762 1709 3070 1775 fiduciam
3126 1711 3378 1793 erigere
3430 1729 3554 1776 nos
3616 1709 3827 1776 debet.
3918 1709 4204 1791 Quando
4269 1719 4486 1776 autem
4525 1719 4672 1775 tants

2763 1804 2864 1861 est
2907 1794 3183 1861 humani
3224 1796 3474 1880 ingenii
3520 1795 3602 1861 ad
3646 1794 3994 1879 fingendus
4038 1795 4285 1861 alienos
4320 1795 4533 1861 cultus
4561 1815 4676 1878 pro-

2762 1882 3012 1964 pensio,
3059 1902 3145 1948 ne
3188 1881 3400 1948 dicam
3445 1881 3740 1961 lascivia,
3807 1880 3976 1946 nihil
4021 1881 4210 1947 nobis
4253 1881 4481 1947 utilius
4519 1901 4674 1964 quam

2761 1968 3060 2050 regulam
3105 1988 3268 2049 pure
3311 1968 3568 2050 riteque
3611 1965 3867 2033 colendi
3901 1967 4032 2032 Dei
4076 1988 4118 2031 a
4159 1968 4409 2033 sanctis
4443 1968 4675 2050 patriar-

2762 2052 2906 2119 chis
2963 2063 3205 2137 petere,
3263 2074 3544 2136 quorum
3601 2054 3912 2137 pietatem
3975 2051 4101 2118 hac
4156 2053 4508 2136 praecipue
4558 2065 4678 2117 non

2762 2136 3066 2224 designat
3108 2139 3352 2217 Moses,
3415 2139 3589 2222 quod
3647 2160 3734 2204 ex
3789 2138 3928 2203 solo
3972 2137 4104 2203 Dei
4148 2138 4349 2205 verbo
4395 2137 4675 2223 pepende-

2761 2225 2915 2289 rint.
3004 2223 3386 2306 Quamlibet
3438 2226 3618 2290 enim
3682 2225 3960 2307 longum
4013 2225 4085 2289 in
4138 2226 4438 2291 externis
4501 2244 4680 2291 caere-

2762 2311 3000 2375 moniis
3043 2311 3131 2376 sit
3175 2310 3545 2387 discrimen,
3591 2308 3763 2395 quod
3799 2321 4023 2374 tamen
4059 2309 4427 2376 inflexibile
4466 2330 4680 2392 semper

2760 2397 2988 2479 vigere
3049 2394 3241 2461 debet
3291 2396 3590 2479 utrisque
3642 2405 3745 2462 est
3810 2415 4175 2474 commune,
4233 2407 4310 2462 ut
4367 2395 4587 2480 religio
4619 2391 4680 2458 cd

2762 2482 2973 2547 solum
3019 2480 3148 2547 Dei
3194 2480 3539 2547 arbitrium
3586 2489 3949 2564 nutumque
3991 2481 4331 2548 formetur.

2935 2566 3077 2634 Nec
3120 2588 3227 2632 me
3267 2567 3430 2632 latet
3495 2577 3740 2650 quanto
3786 2566 4048 2632 uberior
4089 2566 4200 2634 hic
4241 2567 4524 2633 materia
4559 2586 4680 2647 sup-

2761 2661 2960 2736 petat,
3028 2662 3094 2718 et
3135 2661 3455 2737 quantum
3498 2654 3671 2718 infra
3712 2673 3939 2719 eorum
3985 2673 4153 2736 quae
4197 2654 4491 2719 breviter
4528 2653 4678 2734 attigi

2762 2739 3153 2823 dignitatem
3198 2739 3495 2805 subsidat
3538 2760 3688 2805 mea
3729 2738 3971 2805 oratio:
4054 2738 4171 2804 sed
4215 2741 4374 2822 quia
4416 2753 4678 2823 opporm·

2761 2826 2867 2888 nis
2930 2824 3088 2890 locis
3155 2823 3313 2889 alibi
3378 2824 3641 2908 singula
3698 2844 3739 2889 a
3802 2845 3930 2900 me,
3995 2843 4374 2908 quanquam
4420 2846 4548 2890 non
4585 2843 4680 2905 quo

2760 2917 3046 2993 parerat
3080 2909 3428 2993 splendore
3451 2919 3519 2975 et
3540 2918 3799 2988 ornatu,
3844 2910 4106 2992 plenius
4149 2920 4375 2977 tamen
4415 2919 4482 2974 et
4513 2912 4678 2993 copio-

2760 2997 2899 3061 sius
2962 3002 3246 3063 tractata
3309 3003 3483 3076 sunt,
3548 3016 3727 3061 nunc
3790 2994 3958 3060 mibi
4021 2997 4186 3061 satis
4250 2997 4380 3061 fuit
4441 2995 4682 3061 breviter

2759 3083 3317 3148 commonefacere
3373 3083 3513 3164 pios
3574 3081 3849 3148 lectores
3906 3090 4225 3164 quantum
4293 3102 4534 3165 operae
4571 3101 4682 3164 pre-

2762 3168 2926 3232 tium
2971 3167 3212 3234 facturi
3248 3169 3383 3232 sint
3416 3168 3474 3232 si
3510 3168 3750 3233 veteris
3786 3166 4095 3234 ecclesiae
4127 3168 4493 3252 exemplar,
4535 3166 4682 3249 quae

2762 3274 2801 3318 a
2844 3253 3031 3319 Mose
3074 3273 3459 3336 expressum
3517 3262 3618 3318 est
3678 3252 3760 3316 ad
3806 3273 3959 3318 suos
4000 3274 4160 3318 usus
4202 3253 4563 3337 prudenter
4597 3271 4680 3332 sp-

2762 3348 2903 3402 tare
2948 3338 3220 3404 discant.
3307 3338 3401 3403 Et
3441 3346 3617 3403 certe
3681 3338 3830 3403 ideo
3873 3359 3993 3403 nos
4036 3340 4285 3405 sanctis
4331 3337 4684 3422 patriarchis

2758 3425 2827 3488 in
2896 3444 3081 3506 spem
3148 3422 3442 3489 eiusdem
3507 3424 3933 3489 haereditatis
4000 3424 4184 3489 Deus
4250 3424 4574 3497 adiunxit,
4631 3434 4684 3485 ut

2760 3519 3070 3592 superata
3113 3529 3278 3593 quae
3322 3530 3443 3574 nos
3485 3520 3751 3592 separat
3802 3522 4172 3592 temporum
4218 3509 4536 3576 distantia
4573 3528 4684 3574 mu·

2758 3604 2878 3746 τιέξ
2939 3594 3092 3659 fidei
3158 3604 3224 3660 et
3287 3596 3644 3678 patientiae
3708 3616 4033 3661 consensu
4085 3595 4320 3661 eadem
4364 3596 4686 3663 certamin

2759 3701 2798 3746 o
2882 3702 3087 3746 amus.

2930 3766 3081 3848 Quo
3125 3766 3370 3831 maiore
3412 3766 3562 3831 odio
3612 3765 3796 3850 digni
3840 3776 3998 3831 sunt
4040 3767 4416 3833 turbulenti
4461 3766 4685 3850 quidm

2759 3852 3079 3930 homines,
3135 3852 3247 3935 qui
3308 3852 3525 3917 nescio
3567 3871 3695 3934 quo
3750 3850 3984 3917 furiosi
4042 3852 4161 3916 zeli
4222 3864 4453 3918 oestro
4495 3848 4684 3937 perciti

2759 3938 3100 4004 eeclesiam
3147 3944 3413 4002 nostrae
3457 3939 3689 4002 aetatis
3732 3936 3882 4020 plus
3924 3938 4086 4003 satis
4131 3937 4288 4003 dissi
4383 3952 4522 4003 tam
4562 3938 4686 4001 sni-

2760 4023 2889 4089 due
2946 4024 3314 4106 discerpere
3369 4032 3707 4087 conantur.
3779 4022 3933 4088 Non
3993 4023 4220 4105 loquor
4323 4047 4364 4090 e
4419 4022 4684 4108 professis

2761 4107 3061 4174 hostibus
3105 4110 3212 4192 qui
3268 4118 3498 4191 aperta
3539 4109 3608 4173 vi
3664 4107 3746 4173 ad
3798 4107 4207 4191 perdendum
4247 4108 4569 4194 quidquid
4613 4122 4686 4169 est

2760 4196 3016 4279 piorum
3061 4193 3488 4278 funditusque
3523 4193 3870 4259 delendam
3914 4214 4142 4259 eorum
4187 4199 4574 4262 memoriam
4611 4195 4686 4255 in·

2759 4281 3098 4359 cumbunt,
3142 4278 3258 4346 sed
3301 4278 3382 4344 de
3431 4281 3708 4345 morosis
3749 4277 4139 4363 quibusdam
4180 4281 4514 4366 evangelii
4567 4298 4686 4362 pro-

2759 4365 3112 4432 fessoribus
3167 4366 3278 4449 qui
3334 4386 3464 4431 non
3519 4365 3714 4430 modo
3775 4363 4074 4430 fovendis
4129 4366 4430 4432 dissidiis
4486 4382 4686 4430 norm

2760 4450 3036 4518 subinde
3068 4452 3414 4516 materiam
3457 4450 3898 4535 suppeditant,
3942 4452 4056 4516 sed
4092 4473 4340 4534 pacem,
4391 4472 4580 4535 quam
4615 4448 4686 4531 pil

2760 4537 3057 4621 doctique
3093 4536 3390 4602 homines
3434 4536 3714 4602 libenter
3746 4538 4055 4614 colerent,
4099 4559 4220 4603 sua
4259 4537 4686 4621 inquietudine

2759 4621 3163 4707 perturbant.
3191 4626 3246 4700 θ)
3321 4622 3643 4688 Videmus
3685 4632 3764 4688 ut
3816 4624 3989 4688 inter
4043 4624 4360 4708 papistas,
4420 4622 4684 4706 quamvis

2758 4707 3065 4793 capitalia
3106 4710 3284 4774 inter
3316 4729 3388 4775 se
3423 4709 3569 4774 aliis
3610 4709 3680 4774 in
3718 4707 3912 4774 rebus
3947 4709 4312 4774 certamina
4346 4718 4682 4775 exertam.

2756 4802 3024 4860 maneat
3075 4802 3302 4860 tamen
3359 4794 3674 4860 scelerata
3725 4802 3954 4860 contra
3994 4795 4418 4879 evangelium
4460 4792 4682 4873 conspi-

2755 4882 2942 4947 ratio.
3013 4878 3234 4961 Quam
3289 4881 3571 4965 exiguus
3625 4879 3712 4946 sit
3763 4900 3994 4946 eorum
4046 4901 4368 4947 numerus
4412 4882 4524 4965 qui
4575 4880 4684 4943 sin·

2756 4986 2973 5032 ceram
3011 4965 3266 5033 Christi
3309 4965 3673 5033 doctrinam
3718 4974 3965 5045 tenent,
4027 4966 4084 5030 si
4127 4988 4276 5033 cum
4331 4963 4682 5051 ingentibm

2754 5052 3133 5119 conferatur
3186 5051 3448 5119 illorum
3506 5052 3726 5137 copiis,
3779 5052 3993 5119 dicere
4045 5052 4214 5117 nihil
4269 5054 4526 5118 attinet.
4589 5047 4682 5113 ln-

2961 5327 3021 5393 6)
3055 5327 3210 5383 Hinc
3241 5334 3438 5396 neptem
3475 5342 3663 5383 verm
3691 5326 3907 5396 prioris
3941 5331 4120 5382 tectus
4151 5326 4346 5382 onina·
4377 5332 4520 5380 ια.
