4900 6125
646 450 774 513 707

650 634 848 717 Quod
892 636 1011 702 tibi
1056 637 1319 722 ignotus
1368 641 1556 701 4176.

651 720 850 803 Quod
886 722 1006 788 tibi
1051 723 1290 807 legisse
1334 724 1518 790 visus
1562 744 1634 789 es
1686 728 1871 789 1578.

647 805 844 888 Quod
891 807 1009 873 tibi
1054 808 1242 875 nulla
1283 808 1577 875 humana
1622 811 1811 874 2947.

651 890 848 972 Quod
893 894 1013 959 tibi
1059 915 1272 979 nuper
1314 916 1390 961 ac
1433 895 1742 960 Musculo
1794 899 1973 959 1428.

650 977 848 1057 Quod
894 978 1018 1044 tibi
1062 1001 1278 1064 nuper
1318 981 1572 1045 fueram
1621 985 1765 1043 218.

651 1063 845 1143 Quod
893 1065 1014 1130 tibi
1058 1086 1178 1150 per
1265 1074 1632 1131 uaestorem
1682 1071 1824 1129 813.

652 1149 849 1229 Quod
896 1150 1012 1215 tibi
1059 1172 1180 1236 per
1279 1152 1554 1218 ecelium
1604 1156 1794 1214 2337.

650 1233 848 1315 Quod
892 1236 1009 1301 tibi
1056 1238 1270 1303 serius
1314 1237 1673 1322 respondeo
1724 1240 1903 1303 1958.

648 1320 845 1400 Quod
890 1322 1299 1388 tristissimas
1343 1344 1538 1389 curas
1586 1328 1773 1385 2135.

647 1404 845 1486 Quod
889 1413 1038 1475 tuas
1078 1430 1209 1474 non
1255 1411 1663 1494 exspectavit
1710 1413 1854 1474 773.

650 1491 845 1571 Quod
891 1494 1025 1560 tuis
1060 1495 1141 1559 ad
1189 1516 1296 1560 me
1340 1495 1549 1560 literis
1604 1501 1738 1558 173.

649 1576 844 1658 Quod
888 1580 1022 1644 tuis
1067 1580 1276 1645 literis
1319 1582 1637 1647 hactenus
1686 1586 1871 1645 3870.

649 1663 843 1743 Quod
889 1666 1022 1730 tuis
1067 1666 1276 1732 literis
1319 1669 1562 1749 rogasti
1614 1670 1797 1732 2243.

648 1747 846 1829 Quod
891 1752 1024 1815 tuis
1068 1752 1277 1818 serius
1321 1754 1680 1836 respondeo
1727 1759 1868 1816 635.

649 1835 844 1915 Quod
888 1835 1065 1901 ultra
1100 1848 1379 1920 quatuor
1422 1843 1609 1902 2299.

648 1920 845 2002 Quod
889 1943 1095 1987 unum
1140 1923 1332 2006 petiit
1372 1925 1623 1989 Hector
1669 1928 1810 1987 623.

646 2005 846 2086 Quod
890 2008 1286 2094 Vergerium
1323 2011 1648 2076 cursitare
1697 2014 1882 2076 3208.

639 2091 834 2173 Quod
879 2114 1039 2158 vero
1083 2095 1167 2160 ad
1211 2095 1720 2160 hebdomadaria
1771 2101 1951 2162 1256.

639 2177 1013 2258 Quominus
1059 2182 1233 2245 viam
1284 2182 1468 2247 nobis
1517 2188 1657 2245 396.

637 2263 981 2345 Quomodo
1026 2287 1237 2349 nuper
1280 2267 1504 2332 Berua
1554 2271 1739 2332 2187.

640 2349 987 2431 Quomodo
1032 2372 1137 2417 res
1181 2362 1440 2418 vestrae
1485 2353 1772 2418 habeant
1825 2356 2003 2418 1829.

639 2436 984 2517 Quomodo
1030 2438 1380 2504 Bochaeus
1426 2443 1612 2503 2893.

638 2520 967 2602 Quoniam
1017 2543 1056 2587 a
1101 2524 1374 2589 Macarii
1423 2528 1610 2589 2597.

637 2608 970 2688 Quoniam
1016 2609 1099 2673 ad
1144 2631 1249 2674 me
1294 2612 1604 2693 privatim
1658 2614 1841 2675 2056.

637 2692 967 2774 Quoniam
1013 2694 1096 2761 ad
1142 2695 1350 2760 multa
1393 2718 1572 2762 nunc
1628 2702 1771 2761 750.

637 2780 968 2860 Quoniam
1019 2780 1386 2848 Andelotus
1435 2785 1619 2846 2892.

639 2865 969 2945 Quoniam
1017 2874 1170 2932 ante
1214 2886 1425 2933 annos
1473 2875 1658 2931 3198.

638 2950 973 3032 Quoniam
1017 2960 1176 3017 ante
1220 2962 1364 3019 octo
1411 2958 1598 3018 4058.

637 3037 970 3118 Quoniam
1018 3038 1243 3105 Berua
1287 3059 1596 3107 reversus
1642 3043 1828 3104 2845.

639 3124 970 3204 Quoniam
1017 3125 1196 3190 Beza
1239 3134 1466 3193 noster
1511 3131 1696 3190 4034.

643 3210 979 3290 Quoniam
1025 3210 1304 3276 Claudio
1349 3222 1576 3278 nostro
1625 3215 1767 3276 752.

643 3294 975 3376 Quoniam
1020 3297 1102 3362 de
1148 3297 1440 3362 adventu
1485 3301 1666 3362 1289.

640 3381 975 3463 Quoniam
1020 3380 1127 3447 die
1170 3383 1452 3450 Veneris
1503 3390 1686 3447 1411.

644 3467 972 3547 Quoniam
1020 3466 1107 3531 D.
1154 3469 1523 3534 Andelotus
1571 3472 1756 3533 2892.

644 3552 974 3634 Quoniam
1025 3574 1102 3619 ea
1147 3554 1643 3621 benevolentiae
1692 3561 1834 3618 311.

646 3638 979 3719 Quoniam
1023 3640 1249 3704 eodem
1296 3642 1432 3706 fere
1485 3647 1666 3706 1674.

645 3724 979 3805 Quoniam
1020 3733 1088 3791 et
1128 3726 1339 3792 literis
1379 3728 1737 3793 multorum
1786 3730 1972 3790 2851.

645 3810 980 3892 Quoniam
1024 3811 1168 3877 heri
1211 3814 1305 3878 ita
1351 3815 1537 3878 2460.

646 3896 980 3978 Quoniam
1025 3898 1134 3964 hic
1177 3898 1389 3964 bonus
1429 3900 1533 3964 vir
1592 3904 1774 3962 1176.

647 3982 977 4064 Quoniam
1023 3984 1132 4049 hic
1174 3985 1382 4049 frater
1426 3985 1541 4050 diu
1600 3987 1783 4049 1092.

638 4068 980 4148 Quoniam
1025 4069 1134 4134 hic
1174 4069 1382 4135 frater
1424 4070 1851 4136 Lausanuam
1901 4072 2082 4133 1296.

647 4154 981 4235 Quoniam
1026 4155 1137 4221 hic
1179 4156 1287 4220 vir
1329 4155 1565 4221 nobilis
1612 4161 1796 4221 3212.

648 4240 983 4322 Quoniam
1027 4241 1152 4307 hoc
1196 4243 1532 4327 negotium
1585 4248 1766 4306 1285.

649 4326 982 4408 Quoniam
1027 4328 1097 4391 in
1142 4327 1278 4393 tuis
1321 4327 1532 4393 literis
1578 4331 1763 4390 2969.

648 4411 977 4494 Quoniam
1023 4412 1310 4479 Ioannes
1353 4413 1672 4480 Calvinus
1716 4418 1861 4480 479.

646 4498 978 4580 Quoniam
1026 4498 1188 4563 mihi
1233 4500 1456 4564 testati
1500 4506 1658 4564 sunt
1701 4502 1887 4564 2978.

650 4584 984 4665 Quoniam
1028 4595 1256 4651 nostra
1296 4587 1574 4652 interest
1619 4589 1806 4651 3671.

652 4671 985 4750 Quoniam
1029 4691 1291 4735 omnem
1335 4691 1533 4754 quam
1580 4676 1768 4733 4094.

649 4756 980 4838 Quoniam
1025 4757 1352 4841 principes
1403 4762 1540 4819 145.

651 4843 980 4924 Quoniam
1025 4845 1271 4927 rogasti
1314 4842 1660 4927 postremis
1707 4847 1848 4908 693.

652 4928 981 5008 Quoniam
1028 4930 1345 5011 scriptum
1391 4930 1851 5013 consignatum
1899 4936 2040 4996 741.

652 5014 983 5095 Quoniam
1027 5015 1302 5081 verebar
1346 5037 1431 5080 ne
1475 5016 1716 5082 Petrus
1763 5020 1907 5080 690.

652 5099 986 5181 Quoniam
1029 5099 1307 5166 verebar
1347 5123 1433 5165 ne
1477 5102 1597 5167 tibi
1642 5101 1916 5169 molesta
1965 5107 2101 5166 164.

655 5185 984 5266 Quoniam
1029 5186 1295 5251 videbat
1337 5188 1591 5253 Textor
1637 5193 1778 5253 633.

653 5270 980 5351 Quoniam
1025 5269 1325 5338 videmus
1367 5273 1699 5339 interdum
1738 5277 1882 5337 866.

654 5355 967 5437 Quotidie
1010 5379 1156 5424 cum
1207 5357 1348 5424 Deo
1395 5362 1579 5423 3116.

2113 449 2495 519 INDICES
2540 448 3231 519 EPISTOLARUM.
4534 459 4624 521 708

2728 639 3007 721 Quoties
3051 662 3173 725 ego
3217 640 3298 705 ad
3344 647 3411 705 te
3459 645 3644 706 3806.

2728 726 3003 807 Quoties
3047 727 3299 793 occasio
3345 727 3609 792 dabitur
3656 731 3841 792 3526.

2726 811 3259 895 Quotiescunque
3300 815 3702 879 mentionem
3749 814 3849 879 tui
3901 818 4080 876 1353.

2724 896 2947 977 Quum
2995 920 3035 963 a
3078 898 3375 964 revelato
3418 902 3605 963 3290.

2722 981 2945 1063 Quum
2991 1005 3031 1048 a
3073 985 3237 1049 viris
3274 985 3497 1068 probis
3543 989 3728 1049 3986.

2724 1068 2950 1149 Quum
2996 1069 3077 1134 ab
3122 1071 3395 1135 ineunte
3450 1076 3548 1134 70.

2722 1153 2948 1234 Quum
2993 1154 3076 1220 ad
3121 1177 3227 1221 me
3269 1176 3485 1239 nuper
3530 1162 3716 1219 4211.

2722 1240 2944 1321 Quum
2992 1241 3075 1306 ad
3120 1263 3225 1306 me
3271 1243 3627 1325 scripsistis
3674 1245 3859 1306 3908.

2721 1324 2946 1406 Quum
2995 1327 3079 1392 ad
3124 1336 3190 1392 te
3229 1329 3752 1411 proficisceretur
3800 1331 3991 1390 1510.

2722 1411 2946 1492 Quum
2992 1412 3075 1477 ad
3119 1434 3237 1478 vos
3283 1413 3440 1478 hinc
3490 1417 3675 1475 3042.

2721 1497 2945 1578 Quum
2992 1497 3370 1563 admonitus
3414 1521 3625 1564 essem
3671 1500 3754 1564 ab
3798 1500 4047 1564 Ioanne
4095 1503 4241 1563 821.

2721 1582 2948 1663 Quum
2992 1584 3369 1650 admonitus
3412 1606 3621 1650 essem
3667 1587 3736 1651 in
3784 1605 4043 1651 summo
4083 1587 4270 1650 2532.

2720 1668 2947 1749 Quum
2994 1669 3194 1734 allata
3238 1680 3460 1736 essent
3503 1672 3806 1754 exempla
3851 1674 4036 1734 2275.

2719 1753 2946 1834 Quum
2992 1755 3232 1821 allatae
3277 1768 3432 1822 sunt
3479 1765 3632 1821 tuae
3681 1761 3822 1820 286.

2720 1839 2947 1919 Quum
2992 1841 3669 1907 animadverteremus
3720 1846 3902 1906 1254.

2718 1925 2942 2006 Quum
2989 1928 3208 1992 animo
3251 1928 3584 1994 volverem
3634 1931 3820 1991 3286.

2718 2010 2944 2091 Quum
2988 2032 3163 2078 anno
3206 2014 3546 2097 superiore
3591 2020 3776 2078 3083.

2721 2097 2945 2177 Quum
2992 2100 3273 2164 antehac
3316 2098 3400 2164 ad
3446 2107 3734 2164 vestram
3785 2105 3970 2164 2810.

2716 2181 2943 2262 Quum
2987 2185 3161 2268 apud
3207 2206 3313 2250 me
3350 2187 3723 2250 statuissem
3775 2191 3953 2250 1493.

2718 2268 2939 2348 Quum
2988 2270 3249 2336 audiam
3295 2291 3378 2335 ex
3423 2270 3569 2335 aliis
3617 2275 3804 2335 4029.

2717 2354 2943 2434 Quum
2989 2355 3287 2420 audirem
3332 2356 3678 2421 Sulzerum
3730 2362 3916 2422 3954.

2716 2440 2939 2519 Quum
2990 2442 3366 2508 avidissime
3410 2452 3561 2506 tuas
3609 2444 3797 2506 2598.

2718 2525 2940 2605 Quum
2986 2529 3211 2592 Berna
3253 2547 3558 2594 reversus
3598 2536 3770 2593 esset
3820 2535 4003 2595 1035.

2717 2611 2940 2691 Quum
2988 2614 3141 2677 boni
3182 2614 3296 2677 isti
3336 2615 3463 2677 viri
3515 2620 3694 2678 1951.

2716 2696 2940 2776 Quum
2988 2699 3309 2764 Calvinus
3353 2699 3436 2763 ad
3480 2719 3587 2763 me
3631 2700 3918 2765 misisset
3968 2706 4147 2767 1328.

2715 2782 2942 2863 Quum
2989 2786 3184 2850 certis
3226 2784 3615 2868 quibusdam
3666 2790 3853 2852 3486.

2714 2868 2938 2949 Quum
2979 2877 3201 2935 certus
3244 2871 3526 2937 nuncius
3570 2876 3755 2935 3168.

2714 2953 2938 3034 Quum
2985 2956 3237 3021 Christi
3282 2956 3584 3039 expendo
3628 2960 3769 3018 263.

2714 3038 2939 3119 Quum
2983 3043 3350 3107 communis
3394 3065 3593 3109 causa
3645 3047 3825 3108 1352.

2714 3126 2937 3207 Quum
2984 3128 3064 3192 de
3110 3137 3287 3194 statu
3332 3140 3552 3194 vestro
3599 3133 3787 3194 2745.

2713 3212 2943 3291 Quum
2988 3213 3310 3279 decimum
3356 3217 3487 3279 iam
3536 3214 3706 3279 diem
3762 3219 3943 3281 1927.

2712 3296 2938 3377 Quum
2983 3298 3088 3364 die
3131 3300 3457 3366 dominico
3506 3304 3650 3365 658.

2713 3383 2936 3464 Quum
2985 3385 3096 3450 diu
3143 3385 3561 3467 multumque
3609 3391 3796 3451 3213.

2712 3469 2937 3549 Quum
2982 3471 3173 3536 domo
3217 3472 3492 3555 profecti
3546 3475 3726 3534 1612.

2712 3554 2936 3635 Quum
2984 3556 3249 3621 domum
3295 3556 3636 3623 rediissem
3686 3562 3875 3624 3990.

2711 3639 2937 3720 Quum
2984 3642 3352 3707 dubitarem
3389 3642 3837 3708 intercedatne
3885 3647 4070 3709 2304.

2711 3724 2937 3805 Quum
2979 3726 3106 3792 duo
3152 3728 3249 3792 iili
3290 3730 3528 3794 fratres
3575 3733 3717 3793 639.

2712 3809 2936 3890 Quum
2985 3834 3021 3879 e
3065 3815 3450 3880 Pictonibus
3496 3819 3571 3875 37
3584 3818 3680 3873 80.

2713 3896 2941 3977 Quum
2987 3899 3214 3964 eadem
3259 3898 3572 3964 mandata
3620 3905 3800 3965 33:333.

2713 3981 2937 4061 Quum
2983 3983 3295 4051 Enardus
3336 3986 3544 4049 frater
3592 3989 3732 4045 532.

2714 4066 2939 4147 Quum
2986 4091 3194 4135 essem
3241 4071 3415 4153 apud
3458 4070 3812 4136 Calvinum
3868 4077 4048 4137 2012.

2715 4152 2941 4232 Quum
2985 4177 3199 4221 essem
3243 4156 3559 4222 Genevae
3608 4161 3792 4217 2576.

2716 4237 2943 4318 Quum
2989 4263 3196 4307 essem
3244 4243 3314 4306 in
3359 4253 3688 4307 conventu
3736 4249 3920 4305 2260.

2717 4323 2942 4403 Quum
2990 4349 3073 4392 ex
3117 4348 3193 4392 eo
3240 4336 3536 4411 tempore
3577 4333 3764 4389 4166.

2717 4408 2942 4488 Quum
2988 4432 3072 4477 ex
3118 4413 3339 4479 fratris
3382 4416 3588 4478 nostri
3640 4421 3824 4477 21104.

2716 4496 2940 4574 Quum
2985 4519 3069 4564 ex
3112 4498 3323 4564 literis
3368 4500 3500 4564 tuis
3546 4503 3732 4561 2970.

2702 4580 2942 4661 -Quum
2987 4605 3072 4650 ex
3117 4585 3525 4649 Rhaetorum
3584 4593 3756 4645 1577.

2716 4666 2940 4746 Quum
2986 4671 3355 4736 existimem
3400 4673 3704 4754 precihus
3752 4677 3936 4733 3531.

2715 4754 2941 4832 Quum
2982 4756 3311 4838 expeditio
3354 4757 3484 4821 ista
3529 4761 3712 4821 ww.

2717 4839 2939 4919 Quum
2985 4843 3341 4908 Francisco
3386 4852 3612 4907 nostro
3660 4849 3840 4905 3061.

2716 4927 2939 5008 Quum
2989 4928 3496 4993 Francofurtum
3545 4941 3816 4994 vocatus
3868 4933 4052 4998 2533.

2716 5013 2937 5094 Quum
2983 5013 3192 5078 frater
3238 5014 3344 5080 hic
3385 5018 3784 5098 proposit-um
3836 5018 4020 5078 2433.

2716 5100 2939 5178 Quum
2987 5099 3219 5165 Gallos
3259 5109 3521 5165 nostros
3565 5102 3856 5166 viderem
3908 5106 4048 5166 605.

2717 5185 2941 5265 Quum
2988 5185 3295 5250 haberem
3340 5186 3423 5250 ad
3468 5195 3534 5251 te
3570 5187 3796 5251 literas
3848 5194 3984 5254 746.

2718 5271 2938 5351 Quum
2985 5272 3111 5337 hac
3152 5275 3471 5337 transiret
3517 5274 3700 5334 2009.

2717 5357 2943 5438 Quum
2989 5358 3133 5422 heri
3178 5367 3324 5442 post
3366 5378 3632 5424 coenatu
3692 5366 3868 5422 1124.
