4900 6125
1998 1616 2568 1719 MDLXIV.

1142 1832 1344 1906 4⁰⁶4.

736 1988 1237 2058 OOUR'I'OYS
1281 1988 1634 2074 02³1.le
1639 1990 1721 2059 Ο.

427 2159 649 2228 Novae
702 2160 995 2228 stationis
1049 2165 1307 2245 eiusque
1351 2183 1694 2248 prosperae
1750 2168 1807 2231 et
1866 2163 2224 2233 laudandae

249 2247 681 2314 ministerium
721 2247 1092 2331 auspicum
1133 2253 1239 2316 est.

530 2420 638 2489 (Ex
693 2419 1033 2490 autographo
1085 2419 1219 2475 cod.
1257 2419 1459 2475 Gener.
1516 2419 1633 2488 110,
1664 2422 1756 2477 fol.
1801 2423 1879 2491 3.)

240 2589 642 2658 Clarissimo
695 2590 841 2657 viro
887 2590 969 2657 D.
1015 2590 1254 2658 Ioanni
1297 2591 1581 2659 Calvino
1645 2593 1958 2662 ecclesiae
2002 2595 2224 2662 Gene-

238 2677 475 2745 vensis
522 2674 901 2745 fidelissimo
945 2678 1127 2744 verbi
1172 2676 1300 2743 Dei
1343 2676 1650 2745 ministro
1693 2702 1769 2747 ac
1804 2681 1980 2766 patri
2017 2679 2224 2767 pluri-

917 2784 1102 2828 mum
1146 2762 1573 2831 observando.

414 2933 499 3003 S.
547 2935 744 3015 Tuas,
787 2934 880 3000 mi
925 2943 1129 3018 pater,
1176 2935 1387 3021 pridie
1430 2936 1737 3004 calendas
1778 2936 2076 3003 Ianuarii
2113 2957 2220 3006 ac-

225 3021 379 3106 cepi
455 3021 702 3088 literas.
732 3026 783 3101 ¹)
892 3019 1137 3090 Coetus
1203 3030 1428 3090 noster
1492 3044 1532 3088 a
1600 3021 2042 3091 Oentronibus
2106 3023 2221 3108 qui

224 3128 422 3175 nunc
472 3107 849 3174 Tarentasii
869 3111 927 3186 2)
978 3107 1288 3175 dicuntur
1331 3116 1629 3192 rogatus:
1685 3111 2023 3176 seniorum
2068 3131 2220 3176 nos-

224 3203 511 3261 trornm
565 3192 855 3269 consilio,
922 3213 1028 3259 me
1070 3195 1154 3263 ad
1197 3216 1308 3262 eos
1350 3195 1619 3263 contuli.
1710 3194 2062 3279 Quumque
2105 3216 2220 3262 ur-

221 3280 384 3347 bem
480 3280 749 3345 nomine
789 3278 1182 3346 Mosterium
1202 3284 1257 3363 ³)
1317 3281 1714 3365 appulissem
1772 3279 1856 3347 ab
1911 3280 2221 3348 ecclesiae

217 3365 559 3433 fidelibus
600 3364 885 3450 benigne
929 3374 1253 3451 receptae,
1298 3368 1529 3450 quinto
1574 3364 1881 3433 calendas
1922 3367 2221 3434 Ianuarii

211 3460 384 3536 post
446 3451 854 3526 concionem,
923 3448 1343 3535 legitimaque
1409 3452 1728 3518 electione
1786 3461 2068 3535 peracta,
2136 3473 2221 3519 ex

211 3537 550 3605 fidelium
607 3534 964 3620 aptioribus
1021 3546 1323 3603 senatum
1392 3537 1903 3604 ecclesiasticum
1952 3537 2222 3605 Christo

214 3624 448 3690 erexi.
531 3621 680 3701 Hic,
724 3630 801 3686 ut
842 3642 1054 3704 spero,
1099 3622 1401 3707 Dleryns
1417 3628 1473 3701 ⁴)
1518 3622 1724 3689 frater
1767 3631 1992 3690 noster
2024 3645 2223 3689 suum

207 3715 523 3776 exercet
586 3706 1043 3773 ministerium.
1154 3709 1352 3775 Certe
1417 3709 1582 3776 haec
1657 3707 1932 3776 ecclesia
1995 3708 2224 3776 fideles

209 3795 508 3861 nobiles
567 3792 812 3859 multos
871 3794 1091 3859 habet:
1151 3795 1265 3877 qui
1325 3814 1458 3859 non
1513 3795 1723 3861 solum
1798 3815 1921 3878 pro
1965 3794 2221 3861 Christi

205 3880 529 3947 nomine
607 3888 870 3945 terrena
948 3877 1336 3962 despiciunt,
1424 3900 1655 3947 verum
1721 3882 1920 3945 etiam
1986 3887 2223 3964 sponte

204 3966 525 4051 propria
566 3984 835 4049 corpora
868 3965 1066 4031 morti
1109 3965 1391 4044 tradere,
1436 3987 1512 4033 ac
1556 3987 1674 4051 pro
1717 3964 2024 4032 insidiata
2057 3967 2223 4033 civi-

203 4059 369 4120 tate
423 4050 850 4136 pollicentur.
939 4050 1216 4117 Interim
1277 4059 1496 4117 tamen
1562 4050 1950 4117 insidiarum
1994 4053 2225 4138 globu-

197 4138 372 4205 lum
429 4137 716 4202 minime
757 4135 974 4204 adhuc
1016 4137 1318 4204 stabilem
1363 4137 1569 4217 videO,
1630 4158 1785 4202 nam
1849 4146 1924 4203 ut
1963 4159 2004 4204 a
2049 4136 2225 4203 fideli

199 4223 530 4291 homine
606 4222 846 4322 accepi,
932 4243 1136 4289 novas
1212 4224 1431 4323 postes
1509 4223 1873 4323 moliuntur
1936 4222 2225 4324 insidias.

195 4308 1687 4465 1Q³r20¹¹⁸ffi⁰13⁶⁰310331ff⁸233Sffffietffissssi’
1790 4330 2055 4476 3352?
2111 4331 2225 4462 Ἓξ

189 4486 498 4572 spretis
544 4483 687 4548 eius
729 4480 1164 4558 adminiculis,
1205 4501 1433 4547 secure
1465 4480 1641 4547 inter
1686 4480 1848 4547 haec
1890 4488 2078 4547 tanta
2113 4503 2224 4565 pe-

191 4573 464 4641 ricula
539 4568 893 4634 dormitent
958 4576 1073 4633 aut
1138 4566 1485 4632 dormiant.
1598 4566 1866 4633 Interea
1943 4568 2000 4632 si
2064 4566 2224 4652 qnid

185 4659 390 4728 novi
473 4653 788 4722 acciderit
836 4664 903 4718 te
959 4652 1303 4721 certiorem
1359 4651 1622 4718 faciam:
1700 4652 1866 4719 fidos
1916 4652 2090 4719 enim
2147 4674 2226 4720 ea

188 4747 292 4813 de
361 4764 466 4810 re
529 4739 980 4825 exploratores
1033 4738 1324 4822 undique
1377 4736 1713 4805 habemus.
1813 4738 1960 4804 'l'uo
2028 4761 2223 4821 nunc,

183 4833 350 4899 Dei
423 4826 690 4913 gratia,
747 4825 965 4892 libello
1008 4825 1077 4890 in
1139 4824 1458 4892 Valentini
1499 4822 1786 4891 nefanda
1839 4825 2226 4892 commenti-

169 5091 446 5148 4009.
477 5087 535 5153 1)
569 5084 705 5142 Non
737 5088 971 5140 exstant
1078 5126 1090 5138 .
1136 5082 1208 5140 N.
1242 5082 1397 5138 4059.

469 5160 536 5221 2)
579 5154 901 5210 Toreatai&
932 5154 997 5208 in
1075 5150 1340 5208 obaudio„

463 5226 532 5292 3)
567 5224 817 5280 Mona-’er
870 5238 941 5278 en
975 5222 1330 5277 Manu-ienae.

463 5293 533 5361 4)
567 5293 758 5349 Lea-‘o
913 5293 926 5305 ·
964 5331 977 5345 .

459 5379 698 5435 odoini
734 5393 920 5447 opera.
1005 5376 1119 5433 Veh
1154 5375 1285 5431 XX.

2323 1835 2420 1902 tia
2461 1842 2755 1902 armatus
2817 1855 2984 1902 eum.
3073 1832 3315 1902 Omnis
3369 1842 3592 1902 coetus
3645 1833 3846 1902 verbo
3887 1834 4020 1901 Dei
4061 1840 4297 1905 auctus

2326 1929 2392 1988 te
2459 1928 2690 2006 terque
2756 1929 3114 2005 quaterque
3180 1920 3521 1987 humiliter
3584 1919 3845 1988 salutat.
3946 1919 4132 2002 Vale,
4197 1922 4295 1988 mi

2325 2006 2703 2074 venerande
2748 2028 2824 2074 ac
2864 2006 3200 2074 carissime
3236 2014 3440 2091 pater.
3526 2006 3858 2073 Dominus
3902 2014 3968 2073 te
4027 2027 4296 2075 conser-

2328 2101 2440 2159 vet
2493 2099 2563 2159 et
2618 2113 2926 2177 prospera
2978 2090 3355 2159 valetudine
3410 2091 3686 2159 muniat.
3774 2091 4026 2160 Omnes
4067 2098 4294 2177 patres

2327 2177 2395 2244 in
2440 2177 2711 2246 Christo
2755 2200 2901 2246 meo
2943 2178 3210 2245 nomine
3251 2177 3500 2246 salutes
3543 2176 3764 2245 velim.

2503 2267 2543 2328 2
2588 2263 2883 2332 Ianuarii
2932 2267 3112 2331 1564.

3013 2401 3198 2467 Tuus
3241 2399 3649 2466 humillimus
3691 2401 3764 2465 in
3807 2399 4076 2468 Christo
4118 2398 4301 2469 filius

3303 2484 3622 2552 Olaudius
3663 2483 4015 2571 Ocurtoys.

3214 3031 3410 3102 4⁰65.

2740 3202 3413 3273 BULLINGERUS
3457 3202 3897 3272 OALVINO.

2502 3375 4296 3460 Maeamprmdusdeoptimsuaerqammet

2324 3463 2644 3532 ecclesiam
2691 3461 3007 3530 Gallicam
3046 3461 3376 3540 vduvdate,
3420 3461 3706 3543 affirmat
3744 3481 3813 3528 se
3867 3460 3938 3528 id
3958 3464 4298 3541 praestare

2325 3571 2450 3617 non
2481 3567 2673 3635 posse
2713 3568 2877 3632 quae
2915 3549 2996 3615 ab
3034 3549 3176 3630 ipso
3207 3546 3528 3630 poemata
3567 3550 3733 3615 sunt.

2328 3722 2437 3788 (Ex
2492 3720 2831 3790 autographo
2883 3720 3015 3775 Cod.
3071 3718 3209 3773 Θου.
3270 3716 3403 3782 114,
3459 3717 3552 3773 sol.
3589 3715 3708 3771 101.
3780 3716 3909 3770 Alis
3955 3715 4295 3785 exemplaria

2325 3790 2495 3847 habes
2551 3791 2610 3844 in
2643 3788 2776 3845 God-
2811 3788 2949 3845 Gen.
3005 3787 3166 3868 111⁸„
3194 3787 3289 3844 sol.
3339 3784 3460 3849 218,
3514 3787 3572 3840 in
3609 3787 3751 3908 1351).
3784 3786 3948 3840 Bern-
4004 3785 4098 3841 VI.
4153 3782 4294 3839 1153

2893 3862 2953 3912 et
2986 3874 3072 3927 sp.
3109 3856 3401 3911 Simlerum
3438 3855 3561 3911 Vol.
3597 3854 3623 3907 1
3702 3853 3744 3921 .)

2327 4029 2712 4099 Clarissimo
2762 4030 2907 4096 viro
2960 4029 3047 4093 D.
3088 4026 3322 4093 Ioanni
3366 4024 3649 4092 Calvino
3705 4022 4121 4092 Genevensis
4180 4041 4288 4090 ec-

2327 4115 2563 4184 clesiae
2621 4114 2869 4200 pastori
2924 4110 3658 4265 fidglgzsriitngzssoffignc
3718 4131 3864 4177 meo
3906 4107 4177 4178 colendo
4220 4112 4291 4173 et

2502 4373 2833 4442 Dominus
2888 4372 3079 4439 Iesus
3147 4369 3492 4437 benedicat
3560 4367 3682 4434 tibi
3733 4373 3803 4433 et
3852 4364 4076 4431 domui
4133 4370 4287 4433 tuae

2328 4460 2769 4544 concedatque
2826 4478 3074 4525 annum
3132 4456 3309 4522 hunc
3366 4454 3484 4521 tibi
3528 4451 3997 4531 felicissimum,
4049 4470 4127 4519 sc
4170 4451 4290 4518 diu

2329 4556 2395 4615 te
2438 4548 2630 4614 nobis
2672 4552 2893 4614 servet
2933 4541 3344 4610 incolumem.
3416 4540 3663 4605 Fateor
3697 4558 3803 4603 me
3838 4537 3977 4615 tibi,
4023 4536 4287 4604 domine

2327 4632 2597 4704 colende
2651 4641 2719 4700 et
2775 4633 2980 4698 trater
3030 4628 3387 4706 carissime,
3445 4624 3803 4710 plurimum
3849 4621 4103 4702 debere,
4168 4623 4288 4707 qui

2371 4741 2532 4787 uum
2577 4726 2677 4787 tot
2718 4717 3048 4799 tantisque
3080 4734 3431 4813 oppressus
3474 4709 3566 4777 sis
3609 4707 3892 4794 negotiis
3930 4716 3998 4773 et
4033 4709 4285 4775 valetu-

2326 4742 2483 4873 gine
2527 4806 2734 4872 utaris
2777 4801 2865 4869 ali
2950 4801 3021 4866 ui
3063 4800 3321 4877 afflicta,
3389 4795 3821 4862 nihilominus
3863 4814 4102 4879 pergas
4144 4802 4285 4861 tam

2325 4890 2742 4959 familiariter
2795 4822 3269 4972 etmdiligenter
3323 4883 3407 4950 ad
3464 4902 3572 4948 me
3616 4880 3697 4947 de
3741 4882 3936 4948 rebus
3978 4878 4287 4946 omnibus

2325 4978 2627 5047 scribere.
2656 4979 2708 5062 ¹)
2791 4973 3119 5041 Dominus
3162 4968 3481 5055 rependat
3533 4967 3655 5035 tibi
3719 4974 3788 5033 et
3849 4975 4069 5035 servet
4124 4974 4191 5031 te
4245 4985 4289 5033 a

2328 5215 2598 5342 wa)
2656 5214 2946 5272 Pomm
3003 5210 3222 5269 cannam·
3253 5208 3332 5265 aa
3384 5207 3767 5278 numnam-
3820 5203 3982 5260 ηοω,
4039 5203 4156 5274 susc
4203 5202 4293 5263 Ν.

3808 5358 3875 5414 15
