4900 6125
623 371 756 442 90⁸

625 557 810 632 uus
850 563 1078 630 ment
1127 561 1564 644 consequuta:
1621 575 1695 622 se
1750 572 1913 620 vero
1966 572 2306 636 nunqnam
2365 573 2597 637 passu-

627 667 780 720 rum
827 657 904 718 ut
947 643 1273 716 similibus
1307 638 1790 712 calamitatibus
1823 659 2105 724 regnum
2125 639 2597 707 involveretur.

903 733 1215 802 maiestas
1273 729 1536 814 utrique
1578 726 1919 794 silentium
1959 723 2328 809 imperavit.
2418 725 2599 791 'I'an-

629 819 786 892 dem
831 819 1082 890 stium
1122 823 1417 886 certante
1459 811 1714 880 Satan·
1756 810 2134 878 conclusum
2179 818 2299 890 est,
2340 810 2598 896 Regem

629 913 776 978 tum
835 903 1100 974 demum
1160 901 1243 970 de
1298 897 1781 982 subscriptione
1841 895 2354 964 deliberaturum
2395 916 2600 979 quum

629 991 940 1066 (lassuls
993 997 1064 1058 et
1125 987 1402 1056 aliorum
1463 1004 1696 1070 regum
1757 982 2164 1051 voluntatem
2209 981 2604 1068 cognoverit

631 1089 704 1148 ot
746 1078 829 1148 ab
875 1077 1017 1164 ipso
1061 1073 1381 1144 Pontiflce
1423 1089 1710 1137 canones
1754 1069 1912 1134 istos
1956 1088 2106 1136 acce
2189 1070 2295 1134 rit.
2366 1066 2600 1135 Gurdi-

629 1163 808 1236 solea
849 1163 1028 1230 enlm
1077 1179 1209 1228 non
1255 1156 1599 1225 Pontificis
1642 1154 1758 1221 sed
1802 1153 2063 1222 concilii
2131 1161 2399 1239 egatum
2443 1173 2601 1253 age·

631 1249 764 1322 but
855 1247 966 1316 lta
1011 1265 1191 1314 nunc
1231 1241 1498 1329 quidem
1541 1242 1752 1307 fracta
1815 1249 1975 1306 sunt
2015 1238 2281 1306 illorum
2323 1238 2602 1307 consilia

630 1347 701 1406 ot
742 1333 941 1404 datur
983 1331 1237 1400 interea
1279 1325 1599 1394 fratribus
1651 1327 2014 1410 respiratio.

807 1419 978 1504 Spes
1042 1423 1143 1482 est
1207 1413 1430 1498 aliqua
1494 1411 1576 1478 de
1640 1431 1801 1496 pace
1858 1433 2008 1479 cnm
2052 1408 2417 1497 Anglo‚¹⁴)
2484 1406 2601 1476 sed

631 1515 856 1576 tamen
921 1502 1090 1572 nibil
1157 1498 1377 1566 adhuc
1442 1506 1544 1565 est
1605 1499 1992 1564 confectum.
2104 1496 2280 1563 Puto
2341 1496 2601 1581 Regem

715 1593 918 1660 imum
965 1587 1230 1666 Remos,
1274 1583 1432 1650 inde
1455 1583 1768 1664 Eanum,
1810 1601 1889 1648 ac
1930 1581 2199 1648 tandem
2242 1581 2445 1648 etiam
2481 1601 2603 1666 per

695 1697 777 1744 ur
872 1672 1098 1742 ndiam
1143 1669 1556 1755 Lugdunum
1597 1677 1989 1748 venturum,
2031 1668 2162 1735 nisi
2208 1667 2409 1752 (qnod
2454 1687 2600 1733 sae·

627 1763 768 1848 piss
796 1779 903 1828 me
946 1756 1161 1825 solent
1233 1754 1585 1822 consilium
1627 1755 1699 1820 in
1744 1753 1897 1820 aula
1937 1763 2215 1820 mutant.
2251 1755 2339 1832 ¹·'’)

959 1843 972 1860 ‘
1177 1861 1469 1920 avanae,
1514 1838 1716 1906 nullis
1762 1838 2061 1924 Philippi
2104 1840 2333 1917 minis,
2394 1837 2601 1905 nullis

629 1933 858 2017 Papae
892 1927 1316 1998 citationibus
1338 1928 1471 1992 iam
1493 1926 1956 2012 peremptoriis
1977 1932 2305 1993 commota
2324 1922 2600 1992 idolola-

629 2017 830 2086 triam
867 2015 940 2082 in
976 2034 1097 2080 sua
1118 2012 1366 2079 ditione
1399 2011 1700 2077 funditus
1734 2011 2087 2096 profligare
2110 2012 2345 2096 pergit.
2411 2010 2604 2077 Misit

627 2101 714 2172 ad
758 2121 881 2168 nos
931 2097 1379 2183 superioribus
1424 2096 1655 2164 diebus
1697 2098 2041 2183 proprium
2084 2097 2402 2164 nuncium
2448 2115 2600 2161 cum

627 2187 842 2256 literis
905 2185 1000 2252 ita
1064 2184 1175 2268 pie
1233 2193 1302 2249 et
1367 2182 1631 2250 cordate
1694 2183 1992 2266 scriptis,
2057 2190 2139 2249 ut
2190 2181 2391 2267 plane
2454 2181 2599 2266 dig-

629 2294 791 2344 num
852 2273 940 2339 sit
991 2270 1137 2337 eius
1194 2268 1490 2335 mulieris
1548 2269 1928 2352 exemplum
1970 2268 2264 2335 omnium
2309 2268 2602 2335 saeculo-

629 2379 783 2428 rum
826 2357 1166 2423 memoria.
1254 2355 1441 2421 Petit
1482 2355 1658 2420 inter
1720 2364 1980 2422 caetera
2021 2374 2165 2421 sese
2207 2354 2278 2419 in
2321 2352 2604 2438 publicis

630 2443 937 2530 precibus
984 2440 1374 2507 nominatim
1416 2438 1708 2506 Domino
1751 2438 2227 2520 commendari,
2294 2449 2363 2505 et
2419 2437 2606 2505 addit

629 2551 777 2598 sese
843 2536 1142 2613 paratam
1206 2544 1352 2591 esse
1415 2545 1552 2591 non
1595 2525 1790 2592 modo
1846 2545 2157 2612 regnum,
2223 2524 2339 2591 sed
2396 2525 2601 2590 etiam

631 2633 862 2683 omncs
903 2632 1078 2696 opes,
1123 2609 1241 2678 sed
1276 2620 1344 2676 et
1376 2612 1584 2677 vitam
1619 2613 1944 2689 amittere,
1989 2609 2343 2677 dnmmodo
2363 2609 2599 2677 Ohris-

631 2709 775 2766 tum
820 2718 1014 2766 suum
1058 2698 1264 2781 possit
1306 2698 1374 2763 in
1419 2696 1563 2762 eius
1606 2695 1875 2763 ditionis
1925 2697 2401 2781 possessionem
2442 2696 2600 2761 mit-

631 2795 1039 2938 fztfflntmss
1080 2783 1212 2952 ἕξ,
1227 2782 2317 2935 mfflmssmifflm.
2374 2782 2602 2936 ¹³:332

631 2955 920 3025 salutem
963 2962 1034 3020 et
1074 2973 1199 3020 vos
1241 2953 1529 3021 Domino
1572 2953 2059 3021 commendetis.

807 3040 997 3108 Haec
1063 3038 1262 3107 habui
1328 3039 1411 3108 de
1475 3038 1675 3108 rebus
1730 3039 2023 3108 Gallicis.
2109 3039 2257 3147 Ego
2299 3037 2473 3125 quod
2515 3038 2600 3106 ad

632 3148 745 3197 me
788 3127 1056 3205 attinet,
1124 3146 1209 3192 ne
1265 3124 1425 3210 quid
1477 3125 1633 3193 inde
1676 3127 1750 3193 in
1794 3148 1914 3194 nos
1953 3125 2116 3194 mali
2158 3128 2443 3211 αλοὶστωρ
2488 3125 2602 3193 ille

636 3211 1017 3285 Gardimlis
1051 3211 1356 3292 fabricet,
1420 3233 1618 3297 quam
1641 3218 1677 3252 ⁵
1732 3234 1817 3279 ex
1870 3212 2258 3280 Tridentino
2299 3210 2600 3290 concilio,
2706 3213 2748 3276 P

631 3308 875 3367 metuo.
954 3296 1092 3364 Sed
1136 3297 1300 3364 haec
1342 3298 1566 3364 omnia
1607 3308 1764 3365 sunt
1800 3300 1870 3364 in
1913 3318 2116 3365 manu
2151 3298 2442 3376 Domini,
2487 3298 2602 3381 qui

633 3406 761 3453 nos
818 3382 1051 3467 procul
1093 3381 1293 3450 dubio
1336 3404 1377 3450 a
1418 3383 1600 3450 coelo
1642 3385 2012 3451 Brentiano
2036 3388 2125 3461 ¹⁶)
2183 3403 2317 3450 non
2373 3383 2602 3449 minus

637 3489 838 3556 quam
909 3468 993 3535 ab
1055 3467 1289 3535 inferis
1351 3490 1439 3554 pa
1482 3469 1691 3538 isticis
1755 3470 2070 3538 tuebitur.
2176 3469 2365 3536 Bene
2430 3468 2599 3547 vale,

639 3553 1799 3727 Ξῖἒῖῗιῗψῡΐῗιῗψωὲἔῃὲἒ
1830 3576 1963 3708 fs:
1994 3555 2605 3726 mmm:

644 3738 840 3811 teque
900 3746 1049 3792 cum
1111 3726 1414 3793 omnibus
1479 3726 1791 3794 fratribus
1855 3737 1924 3794 et
1987 3728 2376 3813 symmystis
2438 3724 2604 3792 mihi

644 3812 1006 3899 plurimum
1062 3811 1488 3880 observandis
1546 3813 1823 3881 feliciter
1864 3823 2085 3881 servet
2126 3814 2200 3879 in
2244 3810 2416 3879 diem
2464 3810 2604 3876 Do·

645 3898 812 3964 mini
853 3899 1042 3964 cuius
1074 3898 1329 3983 gratiae
1366 3919 1486 3966 vos
1515 3920 1745 3966 omnes
1779 3897 2180 3966 commendo.
2250 3897 2604 3975 Οαῑυίηιυπ,

645 3994 725 4049 ut
766 3993 944 4067 puto,
989 3984 1120 4049 iam
1163 4004 1297 4051 non
1339 3985 1604 4050 miraris
1647 3984 1815 4050 nihil
1859 3983 2234 4052 rescribere.
2316 3984 2497 4050 Eum
2540 3993 2610 4048 et

645 4089 771 4135 nos
813 4088 1043 4135 omnes
1087 4069 1160 4133 in
1203 4089 1298 4147 eo,
1343 4068 1437 4135 mi
1480 4069 1699 4149 frater,
1744 4069 2004 4137 assidue
2046 4090 2293 4154 quaeso
2314 4068 2608 4136 Domino

650 4152 1120 4222 commendate.
1208 4153 1465 4220 Iterum
1508 4155 1673 4222 vale.
1760 4156 2076 4223 Genevae
2120 4159 2179 4222 6.
2223 4155 2475 4222 Martii.

2013 4294 2198 4360 Tuus
2239 4293 2434 4360 Besa.

833 4511 918 4579 14)
956 4512 1216 4581 Leno-st
1255 4510 1310 4567 d.
1358 4511 1414 4566 d.
1465 4510 1514 4566 6.
1563 4511 1738 4568 Mare.
1775 4528 1838 4584 p.
1883 4512 2018 4569 286.-
2083 4516 2282 4586 Agitur
2333 4514 2403 4570 de
2448 4530 2612 4585 pace:

655 4583 705 4637 si
741 4597 850 4637 non
883 4582 1137 4637 succedat
1169 4598 1236 4636 ea
1269 4581 1413 4635 actio
1447 4582 1567 4636 sine
1602 4581 1770 4637 dnbio
1805 4582 1907 4638 bac
1939 4590 2151 4640 aestate
2167 4590 2391 4655 geretur
2407 4580 2613 4638 bellum

655 4650 951 4707 maioribus
985 4650 1193 4706 viribus
1267 4666 1392 4705 uam
1428 4656 1608 4705 antea.

830 4718 921 4785 15)
960 4718 1118 4775 Iden
1497 4719 1586 4773 ‘na
1653 4718 1890 4774 nondum
1953 4719 2207 4791 dsposuit
2270 4721 2613 4778 voluntatem

651 4787 1035 4913 proficiscendi
1068 4789 1125 4842 in
1161 4786 1570 4857 Iaotbaringnm
1584 4822 1601 4849 ‚
1648 4793 1707 4843 et
1748 4794 1972 4860 putatur
2006 4790 2352 4846 celebratura
2386 4789 2616 4847 Bhemis

679 4864 856 4911 estam
892 4857 1307 4911 resurrectionis
1342 4856 1657 4911 dominicae.

834 4924 926 4993 16)
957 4926 1377 4996 Quintam-⁸.

2148 362 2682 432 EPIS'POLAB.
2722 366 3149 433 4082-4085

3590 548 3792 620 4⁰88.

3175 704 3683 773 FABRICIUS
3729 702 4172 776 OALVINO.

2863 877 3252 945 Promissis
3276 876 3600 945 nonnullis
3619 877 3698 945 do
3714 878 3952 961 nomio
3966 873 4453 942 Pellitur-ionas·
4468 875 4625 956 refe-t

2702 983 2770 1030 se
2826 965 3058 1048 scripto
3116 964 3197 1030 ab
3239 963 3563 1046 Hispanis
3618 963 3995 1046 quibusdan·
4050 961 4625 1044 memma

2702 1050 2951 1134 quaerit
2988 1071 3077 1116 an
3118 1049 3214 1116 vel
3254 1069 3398 1116 cum
3424 1051 3695 1132 proprio
3715 1048 4005 1132 periculo
4034 1047 4404 1130 respon-dm
4434 1046 4626 1113 am

3009 1221 3122 1290 (Ex
3157 1220 3499 1291 autographo
3532 1219 3670 1276 cod.
3708 1219 3915 1276 Gener.
3950 1219 4070 1288 109,
4103 1219 4196 1275 sol.
4234 1217 4381 1288 129.)

2875 1391 3306 1476 Amplissimo
3352 1392 3501 1458 viro
3545 1389 3631 1458 D.
3670 1389 3756 1457 D.
3801 1390 4041 1458 Ioanni
4075 1390 4358 1457 salvino
4403 1390 4632 1457 domim

2703 1498 2826 1545 suo
2869 1486 2938 1545 et
2977 1478 3049 1543 in
3095 1477 3365 1546 Ohristo
3412 1479 3588 1561 patri
3631 1476 3916 1543 multum
3959 1476 4339 1630 ιονοῐιέιέἕ.

4307 1583 4498 1630 evae.

2877 1733 2949 1801 S.
2996 1734 3384 1802 Reverendo
3428 1735 3499 1801 in
3533 1734 4057 1888 Ohristovffater.
4127 1735 4280 1801 Etsi
4326 1735 4455 1801 buc
4494 1756 4635 1800 nun-

2703 1821 2949 1887 ciatum
2995 1832 3099 1888 est
3141 1819 3224 1887 de
3281 1818 3563 1888 adversa
3616 1831 3732 1887 tua
3888 1821 4161 1887 etudine
4178 1871 4197 1899 ‚
4248 1820 4453 1904 idque
4502 1843 4637 1886 nnn·

2704 1907 2880 1972 oium
2933 1927 3054 1974 nos
3106 1927 3244 1973 non
3299 1926 3539 1989 parum
3592 1906 4003 1992 peturbavit,
4070 1915 4296 1972 tamen
4352 1904 4521 1991 quod
4574 1906 4637 1971 ds

2704 1991 2936 2058 divina
2977 2012 3136 2077 erga
3180 2000 3247 2057 te
3270 1991 3642 2090 'clementia
3685 1991 3896 2076 deque
3951 2004 4066 2058 tua
4130 1992 4515 2058 valetudine
4548 2011 4639 2074 op·

2704 2079 2864 2143 time
2899 2097 3317 2161 speraremus
3349 2077 3782 2145 nihilominus
3814 2077 4239 2145 scribendum
4273 2077 4362 2143 ad
4398 2089 4467 2143 te
4493 2077 4639 2154 duxi,

2704 2184 2911 2248 quum
2948 2173 3025 2229 ut
3069 2163 3191 2229 tibi
3229 2164 3675 2248 significarem
3717 2176 3869 2230 tuas
3904 2185 4068 2247 quas
4106 2165 4243 2229 iam
4290 2163 4543 2248 pridem
4578 2162 4641 2227 ad

2704 2269 2814 2314 me
2839 2247 3077 2314 dedisti
3113 2248 3339 2315 literas
3373 2248 3541 2315 mihi
3576 2269 3809 2317 omnes
3835 2271 3980 2316 esse
4005 2249 4320 2326 redditas,
4337 2255 4389 2328 ι)
4424 2266 4557 2315 tum
4586 2261 4643 2312 at

2705 2343 2772 2402 te
2866 2333 3204 2400 edocerem
3273 2334 3356 2401 D.
3424 2335 3747 2402 Ioannem
3819 2336 4244 2402 Tsmmerum
4270 2386 4289 2413 ,
4388 2336 4643 2403 civitatis

2706 2431 2970 2486 nostrae
2991 2419 3339 2487 Ouriensis
3362 2421 3846 2504 amplissimum
3867 2422 4226 2497 consulem,
4262 2421 4641 2506 Lugdunnn

2705 2507 2995 2590 primum
3038 2516 3108 2572 et
3161 2502 3469 2589 deinceps
3539 2506 3624 2572 ad
3668 2528 3896 2592 regem
3939 2528 4194 2591 quoque
4236 2507 4559 2590 proficisci
4592 2507 4643 2571 is

2705 2591 2973 2677 negotio
3051 2590 3469 2658 dominorum
3527 2591 4053 2670 Palicum,
4143 2592 4497 2659 hominum
4552 2592 4641 2657 tihi

2705 2677 3214 2743 notissimorum.
3234 2679 3291 2760 ²)
3398 2678 3529 2743 Est
3602 2679 3661 2744 is
3727 2679 3832 2746 vir
3898 2679 4146 2761 optime
4209 2678 4295 2744 de
4362 2679 4641 2763 religitur

2705 2771 2937 2829 nostra
2977 2762 3277 2841 meritus,
3320 2763 3597 2847 ideoque
3633 2763 3877 2848 dignus
3911 2785 4110 2848 quem
4147 2775 4221 2830 tu
4256 2763 4641 2830 dominon:

2709 2847 3203 2915 Pellizariorum
3245 2849 3511 2915 nomine
3554 2849 3770 2917 literis
3813 2851 3947 2916 tuis
3980 2848 4065 2915 ad
4097 2852 4353 2918 amicos
4388 2851 4503 2934 qui
4534 2871 4641 2914 rer·

2704 2941 2941 3002 santur
2993 2934 3064 2999 in
3121 2933 3276 3000 aula
3329 2934 3510 3019 regis
3565 2945 3895 3018 quantum
3939 2945 4127 3020 potes
4169 2934 4641 3021 diligenti-dne

2705 3020 2913 3087 iuves.
3004 3017 3204 3102 Quod
3248 3031 3316 3086 te
3370 3021 3701 3089 facturum
3744 3023 4018 3089 omnino
4059 3042 4289 3107 spero,

2704 3105 2879 3191 quod
2915 3103 2998 3172 de
3032 3105 3435 3173 Christianis
3478 3107 3788 3175 omnibus
3828 3109 4079 3193 optime
4121 3110 4375 3175 meres-i
4514 3110 4531 3121 '
4568 3110 4641 3171 is-

2752 3191 2936 3259 rimis
2977 3191 3067 3258 sit
3108 3190 3490 3259 iucundum.

2880 3276 3060 3360 Quid
3106 3276 3404 3361 Philippi
3445 3277 3931 3362 Hispaniarum
4002 3279 4267 3364 legatus
4338 3279 4451 3347 hit
4510 3277 4641 3361 spi

2706 3384 2827 3431 nos
2904 3362 3118 3448 egerit
3194 3374 3643 3447 quantumque
3706 3363 4003 3432 effecerit
4076 3387 4161 3431 ex
4228 3365 4327 3431 D.
4396 3366 4639 3432 Omns

2706 3456 2963 3528 nostro,
3029 3447 3089 3513 si
3130 3450 3375 3528 nescis,
3444 3449 3637 3534 plene
3679 3448 4031 3535 intelliges.
4120 3451 4231 3517 De
4272 3450 4481 3519 rebus
4516 3450 4639 3517 ι’·

2704 3535 2871 3602 haec
2934 3553 3143 3617 pauca
3206 3554 3504 3620 aspergo.
3594 3533 4025 3618 Scripseram.
4088 3536 4223 3604 dno
4290 3552 4525 3605 eoam
4566 3556 4639 3600 ιι

2706 3620 2997 3704 Hispani
3071 3620 3362 3702 impulsu
3426 3630 3695 3704 patrum
3756 3621 4351 3701 Tridentium,
4408 3642 4637 3709 qu·-

2706 3707 2956 3790 scripta
3029 3705 3350 3772 acerrima
3414 3706 3499 3773 ad
3563 3726 3688 3773 vos
3762 3709 4147 3791 pervenisse
4236 3731 4381 3777 nnn
4446 3710 4635 3775 ddi-

2708 3790 3200 3860 Contumeliose
3244 3800 3532 3858 tractant
3573 3802 3865 3858 vestram
3924 3794 4305 3861 ended-n:
4364 3808 4437 3861 ts
4474 3814 4637 3860 .-

2708 3879 3030 4030 ggii-alu?
3070 3877 3426 4028 Pmogipeze
3446 3878 3931 4046 parteinwffiolvi
3946 3985 3961 3999 ·
4036 3965 4215 4050 quod
4258 3882 4635 4051 μαψ-ᾖα
4572 3900 4639 3941 ⁵

2709 4049 2885 4133 apud
2944 4068 3061 4114 vos
3188 4047 3473 4132 ‘quando
3525 4049 3783 4116 excudi.
3872 4051 4187 4136 Tigurini
4230 4055 4455 4123 nin.
4510 4048 4637 4135 qd

2713 4133 3294 4218 Quinquepagicos
3335 4133 3626 4218 alioquin
3668 4136 3947 4203 infestos
3989 4138 4475 4221 experiuntur.
4512 4140 4633 4203 h-

2712 4220 3009 4288 fortassis
3051 4218 3266 4285 aleam
3308 4219 3532 4286 subire
3568 4220 3811 4298 nolent,
3856 4222 4015 4288 licet
4048 4225 4227 4289 nihil
4262 4228 4343 4291 in
4382 4244 4631 4308 nq-

2712 4327 2862 4373 meo
2937 4306 3103 4371 insit
3178 4305 3353 4388 quod
3418 4307 3816 4373 christianos
3880 4320 3953 4374 et
4013 4310 4333 4378 cordam-
4394 4311 4633 4375 h·-

2714 4389 3049 4458 offendere
3090 4392 3313 4474 possit.
3381 4391 3487 4458 De
3520 4413 3598 4458 eo
3631 4390 3789 4477 quid
3824 4395 3971 4460 fieri
4006 4398 4215 4478 pomi:
4250 4419 4345 4463 ex
4378 4414 4447 4462 n
4472 4398 4633 4481 β

2715 4478 3053 4545 occasione
3116 4474 3346 4543 audire
3409 4497 3590 4544 aveo.
3700 4478 3873 4545 Fere
3936 4483 4051 4563 qui
4114 4503 4447 4565 pa:-
4498 4500 4629 4546 -

2716 4565 2953 4630 timent
2994 4560 3163 4628 mihi
3203 4574 3467 4628 autores
3521 4573 3682 4630 sunt
3723 4586 3809 4631 ne
3862 4568 4347 4649 responde-n.
4412 4570 4519 4653 ςιί
4546 4586 4627 4649 p·

2717 4648 2962 4716 blicum
3014 4649 3274 4732 privato
3330 4659 3748 4732 anteponunt
3800 4652 4345 4735 respondend—
4396 4668 4623 4720 ω

2715 4736 2809 4800 Et
2864 4744 3073 4814 certe,
3140 4734 3268 4799 nisi
3321 4733 3560 4800 bonam
3616 4757 3885 4803 causam
4108 4742 4123 4752 '
4292 4742 4547 4824 psh-
4584 4750 4627 4795 s

2717 4819 3019 4921 deserere
3069 4818 3381 4899 velimus,
3464 4821 3903 4890 nebulonibus
3944 4750 4625 4910 w

2716 4917 2861 4973 erit.
2964 4904 3101 4972 Sed
3155 4914 3467 4990 exspecto
3518 4915 3744 4973 tamen
3803 4920 4001 4975 tuum
4374 4910 4623 4977 infi—

4280 5012 4621 5082 1—2*

2717 4990 2890 5077 quod
2932 4990 3106 5076 apud
3150 5012 3257 5057 me
3300 5004 3791 5060 sacrosanctum
3832 5008 3953 5061 est.

2716 5216 2991 5280 ml)
3035 5212 3267 5268 Unicum
3300 5215 3592 5271 habuitne
3625 5215 3693 5270 N.
3731 5215 3887 5269 ³237.

2924 5281 3093 5349 DN.
3134 5281 3288 5337 4030.
