4900 6125
288 446 406 511 689

285 629 677 698 Mansissem
727 627 990 692 Bernae
1037 626 1223 686 2008.

283 715 703 799 Marpachius
756 711 944 777 nobis
988 731 1027 775 a
1065 708 1377 793 Philippo
1432 712 1611 771 1074.

282 802 613 870 Martinus
657 797 1063 866 Czechovius
1110 799 1295 860 3649.

285 888 614 956 Martinus
659 884 1003 950 Lutherus
1048 885 1237 947 3506.

282 976 543 1040 Mature
587 979 653 1037 et
698 969 976 1035 fideliter
1021 972 1208 1033 3781.

281 1060 579 1126 Maxima
621 1053 1061 1122 sollicitudine
1105 1053 1356 1118 afficior
1401 1053 1588 1115 3113.

280 1148 606 1213 Maximas
652 1142 767 1208 tibi
812 1141 1061 1226 gratias
1103 1158 1227 1223 ago
1280 1140 1462 1202 1934.

279 1232 607 1299 Maximas
652 1239 801 1293 tuae
852 1225 1247 1290 humanitati
1295 1225 1480 1286 3258.

280 1318 572 1384 Maximo
621 1335 771 1380 cum
823 1313 1043 1377 dolore
1095 1309 1289 1376 audio
1327 1313 1514 1372 3814.

279 1405 392 1469 Me
436 1404 652 1468 Bezae
695 1408 1082 1482 conspectus
1136 1398 1316 1458 1250.

279 1491 391 1556 Me
438 1487 611 1553 domi
657 1485 1031 1568 complures
1078 1487 1222 1546 884.

278 1576 390 1641 Me
433 1573 637 1658 pudet
678 1570 1058 1653 scriptionis
1104 1572 1290 1630 4174.

276 1662 388 1726 Me
433 1659 701 1744 quidem
744 1656 936 1721 valde
981 1658 1158 1716 1858.

276 1748 389 1812 Me
434 1766 595 1810 vero
635 1744 980 1828 angustiae
1018 1744 1204 1801 4187.

276 1834 388 1897 Me
435 1852 589 1896 vero
634 1851 718 1894 ex
760 1849 887 1910 quo
931 1827 1358 1893 suavissimas
1404 1827 1587 1887 2654.

276 1920 580 1983 Mearum
625 1914 707 1979 ad
753 1913 1132 1978 Villierium
1186 1913 1366 1972 1201.

273 2005 462 2069 Meas
508 2002 627 2068 tibi
674 2001 901 2065 literas
948 2001 1134 2061 2765.

272 2089 517 2155 Meldis
562 2087 645 2152 ad
691 2084 1027 2152 Olodoaldi
1066 2086 1252 2147 3769.

274 2175 559 2242 Memini
604 2193 805 2255 quum
852 2181 1005 2237 ante
1051 2167 1410 2233 triennium
1462 2171 1602 2232 191.

273 2260 647 2326 Meministi
692 2258 928 2342 opinor
970 2273 1204 2320 causae
1252 2257 1395 2317 609.

273 2347 511 2412 Mense
555 2346 626 2409 ni
672 2344 862 2409 fallor
907 2340 1223 2407 Ianuario
1270 2342 1458 2404 3098.

273 2433 430 2498 Meo
476 2433 545 2495 in
593 2431 918 2514 praesenti
964 2427 1149 2493 luctu
1194 2430 1371 2488 1764.

272 2518 611 2583 Mercator
654 2514 921 2598 quidam
967 2511 1382 2579 Geuevensis
1430 2515 1573 2573 570.

273 2605 521 2670 Merito
566 2612 632 2668 te
677 2622 825 2667 amo
872 2605 1059 2665 3646.

273 2691 607 2756 Merliuus
651 2700 878 2753 noster
930 2690 1110 2749 1077.

270 2777 506 2843 Metuo
554 2797 703 2841 eum
743 2775 855 2856 qui
901 2772 1060 2838 hinc
1104 2774 1290 2835 3328.

270 2863 469 2929 Meus
516 2862 787 2927 morbus
831 2859 1206 2926 levissimus
1253 2859 1438 2917 2546.

270 2946 568 3016 Michael
612 2946 903 3012 Mulotus
945 2945 1151 3009 frater
1197 2947 1299 3007 95.

270 3035 447 3101 Mihi
493 3032 674 3100 aliud
719 3033 786 3097 iu
834 3029 1204 3115 praeseutia
1255 3029 1437 3092 1365.

271 3121 447 3186 Mihi
496 3140 742 3185 novum
788 3138 931 3184 esse
975 3137 1111 3182 non
1157 3114 1350 3181 debet
1392 3115 1574 3177 1905.

268 3208 448 3273 Mihi
493 3226 612 3289 per
655 3204 886 3269 febrim
935 3204 1122 3264 2986.

268 3293 447 3358 Mihi
493 3289 1045 3375 quemadmodum
1092 3286 1214 3351 tibi
1260 3290 1446 3350 3691.
1494 3286 1685 3348 3840.

272 3378 450 3443 Mihi
496 3396 657 3443 sane
701 3395 913 3459 neque
959 3374 1201 3439 mirum
1250 3376 1438 3436 2988.

268 3464 447 3529 Mihi
496 3465 689 3529 toties
732 3470 799 3527 et
843 3470 979 3525 tam
1024 3458 1251 3524 multis
1297 3458 1485 3523 3952.

268 3550 446 3615 Mihi
492 3548 691 3614 valde
739 3546 916 3613 dolet
961 3549 1106 3607 740.

268 3636 446 3701 Mihi
492 3656 651 3701 vero
695 3642 811 3698 tua
853 3632 1186 3697 excusatio
1232 3632 1419 3693 4035.

272 3724 451 3790 Mihi
498 3741 662 3787 vero
707 3718 898 3786 valde
942 3716 1256 3801 probatur
1300 3719 1446 3779 886.

274 3811 459 3876 Mira
504 3804 826 3892 quaedam
872 3815 939 3869 et
978 3802 1335 3888 singularis
1390 3802 1569 3865 1522.

272 3896 613 3961 Mirabere
655 3892 933 3959 forsitan
976 3888 1149 3972 quod
1186 3892 1329 3951 535.

274 3981 634 4047 Miraberis
674 3979 846 4043 forte
890 3995 1174 4059 quanam
1221 3973 1410 4036 2372.

272 4066 636 4134 Miraberis
682 4084 887 4147 quum
933 4068 1191 4126 tantum
1244 4062 1427 4120 1755.

272 4155 495 4220 Mirae
541 4152 751 4216 factae
795 4158 955 4214 sunt
1003 4150 1183 4209 1242.

274 4241 571 4306 Mirarer
614 4256 859 4302 novum
904 4234 1051 4299 istic
1096 4234 1283 4295 4145.

272 4327 555 4392 Miraris
599 4331 815 4387 mutos
859 4340 980 4385 uos
1024 4338 1169 4384 esse
1212 4319 1397 4381 4143.

270 4412 553 4478 Miraris
588 4408 899 4474 nimirum
946 4414 1081 4470 tam
1126 4402 1335 4468 altum
1380 4403 1568 4467 3709.

270 4498 569 4563 Miratur
612 4495 859 4558 ’11011101-
902 4490 1151 4556 amicus
1203 4491 1383 4552 1904.

272 4584 496 4649 Miror
542 4600 619 4646 ao
660 4578 847 4644 doleo
893 4581 1040 4640 816.

270 4670 493 4735 Miror
536 4687 644 4730 me
690 4662 907 4729 nullas
952 4661 1070 4727 abs
1114 4670 1178 4725 te
1224 4661 1412 4722 2078.

269 4757 491 4821 Miror
536 4771 695 4818 00110
739 4748 911 4834 quod
956 4754 1053 4812 tot
1096 4744 1412 4830 prodigiis
1458 4746 1601 4807 660.

269 4842 494 4907 Miror
540 4836 714 4903 unde
757 4835 1118 4901 somniator
1164 4834 1351 4893 2657.

269 4927 532 4992 Mirum
576 4926 645 4989 in
689 4920 956 4987 modum
998 4939 1107 4984 me
1157 4920 1338 4979 1170.

268 5014 537 5079 Mirum
580 5028 741 5075 sane
785 5014 890 5071 est
979 5006 1116 5070 rius
1162 5005 1348 5066 2586.

272 5099 499 5164 Mirus
539 5094 875 5179 spargitur
962 5111 999 5156 0
1045 5098 1266 5155 vestra
1316 5090 1498 5151 1476.

270 5185 600 5250 Miseram
646 5200 857 5262 nuper
898 5196 1208 5243 censuras
1258 5177 1441 5239 1237.

270 5266 705 5336 Miserandae
748 5263 1138 5331 calamitatis
1184 5263 1371 5325 3043.

270 5355 435 5422 Misi
483 5353 569 5418 ad
614 5363 679 5419 te
723 5351 945 5416 literas
992 5351 1139 5412 502.

490 5453 715 5511 Caluini
739 5468 925 5525 opera.
1004 5449 1126 5507 Vol.
1150 5446 1289 5502 XX.

1714 428 2018 496 INDEX
2060 428 2153 496 11.
2195 427 2894 498 EPIS'POLARUM.
4195 428 4326 490 690

2348 619 2509 685 Misi
2552 617 2744 683 credo
2789 616 2979 682 binas
3024 618 3212 680 3878.

2348 705 2506 771 Misi
2550 701 2928 786 exemplum
2973 701 3318 766 literarum
3365 703 3553 765 4120.

2346 790 2683 856 Mittimus
2728 789 3103 855 Guerinum
3151 789 3336 850 2656.

2350 875 2562 941 Mittit
2605 873 2688 938 ad
2732 883 2799 941 te
2845 873 3271 957 Bulliugerus
3317 875 3505 936 3189.

2346 963 2547 1027 Mitto
2592 959 2677 1024 ad
2720 967 2787 1024 te
2830 959 3074 1024 Buceri
3118 958 3344 1024 literas
3391 959 3534 1020 512.

2345 1048 2548 1112 Mitto
2593 1045 2677 1111 ad
2721 1055 2787 1111 te
2831 1043 3206 1128 Bulliugeri
3253 1043 3478 1109 literas
3528 1043 3710 1108 1225.

2344 1134 2547 1200 Mitto
2592 1131 2676 1196 ad
2721 1139 2786 1196 te
2829 1130 3092 1196 Calvini
3134 1130 3359 1195 literas
3411 1132 3592 1193 1244.

2347 1219 2546 1285 Mitto
2591 1215 2674 1283 ad
2719 1226 2786 1282 te
2827 1215 2958 1281 duo
3003 1225 3376 1282 nostrorum
3423 1219 3613 1280 3357.

2345 1305 2546 1371 Mitto
2590 1303 2675 1368 ad
2720 1311 2786 1368 te
2832 1301 2993 1367 duos
3037 1311 3381 1368 coronatos
3427 1304 3572 1364 270.

2345 1392 2547 1457 Mitto
2591 1389 2673 1455 ad
2718 1398 2783 1454 te
2826 1387 3164 1470 exemplar
3208 1390 3396 1450 2151.

2342 1477 2548 1544 Mitto
2591 1476 2674 1541 ad
2722 1484 2785 1540 te
2831 1473 3233 1557 exemplaria
3280 1476 3467 1535 3595.

2347 1563 2546 1629 Mitto
2592 1562 2675 1626 ad
2720 1570 2785 1625 te
2829 1558 3214 1626 fasciculum
3261 1561 3448 1620 4146.

2348 1650 2547 1715 Mitto
2592 1645 2676 1712 ad
2722 1654 2788 1710 te
2831 1644 3092 1711 Halleri
3142 1648 3322 1706 1271.

2347 1736 2548 1801 111110
2592 1731 2677 1796 ad
2721 1739 2786 1796 te
2829 1731 3008 1796 hunc
3053 1728 3434 1796 fasciculum
3483 1731 3665 1794 1283.

2346 1820 2547 1887 Mitto
2590 1818 2675 1884 ad
2720 1826 2786 1882 te
2827 1815 3068 1881 librum
3125 1819 3304 1880 1335.

2346 1906 2545 1972 Mitto
2588 1903 2671 1968 ad
2716 1910 2781 1967 te
2825 1902 3051 1967 literas
3095 1900 3468 1984 Bulliugeri
3521 1902 3702 1964 1513.

2346 1993 2548 2057 Mitto
2593 1987 2675 2054 ad
2721 1998 2786 2053 te
2829 1989 3054 2052 literas
3097 1986 3346 2051 Farelli
3396 1989 3540 2048 655.

2347 2079 2546 2143 Mitto
2590 2075 2673 2140 ad
2720 2083 2787 2139 te
2832 2073 3056 2138 literas
3098 2071 3418 2138 Pellicaui
3466 2075 3610 2135 458.

2344 2164 2544 2229 Mitto
2588 2160 2669 2225 ad
2714 2168 2781 2227 te
2825 2159 3048 2225 literas
3090 2179 3255 2240 quas
3296 2157 3442 2224 heri
3490 2160 3676 2221 2794.

2346 2250 2542 2316 Mitto
2587 2246 2671 2312 ad
2715 2255 2782 2311 te
2825 2246 3054 2310 literas
3097 2243 3359 2310 Sulzeri
3405 2246 3548 2306 827.

2344 2334 2545 2400 Mitto
2589 2331 2672 2398 ad
2719 2344 2784 2397 te
2827 2352 2992 2415 quas
3035 2331 3116 2396 ab
3163 2329 3434 2394 Hallero
3487 2331 3670 2393 1966.

2346 2421 2547 2486 Mitto
2592 2417 2675 2483 ad
2718 2426 2784 2482 te
2827 2435 2989 2500 quas
3033 2415 3116 2480 ad
3162 2436 3267 2481 me
3311 2414 3617 2480 Farellus
3664 2416 3851 2477 2681.

2346 2506 2544 2574 Mitto
2588 2501 2671 2570 ad
2720 2513 2785 2569 te
2828 2522 3052 2568 rerum
3095 2522 3412 2566 novarum
3465 2503 3561 2565 18.

2347 2593 2545 2659 Mitto
2590 2588 2674 2654 ad
2719 2598 2785 2654 te
2828 2587 3279 2653 testimonium
3326 2591 3470 2651 964.

2345 2678 2545 2745 Mitto
2589 2675 2670 2741 ad
2717 2684 2783 2740 te
2827 2674 3295 2759 Tigurinorum
3338 2674 3521 2736 2068.

2348 2765 2545 2831 Mitto
2588 2761 2671 2827 ad
2716 2780 2838 2826 vos
2881 2760 3107 2825 literas
3152 2756 3481 2841 Stephani
3528 2759 3716 2822 2286.

2348 2849 2548 2916 Mitto
2591 2847 2713 2913 tibi
2755 2844 3034 2912 facunde
3079 2847 3264 2908 2414.

2346 2936 2548 3002 Mitto
2592 2933 2712 2999 tibi
2758 2932 2863 2998 hic
2907 2931 3132 2996 literas
3174 2930 3389 2995 Bezae
3435 2931 3621 2991 2767.

2348 3021 2547 3088 Mitto
2590 3019 2708 3085 tibi
2753 3017 2980 3083 literas
3023 3015 3322 3082 Floriani
3372 3017 3555 3080 1262.

2347 3108 2546 3175 Mitto
2591 3105 2712 3171 tibi
2756 3123 2878 3187 pro
2922 3103 3053 3168 tuis
3097 3122 3256 3167 vere
3300 3100 3521 3167 aureis
3571 3103 3753 3165 1355.

2346 3193 2546 3260 Mitto
2592 3191 2711 3257 tibi
2757 3209 3141 3273 responsum
3195 3191 3381 3251 1864.

2347 3279 2548 3346 Mitto
2595 3277 2713 3343 tibi
2756 3276 3073 3359 tragicam
3119 3276 3307 3339 2414.

2345 3363 2716 3431 Monachus
2760 3361 3224 3427 dominicaster
3269 3362 3454 3421 2852.

2346 3449 2622 3516 Morbus
2665 3448 2904 3531 partim
2949 3467 3032 3510 ex
3074 3465 3371 3510 moerore
3409 3444 3595 3507 2689.

2346 3538 2532 3602 Mors
2577 3532 2805 3600 Abelis
2849 3532 3035 3599 cuius
3079 3550 3415 3597 rumorem
3465 3530 3651 3592 2412.

2344 3623 2507 3687 Mox
2551 3620 2664 3685 ubi
2709 3629 2861 3685 tuas
2903 3618 3120 3700 accepi
3168 3619 3353 3678 2616.

2346 3706 2665 3773 Mulieres
2708 3724 2875 3789 quae
2918 3703 3040 3768 tibi
3085 3702 3207 3767 has
3256 3704 3437 3767 1412.

2346 3791 2564 3859 Multa
2606 3799 2674 3857 et
2718 3810 2959 3874 magna
3003 3787 3318 3853 beneficia
3363 3788 3550 3850 2769.

2345 3877 2566 3945 Multa
2610 3876 2819 3942 habeo
2863 3894 3028 3957 quae
3071 3893 3383 3956 praesens
3435 3875 3580 3935 965.

2344 3962 2564 4029 Multa
2607 3962 2816 4028 habeo
2860 3957 3204 4026 scribenda
3250 3961 3436 4021 2190.

2344 4048 2597 4115 Multae
2640 4055 2802 4114 sunt
2842 4066 3076 4112 causae
3120 4066 3237 4110 cur
3277 4052 3459 4108 tanto
3504 4047 3692 4108 3187.

2344 4134 2603 4200 Multae
2644 4141 2802 4198 sunt
2844 4152 3079 4198 causae
3120 4151 3291 4213 quae
3333 4150 3440 4195 me
3483 4127 3567 4193 ad
3607 4139 3672 4195 te
3718 4133 3820 4193 55.

2348 4220 2601 4287 Multae
2644 4229 2805 4285 011111
2847 4237 3082 4283 causae
3117 4236 3286 4299 quae
3329 4236 3436 4280 me
3478 4214 3831 4299 impellunt
3876 4215 4062 4279 2930.

2348 4305 2582 4373 Multis
2627 4304 2711 4370 ab
2753 4304 2943 4369 initio
2989 4306 3174 4364 2067.

2345 4390 2581 4458 Multis
2624 4411 2878 4457 mecum
2920 4386 3356 4472 expostulasti
3408 4390 3588 4451 1605.

2346 4476 2581 4543 Multis
2623 4476 2792 4542 mihi
2832 4473 3209 4540 nominibus
3250 4475 3438 4537 3193.

2350 4561 2582 4629 Multis
2626 4559 3003 4627 nominibus
3046 4558 3389 4644 aegritudo
3444 4560 3624 4623 1461.

2348 4648 2585 4715 Multis
2629 4647 3006 4713 nominibus
3051 4645 3558 4711 iucundissimae
3605 4644 3793 4709 2552.

2348 4734 2585 4801 Multis
2628 4755 2805 4800 nunc
2850 4742 3066 4799 tecum
3113 4730 3332 4797 verbis
3377 4731 3566 4794 3261.

2346 4820 2564 4887 Multo
2607 4839 2754 4884 sum
2799 4819 3074 4884 affectus
3116 4815 3358 4901 gaudio
3396 4816 3582 4882 2493.

2346 4905 2561 4971 Multo
2604 4913 2898 4989 tempore
2943 4903 3158 4969 nullas
3194 4906 3380 4967 3115.

2346 4991 2717 5058 Multorum
2765 5011 2897 5056 11011
2941 4988 3156 5055 dicam
3206 4992 3391 5049 4148.

2346 5077 2639 5143 Multum
2681 5098 2789 5143 me
2833 5084 2988 5142 tuae
3032 5073 3488 5141 exhilararunt
3538 5076 3719 5139 1503.

2344 5164 2636 5230 Multum
2679 5163 2870 5229 nobis
2912 5162 3087 5228 dolet
3130 5162 3316 5225 2693.

2348 5249 2637 5315 Multum
2681 5250 2908 5334 pietati
2943 5257 3097 5314 tuae
3141 5248 3325 5311 3337.

2348 5335 2643 5401 Multum
2686 5356 2846 5403 sane
2889 5333 3218 5418 profecisti
3268 5336 3447 5397 1165.
