4900 6125
277 426 408 488 457

279 631 452 678 ccas.
540 610 633 677 Et
671 633 868 695 quam
910 612 1170 679 interea
1208 630 1437 695 pacem
1480 630 1631 677 cum
1674 619 1791 677 tua
1846 611 2248 678 conscientia

283 694 531 763 habere
584 697 817 781 potes?
905 698 1059 764 Non
1116 705 1218 764 est
1274 716 1539 763 necesse
1596 717 2013 776 enumerare,
2078 717 2248 780 quae

282 789 353 847 te
396 783 544 849 istic
585 784 937 849 retineant.
1011 782 1149 851 Sed
1187 803 1319 849 non
1359 783 1529 848 tanti
1563 803 1706 849 esse
1747 783 1970 848 omnia
2010 802 2248 866 agnos-

283 869 409 947 cis,
465 878 547 933 ut
587 876 725 935 tam
779 870 1055 955 indigna
1111 866 1411 935 mercede
1468 867 1898 935 redimantur.
1983 867 2247 934 Bellum

285 954 468 1019 enim
512 962 580 1020 te
618 976 770 1021 cum
811 956 960 1022 Deo
1003 956 1335 1038 suscipere
1378 974 1511 1020 non
1553 955 1851 1038 ignoras,
1908 964 1981 1020 ut
2024 974 2246 1037 pacem

287 1038 533 1106 habeas
586 1062 736 1107 cum
797 1040 1189 1108 hominibus.
1277 1039 1427 1106 Hoc
1477 1061 1637 1106 vero
1687 1041 1981 1105 omnium
2044 1040 2248 1124 pessi·

284 1145 502 1204 mum,
562 1124 738 1210 quod
779 1127 849 1192 in
905 1127 1029 1193 hoc
1084 1126 1472 1211 labyrintho
1514 1125 1676 1192 adeo
1715 1126 1941 1192 nullus
1984 1124 2246 1191 errandi

285 1211 443 1277 finis
486 1223 760 1296 apparet
804 1221 881 1278 ut
921 1222 992 1278 te
1034 1212 1246 1278 indies
1289 1213 1503 1297 magis
1545 1210 1870 1277 involvas.
1957 1211 2131 1277 Nam
2168 1217 2249 1277 de

284 1298 470 1361 exitu
513 1298 701 1363 nulla
739 1298 874 1363 iam
901 1298 1064 1363 'fieri
1110 1298 1357 1364 mentio
1400 1297 1655 1364 dicitur.
1723 1297 1916 1376 Vide,
1961 1296 2248 1377 obsecro,

284 1403 373 1448 ne
415 1384 606 1449 uxori
664 1389 733 1448 et
774 1382 895 1449 sub
940 1384 1081 1449 eius
1124 1395 1469 1467 praetextu
1528 1382 1650 1448 tibi
1693 1382 1951 1449 delitias
2001 1384 2248 1451 faciens

281 1467 454 1533 iram
495 1469 570 1534 in
615 1478 681 1534 te
725 1470 970 1535 summi
1011 1469 1245 1536 iudicis
1285 1489 1618 1552 provoces.
1686 1469 1870 1534 Nihil
1912 1468 2072 1548 dioc,
2117 1469 2246 1534 nisi

282 1552 459 1638 quod
500 1553 666 1619 mihi
711 1554 938 1621 audire
982 1565 1050 1621 et
1092 1555 1451 1638 expediret,
1517 1565 1585 1620 et
1626 1553 1912 1639 optabile
1956 1555 2143 1632 foret,
2189 1555 2244 1620 si

281 1647 404 1704 tuo
461 1640 603 1705 loco
656 1660 888 1706 essem.
976 1641 1062 1705 In
1118 1641 1233 1706 illa
1292 1641 1468 1706 enim
1536 1639 1901 1724 procellosa
1964 1639 2246 1724 caligine

282 1726 543 1810 saepius
601 1725 937 1792 hominem
998 1737 1154 1793 ante
1210 1728 1579 1810 opprimere
1623 1746 1799 1791 mors
1842 1723 2006 1792 solet
2049 1746 2244 1808 quam

281 1811 624 1877 sentiatur.
713 1813 946 1895 Itaque
1000 1812 1236 1878 melius
1290 1832 1373 1877 ex
1432 1833 1664 1878 sereno
1731 1810 1872 1878 loco
1916 1819 2031 1877 tua
2074 1812 2245 1895 peri-

280 1896 432 1962 cula
473 1917 746 1963 cernere
788 1897 953 1963 mihi
990 1898 1233 1963 videor.
1306 1897 1537 1980 Neque
1582 1918 1740 1964 vero
1783 1897 2245 1981 migrationem

277 2001 520 2066 urgeo,
577 1983 763 2066 quasi
804 2003 1160 2066 nusquam,
1218 1985 1343 2050 nisi
1387 1983 1564 2066 apud
1624 2004 1773 2060 nos,
1834 1983 2058 2049 salvus
2100 2004 2244 2048 esse

278 2088 585 2151 nequeas.
660 2069 949 2135 'l'antum
992 2089 1243 2146 vereor,
1290 2091 1374 2135 ne
1417 2090 1731 2136 accensus
1771 2070 1845 2134 in
1890 2078 1955 2134 te
1988 2069 2081 2151 pii
2119 2067 2246 2133 zeli

277 2153 459 2238 ignis
502 2153 608 2219 vel
649 2155 975 2237 sopiatur,
1045 2156 1151 2221 vel
1194 2165 1560 2222 evanescat.
1649 2153 1836 2221 Haec
1878 2152 2246 2219 sollicitudo

275 2261 413 2306 non
458 2261 545 2306 ex
599 2242 1007 2307 constantiae
1064 2249 1219 2306 tuae
1272 2241 1667 2319 diffidentia,
1726 2239 1841 2306 sed
1886 2261 1973 2305 ex
2015 2240 2244 2323 singu-

275 2323 407 2391 lari
449 2346 610 2411 erga
651 2335 719 2391 te
774 2346 997 2392 amore
1041 2328 1353 2393 nascitur.
1444 2327 1631 2402 Vale,
1676 2326 2096 2392 ornatissime
2137 2326 2246 2392 vir

277 2421 349 2476 et
413 2410 794 2478 honorande
857 2412 930 2477 in
994 2412 1284 2478 Domino
1348 2414 1570 2479 frater.
1672 2412 2001 2478 Dominus
2057 2410 2245 2477 Iesus

275 2503 347 2563 te
386 2497 624 2581 spiritu
666 2497 921 2564 consilii
964 2508 1032 2563 et
1072 2498 1476 2565 fortitudinis
1533 2499 1839 2565 instruat.
1927 2497 2162 2563 Amen.
2193 2500 2244 2574 ¹)

1160 3178 1363 3252 4188.

775 3351 1242 3421 ZEVELIUS
1302 3351 1743 3420 OALVINO.

455 3522 716 3605 Quaerit
756 3545 940 3606 quem
972 3544 1230 3590 cursum
1272 3524 1705 3591 teneredcbeat
1735 3524 2246 3607 quoodeoetmos

261 3608 442 3676 ritus
469 3608 946 3692 pontificiorum
987 3611 1060 3675 in
1102 3630 1229 3676 sua
1270 3613 1731 3678 conversatione
1771 3630 1912 3676 cum
1953 3611 2060 3677 iis.

265 3797 390 3867 (Ex
442 3795 653 3853 duobus
704 3797 1036 3869 apographis
1070 3798 1200 3853 eod.
1251 3798 1424 3855 Paris.
1458 3798 1659 3869 Dupuy
1715 3797 1845 3862 102.
1895 3798 1991 3854 sol.
2034 3797 2139 3853 105
2186 3804 2247 3853 et

922 3865 1027 3922 1⁷6
1059 3868 1179 3922 sine
1212 3868 1613 3939 inscriptione.)

452 4035 525 4105 S.
563 4038 983 4104 Amicissime
1016 4038 1102 4104 D.
1140 4037 1423 4138 palcina.
1494 4037 1710 4105 Valde
1741 4038 2037 4105 dolemus
2070 4038 2245 4122 quod

265 4144 525 4308 flamm?
549 4144 965 4310 οέἓρᾩῃῖῗ
1007 4125 1703 4295 ΐοζωὲτῗιρῗέἓῗέἓ
1743 4146 2096 4312 09ῗῖῗέξὼ
2128 4124 2243 4277 οἷιζ

265 4293 2239 4468 Μωωωᾞῗὲῗᾶέῗέὲῗοὲαἶῖιῗοὲἱῗθὲἴξῗέὲοὲἓᾜῖ

462 4474 552 4545 ιιι,
620 4466 718 4532 ιιιί
761 4468 921 4543 scis,
967 4467 1061 4532 ita
1101 4488 1361 4551 semper
1402 4469 1687 4552 negotiis
1728 4477 1798 4535 et
1838 4467 2073 4536 studiis
2116 4469 2240 4533 im·

265 4549 539 4653 peditus
579 4552 781 4653 fuisti,
828 4561 907 4618 ut
948 4553 1064 4618 vix
1107 4554 1268 4653 satis
1309 4552 1396 4618 ad
1438 4554 1941 4638 colloquendum
1976 4566 2239 4653 tempus

265 4647 696 4825 ssgspealnenitd
752 4638 863 4827 qlii·
925 4640 2241 4811 aegridltgffmomhldbuitglffieamoaer

263 4809 1254 4995 ΒἫᾝὲἷὲῗέὼὲῗιιῖῗῗέθ
1276 4833 1751 4979 αἳιοῶῗὲῒοῖᾉ,
1815 4898 1927 5049 2¹²³
1993 4898 2235 4982 pam-m

267 5002 450 5081 cnm·
480 4980 780 5063 cmpmo
833 4994 1059 5050 vestro
1115 4985 1470 5067 praeterita
1526 4995 1771 5051 aestate
1877 4982 2235 5062 abitarunt,

265 5075 524 5154 partun
580 5088 734 5134 cum
788 5069 1244 5136 concionatore
1295 5070 1574 5153 quodam
1630 5078 1878 5150 vestro,
1934 5070 2046 5154 pio
2087 5069 2237 5136 viro

263 5340 460 5399 4107.
489 5342 549 5412 1)
579 5342 734 5400 Besa
764 5343 842 5400 od
876 5359 931 5400 a.
966 5340 1104 5398 1557
1137 5344 1322 5412 resen.

1912 421 2700 492 SUPPLEMENTUM.

4173 424 4304 488 458

2351 611 2544 678 cuius
2585 632 2825 678 nomen
2869 611 3033 678 mihi
3075 611 3355 690 excidit,
3421 610 3493 675 hi
3535 620 3605 677 te
3645 631 3764 694 per
3806 609 4151 677 Christum
4192 631 4306 677 ve-

2352 696 2697 762 hementer
2748 706 2990 783 rogant
3046 711 3123 763 ut
3174 696 3519 764 consilium
3579 707 3768 762 tuum
3831 695 4021 762 nobis
4063 695 4303 779 imper-

2349 786 2497 849 tias.
2567 780 2783 849 Valde
2819 785 2999 850 inter
3030 804 3154 849 nos
3188 783 3526 865 quaeritur
3558 781 3879 865 quomodo
3913 782 3985 846 in
4020 781 4306 865 patriam

2349 869 2597 935 reversi
2644 889 2764 936 nos
2806 889 3036 954 gerere
3088 867 3456 935 debeamus,
3543 868 3956 934 Recitabitur
3995 867 4307 933 salutatio

2350 953 2751 1038 evangelica,
2796 956 3101 1022 crucibus
3141 975 3213 1020 se
3256 965 3486 1019 contra
3527 973 3750 1019 veram
3804 953 4119 1037 pietatem
4162 954 4306 1036 qui·

2350 1039 2539 1119 dam,
2605 1051 2681 1105 ut
2722 1042 2867 1106 fieri
2910 1042 3109 1120 solet,
3174 1040 3550 1121 signabunt.
3640 1038 3894 1105 Omitto
3951 1038 4080 1104 alia
4141 1059 4308 1121 quae

2350 1127 2730 1210 contingere
2773 1137 3068 1211 possunt.
3156 1125 3518 1206 Quaeritur
3559 1124 3734 1190 sitne
3783 1123 4012 1190 statim
4047 1134 4307 1189 contra-

2349 1210 2700 1277 dicendum
2746 1212 3013 1296 aliquid,
3057 1233 3141 1277 an
3186 1231 3342 1277 vero
3388 1211 3743 1276 humanius
3805 1212 3894 1275 sit
3935 1230 4145 1275 unum
4188 1219 4310 1276 aut

2351 1297 2631 1362 alterum
2698 1298 2869 1364 diem
2938 1305 3320 1380 exspectare
3339 1347 3354 1377 ,
3423 1318 3509 1362 ne
3573 1296 3962 1379 praecipites
4027 1296 4307 1361 nimium

2350 1404 2494 1448 esse
2538 1383 2898 1449 videamur.
2968 1384 3344 1460 Praeterea,
3390 1402 3594 1465 quum
3638 1380 4054 1466 Biturigibus
4095 1382 4168 1446 in
4210 1402 4307 1447 ec·

2346 1467 2544 1534 clesia
2577 1489 2885 1547 essemus,
2922 1469 3132 1535 multa
3165 1478 3390 1534 sancte
3421 1467 3694 1550 polliciti
3729 1488 3960 1532 sumus
3998 1476 4088 1546 ut,
4124 1476 4304 1549 puta,

2347 1554 2672 1638 papistica
2714 1554 2958 1639 templa
3004 1576 3121 1621 nos
3166 1575 3297 1619 non
3335 1574 3725 1631 accessuros,
3770 1554 4308 1636 papistarumque

2347 1642 2689 1707 conciones
2730 1662 2862 1705 non
2908 1639 3261 1706 audituros.
3333 1638 3696 1704 Interdicta
3737 1651 3893 1704 sunt
3926 1639 4125 1705 etiam
4160 1641 4306 1721 plu-

2347 1727 2534 1804 rima,
2581 1725 2869 1805 chartae,
2916 1726 3114 1803 aleae,
3160 1724 3467 1808 tripudia,
3514 1724 4049 1808 papistarumque
4084 1726 4306 1790 convi-

2347 1812 2478 1877 via.
2563 1810 2752 1878 Haec
2817 1811 3077 1895 quidam
3146 1812 3337 1876 aiunt
3399 1825 3535 1875 tam
3599 1811 3824 1876 stricte
3888 1810 4308 1893 praecisaque

2347 1917 2482 1962 non
2549 1918 2694 1962 esse
2759 1895 3220 1981 intelligenda,
3309 1896 3426 1963 sed
3500 1895 3657 1962 hinc
3721 1895 3847 1961 sibi
3925 1895 4306 1979 tripudiare,

2347 1981 2625 2058 chartis,
2693 1982 2854 2050 aleis
2909 1982 3136 2048 ludere
3188 1996 3255 2048 et
3297 1983 3645 2065 papisticas
3687 1982 4034 2047 conciones
4078 1979 4308 2047 audire

2347 2067 2544 2134 licere
2599 2077 2854 2151 putant.
2944 2068 3215 2134 Accedit
3272 2066 3357 2132 ad
3412 2068 3753 2150 superiora
3802 2066 3978 2150 quod
4035 2065 4307 2132 domum

2346 2154 2601 2219 reversi
2644 2154 2925 2221 aderunt
2968 2163 3294 2237 parentes,
3338 2154 3533 2220 amici
3569 2161 3764 2236 atque
3798 2152 4078 2236 cognati,
4117 2173 4307 2236 roga-

2347 2239 2515 2305 bunt
2568 2250 2644 2305 ut
2701 2262 2820 2324 pro
2870 2237 3236 2306 infantibus
3294 2237 3422 2304 fide
3475 2238 3703 2304 iubere
3746 2238 4049 2304 velimus.
4135 2237 4306 2303 For·

2350 2335 2523 2391 tasse
2566 2324 2864 2391 ducenda
2917 2327 3046 2392 erit
3089 2346 3275 2391 uxor.
3365 2322 3543 2405 Quid
3587 2323 3905 2408 agemus?
3996 2323 4308 2390 lantherus

2348 2411 2644 2477 admittit
2666 2462 2682 2489 ,
2770 2410 3160 2496 quibusdam
3247 2414 3318 2476 in
3414 2411 3574 2477 locis

2349 2496 2535 2562 dotes
2591 2518 2734 2564 esse
2791 2499 2862 2562 in
2922 2497 3155 2564 officio.
3246 2495 3360 2563 Sic
3419 2498 3597 2561 enim

2350 2589 2424 2647 tu
2483 2586 2625 2667 ipse
2688 2584 2769 2650 ab
2829 2603 2907 2649 eo
2951 2605 3083 2649 non
3127 2580 3376 2649 videris
3420 2580 3805 2658 abhorrere,
3871 2601 4073 2664 quum
4114 2581 4307 2647 illum

2347 2669 2562 2734 locum
2607 2669 2923 2752 explicas:
3012 2669 3221 2751 Lapis
3266 2688 3461 2752 quem
3521 2667 4040 2750 reprobaverunt
4080 2665 4311 2733 aedifi-

2346 2765 2575 2820 cantes
2618 2767 2738 2821 etc.
2828 2754 3052 2835 Quum
3097 2755 3299 2838 igitur
3340 2754 3436 2819 illi
3480 2753 3752 2819 titulum
3796 2763 4037 2836 gerant
4076 2773 4306 2836 quem-

2348 2838 2700 2905 admodum
2776 2848 2844 2907 et
2905 2839 3251 2906 Pharisaei
3330 2839 3524 2917 olim,
3611 2849 3679 2904 et
3704 2839 3757 2921 ¹)
3821 2838 4112 2903 officium
4174 2860 4307 2905 non

2348 2934 2687 3009 praestent
2743 2935 2819 2992 ut
2872 2925 3198 2992 debebant
3252 2928 3437 3005 (nam
3493 2933 3560 2991 et
3616 2924 3980 3008 baptizatos
4036 2923 4120 2989 ab
4174 2923 4308 2989 illis

2348 3031 2482 3077 non
2525 3010 3025 3097 rebaptizamus,
3068 3032 3191 3080 nec
3224 3011 3648 3078 matrimonia
3681 3011 3762 3076 ab
3796 3009 3927 3076 illis
3961 3010 4309 3077 coniuncta

2347 3118 2482 3163 non
2528 3095 3004 3177 dissolvimus),
3071 3097 3176 3163 his
3240 3099 3335 3163 ita
3390 3118 3462 3164 se
3519 3096 3913 3162 habentibus
3969 3096 4309 3179 quaeritur

2347 3183 2506 3266 quid
2570 3183 2885 3267 impediat
2947 3184 3296 3268 quominus
3359 3184 3645 3249 infantes
3706 3182 3841 3248 illis
3885 3180 4308 3265 baptizandos

2347 3289 2597 3352 nosque
2639 3271 3056 3336 matrimonio
3099 3269 3467 3353 iungendos
3507 3269 3747 3334 offerre
3787 3269 4033 3346 liceret,
4075 3268 4173 3333 ita
4206 3278 4307 3333 ta-

2348 3376 2505 3420 men
2548 3355 2607 3420 si
2642 3365 2838 3421 antea
2869 3376 3091 3422 coram
3122 3356 3269 3438 ipso
3302 3352 3640 3422 sacerdote
3675 3362 3743 3419 et
3777 3354 4017 3437 populo
4050 3354 4307 3437 publice

2346 3448 2803 3523 protestemur,
2851 3462 2974 3508 nos
3018 3461 3150 3506 non
3194 3441 3521 3519 assentiri,
3566 3439 3685 3506 sed
3727 3440 4053 3506 exsecrari
4089 3440 4307 3524 potius

2348 3546 2577 3592 omnes
2618 3528 2780 3594 istas
2836 3526 3209 3610 impietates
3261 3546 3429 3610 quae
3471 3526 3554 3591 ad
3598 3525 3998 3609 baptismum
4055 3536 4126 3590 et
4166 3545 4306 3591 ma-

2347 3612 2738 3678 trimonium
2782 3621 3013 3679 contra
3053 3612 3182 3677 Dei
3226 3611 3505 3678 verbum
3547 3611 3894 3679 accedunt:
3971 3631 4095 3677 nos
4137 3610 4307 3676 nihil

2347 3698 2640 3780 accipere
2683 3699 2812 3764 nisi
2857 3698 3028 3783 quod
3065 3720 3107 3764 a
3140 3697 3429 3764 Domino
3472 3699 3851 3763 institutum
3894 3706 4012 3763 est.
4083 3696 4304 3779 Quae-

2346 3783 2520 3849 ritur
2562 3804 2646 3849 an
2690 3794 2960 3868 propter
3000 3783 3174 3852 hanc
3236 3783 3566 3868 publicam
3607 3783 4148 3867 protestationem
4193 3803 4304 3848 su-

2344 3868 2606 3953 periora
2646 3868 2947 3937 fidelibus
2989 3891 3123 3936 non
3168 3869 3655 3952 permittantur.

2519 3954 2627 4021 Ad
2668 3955 2832 4022 haec
2874 3966 2949 4021 ut
2999 3955 3324 4021 rescribas
3381 3966 3563 4021 tuam
3607 3955 4006 4021 sententiam
4023 4005 4038 4032 ,
4097 3974 4302 4038 quum

2346 4041 2555 4106 otium
2601 4043 2744 4119 erit,
2789 4062 3016 4108 omnes
3060 4049 3127 4107 te
3168 4062 3287 4126 per
3323 4040 3667 4108 Christum
3711 4039 3936 4107 Iesum
3974 4059 4302 4124 rogamus.

2346 4126 2521 4191 Nam
2563 4126 2646 4191 ad
2689 4147 2769 4193 ea
2808 4128 2995 4193 brevi
3038 4127 3377 4194 veniemus
3418 4127 3593 4203 loca,
3654 4127 3725 4192 in
3784 4127 4016 4210 quibus
4057 4124 4306 4191 multae

2344 4212 2535 4278 nobis
2590 4225 3008 4279 occurrerent
3066 4214 3469 4280 afflictiones.
3557 4213 3783 4279 Prosis
3847 4213 4051 4296 igitur
4094 4211 4304 4291 nobis,

2344 4299 2679 4364 carissime
2722 4298 3017 4379 domine,
3075 4308 3144 4365 et
3185 4300 3244 4364 si
3283 4300 3428 4365 fieri
3472 4306 3687 4383 potest
3727 4298 4028 4364 rescribe.
4118 4296 4302 4362 Lite-

2343 4404 2454 4450 ras
2496 4391 2647 4451 tuas
2693 4383 2990 4468 Crispino
3032 4384 3114 4449 ad
3160 4405 3279 4451 nos
3322 4383 3479 4452 dare
3520 4396 3726 4467 potes.
3815 4383 3990 4449 Novi
4033 4403 4303 4466 prorsus

2342 4469 2513 4535 nihil
2554 4479 2671 4536 est.
2761 4471 2903 4537 Nos
2944 4492 3172 4537 omnes
3215 4491 3335 4536 nos
3378 4470 3616 4538 vestris
3677 4469 4110 4536 sanctissimis
4152 4489 4300 4551 pre-

2342 4556 2525 4622 cibus
2602 4555 3159 4623 commendamus.
3259 4556 3539 4642 Ignosce
3602 4554 4028 4621 festinationi.
4130 4552 4301 4619 Vale

2340 4662 2461 4724 per
2503 4641 2848 4708 Christum
2865 4692 2881 4722 ‚
2946 4641 3337 4709 amicissime
3395 4640 3674 4708 domine.
3762 4639 3948 4707 Deus
4000 4648 4068 4707 te
4110 4640 4300 4706 nobis

2338 4725 2456 4880 giu
2544 4728 2937 4793 incolumem
3017 4738 3378 4796 conservet.
3490 4728 3740 4794 Datum
3828 4732 3924 4792 16.
4006 4724 4298 4809 Ianuarii

2392 4813 2594 4896 pirae.
2613 4816 2669 4895 ²)

3705 2411 4007 2492 apisticos
4094 2429 4307 2476 sacer-

3685 2496 3967 2578 oquitur.
4048 2494 4308 2562 Deinde

2335 5136 2518 5192 uss.
2546 5137 2603 5207 1)
2640 5136 2711 5191 ι..
2757 5137 2847 5192 m
2890 5136 3107 5191 oedem
3151 5136 3367 5260 αξξ-ἕ
3399 5150 3438 5191 a
3480 5136 3731 5193 tems-2
3774 5142 4056 5206 paneam-
4103 5133 4296 5200 nen.

2338 5206 2606 5262 Fortasse
2636 5220 2771 5275 pro.-
2806 5206 3204 5276 etlspcndms.
3351 5245 3365 5258 .

2543 5274 2607 5344 2)
2644 5275 2758 5330 Res
2795 5275 2953 5328 ondit
2985 5271 3251 5331 Galo-‘nas
3379 5276 3391 5287 ’
3438 5274 3451 5286 '
3513 5272 3657 5328 Idus
3692 5273 3941 5329 Mart-‘as
3974 5270 4126 5327 1558.
4200 5270 4297 5330 Sic

2335 5342 2715 5401 mmm
2844 5359 2997 5399 anno
3168 5347 3179 5357 ⁹
3440 5341 3532 5413 (N.
3564 5341 3746 5411 2829).
