4900 6125
307 399 417 463 393

302 583 668 652 Clarissimo
724 584 868 650 viro
913 582 996 649 D.
1042 581 1278 648 Ioanni
1336 580 1621 650 Calvino
1666 583 2080 650 Genevensis
2138 604 2243 652 ec·

301 667 519 737 clasiae
571 668 819 752 pastori
872 666 1256 769 fidelissimo
1294 675 1380 768 ‘et
1431 667 1622 735 fiatri
1677 667 2136 737 colendissimo
2178 678 2246 737 et

1082 774 1441 821 carissimo.

455 944 528 1013 Β.
567 945 651 1011 D.
723 944 1020 1028 Legatus
1063 940 1376 1009 Saloduri
1408 948 1459 1022 ⁸)
1502 963 1766 1010 omnem
1810 952 2037 1009 movet
2079 943 2246 1028 lapi-

298 1032 435 1098 dem
477 1053 561 1098 ne
580 1029 879 1098 Helvetii
925 1029 1198 1094 mittant
1231 1028 1478 1094 milites
1522 1028 1607 1095 ad
1641 1026 2093 1109 occidendum,
2127 1028 2246 1096 sed

410 1118 425 1132 ⁶
475 1124 733 1185 catores
776 1113 861 1180 ad
918 1134 1147 1198 pacem
1191 1112 1725 1197 componendam.
1800 1114 1978 1197 Quia
2021 1124 2246 1181 tamen

437 1204 450 1219 ⁸
545 1203 814 1269 nomine
875 1200 1140 1266 iubetur
1197 1199 1472 1266 militem
1525 1201 1862 1285 postulare
1917 1223 1959 1266 a
2011 1201 2247 1285 legatis

293 1289 669 1367 Helveticis,
724 1289 837 1371 qui
894 1287 1297 1353 convenient
1351 1288 1454 1351 26.
1499 1286 1774 1370 Aprilis,
1835 1307 1970 1352 non
2030 1295 2249 1372 potest

293 1377 455 1461 regis
498 1374 726 1441 literas
782 1373 1169 1456 opprimere,
1214 1372 1505 1438 maxime
1548 1393 1753 1456 quum
1801 1372 2163 1440 Fre'lichius
2189 1375 2244 1454 ²)

291 1461 523 1528 missus
561 1482 649 1527 ex
694 1458 847 1525 aula
888 1458 1165 1524 mirifice
1220 1468 1482 1543 satagat
1537 1469 1608 1523 et
1661 1459 1886 1524 mittat
1927 1479 2047 1543 per
2089 1480 2244 1525 can·

292 1560 489 1624 toues,
534 1546 965 1629 horteturque
1009 1554 1085 1609 ut
1126 1544 1453 1610 festinent.
1525 1543 1709 1628 Ergo
1743 1565 1946 1627 quum
1982 1546 2248 1611 omnino

288 1645 539 1786 fouedoege
547 1628 2248 1799 fflmoffipgenggetaebpgffimiisoegugfflssnthae

289 1805 643 1890 principem
693 1800 1073 1869 Comensem
1117 1813 1184 1867 et
1224 1800 1472 1880 fideles,
1527 1809 1603 1866 ut
1643 1809 1984 1868 maturent
2025 1802 2244 1887 prius—

289 1913 473 1974 quam
537 1889 819 1955 adversa
876 1907 1030 1971 pars
1095 1906 1325 1953 omnes
1378 1888 1734 1971 coniungat
1789 1889 2028 1972 copias.
2124 1888 2248 1953 Est

284 1976 715 2128 &mint->pia
764 1994 987 2074 rerum
1031 1973 1324 2122 omniura]
1351 1971 1549 2124 ἐψυὲἰ
1590 1972 1958 2126 ISIelvetios,
2004 1973 2246 2126 idcigco

575 2081 911 2127 innumeri
954 2079 1224 2124 nomina
1311 2080 1350 2124 a
1396 2080 1490 2124 un
1663 2081 1688 2123 1
1737 2058 2082 2127 Condensts
2174 2082 2243 2126 a·

285 2149 459 2215 beret
491 2147 746 2231 aliquot
779 2147 1152 2228 capitaneos
1187 2145 1367 2210 inter
1386 2143 1756 2224 Helvetios,
1794 2144 2070 2211 dubium
2108 2166 2245 2212 non

285 2247 380 2302 est
421 2235 583 2318 quin
627 2231 901 2297 caeteris
944 2230 1153 2295 multo
1197 2230 1422 2313 plures
1465 2229 1812 2297 habiturus
1852 2241 2027 2298 esset
2069 2231 2244 2298 mili·

285 2331 395 2386 tes.
475 2319 537 2385 E
672 2319 994 2400 scriptum
1037 2317 1180 2381 eius
1224 2317 1455 2382 curavi
1499 2318 1794 2382 converti
1835 2318 1904 2382 in
1951 2317 2242 2400 linguam

281 2425 747 2491 germamcam,
765 2406 821 2480 ⁸)
880 2413 949 2467 et
1005 2401 1276 2467 exhibui
1338 2402 1616 2468 senatui.
1699 2402 1771 2468 Is
1815 2403 1978 2470 haec
2023 2403 2244 2470 omnia

282 2490 630 2575 ignoravit.
688 2488 942 2556 Multos
985 2487 1349 2573 plurimum
1384 2487 1621 2556 affecit.
1677 2488 1836 2554 Misi
1859 2489 2242 2574 exemplum

279 2578 432 2644 item
479 2576 564 2643 ad
609 2575 926 2653 Rhaetos,
976 2594 1107 2656 quo
1150 2572 1508 2656 impediam
1553 2575 1752 2639 etiam
1793 2573 1884 2640 ibi
1929 2575 2240 2641 adversa-

281 2666 525 2815 Eiorum
561 2662 888 2810 institutal.
966 2658 1287 2809 ΙΞὶιὼίὲῐωι
1302 2680 1438 2809 not?
1467 2669 1575 2758 ‘est
1608 2660 2021 2810 impii-{entia
2054 2682 2242 2812 mien-

323 2766 912 2818 aciaexme
1053 2767 1086 2810 s
1225 2765 1923 2813 eveclsamus
2159 2769 2243 2812 ur

279 2835 481 2903 miles.
503 2838 565 2910 ⁴)
626 2766 1000 2917 pozmnetvigg
1051 2830 1178 2896 hac
1235 2832 1304 2895 in
1365 2852 1438 2896 re
1492 2767 1838 2914 suspegtus
1881 2768 2078 2898 milliie
2103 2853 2240 2900 non

279 2935 389 2987 est.
457 2919 734 2987 Habent
775 2919 885 2982 isti
933 2916 1097 2982 alios
1140 2915 1253 2999 qui
1298 2916 1637 2982 affirmant
1674 2916 2054 2986 Condatem
2097 2940 2240 2986 esse

278 3007 661 3075 seditiosum
715 3004 906 3086 regni
960 3000 1501 3088 perturbatorem,
1567 3010 1764 3088 atque
1818 3004 1964 3072 ideo
2019 3007 2240 3089 oppri-

277 3094 590 3159 mendum
650 3112 788 3157 una
841 3111 991 3157 cum
1050 3089 1218 3154 suis:
1287 3090 1587 3174 reginam
1645 3111 1797 3157 cum
1851 3112 2028 3176 rege,
2090 3091 2241 3157 odio

275 3179 616 3265 religionis
651 3195 861 3243 novae
905 3186 973 3240 et
1002 3180 1273 3258 propter
1315 3174 1669 3241 seditiones
1705 3187 2081 3257 commotas,
2126 3176 2240 3243 de-

276 3266 506 3333 fecisse
564 3263 652 3329 ad
702 3262 1104 3346 Gay-sianum
1162 3270 1283 3327 etc.
1384 3260 1570 3326 Haec
1633 3263 1702 3326 in
1768 3271 2065 3347 tempore
2118 3263 2240 3329 tibi

275 3351 450 3419 volui
493 3349 873 3435 significare
917 3355 989 3413 ut
1033 3345 1343 3429 dispicias
1385 3367 1515 3430 qua
1558 3369 1630 3413 re
1673 3369 1838 3431 opus
1881 3349 1983 3414 sit.
2069 3347 2238 3415 Ore-

274 3459 419 3504 mus
463 3437 718 3519 absque
775 3431 1264 3498 intermissione
1308 3431 1671 3499 Dominum
1717 3445 1792 3499 ut
1834 3434 2025 3500 nobis
2069 3436 2241 3501 adsit

272 3536 337 3590 et
393 3524 754 3607 impiorum
812 3531 1089 3585 cruenta
1144 3517 1422 3584 consilia
1481 3517 1774 3602 dissipet.
1871 3518 2039 3586 Vale
2105 3540 2241 3587 una

271 3630 416 3676 cum
465 3607 809 3685 fratribus,
853 3604 1242 3689 symmystis
1286 3611 1354 3669 et
1394 3605 1623 3671 amicis
1665 3605 1988 3672 omnibus.
2070 3606 2240 3673 Heri

272 3696 470 3763 etiam
507 3693 596 3761 ad
641 3699 708 3757 te
750 3690 982 3774 scripsi
1017 3710 1137 3772 per
1159 3688 1583 3756 Salodurum.
1658 3688 1797 3757 Oro
1835 3700 1909 3756 ut
1952 3694 2048 3759 ita
2089 3714 2238 3777 per-

273 3802 387 3867 gas
432 3781 517 3847 de
563 3779 763 3844 rebus
808 3775 1071 3843 Galliae
1112 3775 1335 3841 omnia
1378 3796 1545 3858 quae
1587 3776 1742 3842 inde
1786 3775 1871 3842 ad
1914 3787 1983 3843 te
2023 3780 2241 3862 perfe-

273 3878 512 3933 runtur
557 3862 1068 3932 communicare.
1140 3860 1510 3927 Vei-samur
1552 3864 1732 3929 enim
1790 3864 1862 3927 in
1907 3862 2130 3931 dolore
2172 3872 2242 3929 et

274 3955 611 4019 anxietate
657 3970 733 4015 ac
768 3947 1259 4032 exspectatione
1293 3946 1686 4014 vehementi.
1758 3948 2089 4017 Dominus
2124 3951 2240 4016 ad-

273 4043 354 4105 sit
396 4039 613 4105 nobis.
687 4034 918 4119 Tiguri
964 4036 1065 4098 20.
1113 4032 1365 4116 Aprilis
1417 4036 1598 4098 1562.

1405 4187 1589 4255 'Puus
1633 4209 1827 4273 quem
1874 4190 2065 4255 nosti.

270 4499 454 4555 ma.
479 4498 543 4567 ι)
669 4497 680 4509 ·

469 4563 1215 4705 {zamssm

475 4702 544 4769 4)
579 4700 804 4783 But-qt
835 4672 1100 4758 v31s489:
1149 4702 1256 4756 Les
1305 4701 1448 4756 deux
1499 4702 1675 4771 partin
1722 4704 1816 4772 qui
1851 4703 2148 4758 divisoient
2181 4704 2236 4757 ια

269 4774 482 4829 Franco
518 4772 914 4827 encrensi-ent
944 4788 1050 4825 aux
1086 4777 1330 4825 cantone.
1410 4772 1490 4826 Le
1537 4787 1619 4840 pr.
1653 4770 1724 4825 de
1768 4770 1952 4827 Conde
1995 4772 2238 4843 dephcha

270 4860 350 4967 1⁸2
376 4841 779 4967 mtfflmmme
813 4856 955 4910 pour
997 4840 1138 4896 tirer
1172 4840 1246 4894 du
1293 4855 1514 4895 secours
1550 4840 1648 4894 des
1695 4846 1921 4896 canton·
1956 4841 2236 4897 reformes.

530 4910 602 4964 de
635 4909 804 4964 Guiss
839 4925 1049 4979 envoya
1094 4910 1241 4963 aussi
1285 4909 1585 4964 demander
1618 4909 1692 4963 du
1741 4926 1959 4965 secours
2000 4927 2070 4964 au
2105 4926 2234 4966 nom
2339 4932 2358 4939 ·

269 4982 343 5034 du
377 4983 462 5035 roi
499 4988 562 5034 et
594 4994 735 5048 pour
769 4978 824 5031 la
857 4977 1076 5032 defense
1128 4978 1197 5032 dc
1243 4994 1306 5032 sa
1350 4994 1639 5048 personne.
1730 4979 1838 5033 Les
1885 4980 2115 5035 Bernois
2150 4980 2237 5034 re·

271 5050 574 5121 pondirent
606 5065 675 5101 an
711 5047 899 5116 prince
935 5047 986 5100 le
1020 5045 1106 5100 20.
1143 5047 1305 5101 Avril
1381 5046 1499 5101 u’ils
1536 5064 1605 5101 ne
1650 5048 1951 5116 pouvoient
1990 5048 2065 5102 lui
2102 5049 2235 5103 don-

271 5136 370 5173 ner
413 5120 492 5171 dn
542 5131 761 5171 seoours
808 5114 842 5168 ἰ
887 5132 1047 5169 cause
1094 5115 1192 5169 des
1236 5126 1362 5171 tron
1401 5116 1482 5170 les
1533 5117 1626 5186 qui
1679 5117 1948 5187 agitoisnt
1993 5119 2137 5173 alors
2180 5118 2235 5172 la

271 5188 458 5242 stine
496 5194 560 5240 st
590 5184 724 5240 dont
754 5184 1057 5255 lareligion
1085 5184 1226 5239 etoit
1259 5185 1315 5238 la
1345 5200 1508 5239 cause
1535 5202 1606 5238 ou
1641 5186 1694 5238 le
1728 5186 1997 5256 pretexte,
2034 5193 2093 5241 et
2126 5203 2233 5255 que

271 5257 559 5311 d'silleurs
591 5255 659 5308 ils
694 5255 917 5307 svoient
951 5255 986 5308 a
1018 5254 1270 5308 craindrc
1287 5271 1428 5323 pour
1445 5255 1778 5308 eux-memes
1804 5256 1874 5310 de
1909 5257 1964 5309 la
2037 5262 2126 5309 art
2157 5256 2232 5309 du

271 5326 376 5379 duc
409 5326 482 5379 de
521 5323 730 5378 Savoie.
809 5321 918 5376 Les
965 5330 1191 5378 cantons
1237 5322 1573 5393 catholiques
1619 5325 1943 5381 convinrent
2025 5342 2054 5379 e
2106 5323 2232 5379 s’ss·

2045 398 2209 463 1562
2250 395 2563 463 APRIL.

4187 401 4312 465 394

3242 583 3441 657 3775.

2817 753 3350 822 ZERKINTES
3397 753 3837 823 CALVINO.

2522 927 2754 995 Missis
2803 929 3088 1010 privam
3139 926 3693 1009 disceptationibus
3748 929 3835 994 ad
3890 949 3992 996 res
4048 931 4315 997 maioris

2345 1015 2637 1081 momenti
2690 1014 2938 1082 animos
2992 1013 3311 1098 eriyendos
3366 1033 3502 1079 esse
3558 1033 3721 1094 quae
3776 1015 3910 1080 iam
3969 1016 4040 1080 in
4082 1015 4311 1084 discri-

2346 1100 2516 1167 mine
2546 1100 2797 1182 positae
2837 1100 3147 1166 vindicem
3182 1098 3473 1183 fiayitant
3513 1103 3683 1164 tanto
3725 1100 3884 1168 nodo
3924 1100 4201 1184 diynum.

2639 1270 2748 1340 (Ex
2787 1269 3126 1340 autographo
3162 1269 3295 1325 Ood.
3334 1269 3535 1325 GeueV.
3574 1269 3694 1337 114,
3726 1270 3817 1326 fol.
3862 1271 4003 1339 114.)

2347 1443 2411 1508 A
2447 1464 2605 1509 mon
2642 1441 3074 1541 tresbonnore
3108 1442 3417 1527 seigneur
3446 1462 3608 1541 pere
3643 1452 3710 1508 et
3743 1443 3915 1509 frere
3960 1464 4044 1509 en
4090 1453 4311 1514 nostre

2348 1528 2655 1614 seigneur
2698 1537 2975 1595 maistre
3017 1526 3228 1680 Iehggi
3254 1526 3860 1681 ggtllg'tzministre
3904 1528 3984 1598 de
4030 1529 4312 1615 l'esglise

2523 1785 2673 1852 Non
2728 1786 2943 1853 dicam
3005 1804 3155 1850 cum
3225 1783 3373 1850 illo:
3447 1784 3711 1865 Quando
3767 1804 3874 1870 eyo
3938 1807 4061 1853 non
4126 1789 4315 1855 timui

2342 1873 2646 1958 yraviora
2676 1870 2969 1955 pericula
3010 1872 3182 1936 veris
3195 1870 3233 1934 ‚2³
3267 1867 3314 1956 ι>
3358 1869 3605 1937 leviora
3648 1870 3825 1936 enim
3872 1872 4061 1938 timui
4106 1895 4313 1958 quum

2346 1958 2657 2043 graviora
2698 1958 3036 2042 ingruant.
3122 1956 3228 2022 De
3269 1963 3457 2023 motu
3503 1954 3764 2023 Galliae
3806 1977 3915 2023 me
3973 1958 4151 2043 loqui
4206 1961 4309 2025 in—

2346 2043 2613 2128 telligis.
2709 2041 2862 2126 Qua
2903 2051 3093 2125 parte
3134 2062 3175 2107 a
3218 2043 3463 2108 nostris
3506 2051 3849 2126 peccatum
3894 2045 3983 2109 sit
4024 2045 4166 2129 ipse
4210 2046 4310 2111 in-

2347 2130 2545 2204 dicas,
2644 2128 2775 2195 uod
2831 2149 3056 2214 regem
3113 2125 3490 2194 deserenoes
3546 2128 3942 2197 adversariis
3995 2131 4310 2215 permise-

2344 2223 2526 2281 runt.
2703 2235 2811 2280 am
2846 2215 3090 2298 exigua
3124 2233 3277 2296 spes
3310 2213 3401 2279 sit
3432 2214 3919 2297 recuperandae
3952 2217 4310 2284 occasionis

2345 2300 2645 2381 amissae,
2703 2321 2811 2367 res
2864 2302 2887 2366 i
2936 2320 3011 2366 sa
3066 2298 3325 2367 clamat.
3399 2297 3628 2366 Socios
3673 2300 3826 2366 belli
3867 2323 3953 2367 ex
3997 2301 4312 2369 Helvetia

2345 2386 2567 2454 nullos
2609 2395 2769 2471 puto
2804 2385 2893 2451 ha
2936 2388 3146 2452 ituros
3190 2393 3469 2464 nostros,
3488 2389 3546 2462 ²)
3592 2384 4004 2453 adversarios
4045 2397 4116 2454 et
4157 2388 4309 2455 hos-

2346 2480 2449 2539 tes
2494 2472 2792 2540 fortassis
2836 2470 3099 2537 multos.
3186 2469 3366 2552 Quid
3421 2470 3756 2555 impediat,
3813 2493 3948 2538 non
3992 2482 4096 2540 est
4136 2472 4310 2558 quod

2345 2557 2469 2624 tibi
2512 2578 2866 2644 suggeram
2908 2556 3159 2622 homini
3202 2555 3482 2624 oculato.
3556 2556 3927 2624 Gausamur
3946 2557 4309 2626 Olaronen-

2346 2666 2489 2711 sem
2554 2643 3068 2713 controversiam
3133 2663 3319 2708 arma
3372 2643 3790 2709 minitantem
3847 2653 3914 2710 et
3976 2645 4172 2712 civile
4235 2648 4307 2711 in

2394 2730 2566 2797 atria
2608 2730 2755 2816 ipsa
2796 2728 3065 2807 bellum,
3123 2749 3359 2811 resque
3417 2727 3713 2796 nondum
3775 2750 3924 2797 cum
3970 2729 4136 2797 duce
4182 2730 4306 2798 Sa-

2345 2753 2618 2884 {oudiae
2661 2822 3051 2882 transactas.
3123 2814 3271 2899 Ego
3306 2814 3428 2881 has
3465 2815 3918 2882 excusationes
3961 2818 4131 2882 tanti
4173 2837 4307 2884 non

2345 2903 2514 2970 facio
2554 2902 2785 2986 quanti
2829 2900 3060 2965 militis
3113 2901 3258 2985 agri
3318 2901 3527 2965 nostri
3571 2899 3869 2968 difficiles
3913 2909 3981 2967 et
4020 2903 4309 2987 impara-

2345 2994 2451 3054 tos
2494 3008 2710 3054 mores
2755 2987 2988 3053 alienis
3031 2985 3339 3071 periculis
3380 2986 3905 3070 commiserandi,
3950 3009 4117 3073 quae
4151 2987 4307 3054 reli-

2344 3074 2559 3160 gionis
2600 3093 2802 3140 causa
2844 3073 3327 3155 suscipiuntur:
3388 3073 3560 3138 tanti
3610 3074 3859 3141 faciunt
3915 3073 4306 3142 recordatio-

2343 3181 2500 3227 nem
2545 3168 2614 3225 et
2655 3158 3041 3226 memoriam
3085 3168 3347 3225 nostrae
3403 3157 3626 3225 cladis.
3719 3159 3954 3226 Audeo
4007 3159 4131 3226 tibi
4182 3162 4308 3227 hoc

2344 3247 2709 3312 affirmare:
2768 3246 2826 3311 si
2880 3255 3150 3311 senatus
3191 3263 3402 3329 prona
3444 3244 3785 3312 voluntate
3828 3246 4028 3313 vellet
4067 3268 4308 3331 suppe-

2344 3335 2472 3399 tias
2515 3333 2687 3397 ferre
2730 3329 3044 3396 fratribus
3088 3331 3159 3395 in
3205 3329 3445 3410 Gallia,
3497 3352 3631 3397 non
3675 3332 4052 3398 habiturum
4096 3353 4305 3417 popu-

2342 3417 2484 3484 lum
2551 3416 2724 3484 dicto
2790 3415 3185 3482 audientem.
3293 3415 3465 3481 Nam
3530 3415 3630 3481 ini
3700 3417 3831 3501 ipsi
3895 3418 4011 3502 qui
4076 3428 4307 3485 contra

2343 3502 2556 3569 edicta
2590 3511 2861 3569 senatus
2891 3501 3231 3584 hucusque
3265 3522 3500 3586 regum
3534 3503 3880 3585 stipendiis
3915 3503 4305 3585 militarunt,

2341 3590 2736 3656 mercenarii
2793 3598 2951 3655 sunt
2993 3588 3242 3653 milites
3283 3587 3567 3672 praedae
3610 3596 3676 3653 et
3727 3589 3815 3655 sti
3864 3591 3885 3654 i
3929 3591 4302 3674 mancipati,

2343 3674 2426 3740 de
2490 3674 2832 3759 religionis
2897 3694 3094 3739 causa
3154 3694 3388 3756 parum
3445 3673 3727 3740 solliciti.
3815 3611 3993 3757 auid
4058 3674 4303 3758 igitur?

2340 3761 2623 3844 inquies.
2706 3759 2898 3825 Itane
2956 3759 3216 3824 refrixit
3273 3758 3559 3826 caritas?
3641 3760 3794 3826 Non
3852 3761 4129 3840 refrixit,
4187 3761 4305 3828 sed

2343 3849 2672 3913 exstincta
2714 3858 2833 3924 est,
2895 3854 3085 3928 pater
3129 3866 3205 3911 ac
3261 3846 3470 3911 frater
3526 3846 3921 3912 venerande.
4006 3847 4305 3914 Mundus

2341 3934 2699 3999 universus
2742 3952 2863 3998 sua
2905 3937 3114 4010 curat,
3160 3929 3245 3996 ad
3288 3931 3545 3996 exitum
3588 3932 3820 4016 vergit.
3915 3931 4085 4016 Spes
4129 3932 4304 4017 apud

2342 4039 2450 4085 me
2507 4017 2691 4084 nulla
2748 4025 2851 4083 est
2903 4016 3034 4081 nisi
3075 4014 3400 4082 adventus
3444 4017 3737 4084 Domini.
3811 4018 3889 4084 Si
3931 4020 4130 4084 nimis
4184 4020 4303 4085 tibi

2342 4103 2576 4171 videor
2632 4102 2930 4188 pusillae,
2986 4101 3184 4168 nimis
3237 4111 3304 4168 et
3347 4102 3727 4187 desperatae
3771 4105 4034 4183 mentis,
4090 4106 4305 4189 cogita

2343 4210 2587 4274 quaeso
2631 4210 2740 4255 me
2795 4186 2974 4254 aliud
3040 4187 3284 4254 sentire
3340 4210 3474 4255 non
3538 4209 3748 4274 posse,
3814 4210 4019 4272 quum
4083 4189 4304 4256 omnia

2343 4296 2514 4360 quae
2566 4297 2673 4340 me
2725 4273 3019 4358 undique
3070 4274 3502 4341 circumstant
3545 4275 3882 4341 meliorem
3935 4296 4119 4358 spem
4164 4295 4302 4339 om-

2343 4383 2497 4427 nem
2602 4358 2958 4427 raecidant.
3051 4358 3129 4426 Si
3186 4380 3295 4425 me
3348 4380 3629 4444 magnae
3694 4360 4110 4426 difficultates
4170 4380 4301 4425 non

2342 4446 2727 4532 impediant,
2786 4445 3021 4512 videbo
3079 4454 3147 4510 te
3202 4447 3499 4528 proximo
3553 4467 3797 4512 mense.
3877 4445 3955 4511 Si
3998 4446 4123 4512 hoc
4167 4463 4300 4510 non

2341 4554 2609 4617 possum
2627 4585 2644 4611 ,
2726 4531 3004 4597 scribam
3085 4540 3309 4597 tamen
3373 4530 3670 4597 subinde.
3758 4529 3943 4596 Vale.
4038 4531 4301 4598 Bernae

2341 4623 2442 4684 20.
2492 4618 2742 4701 Aprilis
2794 4620 2975 4681 1562.

3493 4755 3673 4820 'Tuus
3717 4751 4122 4817 Zerchintes.

2618 4930 2751 4940 -.n—-

2335 5047 2574 5101 sembler
2611 5047 2644 5099 ὁ
2678 5046 2905 5101 Soleure
2952 5046 3003 5099 le
3050 5044 3136 5101 26.
3225 5047 3331 5100 Les
3377 5043 3636 5098 reformes
3682 5059 3715 5111 y
3766 5040 4105 5108 envoyerent
4152 5044 4297 5095 aussi

2335 5118 2486 5171 leurs
2520 5115 2753 5186 deputes
2787 5130 2928 5185 pour
2961 5113 3259 5169 detonrner
3305 5116 3452 5167 leurs
3497 5111 3652 5165 allies
3698 5109 3768 5163 de
3804 5107 4042 5177 prendre
4094 5120 4222 5177 part
4265 5115 4299 5166 a

2334 5190 2513 5310 Q.
2578 5200 2799 5309 ὶηὸῒίἀ.
2840 5252 3057 5307 Heroid
3088 5253 3135 5308 1.
3175 5251 3255 5305 11.

2544 5320 2606 5388 2)
2650 5320 2788 5377 Vide
2818 5321 3246 5390 praecedentem.
