4900 6125
308 427 419 490 569

862 657 868 662 -
1164 612 1370 684 8878.

788 764 1292 837 SARNIOIUS
1336 766 1776 838 OALVINO.

460 935 978 1005 mmeram-
1040 943 1100 1005 et
1157 935 1597 1008 &anonam
1651 937 1923 1009 Pozenos
1973 944 2145 1008 notat
2197 944 2257 1008 a

300 1023 455 1091 diris
488 1023 836 1107 amma)

303 1195 405 1260 (Ex
435 1200 665 1264 autogra
703 1193 779 1249 ho
814 1194 949 1250 Ood.
970 1193 1178 1251 Genev.
1198 1194 1320 1260 109,
1350 1195 1446 1252 fol.
1465 1195 1584 1250 116.
1655 1197 1833 1263 Quum
1867 1198 2102 1254 eundem
2133 1198 2252 1253 fere

300 1264 1389 1390 warantum&
1404 1265 2252 1407 {amaturis

300 1502 674 1572 Clarissimo
708 1502 1008 1571 doctrina
1043 1513 1110 1572 et
1143 1506 1389 1591 pietate
1409 1505 1976 1591 praestantissimo
1997 1509 2141 1576 viro
2162 1508 2249 1575 D.

293 1588 517 1657 Ioanni
589 1588 867 1657 Calvino
937 1590 1437 1659 Genevensium
1514 1593 1766 1676 pastori
1853 1592 2117 1662 domino
2182 1601 2251 1661 et

790 1675 986 1743 fratri
1026 1685 1413 1744 reverenter
1444 1677 1734 1746 colendo.

359 1845 427 1914 S.
472 1846 553 1914 Ρ.
600 1848 672 1914 in
713 1847 1005 1916 Domino
1047 1869 1168 1933 per
1209 1848 1436 1917 Iesum
1482 1850 1844 1918 Christum.
1931 1851 2173 1919 Amen.

447 1981 647 2065 Quod
690 1984 773 2050 de
815 1984 1074 2052 Methio
1118 1983 1409 2053 Suffecio
1453 2008 1491 2052 a
1538 1986 1630 2054 ud
1672 1986 2013 2055 Romanos
2062 1989 2248 2074 equis

288 2067 604 2153 discerpto
665 2069 946 2137 historia
1002 2071 1291 2139 Liviana
1355 2009 1577 2153 traAEt,
1658 2074 1785 2141 hoc
1859 2073 2055 2154 idem,
2142 2075 2249 2142 vir

288 2155 702 2239 amplissime,
762 2155 845 2222 de
906 2164 1089 2224 statu
1144 2158 1567 2225 ecclesiarum
1607 2159 1886 2226 minoris
1928 2159 2247 2228 Poloniae

288 2239 406 2306 dici
465 2241 538 2306 in
598 2243 1125 2324 praesentiarum
1181 2251 1417 2329 potest.
1493 2244 1604 2311 Ita
1657 2245 1880 2313 omnia
1922 2266 2042 2331 per
2083 2246 2246 2313 istos

284 2347 476 2393 novos
512 2328 844 2412 apostolos
887 2327 1233 2413 discerpta,
1299 2350 1561 2396 sursum
1619 2330 2054 2416 deorsumque
2095 2352 2247 2417 per-

282 2412 486 2492 mista,
546 2414 900 2497 profanata
961 2422 1029 2480 et
1085 2414 1425 2482 defoedata
1479 2426 1662 2497 sunt,
1729 2426 1807 2483 ut
1851 2438 2067 2502 neque
2131 2439 2246 2503 pe-

284 2496 407 2578 des,
470 2519 692 2582 neque
756 2520 1025 2580 manus,
1091 2523 1304 2586 neque
1370 2510 1570 2586 eaput
1636 2504 1708 2568 in
1773 2503 1898 2570 hoc
1961 2506 2245 2589 mystico

1417 2608 1620 2655 oscas.
1730 2589 1900 2656 Pars
1978 2591 2247 2656 transiit

282 2604 538 2668 corpore
608 2583 865 2650 Christi
928 2584 1203 2652 Domini

1357 2674 1722 2741 landramm
1778 2683 1848 2741 et
1910 2675 2246 2742 Lismani-

282 2669 359 2734 ad
418 2669 824 2737 Stancarum
841 2722 858 2749 ,
923 2692 1079 2756 pars
1146 2671 1232 2738 ad

278 2774 450 2835 m,
468 2760 529 2834 ²)
595 2762 664 2822 et
718 2776 904 2840 pars,
969 2759 1186 2843 gratia
1218 2758 1395 2840 Deo,
1459 2759 1778 2827 adhaeret
1827 2760 2035 2847 priori
2088 2782 2245 2829 con-

278 2839 556 2908 fessioni.
650 2841 791 2908 Res
846 2850 950 2909 est
1002 2865 1125 2930 per
1176 2865 1248 2911 se
1306 2854 1499 2911 atrox
1552 2851 1621 2912 et
1674 2846 2008 2913 horrenda
2061 2848 2242 2914 visu:

277 2924 402 3006 sed,
446 2939 683 2993 tamen
724 2928 940 3013 magis
982 2936 1208 2996 movet
1250 2937 1319 2998 et
1359 2931 1564 2998 afficit
1604 2933 1907 3016 quemvis
1948 2932 2138 3016 pium
2180 2940 2248 3000 et

277 3012 623 3093 sincerum,
660 3032 790 3098 quo
833 3015 1048 3101 magis
1090 3015 1140 3082 ii
1175 3016 1290 3102 qui
1322 3017 1613 3084 maxime
1655 3017 1897 3085 fallunt
1929 3017 1999 3084 id
2035 3025 2249 3106 agunt

278 3105 347 3162 ut
373 3099 505 3165 viri
527 3100 691 3166 boni
730 3105 799 3165 et
833 3100 1094 3168 honesti
1128 3102 1306 3171 cives
1339 3105 1728 3185 communis,
1749 3103 1875 3173 hoc
1896 3112 1996 3171 est
2016 3105 2073 3189 ⁸)
2109 3114 2250 3172 tam

276 3192 538 3283 nostrae
609 3205 806 3269 quam
874 3194 1154 3270 vestrae,
1221 3188 1535 3257 ecclesiae
1593 3198 1972 3274 appareant,
2040 3212 2247 3276 quum

274 3276 519 3368 interea
574 3277 808 3338 noctes
867 3271 1140 3358 diesque
1194 3275 1291 3341 nil
1354 3273 1759 3342 meditentur
1800 3298 1999 3361 quam
2041 3282 2119 3344 ut
2161 3278 2244 3344 ab

274 3357 419 3423 unis
470 3356 931 3424 fundamentis
983 3360 1379 3428 catholicum
1424 3382 1816 3428 consensum
1856 3363 1930 3428 in
1972 3363 2246 3430 articulo

279 3441 651 3509 adorandae
717 3443 1046 3511 trinitatis
1121 3448 1514 3513 concutiant.
1624 3447 1813 3514 Haec
1867 3449 2093 3515 omnia
2159 3470 2247 3516 ex

276 3525 478 3595 literis
531 3529 751 3595 nostri
800 3528 1012 3597 Trecii
1028 3533 1088 3611 ⁴)
1146 3539 1267 3597 tua
1306 3535 1519 3618 pietas
1561 3532 1959 3600 luculentius
2001 3535 2248 3619 poterit

276 3632 650 3697 agnoscam,
716 3634 882 3699 quas
925 3617 1128 3683 etiam
1193 3626 1272 3684 ut
1313 3620 1567 3704 aperiat
1609 3639 1687 3686 ae
1731 3618 2082 3705 diligenter
2125 3641 2246 3687 ex·

272 3698 510 3781 pendat
574 3700 922 3783 permitto,
987 3702 1122 3769 imo
1187 3705 1388 3770 etiam
1451 3712 1651 3789 atque
1716 3704 1917 3771 etiam
1982 3726 2162 3792 rogo.
2183 3707 2243 3790 6)

274 3782 717 3853 obsecramus
760 3806 903 3867 vos,
969 3786 1221 3854 domini
1277 3789 1487 3856 nostri
1531 3797 1599 3857 et
1639 3790 1881 3857 fratres
1923 3791 2244 3859 colendis-

276 3870 450 3951 simi,
491 3878 572 3936 ut
615 3879 684 3937 et
725 3873 1134 3941 orationibus
1174 3873 1325 3959 piis,
1391 3896 1553 3959 quas
1596 3884 1775 3944 certo
1817 3876 2067 3944 scimus
2110 3899 2244 3945 non

274 3974 408 4022 esse
474 3976 728 4024 vanum
793 3979 1098 4026 murmur
1162 3979 1385 4026 eoram
1424 3961 1589 4042 Deo,
1657 3970 1727 4028 et
1789 3962 2080 4031 consiliis
2122 3985 2243 4030 nos

274 4040 529 4109 iuvetis.
621 4042 716 4108 Et
782 4044 914 4111 obli
1002 4045 1056 4109 ti
1133 4045 1398 4131 quidem
1477 4053 1638 4114 sunt
1720 4067 1949 4114 omnes
2013 4050 2062 4114 ii
2128 4050 2244 4135 qui

272 4124 535 4195 Christo
580 4130 855 4195 nomina
897 4065 1222 4198 filerunt
1262 4139 1341 4198 ιιι
1383 4153 1527 4199 sese
1564 4133 1818 4199 mutuis
1873 4136 2089 4219 operis
2145 4137 2242 4202 iu-

274 4221 459 4310 vent:
528 4213 650 4281 sed
693 4235 835 4295 vos,
887 4218 1154 4303 egregie
1207 4216 1470 4286 domine
1519 4216 1799 4299 Calvina,
1819 4223 1873 4298 ⁶)
1926 4220 2241 4306 peculiari

272 4318 411 4399 iure
477 4298 846 4399 adigimini,
863 4304 925 4386 ⁷)
971 4309 1043 4369 ut
1107 4304 1205 4370 ita
1247 4304 1480 4387 dicam,
1544 4326 1675 4389 quo
1730 4304 1923 4373 nobis
1975 4313 2242 4390 praesto

272 4390 429 4451 sitis.
516 4385 675 4452 N1si
729 4388 908 4455 enim
951 4387 1374 4456 Lismaninus
1429 4410 1472 4456 a
1510 4390 1696 4459 vobis
1739 4389 2241 4460 commendatus

270 4468 499 4538 fuisset
540 4492 886 4555 nunquam
920 4473 1084 4542 haec
1124 4476 1324 4544 factio
1365 4475 1712 4542 hominum
1763 4478 2241 4546 monstrosissi-

270 4575 523 4655 morum
588 4558 662 4623 in
716 4563 965 4627 nostris
1021 4562 1314 4631 ecclesiis
1371 4563 1669 4630 favorem
1726 4561 1930 4629 talem
1971 4563 2098 4631 sibi
2132 4585 2242 4632 ac·

272 4643 669 4724 qmsivisset.
754 4644 881 4711 Ille
924 4646 1059 4713 huc
1101 4646 1441 4716 advolavit
1480 4656 1557 4714 ut
1597 4654 1774 4715 esset
1804 4649 2015 4716 veluti
2047 4649 2240 4718 chor-

271 4745 427 4811 ugus
491 4736 567 4793 et
619 4733 1100 4818 antesignanus
1158 4735 1315 4803 huic
1372 4735 1717 4819 impietati.
1803 4733 1963 4820 Ipso
2009 4744 2241 4804 autore

264 4929 443 4989 ³878.
464 4939 527 5004 1)
566 4936 661 4993 De
696 4936 959 4995 Senicio
989 4954 1040 4994 v.
1076 4936 1145 4990 N.
1178 4937 1336 4995 8506.
1367 4938 1523 4994 3559.
1557 4937 1715 4994 3866.

465 5007 534 5073 2)
572 5007 946 5062 Idsmaninum
979 5021 1083 5063 om.
1130 5006 1262 5064 Dar.

467 5074 536 5137 3)
571 5078 871 5131 eommunis
904 5077 1010 5132 hoc
1041 5079 1129 5131 est
1161 5092 1250 5133 om
1316 5076 1367 5132 Τ

468 5146 508 5202 4
570 5146 686 5202 aaz
717 5146 798 5202 aa
840 5145 1092 5202 rma-m
1123 5117 1453 5269 ωξεεεόῑ.
1488 5144 1566 5201 Ν.
1598 5143 1759 5203 suo.
1790 5144 1948 5201 assi.
1984 5147 2139 5204 3875.

468 5147 537 5421 ἓξ
568 5213 879 5351 &nagge
910 5222 1202 5340 aposto·
1285 5256 1298 5268 .
1334 5214 1562 5271 Oalvino
1596 5217 1970 5272 communicet.

566 5354 823 5424 cogimini
864 5351 980 5408 Tm·

1989 427 2154 492 1562
2196 422 2619 492 NOVEMB.

4189 428 4317 492 5⁷0

2358 612 2493 680 huc
2548 612 2821 680 advenit
2860 610 3250 693 mandram,
3314 631 3510 697 quem
3563 609 3801 679 deinde
3856 618 4174 698 sequutus
4214 621 4321 682 est

2354 698 2627 852 ἔξω
2640 699 2706 777 ⁸)
2731 697 3039 782 Spineua,
3059 698 3375 778 Azoiaacs,
3403 698 3680 766 Gaudia
3699 705 3958 777 (omnes
3977 699 4158 766 enim
4182 698 4320 769 huc

2421 785 2435 800 ⁸
2490 784 2753 853 coviam
2792 785 3221 867 confluxere.)
3304 784 3444 851 Eos
3486 782 3949 852 commendant
3979 789 4050 852 et
4089 804 4322 853 eorum

2355 869 3426 1040 tmtsstmx‘fflffit‘?
3452 870 3553 1022 32³
3582 887 3730 1024 :022
3750 869 4323 1041 Ἵὲἓὲιωῗζῖῗιῗέὲ

2354 1042 2907 1122 transformando,
2971 1048 3049 1108 ut
3109 1040 3347 1109 saltem
3402 1061 3636 1108 eorum
3696 1041 4006 1128 dogmata
4061 1063 4321 1128 quoquo

2351 1126 2549 1195 modo
2610 1127 3061 1212 comprobetis.
3150 1125 3288 1194 Sed
3351 1127 3618 1196 obsecro
3682 1150 3766 1194 ne
3834 1127 4057 1213 aliquo
4119 1127 4319 1195 modo

2354 1214 2478 1282 sub
2516 1214 2711 1281 titulo
2752 1215 3032 1281 istarum
3075 1211 3499 1280 ecclesiarum
3539 1213 3888 1298 imponant
3905 1214 4117 1281 vobis:
4162 1223 4323 1281 sunt

2353 1301 2532 1366 enim
2543 1301 2598 1382 ⁰)
2681 1300 2990 1367 artifices.
3079 1297 3478 1383 Quanquam
3554 1320 3693 1366 non
3758 1296 4141 1366 dubitamus
4202 1321 4322 1370 vos

2350 1384 2451 1451 ita
2494 1384 2667 1452 dono
2711 1385 3125 1451 discretionis
3169 1385 3523 1469 spirituum
3560 1383 3917 1465 abundare,
3960 1398 4035 1451 ut
4067 1405 4152 1451 ex
4185 1406 4322 1452 uno

2353 1469 2627 1539 verbulo
2668 1471 2984 1556 ipsorum,
3050 1470 3262 1537 veluti
3318 1491 3405 1538 ex
3447 1471 3697 1556 ungula
3720 1472 3805 1554 ¹⁰)
3849 1470 4059 1537 leonis
4098 1471 4323 1554 ipsum

2349 1557 2630 1635 leonem,
2687 1556 2875 1623 facile
2918 1557 3289 1643 agnoscatis
3331 1557 3623 1640 ipsorum
3664 1556 3983 1642 phraseis.
4009 1560 4097 1635 ¹¹)
4189 1556 4319 1623 Fa-

2351 1643 2478 1710 cile
2518 1650 2617 1709 est
2672 1641 3045 1729 intelligere
3088 1662 3318 1708 eorum
3375 1641 3707 1709 vafritiem
3749 1663 3955 1725 quum
3998 1663 4131 1708 non
4169 1661 4323 1727 pos-

2352 1735 2506 1795 sent
2547 1727 2886 1796 vobiscum
2931 1727 3384 1795 conversando
3425 1729 3668 1795 erroris
3722 1728 3828 1794 sui
3880 1729 4322 1811 patrocinium

2351 1822 2456 1893 (ut
2495 1814 2597 1880 illi
2640 1821 3024 1882 asseverant
3065 1814 3148 1881 ob
3193 1812 3261 1880 id
3305 1813 3478 1899 quod
3529 1814 3665 1880 iam
3697 1833 4018 1899 personae
4052 1813 4322 1880 illorum

2350 1906 2543 1968 erant
2598 1906 2865 1977 exosae)
2920 1900 3098 1985 apud
3152 1920 3273 1967 vos
3330 1900 3706 1984 impetrare,
3770 1900 3903 1966 iam
3961 1920 4140 1967 nune
4201 1920 4322 1984 per

2350 1985 2671 2071 quosdam
2724 1993 3070 2065 nostrates,
3136 1985 3251 2068 qui
3311 1984 3526 2052 nobis·
3567 1985 3854 2053 cariores
3919 1993 4130 2065 erant,
4195 1985 4321 2054 hoo

2345 2072 2525 2138 idem
2568 2093 2833 2139 rursum
2877 2072 2999 2139 sub
3036 2071 3229 2137 titulo
3266 2072 3547 2138 istarum
3579 2070 4006 2139 ecclesiarum
4024 2069 4322 2139 obtinere

2347 2165 2632 2225 tentant.
2720 2157 2831 2224 Ita
2885 2158 3064 2225 enim
3121 2177 3240 2225 vos
3267 2159 3353 2236 ¹²)
3407 2158 3589 2224 leves
3633 2177 3778 2223 esse
3820 2162 4061 2242 putant
4101 2163 4171 2222 et
4211 2157 4318 2222 in-

2346 2245 2853 2328 circumspectos
2869 2295 2886 2323 ,
2955 2250 3033 2309 ut
3094 2242 3488 2328 permutatis
3555 2241 3777 2309 saltim
3843 2242 4142 2327 personis
4198 2262 4321 2310 vos

2348 2351 2607 2416 quoque
2650 2328 2968 2397 iudicium
3012 2327 3094 2396 de
3129 2329 3253 2396 hac
3286 2348 3488 2396 causa
3520 2335 4014 2411 permutaturos
4048 2328 4321 2414 opinen-

2350 2424 2479 2482 tur.
2570 2418 2674 2483 Ac
2717 2416 2774 2482 si
2826 2435 2986 2484 vero
3041 2435 3164 2480 nos
3207 2414 3292 2480 ad
3336 2413 3909 2482 condemnandum
3951 2413 4131 2481 hunc
4173 2413 4322 2481 illo-

2350 2523 2503 2568 rum
2550 2523 2844 2568 errorem
2885 2522 3148 2567 merum
3192 2500 3416 2567 odium
3459 2508 3528 2566 et
3562 2521 3699 2567 non
3734 2521 3971 2567 causae
4004 2500 4321 2584 iniquitas

2350 2588 2772 2673 permoverit.
2840 2585 2903 2655 Ο
2936 2586 3284 2653 hominum
3317 2585 3738 2653 detestandas
3771 2583 4057 2652 fraudes.
4129 2584 4319 2653 Vide-

2348 2675 2532 2753 retis,
2576 2673 2826 2739 domini
2866 2674 3018 2753 mei,
3078 2673 3135 2738 si
3174 2672 3399 2739 saltim
3432 2678 3511 2738 ut
3563 2672 3910 2739 minimam
3951 2671 4320 2739 dissimula·

2350 2761 2620 2838 tionem,
2662 2779 2750 2825 ne
2793 2758 3009 2826 dicam
3051 2779 3413 2836 assensum,
3457 2778 3500 2823 a
3540 2757 3728 2825 vobis
3762 2757 4139 2824 obtinerent
4170 2756 4321 2823 istis

2352 2844 2691 2912 diabolicis
2748 2846 2886 2911 suis
2944 2842 3211 2924 artibus,
3287 2864 3417 2928 quo
3468 2850 3661 2928 pacto
3714 2863 3836 2910 vos
3889 2843 4012 2909 toti
4067 2841 4318 2909 mundo

2350 2931 2802 3016 propinarent,
2880 2929 3302 3015 levitatisque
3367 2936 3769 2997 accusarent.
3869 2927 4078 2995 Nobis
4138 2950 4318 3008 vero,

2354 3017 2472 3103 qui
2511 3017 2852 3086 vobiscum
2888 3037 3010 3102 per
3032 3017 3168 3084 Dei
3210 3016 3494 3102 gratiam
3532 3015 3899 3083 fraternam
3940 3015 4319 3083 societatem

2352 3113 2582 3172 sancte
2652 3110 2721 3170 et
2783 3110 3164 3171 constanter
3229 3103 3442 3170 colere
3506 3100 3935 3181 decrevimus,
4011 3101 4140 3168 dici
4180 3122 4320 3169 non

2348 3197 2573 3273 potest
2678 3210 2836 3255 uam
2899 3188 3232 3255 terribiles
3295 3208 3616 3272 apparere
3677 3194 4091 3255 conarentur.
4179 3185 4322 3255 Sed

2350 3275 2513 3360 quid
2576 3297 2663 3343 vo
2709 3277 2765 3342 is
2821 3296 2944 3341 nos
3001 3274 3164 3341 haec
3206 3273 3569 3359 ingerendo
3612 3294 3804 3341 aures
3846 3271 4313 3340 obtundimus?

2347 3362 2465 3446 qui
2521 3383 2642 3447 per
2681 3360 2814 3428 Dei
2869 3362 3156 3447 gratiam
3211 3360 3337 3428 hoc
3390 3380 3603 3445 genus
3645 3357 4036 3427 animalium
4077 3357 4319 3427 melius

2347 3447 2651 3527 novistis,
2717 3457 2786 3513 et
2826 3468 2948 3513 nos
3001 3455 3080 3512 ut
3131 3466 3672 3532 cognosceremus
3713 3443 3976 3511 eosdem
4021 3452 4090 3510 et
4133 3444 4258 3512 sibi
4278 3448 4317 3483 ⁴⁵

2349 3533 2431 3599 ab
2490 3534 2586 3600 eis
2640 3553 3026 3601 caveremus
3055 3535 3139 3611 η)
3195 3532 3392 3598 toties
3447 3530 3964 3599 submonuistis:
4022 3552 4141 3616 pro
4182 3550 4315 3616 quo

2344 3618 2665 3686 beneficio
2743 3617 2931 3686 vobis
3008 3616 3260 3704 gratias
3340 3617 3617 3702 agimus.
3724 3616 4092 3684 Ineffabilis
4157 3638 4316 3685 vero

2345 3704 2608 3772 bonitas
2648 3703 2780 3771 Dei
2837 3704 2911 3770 in
2968 3703 3097 3771 hac
3153 3711 3222 3770 et
3276 3703 3351 3769 in
3405 3703 3636 3769 futura
3678 3702 3819 3770 vita
3860 3723 3983 3769 vos
4025 3710 4313 3770 coronet.

2345 3789 2604 3869 valete,
2657 3790 2895 3857 fratres
2938 3797 3006 3855 et
3048 3789 3299 3857 domini
3341 3788 3804 3855 colendissimi.

2352 3876 2645 3943 Trecium
2684 3883 2989 3943 nostrum
3031 3876 3220 3942 nobis
3273 3872 3529 3942 reddite
3585 3881 3655 3940 et
3697 3895 3897 3959 quam
3942 3873 4313 3941 celerrime:

2346 3983 2501 4029 cum
2580 3962 3010 4062 responsione
3086 3968 3164 4027 ut
3223 3960 3310 4027 ad
3371 3981 3493 4027 nos
3558 3960 3787 4026 redeat
3850 3959 4202 4027 extrudite.
4230 3965 4318 4039 ¹⁴)

2345 4048 2530 4115 Male
2593 4047 2752 4116 facit
2816 4046 2988 4132 quod
3054 4046 3363 4114 ecclesias
3413 4052 3674 4113 nostras
3730 4047 3803 4112 in
3857 4046 3941 4112 iis
3993 4047 4317 4130 angustiis

2345 4134 2616 4219 positas,
2659 4134 2937 4200 fortasse
2973 4131 3364 4201 declinando
3406 4152 3688 4211 crucem,
3730 4133 3964 4199 iuvare
4002 4152 4135 4199 non
4169 4131 4319 4218 dig·

2345 4228 2564 4286 natur.
2651 4220 2962 4287 Profecto
3042 4217 3237 4285 debet
3302 4218 3615 4303 castigari
3674 4217 3877 4285 verbo
3941 4218 4090 4286 Dei.
4177 4216 4319 4285 Sed

2343 4306 2514 4372 mihi
2554 4306 2875 4391 ignoscat.
2960 4305 3245 4374 Caetera
3286 4325 3371 4371 ex
3411 4303 3626 4371 literis
3664 4304 3876 4372 Trecii
3916 4311 4144 4371 vestra
4175 4304 4316 4404 pie-

2344 4398 2449 4459 tas
2475 4396 2563 4469 ¹⁵)
2607 4391 2951 4477 intelliget.
3042 4388 3243 4473 Quod
3285 4396 3512 4457 autem
3553 4411 3678 4476 ego
3720 4390 3957 4471 scribo,
4015 4410 4315 4458 omnium

3893 3788 4030 3855 Per
4070 3788 4318 3868 Deum,

2462 4663 3336 4748 ‚mquidemquaihmss
3478 4665 3491 4679 ‘
3605 4736 3617 4746 θ
3740 4663 4311 4746 hominm.

2340 4733 2599 4791 Ale-atus
2647 4740 2700 4790 et
2748 4732 2986 4790 Gmffloe
3027 4739 3222 4804 postea
3276 4750 3342 4790 m
3453 4748 3706 4791 oramus
3767 4738 4164 4798 merant,
4224 4733 4317 4790 hoc

2341 4802 2541 4861 desudo
2573 4803 2637 4858 in
2674 4800 3016 4861 Sabaudiam
3051 4803 3310 4859 remeavit
3339 4801 3543 4871 (Sand.
3569 4819 3631 4873 p.
3665 4799 3738 4856 26
3770 4801 3879 4873 sq.)

2517 4869 2612 5075 lg}
2640 4871 2787 4998 ἕξιν.
2824 4869 2958 4929 aad.
2991 4871 3160 4927 mille.

2512 5007 2574 5063 11
2638 5010 2788 5080 ipsos
2830 5008 2962 5065 Dor.

2519 5076 2611 5143 12)
2647 5095 2748 5134 vos
2783 5078 3087 5161 §ermanos
3130 5075 3263 5132 Tur.

2518 5146 2612 5213 13)
2658 5154 2719 5202 et
2758 5165 2804 5201 si
2852 5148 2924 5202 ab
2966 5163 3049 5201 ens
3091 5161 3412 5201 caveremus
3459 5144 3587 5201 nor.

2337 5232 2467 5276 '⁰⁹⁶
2517 5283 2606 5351 ιι)
2639 5235 2751 5340 mm.³
2781 5214 3297 5341 &fg-*maninus
3429 5299 3530 5339 uo·
3561 5230 3689 5339 εἴη
3722 5229 3999 5338 exn-n‘dite
4041 5281 4174 5338 rar.
4295 5250 4314 5267 '

2515 5354 2609 5423 15)
2644 5354 2712 5412 V.
2749 5355 2814 5409 D.
2859 5352 2990 5410 Pur.
3026 5300 3146 5410 ἔρα.
3200 5352 3400 5410 Vestra
3431 5352 3762 5422 Dominatio,
3795 5352 3916 5408 sivo
3946 5351 4216 5422 Dignius.

3868 5146 4195 5228 omino-w
4227 5160 4310 5202 cr-
