4900 6125
307 403 414 469 589

304 588 537 658 dentiae
574 593 651 655 ut
698 593 840 655 tam
884 595 1112 674 aperte
1169 587 1521 656 saevirent.
1629 586 1767 656 Sed
1823 592 2048 655 tamen
2103 587 2252 655 Deo

302 674 527 744 volenti
567 674 662 741 ita
687 674 943 743 accidit.
987 675 1316 744 Dictitant
1337 674 1600 758 quidem
1646 695 1765 741 suo
1804 694 1991 741 more
2031 694 2106 742 se
2145 675 2249 740 in·

300 761 437 831 sciis
475 760 693 826 omnia
780 767 922 827 esta
963 781 1127 839 esse,
1169 768 1247 827 ιιι
1288 781 1361 827 se
1402 761 1597 845 culpa
1638 780 1867 827 carere
1906 759 2095 846 vulgi
2131 781 2248 826 au·

299 846 463 915 ribus
504 781 955 930 persuadeant.
1004 845 1143 913 Sed
1185 845 1404 913 surdis
1446 846 1651 930 (quod
1694 847 1911 925 aiunt)
1953 844 2244 912 fabulam

298 941 538 1001 canunt.
623 931 800 998 Nam
850 933 1203 1000 Tossamm
1245 932 1445 999 huius
1478 931 1852 1019 tragoediae
1885 930 2245 1017 choragum

296 1028 423 1086 esse
458 1019 588 1082 iam
630 1025 734 1084 est
774 1018 848 1083 in
892 1038 1005 1084 ore
1047 1019 1228 1085 omni
1269 1017 1528 1102 populo.
1550 1020 1607 1095 8)

448 1103 643 1170 Mitto
701 1102 786 1169 ad
840 1112 909 1168 te
967 1103 1469 1171 tumultuariam
1526 1104 1896 1190 apologiam
1938 1124 2245 1188 supremo

296 1189 534 1259 senatui
574 1209 616 1254 a
647 1209 757 1255 me
790 1188 1155 1255 exhibitam
1189 1189 1259 1255 in
1330 1208 1461 1273 qua
1500 1190 1721 1276 legere
1760 1190 2006 1273 poteris
2041 1190 2245 1256 totius

296 1275 513 1361 tragici
556 1274 841 1358 impetus
875 1273 1209 1342 doctrinae
1244 1294 1443 1342 causa
1481 1275 1556 1341 in
1596 1297 1706 1342 me
1744 1276 1900 1342 facti
1942 1295 2244 1361 progres-

296 1383 427 1429 sum
465 1368 534 1427 et
575 1358 894 1427 ordinem.
954 1361 1151 1427 Mitto
1195 1362 1397 1427 etiam
1446 1361 1847 1446 farraginem
1882 1381 2049 1445 quae
2084 1360 2244 1427 hinc

294 1449 357 1513 in
395 1446 823 1515 Germaniam
865 1448 1223 1531 composito
1266 1447 1469 1513 missa
1512 1456 1581 1513 et
1623 1469 1661 1514 e
1704 1446 2071 1514 Germania
2115 1447 2246 1513 huc

293 1533 546 1599 remissa
587 1532 795 1599 veluti
836 1532 1085 1600 fecialis
1130 1532 1374 1600 bellum
1417 1533 1715 1601 indicens
1765 1533 1909 1599 fuit.
1998 1531 2242 1600 Statim

292 1627 493 1685 autem
557 1626 754 1702 atque
818 1618 891 1683 in
955 1616 1247 1684 medium
1312 1618 1577 1701 prodiit,
1642 1626 1901 1703 apertas
1963 1618 2243 1685 insidias

292 1705 440 1769 mihi
495 1704 684 1782 strui,
748 1712 820 1770 et
875 1705 949 1769 iu
1004 1704 1354 1770 ministerii
1418 1706 1546 1771 mei
1615 1703 2093 1772 abdicationem
2157 1724 2243 1771 ex

290 1788 565 1874 professo
598 1787 892 1856 incumbi
928 1789 1261 1856 subolfeei.
1315 1790 1488 1856 Nam
1529 1789 1815 1859 sciebam
1842 1791 2242 1876 farraginem

290 1875 456 1941 illam
498 1896 619 1941 sex
678 1875 938 1942 circiter
993 1874 1233 1942 abhinc
1286 1878 1498 1956 annis,
1520 1881 1575 1955 ⁴)
1618 1897 1823 1960 quum
1864 1877 2081 1944 adhuc
2124 1878 2240 1942 fie-

290 1962 425 2027 bam
485 1960 906 2027 consiliorum
947 1962 1219 2027 Possum·
1436 1963 1633 2046 iceps,
1695 1961 1769 2028 in
1826 1983 1982 2029 eum
2036 1963 2240 2028 finem

289 2046 609 2113 collectam
665 2054 734 2112 et
789 2045 1230 2131 conscriptam
1302 2049 1495 2128 uisse,
1542 2055 1623 2113 ut
1659 2048 1984 2114 ministris
2026 2046 2239 2114 omni-

287 2132 415 2211 bus,
447 2140 763 2215 tanquam
808 2155 845 2198 e
882 2132 1246 2199 Germania
1278 2134 1503 2212 missa,
1538 2132 1957 2218 approbanda
1990 2142 2060 2200 et
2093 2132 2240 2199 sub-

289 2217 591 2317 signanda
610 2225 1108 2302 proponeretur,
1140 2226 1239 2297 ut,
1274 2219 1335 2284 si
1357 2239 1505 2286 eam
1526 2220 1969 2320 approbarent
2002 2226 2070 2285 et
2090 2218 2241 2286 sub-

288 2311 629 2488 tm?
675 2304 2238 2476 ἓῗΐὲἒὲῗίἕῖςέἑηῗηῖἫὲἮᾝξζᾞ

284 2475 683 2558 ignorantiae
737 2494 924 2541 meae
976 2482 1274 2559 tempore
1334 2477 1595 2559 saepius
1649 2497 1856 2543 manu
1920 2498 2071 2542 mea
2124 2476 2237 2543 de·

284 2559 1027 2712 wamma
1073 2560 2234 2715 Εοῖἓὲωώθῖῗιῗοὲιωρωέιῶθὶοὲ

284 2668 1418 2901 rasatifflim
1443 2699 1813 2898 :mr
1816 2733 2016 2884 ..fl-113¹?
2024 2732 2236 2885 ..2⁶3¹

284 2901 526 2982 derunt,
571 2868 774 2987 atque
827 2903 927 2969 ita
967 2905 1357 2987 perplexum
1400 2913 1470 2970 et
1510 2840 1788 2971 apgxium
1829 2903 2235 2988 aliquamdiu

282 2987 712 3055 reddiderunt.
788 2989 974 3057 Laus
1018 2998 1238 3056 tamen
1284 2991 1373 3056 sit
1412 2991 1702 3056 Domino
1746 2989 1911 3070 Deo,
1957 2992 2068 3075 qui
2102 3011 2235 3056 non

283 3095 497 3158 pasus
554 3083 659 3142 est
719 3075 934 3144 adhuc
976 3097 1085 3143 me
1127 3076 1294 3160 capi,
1337 3084 1417 3143 ut
1457 3098 1544 3144 ex
1586 3078 1704 3144 illa
1744 3098 1893 3144 mea
1936 3076 2237 3162 apologia

285 3159 513 3229 discere
556 3161 800 3228 licebit.

436 3249 639 3315 Mitto
692 3248 968 3331 insuper
1020 3247 1105 3313 ad
1156 3247 1559 3333 farraginem
1615 3247 1803 3313 illam
1859 3269 2074 3314 meam
2119 3268 2234 3313 ex·

283 3335 763 3417 temporaneam
820 3333 1334 3417 responsionem,
1391 3353 1521 3417 qua
1577 3334 1970 3417 praesertim
2027 3333 2233 3418 signi-

282 3419 390 3485 fico
446 3441 552 3486 me
611 3440 748 3486 non
805 3440 1155 3502 passurum
1210 3419 1514 3486 fraenum
1570 3419 1741 3484 mihi
1790 3419 1990 3498 iniici,
2047 3420 2235 3503 quasi

282 3503 665 3573 histrionum
716 3524 904 3569 more
945 3504 1014 3569 id
1058 3511 1322 3569 tantum
1365 3505 1541 3589 loqui
1586 3503 1858 3571 debeam
1901 3504 2077 3589 apud
2119 3525 2235 3587 po-

282 3590 497 3672 pulum
539 3589 718 3675 quod
764 3592 834 3656 in
878 3610 1105 3655 aurem
1141 3589 1308 3655 mihi
1343 3591 1425 3657 ab
1461 3589 1726 3655 homine
1761 3589 1979 3674 aliquo
2021 3590 2236 3655 infun-

287 3674 479 3741 detur.
565 3675 773 3743 Nolui
828 3695 980 3743 cum
1024 3674 1315 3754 Luthem,
1360 3674 1759 3742 Melanthone
1800 3684 1868 3741 et
1908 3675 2054 3741 aliis
2095 3696 2235 3740 ma·

282 3781 433 3827 num
488 3781 854 3838 conserere,
908 3759 1022 3826 sed
1078 3759 1163 3826 ad
1216 3760 1609 3845 prudentiae
1659 3768 1812 3827 tuae
1855 3760 2235 3844 exemplum

282 3865 380 3912 me
428 3867 848 3932 componens,
905 3845 1079 3928 quod
1136 3845 1218 3911 de
1254 3845 1651 3913 Melanthone
1702 3846 1773 3911 in
1830 3847 2237 3930 praefatione

284 3931 347 3996 in
384 3932 558 4000 locos
600 3931 784 3999 illius
822 3951 1204 3999 communes
1247 3932 1582 4015 scripsisti,
1608 3936 1660 4009 ⁸)
1701 3931 1773 3997 id
1811 3931 1894 3998 de
1936 3931 2239 3997 omnibus

282 4015 614 4099 pluraliter
658 4018 934 4102 loquens
967 4016 1218 4101 scripsi.

443 4103 521 4171 Si
564 4102 724 4189 quid
765 4105 1022 4169 interea
1055 4102 1304 4186 egerim
1341 4101 1515 4185 quod
1549 4101 1881 4186 agendum
1922 4122 2059 4168 non
2097 4103 2238 4168 fue-

284 4196 396 4266 rat,
439 4198 553 4257 aut
612 4210 748 4255 nou
791 4189 1039 4274 egerim
1081 4187 1254 4271 quod
1300 4188 1518 4253 fuerat
1560 4185 1907 4272 agendum,
1953 4187 2239 4271 denique

280 4273 333 4338 si
368 4275 643 4342 tacenda
700 4274 981 4340 dixerim
1024 4281 1140 4339 aut
1183 4272 1460 4340 dicenda
1500 4273 1836 4351 tacuerim,
1883 4294 1999 4339 oro
2043 4282 2110 4338 te
2153 4295 2238 4339 ex

284 4360 488 4427 auimo
531 4370 609 4427 ut
642 4359 809 4426 illud
853 4358 1018 4426 mihi
1056 4359 1408 4443 significes,
1450 4379 1578 4443 quo
1621 4366 1878 4425 mature
1922 4371 1991 4425 et
2022 4358 2236 4443 primo

283 4455 946 4615 ffiffiat‘ffp‘ffl
946 4443 1308 4596 ''31¹3ssssssss
1349 4443 2237 4597 Ἑαὲοὲῃέᾏὶῗιῗέἓὲᾛ

282 4617 637 4699 prudentia,
695 4615 922 4684 divina
980 4615 1341 4701 opitulante
1383 4616 1615 4701 gratia,
1675 4636 1905 4682 veram
1963 4636 2236 4700 eamque

1551 4922 1604 4961 m
1638 4906 2018 4962 Luthemmtm
2057 4906 2236 4974 Mese

474 4907 536 4971 3)
574 4907 748 4963 Hunc
783 4912 964 4964 ianm
1006 4923 1120 4964 non
1204 4922 1369 4963 urum

1133 4924 1351 5035 apicum
1447 4978 1494 5032 it
1509 4992 1563 5032 a.
1585 4974 1720 5030 1571
1739 4977 1873 5046 quia
1899 4975 2237 5032 Concordiae

280 4988 343 5027 a
375 4990 434 5031 eo
466 4982 621 5101 καί
647 4976 794 5047 quod
826 4977 1130 5058 ummah

474 5113 539 5179 4)
576 5051 972 5183 ama.
1011 5113 1149 5169 1556
1182 5117 1312 5170 ante
1343 5119 1567 5171 mortem
1595 5113 1823 5170 Comitis
1860 5111 2087 5182 θεωρεῖ
2117 5129 2235 5168 που·

282 5193 402 5263 nere
434 5195 534 5237 tuo
567 5182 914 5251 fungebatur,
950 5185 1065 5240 eea.
1102 5182 1171 5238 ab
1205 5182 1374 5238 huius
1406 5182 1653 5240 comediis
1686 5183 1921 5239 mediam
1954 5182 2236 5253 quandam

272 5262 413 5307 m
439 5264 540 5388 vg
572 5322 635 5376 in
665 5268 1024 5390 prcefczx
1045 5251 1450 5378 xghggmm
1479 5320 1735 5391 gallicam
1772 5320 1926 5378 1551.

1990 401 2158 466 1562
2195 397 2607 467 DEOEMB.

4185 412 4313 477 590

2349 588 2681 673 integram
2750 586 2834 655 de
2892 589 3509 674 praedestinationis
3583 590 3886 660 doctrina
3960 593 4310 664 veritatem

2349 674 2679 759 proposui,
2736 686 2818 740 ut
2870 677 3032 743 satis
3089 676 3694 758 demonstraverim,
3753 700 3862 746 me
3917 679 4084 746 nihil
4127 682 4309 749 aliud

2348 780 2549 843 quam
2591 758 2724 826 Dei
2764 757 3046 845 gloriam
3088 771 3157 829 et
3197 763 3508 832 eeclesiae
3551 763 4067 833 aedificationem
4111 788 4310 851 quae-

2345 866 2511 912 rere.
2599 845 2776 912 Nam
2818 867 3012 913 usum
3055 847 3392 917 doctrinae
3433 870 3692 933 semper
3738 850 3979 932 addidi,
4023 859 4095 918 et
4134 856 4308 921 eius-

2346 929 2497 998 dem
2560 931 2887 998 utilitates
2949 933 3370 1017 potissimum
3432 944 3733 1019 quatuor,
3799 935 3882 1003 de
3936 937 4175 1021 quibus
4229 946 4309 1006 tu

2344 1016 2468 1084 sub
2525 1017 2792 1083 initium
2856 1020 3071 1103 operis
3134 1019 3448 1089 adversus
3500 1021 3819 1107 Pighium
3882 1029 3951 1089 et
4002 1023 4177 1104 alibi,
4231 1025 4308 1090 in

2342 1102 2635 1169 medium
2693 1101 2957 1170 adduxi.
3045 1104 3242 1173 Unde
3305 1107 3553 1173 factum
3607 1107 3887 1174 arbitror
3940 1115 4021 1175 ut
4055 1109 4128 1175 in
4182 1108 4309 1178 hac

2343 1188 2687 1339 tragoedia
2729 1210 2921 1257 nemo
2963 1212 3071 1257 me
3115 1189 3196 1258 de
3236 1190 3834 1276 praedestinatione
3877 1194 4309 1262 disserentem

2344 1294 2428 1340 au
2475 1276 2577 1340 ire
2610 1274 2912 1342 voluerit.
2979 1275 3116 1343 Sed
3157 1287 3381 1344 tamen
3424 1277 3552 1345 scis
3583 1299 3727 1345 rem
3768 1279 3935 1345 mihi
3977 1299 4120 1347 esse
4153 1299 4307 1346 cum

2343 1359 2787 1427 callidissimis
2851 1361 3151 1430 hostibus
3215 1362 3328 1438 (de
3389 1363 3476 1429 iis
3539 1363 3564 1429 1
3647 1385 3767 1432 uor
3826 1365 3938 1448 qui
3995 1366 4081 1432 fri
4131 1365 4308 1432 ‘dam

2344 1444 2756 1544 suffundunt,
2811 1468 2946 1513 non
3010 1446 3094 1513 de
3145 1447 3517 1547 iudicibus).
3565 1384 3837 1533 o{taque
3890 1471 4024 1517 non
4121 1451 4307 1517 ubito

2342 1552 2506 1614 qum
2548 1552 2813 1597 omnem
2866 1534 3115 1599 moturi
3171 1533 3310 1599 sint
3350 1533 3640 1619 lapidem
3682 1543 3761 1601 ut
3799 1557 3907 1603 me
3950 1537 4010 1601 si
4051 1537 4309 1620 possint

2343 1615 2631 1701 abigant.
2719 1617 2917 1683 Nunc
2973 1619 3198 1703 itaque
3238 1619 3409 1699 vide,
3465 1620 3753 1699 obsecro,
3795 1621 3892 1688 mi
3933 1629 4139 1706 pater,
4179 1621 4308 1688 hoc

2342 1704 2403 1769 si
2445 1705 2831 1786 consequuti
2871 1704 3138 1784 fuerint,
3197 1704 3510 1788 quidnam
3553 1705 3883 1790 agendum
3924 1707 4092 1774 mihi
4135 1707 4302 1774 erit:

2342 1809 2431 1854 au
2477 1789 2780 1872 protinus
2830 1789 3193 1857 cedendum
3249 1797 3319 1856 et
3375 1790 3531 1858 hinc
3581 1791 4024 1876 migrandum,
4086 1815 4176 1860 an
4219 1792 4307 1859 ad

2339 1872 2550 1957 princi
2602 1894 2673 1940 es
2728 1873 3026 1942 dominos
3080 1884 3329 1943 tutores
3371 1897 3732 1959 eorumque
3778 1877 4114 1963 theologos
4154 1898 4308 1962 pro-

2339 1979 2547 2026 vocan
2594 1980 2726 2026 um.
2816 1959 2911 2028 Ut
2966 1960 3139 2044 quod
3194 1962 3268 2027 in
3323 1963 3543 2028 animo
3597 1962 3808 2029 habeo
3849 1985 4011 2030 vere
4053 1971 4122 2029 et
4162 1965 4308 2031 sine

2338 2046 2488 2112 fuco
2543 2045 2855 2129 aperiam,
2914 2047 3011 2113 sic
3046 2048 3379 2114 Dominus
3421 2069 3543 2114 sua
3585 2046 3988 2133 benignitate
4031 2050 4307 2117 affectus

2337 2151 2520 2198 meos
2563 2139 2885 2214 temperat
2924 2140 3006 2197 ut
3046 2133 3172 2201 sim
3214 2133 3287 2198 in
3328 2139 3682 2217 utrumque
3714 2143 4006 2217 paratus,
4049 2155 4167 2202 seu
4199 2155 4307 2201 re-

2337 2236 2625 2296 manere,
2694 2238 2813 2284 seu
2876 2218 3184 2303 migrare.
3270 2216 3465 2299 Quod
3530 2218 3590 2285 si
3648 2226 3877 2285 utrum
3940 2220 4167 2286 malim
4222 2241 4309 2286 ex

2338 2303 2562 2368 animo
2606 2300 2957 2370 dicendum
3001 2311 3192 2384 esset,
3238 2305 3481 2370 faterer
3535 2304 3822 2388 ingenue
3862 2326 3969 2372 me
4012 2303 4307 2389 cupidio-

2337 2408 2481 2453 rem
2524 2408 2667 2454 esse
2706 2388 3038 2473 migrandi
3079 2409 3277 2473 quam
3311 2389 3713 2455 remanendi.
3774 2389 3855 2457 Si
3898 2400 4121 2457 tamen
4154 2412 4307 2474 pro-

2338 2471 2630 2540 vocando
2681 2474 2980 2541 veritatis
3037 2475 3374 2559 negotium
3433 2482 3503 2541 et
3542 2476 3674 2541 Dei
3730 2476 4008 2560 gloriam
4050 2497 4307 2561 promo-

2341 2579 2500 2625 vere
2558 2559 2994 2643 ecclesiaeque
3050 2560 3332 2644 amplius
3399 2560 3711 2644 prodesse
3771 2582 4054 2646 possem,
4106 2561 4308 2630 nullis

2340 2642 2674 2712 laboribus
2709 2653 2826 2710 aut
2857 2645 3226 2729 sumptibus
3269 2646 3394 2714 hoc
3431 2667 3642 2712 unum
3675 2646 4056 2730 praestandi
4090 2648 4311 2732 gratia

2339 2751 2610 2813 parcere
2665 2730 2926 2797 vellem.
3013 2731 3239 2799 Habes
3290 2731 3379 2797 D.
3429 2730 3754 2799 Suberant
3777 2737 3830 2810 ο)
3881 2732 4186 2800 Basileae
4240 2741 4309 2799 et

2340 2815 2507 2880 alios
2563 2817 2636 2882 in
2680 2814 3042 2883 Germania
3085 2817 3332 2883 amicos
3374 2825 3443 2884 et
3485 2819 3773 2884 nominis
3817 2818 3918 2883 tui
3959 2816 4305 2898 studiosos,

2339 2901 2456 2983 qui
2499 2900 2623 2968 hac
2663 2902 2735 2967 in
2769 2922 2843 2967 re
2877 2901 3124 2987 aliquid
3155 2903 3433 2970 fortasse
3469 2911 3740 2987 possent
3771 2904 4044 2971 efficere.
4101 2903 4307 2972 Prae-

2340 2984 2555 3053 fectus
2619 3009 2736 3054 seu
2800 2987 3104 3055 Ballivus
3166 2995 3426 3071 noster,
3488 2989 3880 3057 Pancratius
3942 2991 4021 3056 de
4083 2989 4303 3071 Rouet,

2347 3073 2628 3139 Tea-sano
2670 3081 2848 3140 totus
2891 3073 3211 3156 addictus,
3253 3075 3364 3141 vir
3396 3082 3499 3142 est
3531 3074 3817 3159 simplex
3857 3080 3926 3142 et
3966 3096 4113 3142 meo
4157 3075 4306 3159 qui-

2343 3158 2493 3225 dem
2550 3159 2790 3226 iudicio
2849 3159 3081 3240 bonus,
3138 3161 3251 3243 qui
3292 3161 3378 3226 D.
3429 3159 3758 3227 Sulca-um
3810 3161 4082 3245 plurimi
4122 3160 4301 3228 facit.

2341 3243 2421 3311 Si
2484 3246 2705 3328 itaque
2765 3244 2854 3345 J).
2927 3245 3224 3313 Sulcems
3285 3245 3370 3312 ad
3431 3245 3622 3312 illum
3693 3246 3819 3314 hoc
3894 3245 3977 3312 de
4039 3247 4304 3332 negotio

2342 3330 2677 3411 scriberet,
2757 3336 2981 3414 posset
3055 3330 3334 3398 fortasse
3410 3332 3631 3399 oculos
3705 3331 3961 3399 homini
4025 3332 4300 3416 aperire.

2342 3416 2539 3497 Quod
2583 3416 2643 3483 si
2685 3416 2887 3483 semel
2930 3418 3357 3501 contingeret,
3391 3438 3527 3483 non
3573 3416 3799 3484 dubito
3840 3418 4001 3502 quin
4043 3417 4154 3483 hic
4195 3438 4305 3485 res

2338 3522 2569 3568 omnes
2644 3503 2882 3569 melius
2966 3503 3038 3568 in
3114 3510 3450 3586 posterum
3522 3502 3739 3570 iturae
3811 3510 4032 3570 essent
4107 3511 4305 3587 atque

2339 3587 2679 3655 hactenus.
2765 3587 2876 3655 Ita
2928 3587 3195 3672 quidem
3245 3587 3414 3653 mihi
3470 3588 3751 3655 videtur.
3838 3589 4077 3655 Facies
4128 3587 4303 3671 quod

2338 3674 2779 3741 rectissimum
2814 3695 2956 3740 esse
2991 3673 3306 3740 iudicabis
3348 3681 3418 3740 et
3450 3694 3648 3757 quam
3690 3673 4015 3758 optimum
4055 3674 4305 3757 poteris

2338 3759 2687 3825 consilium
2729 3758 2896 3824 mihi
2948 3759 3152 3827 dabis.
3251 3757 3332 3826 Si
3379 3759 3464 3825 ad
3505 3760 3591 3826 D.
3643 3758 3969 3828 Suloerum
4016 3760 4302 3826 scribere

2340 3844 2567 3924 velles,
2625 3843 2963 3911 commode
3012 3844 3082 3911 id
3129 3865 3250 3929 per
3305 3844 3487 3910 hunc
3544 3845 3959 3913 tabellarium
4001 3853 4302 3912 nostrum

2340 3930 2554 3997 facere
2620 3950 2864 4014 posses.
2962 3929 3140 3997 Nam
3207 3929 3491 3996 eundem
3546 3930 3880 3998 Basileam
3942 3930 4301 4012 mitterem,

2339 4017 2563 4166 {ioque
2616 4016 2844 4083 literas
2898 4022 3047 4084 tuas
3099 4015 3315 4100 primo
3371 4036 3630 4100 quoque
3685 4028 3978 4100 tempore
4019 4015 4301 4082 redden·

2386 4123 2459 4171 as
2502 4122 2819 4169 curarem.

2511 4186 2717 4253 Aliud
2760 4194 2862 4254 est
2892 4187 2966 4252 in
3007 4207 3136 4270 quo
3170 4192 3285 4253 tuo
3328 4207 3585 4271 quoque
3618 4186 3891 4255 consilio
3926 4206 4103 4270 egeo.
4149 4186 4301 4253 Du-

2339 4273 2476 4340 bito
2533 4273 2712 4339 enim
2767 4273 3004 4357 quibus
3059 4272 3542 4339 conditionibus
3605 4270 3877 4339 debeam
3942 4271 4028 4339 ad
4091 4271 4300 4338 inter-

2336 4360 2617 4425 missum
2673 4358 3022 4425 ministerii
3064 4379 3308 4424 munus
3361 4357 3595 4437 redire,
3639 4359 3699 4425 si
3738 4358 3909 4424 forte
3950 4356 4296 4440 suspensio

2337 4444 2521 4510 nulla
2577 4443 2942 4511 declaretur
3001 4463 3359 4528 rursusque
3422 4444 3701 4511 verbum
3755 4442 3886 4509 Dei
3947 4449 4018 4508 et
4075 4463 4295 4511 sacra-

2335 4537 2562 4596 menta
2603 4528 3104 4596 administrandi
3138 4535 3428 4614 potestas
3469 4527 3637 4595 mihi
3671 4530 3803 4595 fiat.
3868 4528 4101 4611 Itaque
4135 4524 4296 4595 doec

2335 4637 2462 4697 me,
2522 4616 2807 4694 obsecro,
2866 4635 3152 4699 quanam
3209 4615 3466 4683 ratione
3508 4616 3823 4681 autoritas
3865 4613 3947 4681 de
3989 4631 4138 4678 meo
4178 4612 4294 4679 illo

2335 4701 2703 4768 ministerio
2746 4699 3040 4768 detracta
3081 4720 3278 4784 quam
3312 4721 3351 4766 o
3396 4701 3557 4766 time
3591 4699 3820 4784 reponi
3854 4699 4110 4784 poterit.
4175 4698 4295 4763 In-

2336 4808 2534 4871 super
2579 4807 2817 4854 vereor
2868 4806 2954 4852 ne
3009 4806 3253 4857 novum
3374 4785 3487 4851 iud
3544 4785 3914 4868 decipulum
3970 4783 4137 4850 mihi
4177 4783 4294 4850 ob-

2338 4871 2664 4953 tendatur,
2708 4893 2945 4957 nempe
2967 4870 3222 4939 Brentii
3254 4871 3707 4951 catechismus,
3742 4871 3857 4955 qui
3889 4871 3962 4936 in
3993 4869 4294 4954 linguam

2336 4966 2630 5025 nostram
2694 4958 3123 5044 magistratus
3192 4957 3375 5026 iussu
3440 4958 3522 5024 ab
3588 4979 3717 5024 uno
3779 4962 4293 5043 symmystamm

2543 5319 2604 5385 6)
2645 5317 2786 5375 Vide
2815 5322 3134 5389 sequentem.
