4900 6125
588 393 729 458 1563

592 581 819 648 bonne
850 578 1173 732 diligence
1205 601 1334 666 que
1364 599 1534 649 vous
1568 600 1725 651 6166
1767 582 1923 649 faite
1966 601 2210 649 envers
2251 581 2349 649 les
2391 601 2554 667 gou-

594 686 916 733 verneurs
1004 687 1041 733 e
1084 667 1296 733 Milan
1337 688 1508 753 pour
1561 667 1729 735 faire
1783 667 2115 736 relascher
2157 667 2413 735 Olaude
2454 668 2554 733 la·

582 751 775 819 dum
801 754 849 824 ¹)
892 761 1118 818 nostre
1150 753 1520 838 bourgeois,
1555 761 1623 820 et
1656 753 1951 821 ladessus
1987 753 2279 821 entendu
2314 761 2459 819 tout
2492 751 2556 819 le

590 837 889 904 discours
946 837 1030 902 de
1085 847 1308 906 vostre
1365 841 1723 925 messagier
1786 840 1949 907 dont
2004 860 2175 906 nous
2231 860 2396 905 vous
2448 859 2553 904 re-

590 922 923 989 mercions
964 923 1094 990 fort
1137 926 1736 1006 affeetueusement,
1781 947 1946 992 vous
1978 927 2205 1011 priant
2244 925 2327 992 de
2368 933 2554 990 tous-

590 1007 773 1074 iours
806 1010 1148 1076 continuer
1183 1010 1248 1076 la
1281 1010 1500 1077 bonne
1533 1013 1835 1078 affection
1870 1021 1937 1078 et
1971 1011 2196 1077 amitie
2226 1032 2355 1096 que
2384 1031 2555 1077 nous

592 1113 754 1158 aves
794 1104 1020 1178 portee
1053 1098 1328 1180 jusques
1363 1099 1498 1182 ch,
1542 1117 1794 1163 comme
1831 1099 2009 1164 aussi
2044 1117 2212 1163 nous
2256 1096 2554 1164 desirons

592 1177 677 1244 de
722 1189 946 1245 nostre
998 1192 1148 1264 part
1204 1202 1370 1248 nous
1424 1185 1762 1268 employer
1805 1182 1886 1248 de
1943 1185 2075 1251 bon
2132 1204 2337 1250 cueur
2386 1204 2556 1268 pour

590 1284 759 1330 vous
816 1263 882 1330 la
939 1286 1025 1332 ou
1078 1287 1243 1332 nous
1298 1289 1382 1334 en
1440 1289 1682 1336 aurens
1746 1270 1809 1335 16
1863 1289 2123 1354 moyen.
2214 1272 2325 1336 Au
2378 1278 2556 1335 reste

590 1370 762 1416 nous
804 1372 889 1417 66
946 1372 1223 1418 6661666
1279 1374 1446 1436 pour
1487 1354 1552 1422 16
1606 1368 1873 1440 present
1926 1365 2114 1421 autre
2156 1355 2421 1422 remede
2466 1355 2555 1419 si-

590 1456 733 1500 non
778 1436 861 1502 de
902 1449 1215 1505 remettre
1256 1438 1513 1506 laffaire
1547 1462 1588 1506 6
1622 1441 1795 1522 dieu,
1838 1440 2093 1525 Lequel
2126 1462 2294 1508 nous
2328 1440 2555 1525 prions

592 1523 1037 1621 magnviflques
1082 1535 1148 1589 et
1192 1524 1610 1592 treshoncres
1653 1528 1992 1612 seigneurs
2034 1547 2198 1594 vous
2243 1526 2428 1593 avoir
2470 1550 2556 1595 66

592 1627 671 1672 66
712 1619 963 1674 saincte
1004 1609 1222 1694 garde.
1294 1611 1537 1678 Donne
1582 1632 1657 1680 66
1700 1615 1882 1698 xxvj.
1929 1612 2233 1680 doctobre
2283 1616 2466 1679 1562.

1388 1905 1795 1914 —————-

1473 2158 1679 2231 8869.

1061 2311 1537 2382 OALVINUS
1584 2313 2091 2383 OLEVIANO.

774 2483 1122 2569 Sco-impero
1164 2489 1233 2548 ut
1270 2484 1741 2570 Heidelberyam
1775 2493 1877 2552 eat
1906 2489 2285 2570 persuaderi
2326 2490 2555 2571 nequit.

598 2570 955 2638 Consilium
999 2571 1177 2635 addit
1216 2571 1293 2635 de
1334 2571 1675 2655 disciplina
1710 2574 2119 2641 instituenda.

596 2745 711 2810 (Ex
758 2761 791 2798 6
964 2741 1075 2814 pbo
1119 2742 1249 2796 Cod.
1286 2741 1490 2796 Gener.
1531 2742 1675 2806 10⁷⁸,
1726 2743 1819 2801 fol.
1852 2743 1975 2806 258.
2027 2746 2149 2800 6611.
2186 2763 2233 2802 e.
2267 2747 2400 2802 Cod.
2438 2745 2558 2813 108,

860 2854 871 2864 .
913 2811 1029 2878 142,
1064 2812 1205 2881 Epp.
1240 2813 1407 2865 Bern.
1444 2811 1533 2864 VI.
1572 2812 1703 2865 1101
1742 2823 1801 2867 et
1834 2814 2043 2869 Simler.
2082 2816 2199 2870 Vol.
2235 2815 2380 2880 105.)

774 2983 1041 3051 Eximio
1084 2993 1153 3047 et
1194 2982 1373 3048 fideli
1416 2983 1671 3049 Christi
1714 3005 1909 3050 servo
1945 2987 2032 3053 D.
2071 2986 2363 3073 Gaspari
2396 2987 2558 3054 Ole-

594 3071 795 3139 11666
838 3070 1029 3137 fiatri
1071 3080 1139 3135 et
1179 3080 1587 3155 s5mmystae
1628 3072 2077 3157 integerrimo.

1878 3176 2379 3263 Heidelbergae.

772 3346 845 3415 S.
913 3345 1141 3428 Quum
1188 3344 1415 3411 literas
1454 3365 1638 3413 meas
1678 3354 1981 3432 putarem
2026 3350 2158 3414 iam
2200 3350 2273 3415 in
2316 3350 2558 3416 itinere

598 3456 763 3513 esse,
816 3434 1203 3498 nunciatum
1246 3440 1347 3496 est
1390 3452 1669 3515 puerum
1712 3432 1927 3499 adhuc
1970 3436 2241 3500 comites
2282 3456 2558 3520 exspec-

600 3532 765 3588 tare.
858 3518 1092 3601 Itaque
1154 3516 1661 3601 δι’-1619616611)
1718 3517 1803 3584 ad
1866 3541 1974 3585 me
2038 3523 2291 3599 vocavi,
2356 3532 2435 3586 ut
2499 3523 2560 3587 si

598 3608 863 3673 animus
906 3606 1047 3669 6166
1090 3602 1172 3668 ad
1222 3604 1703 3687 suscipiendam
1746 3624 1917 3688 quae
1958 3604 2132 3689 apud
2176 3629 2297 3673 166
2338 3607 2560 3673 oblata

598 3704 699 3759 est
752 3691 1182 3777 provinciam,
1246 3689 1352 3754 161
1394 3692 1529 3754 iam
1570 3710 1939 3774 propensus
1980 3702 2173 3769 esset,
2228 3692 2336 3759 161
2378 3695 2558 3760 flecti

598 3790 839 3864 posset,
885 3797 1039 3841 eum
1082 3774 1384 3841 hortarer
1425 3796 1501 3841 ac
1544 3776 1971 3842 stimularem.
2042 3776 2295 3844 Verum
2338 3779 2558 3863 reperi

596 3863 773 3949 quod
814 3884 929 3928 sus
976 3860 1215 3935 1661161,
1266 3882 1399 3925 666
1441 3881 1633 3944 posse
1674 3861 1799 3927 1166
1840 3874 2135 3947 tempore
2177 3863 2435 3943 adduci,
2479 3876 2556 3931 ut

594 3951 981 4103 {samm
976 3966 1647 4115 mmmmm
1685 3948 2021 4118 ‘gerw-
2021 3949 2556 4111 &femena-

592 4122 901 4275 ffvis
964 4118 1222 4202 exigua,
1288 4117 1527 4183 fuisset
1588 4128 1815 4185 tamen
1880 4121 2159 4187 honesta
2220 4132 2289 4187 et
2352 4122 2555 4187 utilis.

736 4205 987 4293 pendit,
1022 4205 1081 4268 61
1114 4204 1283 4269 liber
1314 4216 1507 4279 66661,
1547 4226 1621 4270 66
1654 4203 1845 4270 nobis
2076 4218 2345 4274 nentem
2380 4208 2555 4273 fure:

594 4294 713 4361 sed
767 4293 927 4378 quia
982 4288 1181 4355 fidem
1237 4289 1681 4355 obstrinxerat
1724 4206 2347 4378 Umm,
2370 4297 2425 4371 ³)
2485 4313 2558 4359 66

2101 390 2630 461 EPISTOLAE
2674 393 3094 460 3868-3871

640 4778 653 4787 ·
1408 4771 2564 4845 mwfr-ePoeoe(Bq-

779 4841 2614 4978 {mAq-u-&tlfflsei-qoeemf

596 4979 2063 5045 mdfflufflmfflud—pmm
2605 4976 2614 5013 ¹

594 5046 2614 5131 ωτκᾶαψωήιωσηιιτὴσμΗι-σ.δεφλ.ιιι

590 5116 859 5187 quant
934 5115 2614 5184 quuntypth--fflmuoedr'

1664 5184 2271 5253 Degis-sumum
2320 5166 2616 5261 dum!

1732 5254 2566 5325 *τμη-«6166111-

4476 393 4580 456 564

2659 580 2873 649 vereri
2930 579 3224 649 levitatis
3277 586 3522 661 notam,
3588 579 3644 647 si
3699 579 3909 646 ullum
3969 578 4307 665 publicum
4363 600 4582 648 munus

2656 666 2885 734 obiret.
2958 667 3183 750 Quum
3218 686 3452 734 rursus
3485 668 3949 750 exciperemus,
3991 687 4124 732 non
4161 665 4445 750 amplius
4485 687 4584 733 nos

2657 755 2953 839 exigere,
3017 773 3218 837 quam
3275 751 3449 838 quod
3508 752 3591 819 ab
3654 753 3795 837 ipso
3853 751 4108 819 Ulricho
4169 752 4582 836 impetrasset,

2654 839 2898 905 iterum
2960 838 3322 919 excusavit,
3386 836 3592 906 donec
3636 860 3676 905 a
3730 838 4032 922 pactione
4094 837 4291 922 plane
4351 836 4586 905 solutus

2656 925 2841 1004 foret,
2898 924 3068 990 nihil
3125 925 3247 990 sibi
3301 945 3445 991 esse
3502 925 3852 1009 integrum.
3938 922 4192 989 Eadem
4257 922 4374 988 illa
4432 943 4584 991 nunc

2655 1032 2856 1162 {suum
2920 1017 3265 1161 {eliezer-let,
3332 1009 3614 1162 ⁸⁸sz
3675 1030 3913 1110 urgere
3977 1029 4180 1076 ausus
4239 1030 4374 1074 non
4440 1030 4584 1075 sum.

2721 1116 2918 1162 amu
3013 1116 3437 1163 66666166
3643 1103 4588 1180 manmeprospectumesse

2655 1182 2938 1267 cupiam,
2996 1182 3194 1249 simul
3251 1189 3475 1247 tamen
3530 1182 3726 1247 amici
3781 1178 4214 1248 verecundiae
4266 1179 4588 1246 consulere

2655 1289 2921 1335 necesse
2964 1275 3083 1347 est,
3140 1269 3526 1351 praesertim
3573 1288 3778 1350 quum
3820 1288 3999 1333 nunc
4043 1266 4500 1332 inhumaniter
4533 1275 4592 1331 et

2657 1353 3127 1422 contumeliose
3184 1352 3486 1421 Ulrichus
3524 1355 3666 1437 ipse
3708 1373 3749 1418 6
3790 1353 4084 1438 cognatis
4125 1359 4470 1418 tractetur.

2830 1439 3027 1521 Quod
3072 1439 3153 1506 de
3195 1438 3688 1506 constituendae
3726 1438 4110 1523 disciplinae
4151 1438 4413 1503 ratione
4457 1457 4590 1503 oon·

2657 1525 2881 1592 silium
2938 1547 3161 1592 meum
3215 1525 3539 1609 postulas,
3598 1526 3715 1593 vix
3773 1524 4058 1591 occurrit
4110 1523 4283 1608 quod
4339 1544 4592 1606 respon·

2658 1610 2869 1690 deam,
2913 1612 3042 1678 nisi
3084 1611 3450 1694 optandum
3492 1632 3654 1688 esse,
3699 1618 3773 1676 ut
3805 1609 3969 1676 duos
4002 1610 4306 1693 princeps
4343 1608 4427 1674 de
4461 1629 4595 1674 con·

2659 1697 2792 1764 silii
2836 1698 2942 1764 sui
2985 1699 3316 1763 sententia
3348 1697 3664 1775 nominet,
3694 1694 3860 1762 duos
3891 1695 4307 1773 universitas,
4331 1701 4599 1777 quatuor

2659 1791 2882 1849 autem
2924 1804 3269 1850 commune
3311 1782 3515 1863 urbis,
3563 1783 3674 1866 qui
3717 1802 3851 1847 una
3891 1802 4043 1848 cum
4084 1780 4467 1864 pastoribus
4505 1799 4596 1844 66-

2658 1869 2893 1936 clesiae
2925 1870 3240 1953 praesint,
3277 1888 3353 1935 ac
3385 1868 3526 1933 sint
3556 1888 3819 1933 morum
3851 1886 4174 1934 censores.
4243 1865 4395 1931 Hoc
4438 1865 4597 1931 enim

2657 1958 2853 2023 modo
2895 1965 3137 2042 partes,
3194 1975 3361 2039 quae
3404 1953 3648 2038 alioqui
3700 1953 3839 2019 suis
3880 1952 4221 2018 ordinibus
4264 1949 4598 2017 distinctae

2659 2057 2832 2123 sunt,
2867 2043 3308 2110 coalescerent
3339 2041 3413 2105 in
3447 2061 3656 2105 unum
3679 2060 3933 2122 corpus,
3969 2037 4244 2105 66616616
4277 2038 4384 2103 166
4419 2055 4599 2103 suum

2659 2130 2996 2208 retineret,
3051 2127 3275 2194 nullus
3327 2133 3550 2192 autem
3603 2132 4014 2210 gravaretur.
4085 2121 4306 2189 Medis
4349 2121 4600 2206 quidem

2659 2213 2966 2281 omnibus
3018 2213 3400 2280 instandum
3444 2221 3563 2287 est,
3624 2219 3699 2276 ut
3739 2210 4130 2276 mediocrem
4190 2208 4430 2274 saltem
4486 2206 4602 2272 dis·

2659 2298 3346 2453 16616.
3366 2295 3832 2448 6616
3873 2293 4606 2448 1661666

2871 2439 2886 2464 ,
2933 2407 2974 2452 6
3064 2406 3103 2450 o
3145 2405 3182 2450 6
3653 2433 3670 2461 ,

2661 2472 2915 2549 ducem,
2957 2492 3091 2536 non
3127 2479 3228 2536 est
3262 2469 3437 2552 quod
3470 2488 3760 2550 unquam
3794 2466 4111 2552 fatigeris.
4183 2464 4261 2531 Si
4301 2464 4427 2529 tibi
4469 2484 4604 2530 cum

2660 2557 3127 2624 iureconsultis
3189 2552 3578 2621 certandum
3641 2563 3772 2633 est,
3838 2554 4007 2617 scias
4077 2551 4202 2617 hoe
4267 2549 4606 2615 hominum

2660 2665 2873 2729 genus
2934 2641 3176 2727 ubique
3240 2641 3378 2706 fere
3441 2660 3584 2706 esse
3639 2638 3896 2705 Christi
3958 2637 4167 2703 servis
4227 2635 4604 2731 adversum:

2659 2729 2821 2814 quia
2862 2749 3000 2795 non
3043 2727 3426 2793 existimant
3477 2747 3548 2791 se
3605 2722 3884 2809 gradum
3926 2743 4122 2788 suum
4175 2741 4373 2806 posse
4433 2729 4605 2796 tuen,

2661 2816 2720 2883 si
2763 2836 2892 2898 qua
2929 2815 3156 2899 vigeat
3195 2811 3506 2879 ecclesiae
3547 2811 3878 2876 autoritas.
3949 2808 4356 2875 Constanter
4399 2813 4608 2871 tamen

2661 2899 3093 2985 pergendum,
3137 2898 3310 2981 quod
3343 2918 3422 2963 66
3457 2897 3577 2964 tibi
3611 2895 3865 2962 facilius
3899 2894 4044 2972 erit,
4090 2894 4244 2978 quia
4285 2891 4608 2957 adiutores

2661 2997 2897 3053 nactus
2955 3007 3029 3052 es
3085 3004 3223 3049 non
3264 2982 3430 3050 fidos
3470 2980 3683 3058 modo,
3737 2979 3854 3046 sed
3911 2979 4112 3045 etiam
4163 2978 4498 3044 animosos
4550 2983 4612 3040 ct

2662 3082 2987 3141 strenuos.
3057 3070 3249 3149 Vale,
3313 3069 3554 3136 eximie
3611 3069 3716 3134 111
3778 3076 3846 3133 et
3908 3067 4113 3132 frater
4174 3066 4246 3130 in
4401 3063 4607 3128 111166.

2659 3160 2747 3226 D.
2775 3159 2978 3225 Petro
3003 3156 3330 3239 Booquino
3371 3154 3650 3221 multam
3695 3152 3978 3220 salutem
4009 3172 4260 3235 precor,
4367 3199 4382 3214 .
4425 3148 4612 3214 etiam

2659 3245 2910 3323 Dilero,
2955 3243 3175 3309 Mario
3204 3244 3260 3325 ⁵)
3323 3250 3390 3305 et
3449 3240 3718 3324 reliquis
3777 3238 4024 3305 amicis.
4111 3236 4454 3301 Dominus
4509 3251 4612 3297 166

2660 3351 2890 3397 omnes
2931 3336 3154 3395 servet
3193 3325 3574 3405 incolumes,
3631 3332 4024 3407 sanctosque
4067 3330 4324 3389 vestros
4366 3320 4614 3386 labores

2661 3416 3022 3484 benedicat.
3095 3414 3412 3481 Genevae
3455 3415 3558 3476 27.
3606 3409 3912 3476 Octobris
3960 3411 4146 3473 1562.

3591 3580 3876 3647 Ioannes
3921 3578 4244 3645 Calvinus
4287 3584 4469 3643 tuus.

3550 4291 3746 4363 m.

3097 4466 3574 4537 GALVINUS
3623 4460 4197 4533 TREEELIJO.

2760 4736 2774 4747 ·
2843 4642 3166 4746 pandi&
3208 4636 3686 4706 contenarius
3727 4637 3796 4700 a·
3845 4633 4126 4700 Hosto-⁸
4174 4631 4468 4698 Genevae
4507 4631 4618 4693 iu·-

2661 4900 3464 4975 (Anthemusam-coemt-
3531 4886 4618 4969 EnboetTurefinipinOodva.

2665 4975 2786 5039 lm,
2833 4951 4621 5033 fdlssmssennplloeetssmlerusVoLloe.)

2869 5237 3636 5384 33⁸²...fs-2'22-m41-‚4
3647 5234 3968 5374 ..με
3809 5233 4098 5314 *ffl-
4127 5231 4434 5301 ψ·
4249 5231 4340 5245 ··
