4900 6125
612 388 739 454 3⁸3

610 577 706 642 les
762 575 947 641 biens
1004 573 1084 640 de
1151 574 1309 638 trois
1365 571 1710 641 mendians
1773 574 1856 641 de
1919 583 2095 642 ceste
2157 573 2311 641 ville
2376 583 2561 640 entre

609 661 828 727 mains
872 658 952 726 de
995 658 1496 726 commissaires.

785 749 844 812 A
899 751 1091 824 reate,
1147 744 1506 824 Monsieur,
1566 768 1653 812 au
1710 767 1863 812 nom
1924 745 2004 812 de
2048 744 2223 813 Dieu
2282 747 2342 811 ie
2401 767 2564 811 vous

609 834 749 916 prie
810 830 889 896 de
949 851 1117 898 nous
1181 829 1438 896 fournir
1497 831 1577 898 de
1635 831 1790 915 quel
1834 853 1918 899 ue
1977 832 2237 897 homme
2294 829 2565 915 capable

693 940 774 984 ur
817 916 1105 982 m’aider.
1179 915 1313 983 Gar
1359 916 1505 983 bien
1542 938 1583 983 a
1617 937 1783 1002 gran
1864 917 2057 1003 peine
2092 917 2243 1002 puis
2286 918 2348 983 ie
2382 917 2566 982 avoir

633 1026 672 1070 e
724 1003 907 1070 loisir
961 1001 1314 1068 d’estudier
1371 1023 1508 1070 mes
1564 1003 1888 1087 presches.
1983 1003 2041 1068 Il
2084 1025 2131 1087 y
2177 1025 2218 1067 a
2272 1024 2402 1068 une
2466 1004 2565 1067 in-

609 1089 798 1156 finite
861 1087 1191 1172 d’Eglises
1245 1110 1285 1153 a
1351 1088 1634 1155 l’entour
1697 1088 1778 1154 de
1844 1097 2020 1156 ceste
2075 1087 2252 1166 ville,
2362 1108 2447 1154 ue
2507 1087 2567 1153 si

607 1196 775 1243 nous
828 1176 1075 1240 eetions
1134 1172 1310 1240 deux
1375 1175 1510 1240 l'un
1577 1183 1794 1241 estant
1848 1195 1931 1240 en
1991 1174 2059 1240 la
2111 1173 2266 1239 ville
2356 1177 2567 1240 'autre

607 1261 810 1328 seroit
842 1280 975 1326 aux
996 1259 1272 1344 champs
1294 1259 1406 1344 qui
1441 1261 1642 1327 seroit
1677 1260 1888 1345 grand
1911 1262 2160 1345 profict.
2228 1260 2365 1326 Par
2396 1260 2567 1326 ainsi

607 1367 774 1413 nous
833 1366 994 1412 vous
1058 1346 1399 1430 supplions
1458 1346 1703 1412 d’avoir
1759 1366 2170 1412 souvenance
2229 1345 2312 1411 de
2375 1366 2564 1410 nous.

608 1431 847 1500 Aultre
889 1431 1086 1499 chose
1119 1452 1203 1497 ne
1245 1452 1559 1518 scauroye
1579 1433 1910 1516 quescrire
1954 1432 2150 1498 sinon
2216 1452 2298 1496 ue
2341 1431 2402 1497 ie
2426 1431 2568 1514 prie

607 1519 671 1585 1ο
711 1517 1040 1600 seigneur
1083 1539 1245 1584 vous
1288 1539 1637 1585 conserver
1681 1525 1724 1583 a
1767 1540 1842 1584 sa
1883 1538 2136 1602 pauvre
2287 1516 2424 1582 lise.

781 1602 1093 1688 L'Eglise
1151 1602 1233 1669 de
1285 1618 1460 1670 ceste
1509 1603 1665 1669 ville
1719 1625 1791 1670 se
1849 1622 2224 1670 recomman
2269 1624 2306 1669 ο
2352 1624 2394 1667 a
2448 1622 2567 1668 vos

606 1689 859 1774 priores
902 1699 972 1753 et
1012 1709 1180 1754 vous
1231 1689 1488 1773 supplic
1540 1690 1834 1775 qu’ayiez
1890 1708 2310 1756 souvenance
2354 1687 2565 1764 d’elle,

604 1795 861 1843 comme
925 1776 1246 1840 s'asseure
1304 1780 1592 1859 qu’avez,
1660 1797 1899 1859 pource
1955 1796 2083 1858 que
2147 1773 2326 1839 leurs
2390 1783 2566 1839 estse

604 1881 764 2011 μοι-3
789 1861 1011 2010 Aaussil
1069 1860 1219 1926 bien
1287 1883 1410 1944 que
1475 1861 1590 1927 des
1656 1869 1893 1927 autres.
1999 1858 2103 1925 De
2165 1859 2425 1926 ninum
2492 1878 2569 1923 ce

610 1951 670 2012 5.
761 1949 779 1978 '
840 1947 986 2029 pvri
1016 1996 1031 2010 .

784 2117 1157 2192 Monsieur‚
1220 2117 1283 2182 ie
1349 2116 1560 2183 desire
1627 2116 1878 2183 d’avoir
1941 2116 2305 2182 resolution
2371 2114 2570 2182 d’une

610 2204 930 2288 question,
998 2203 1296 2269 aecavoir
1360 2204 1418 2268 si
1481 2222 1651 2268 ceux
1702 2204 1810 2286 qui
1878 2213 2029 2269 sont
2090 2202 2383 2286 baptisez
2449 2222 2571 2284 par

609 2290 888 2440 quelcfflue
927 2290 1205 2354 artisant
1249 2290 1500 2372 papiste
1542 2289 1811 2355 doivent
1853 2298 2028 2355 estre
2065 2289 2445 2371 rebaptisez.

821 2385 976 2453 tem,
1019 2374 1078 2440 ei
1121 2395 1288 2439 nous
1330 2397 1496 2440 nous
1541 2373 1792 2440 devons
1837 2385 2104 2439 trouver
2148 2379 2191 2437 a
2233 2373 2569 2438 l'enterre·

611 2471 799 2527 ment
841 2458 999 2525 d’un
1044 2460 1158 2544 qui
1217 2470 1319 2526 est
1362 2469 1536 2525 mort
1594 2459 1859 2544 n'ayant
1901 2458 2106 2524 voulu
2148 2461 2296 2525 ouir
2352 2458 2571 2543 parler

612 2545 694 2613 de
736 2544 1109 2630 l’Evangile
1152 2567 1235 2611 en
1281 2567 1386 2612 ses
1429 2543 1726 2611 derniers
1769 2547 1968 2623 iours,
2031 2566 2155 2611 veu
2199 2565 2328 2627 que
2371 2543 2569 2610 l'Ido·

613 2631 803 2697 latrie
847 2645 949 2697 est
994 2632 1150 2698 hors
1195 2630 1276 2696 de
1320 2631 1386 2697 la
1431 2631 1601 2696 ville.

975 2769 1139 2834 Tres
1183 2766 1452 2834 humble
1496 2769 1725 2833 enfant
1766 2775 1835 2833 et
1877 2767 2201 2834 meilheur
2243 2767 2571 2832 serviteur

1461 2852 1728 2920 Gilbert
1772 2851 1852 2918 de
1899 2874 2090 2919 vaux.

1501 3243 1705 3315 87⁶9.

1232 3382 1473 3450 ΒΕΖΔ
1513 3380 1951 3449 OALVINO.

789 3557 938 3621 Iam
984 3555 1317 3621 Aureliam
1370 3555 1536 3620 venit
1591 3574 1734 3619 cum
1775 3553 1990 3619 milite.
2081 3550 2340 3619 Beuum
2381 3555 2577 3620 instat

613 3644 723 3709 sed
786 3640 990 3707 adhuc
1051 3640 1128 3707 de
1179 3661 1337 3724 pace
1395 3640 1628 3724 cyitur.
1733 3638 1960 3721 Sperat
2018 3638 2303 3704 adversis
2358 3640 2576 3705 metuit

612 3728 907 3795 sectandis
947 3727 1210 3793 alterum
1252 3732 1478 3792 sorta»
1517 3725 1666 3792 boue
1696 3729 2161 3808 prowm-atum
2193 3728 2428 3809 pedus.

618 3899 734 3967 (Ex
766 3896 1106 4019 autoffipho
1140 3896 1270 3951 cod.
1291 3896 1512 3978 ‘Genew
1551 3894 1670 3961 117,
1704 3896 1797 3952 sol.
1823 3893 1917 3976 ‚⁷⁸-
1981 3894 2207 3977 flabent
2243 3897 2406 3950 etiam
2442 3896 2573 3951 eod.

616 3966 736 4033 119,
781 3967 872 4021 fol.
978 4006 993 4032 ,
1039 3962 2131 4103 Bmenmllviissplgslbl’vssffnlmmm
2174 3962 2270 4017 101
2305 3974 2365 4019 et
2400 3964 2571 4019 Baum

789 4191 1024 4255 Mons&
1071 4189 1310 4255 Mons‘.
1359 4187 1437 4251 de
1482 4187 1731 4254 Passel.

1835 4276 1896 4338 A
1946 4272 2397 4339 villefranche.

786 4414 858 4478 ὃ.
931 4410 1172 4477 Meldis
1217 4410 1300 4475 ad
1343 4409 1684 4476 Olodoaldi
1741 4421 2007 4494 pontem
2047 4413 2096 4486 Ι)
2152 4410 2404 4476 reversi
2448 4408 2572 4477 Se-

613 4519 898 4584 quanam
937 4497 1331 4562 traiecimus.
1406 4495 1486 4560 In
1525 4497 1690 4562 urbe
1725 4496 1853 4560 fuit
1887 4494 2170 4579 insignis
2203 4495 2572 4578 trepidatio,

614 4684 798 4743 e‘lee.
829 4685 887 4751 1)
919 4684 1068 4740 Pon!
1105 4683 1158 4739 S.
1202 4683 1395 4749 moad,
1431 4684 1528 4738 ubi
1676 4683 1891 4738 «lernou
1924 4701 1977 4738 a.
2015 4681 2071 4737 d.
2111 4681 2232 4736 111.
2274 4681 2390 4738 Gal.
2429 4684 2570 4753 Apr.

615 4756 766 4811 Hm.
808 4753 928 4810 eccl.
963 4752 1032 4808 11.
1070 4750 1132 4805 Ἰ.-
1170 4755 1214 4807 A
1257 4770 1346 4806 ree
1380 4754 1534 4807 avoir
1571 4755 1670 4806 fait
1703 4753 1757 4805 ln
1790 4768 1924 4806 cene
1957 4751 1991 4805 a
2028 4750 2227 4804 nonu
2260 4751 2315 4804 1ο
2349 4753 2469 4806 iour
2502 4752 2575 4807 de

615 4825 863 4895 Paequee
893 4820 980 4877 29.
1015 4822 1164 4877 Mare
1231 4839 1262 4877 ο
1315 4823 1501 4891 prince
1549 4822 1658 4876 tire
1702 4821 1851 4875 droit
1884 4838 1954 4874 au
1997 4826 2136 4901 pont
2169 4819 2225 4874 S.
2263 4820 2394 4875 Clou
2429 4820 2500 4875 ou
2533 4821 2575 4875 il

617 4894 800 4949 arriva
844 4892 897 4945 1ο
938 4891 1245 4946 lendemain
1280 4890 1314 4944 a
1347 4890 1548 4945 dbner.
1617 4890 1766 4945 ceux
1801 4890 1872 4944 de
1906 4889 2060 4944 Pane
2103 4888 2406 4942 entend-ne
2441 4889 2577 4960 qu'il

620 4962 788 5017 estoit
821 4962 867 5015 ei
912 4977 1041 5030 pres
1077 4959 1234 5014 d'eux
1281 4960 1464 5014 tutent
1499 4976 1566 5012 en
1617 4959 1692 5013 tel
1739 4957 1905 5026 οπεος
1942 4970 2050 5027 que
2097 4958 2178 5011 les
2221 4957 2441 5011 chainee
2474 4958 2573 5013 des

619 5048 744 5085 rue·
778 5030 962 5084 rurant
995 5029 1226 5083 tenduee
1260 5045 1394 5083 avec
1425 5028 1601 5098 grand
1633 5028 1854 5093 alarme,
1889 5034 1948 5080 et
1983 5025 2074 5095 luy
2111 5026 2195 5079 fut
2230 5026 2436 5096 envoy&
2471 5044 2574 5097 pu

620 5099 674 5153 le
710 5098 962 5154 cardinal
998 5098 1066 5151 de
1103 5099 1360 5153 Bourbon
1401 5115 1501 5152 eon
1547 5096 1712 5164 fiere,
1760 5096 1872 5150 lore
1990 5110 2262 5149 uverneur
2293 5095 2364 5149 de
2400 5095 2573 5164 Paris,

621 5166 674 5222 le
710 5167 796 5221 Sr.
829 5166 1103 5237 d'Alaigre
1333 5168 1385 5221 le
1430 5168 1582 5236 prier
1625 5165 1696 5219 de
1743 5181 1811 5219 ne
1858 5163 1899 5218 ι’
1969 5179 2128 5218 oroer
2161 5162 2402 5218 d’entrer
2434 5163 2574 5220 dane

619 5237 678 5290 la
729 5236 858 5289 ville
910 5244 968 5289 et
1018 5252 1089 5290 ne
1139 5183 1346 5291 mer
1397 5240 1860 5290 commencement
1901 5234 1935 5289 λ
1983 5247 2182 5314 guerre
2226 5240 2470 5288 ouverte.
2507 5263 2573 5273 —

624 5302 1474 5360 JournataeBnaoetL‘m:
1527 5299 2011 5359 Lelundifflle
2057 5300 2573 5371 pnneedeconde

2113 383 2643 454 EPISTOLAR
2686 385 3108 454 3768-3771

4480 393 4581 452 384

2666 595 2867 657 quum
2934 574 3197 640 moenia
3260 574 3936 660 praeterveheremur,
4003 595 4123 639 nec
4181 572 4440 642 difficile
4486 574 4586 642 tuit

2665 657 2924 745 ingredi
2942 711 2958 737 ,
3024 658 3138 725 sed
3206 658 3480 727 ducibus
3547 659 3740 725 aliter
3803 659 4069 742 placuit.
4175 659 4344 726 Inde
4420 658 4586 727 biduo

2665 745 2975 812 maximis
3029 746 3377 813 itineribus
3424 744 3764 812 Aureliam
3811 746 4113 811 venimus
4141 747 4197 823 ²)
4240 745 4401 811 adeo
4450 755 4587 812 tem·

2664 833 2914 981 pegtilxire
2943 839 3032 981 ¹:ut
3077 830 3259 897 nullo
3301 832 3565 983 αἶςοὲο
3609 841 3677 898 et
3720 830 3887 931 citra
3893 843 4280 982 dciaertameu,
4323 831 4589 933 nondum

2664 937 2983 1086 Eqssitssi‘i„
3012 938 3128 1068 Ὗ.
3135 938 3318 1069 ¹3:2⁰
3326 937 3912 1069 mi‘ffisfflzffiz.
3962 937 4591 1087 ⁰⁹122¹1331¹312¹¹¹⁸m¹m⁸⁸⁵⁸

2666 1087 3797 1259 fflffiffimmssffli‘?ffl
3845 1086 4443 1250 ffssffifflsswm'
4456 1111 4595 1241 Ἢ»

2667 1261 2869 1326 etiam
2933 1261 3300 1327 contrariae
3363 1260 3595 1325 literae
3659 1260 3938 1345 singulis
4000 1280 4211 1343 paene
4271 1261 4597 1327 momentis

2668 1346 3053 1421 afferuntur,
3098 1346 3291 1412 modo
3336 1345 3580 1411 bellum
3634 1345 3952 1424 indicunt,
3996 1344 4187 1412 modo
4229 1346 4597 1430 colloquium

2670 1442 2920 1516 petunt.
2993 1432 3190 1498 Pacis
3224 1431 3389 1498 duae
3432 1431 3837 1498 conditiones
3870 1431 4245 1510 obtulimus,
4288 1453 4515 1516 nempe
4551 1433 4599 1497 si

2672 1518 2888 1583 valeat
2952 1517 3239 1584 edictum
3296 1527 3364 1581 et
3422 1515 3646 1583 hostes
3711 1518 3914 1584 armis
3977 1516 4294 1602 depositis
4358 1515 4599 1584 domum

2668 1603 2961 1668 redeant.
3034 1602 3171 1670 Sed
3231 1613 3495 1686 praeter
3550 1602 3795 1668 bellum
3851 1601 4018 1668 nihil
4073 1602 4282 1670 audeo
4339 1623 4599 1687 sperare.

2671 1687 3013 1771 Quaenam
3061 1696 3284 1755 autem
3331 1689 3555 1754 futura
3611 1689 3699 1754 sit
3740 1689 3885 1755 eius
3926 1687 4203 1773 gerendi
4247 1689 4417 1753 ratio
4457 1710 4603 1754 nou·

2671 1773 2829 1839 dum
2882 1795 3149 1859 possum
3208 1775 3594 1858 prospicere,
3652 1794 3726 1839 ac
3784 1775 3986 1839 etiam
4028 1773 4240 1839 multo
4282 1775 4495 1840 minus
4534 1773 4605 1839 de

2670 1868 2915 1925 eventu
2976 1860 3427 1944 pronunciare,
3487 1860 3617 1925 nisi
3675 1859 3852 1943 quod
3906 1861 3975 1924 in
4019 1858 4307 1925 Domino
4351 1859 4603 1927 confido.

2670 1946 2776 2011 De
2840 1945 2948 2011 his
3011 1945 3352 2011 admoneri
3429 1947 3694 2011 omnino
3760 1965 4025 2012 necesse
4103 1956 4204 2010 est
4280 1945 4607 2028 viciuos,')

2672 2033 2980 2115 quoniam
3024 2052 3101 2097 eo
3145 2029 3412 2097 redacta
3454 2052 3562 2098 res
3605 2041 3725 2109 est,
3775 2045 3852 2096 ut
3894 2032 3999 2097 vel
4044 2033 4232 2098 nobis
4275 2032 4385 2097 vel
4428 2032 4611 2097 hosti·

2671 2117 2795 2183 bus
2860 2118 2948 2182 sit
3009 2115 3436 2200 pereundum,
3505 2118 3635 2183 nisi
3679 2116 3866 2182 Deua
3929 2115 4053 2180 ἀπὸ
4102 2118 4365 2199 μηχανῆς
4427 2117 4611 2182 inter·

2670 2204 2948 2269 venerit.
3020 2201 3250 2285 Neque
3292 2202 3365 2267 in
3408 2202 3600 2270 nobis
3654 2201 3854 2267 stabit
3911 2202 4106 2268 ruina
4157 2203 4273 2269 sed
4316 2203 4403 2268 ad
4448 2209 4613 2268 exte-

2670 2307 2784 2353 ros
2826 2288 3020 2353 etiam
3068 2288 3398 2372 pervadet.
3478 2288 3553 2354 Si
3598 2289 3862 2373 quaeris
3906 2309 4027 2354 cur
4070 2290 4089 2352 i
4142 2288 4278 2353 ‘tur
4319 2290 4451 2354 iam
4494 2289 4613 2371 pri·

2674 2373 2819 2439 dem
2881 2373 3067 2440 missi
3131 2393 3263 2439 non
3329 2374 3464 2439 sint
3530 2373 3774 2450 nuncii,
3844 2394 4077 2457 respon
4126 2395 4219 2450 eo,
4285 2396 4396 2441 me
4461 2372 4615 2439 nihil

2674 2458 2854 2525 aliud
2897 2481 3085 2543 posse
3130 2479 3327 2542 quam
3378 2459 3449 2523 in
3537 2460 3812 2524 miscere
3853 2480 4061 2542 quum
4104 2481 4226 2525 nos
4269 2458 4611 2536 considero.

2673 2554 2743 2611 et
2800 2546 3023 2610 omnia
3079 2545 3321 2624 conari,
3379 2567 3412 2610 s
3548 2545 3773 2610 omnia
3825 2543 4016 2629 signa
4064 2545 4433 2612 certissima
4486 2544 4615 2610 ani·

2673 2630 3106 2708 madvertere,
3172 2652 3254 2696 ex
3311 2630 3545 2714 quibus
3602 2638 3782 2695 certa
3837 2631 3926 2696 sit
3963 2631 4356 2710 coniectura,
4416 2632 4617 2697 Deum

2672 2714 2921 2799 aliquid
2981 2737 3099 2800 per
3155 2736 3225 2781 se
3280 2715 3515 2781 moliri.
3610 2716 4029 2799 Exspectatis
4079 2716 4366 2781 reditum
4411 2736 4617 2781 meum

2676 2801 2761 2868 ad
2802 2800 3132 2868 Oaleudas
3175 2800 3359 2880 Maii,
3416 2801 3602 2867 cuius
3660 2802 3912 2866 exitum
3965 2802 4242 2868 fortasse
4283 2811 4440 2866 ante
4482 2822 4621 2867 eum

2677 2888 2851 2953 diem
2893 2886 3298 2968 intelligetis.
3369 2887 3518 2952 Hoc
3563 2908 3767 2952 unum
3803 2897 3953 2970 peto
4000 2896 4071 2952 ut
4105 2908 4364 2954 mecum
4410 2907 4619 2971 prece-

2676 2974 2858 3051 mini,
2918 2981 2992 3038 ut
3037 2972 3199 3037 mihi
3258 2972 3449 3038 detur
3506 2973 3575 3036 in
3621 2970 3908 3038 Domino
3951 2982 4021 3037 et
4063 2974 4293 3039 vivere
4337 2983 4407 3040 et
4444 2971 4617 3038 mori.

2676 3058 2975 3140 Quorum
3020 3059 3237 3125 nescio
3279 3070 3505 3125 utrum
3547 3056 3715 3123 mihi
3770 3059 3857 3124 sit
3909 3058 4033 3125 hoc
4076 3068 4376 3144 tempore
4418 3059 4623 3145 potius

2676 3143 3094 3229 sperandum.
3166 3144 3337 3210 Nam
3397 3166 3572 3210 nunc
3626 3143 3890 3228 quidem
3949 3144 4034 3211 ad
4077 3167 4195 3211 vos
4252 3145 4472 3211 redire
4514 3164 4623 3210 nec

2677 3240 2913 3309 tutum,
2981 3252 3100 3296 nec
3164 3231 3218 3296 si
3284 3230 3483 3296 liceat
3538 3229 3887 3296 honestum
3945 3238 4064 3296 est.
4320 3231 4623 3298 lesiarum

2680 3315 3084 3401 negligentia
3148 3327 3214 3380 et
3289 3316 3645 3381 multorum
3722 3315 3951 3382 sordes
4012 3316 4182 3382 miln
4260 3330 4426 3383 sunt
4490 3317 4623 3400 ipsa

2674 3412 2885 3467 morte
2950 3399 3364 3489 acerbiores]
3395 3405 3452 3480 ⁴)
3549 3401 3654 3466 De
3715 3401 4107 3469 Nonnandio
4170 3412 4400 3469 nostro
4466 3399 4623 3467 nihil

2674 3487 2938 3571 accipio.
3054 3485 3408 3572 Negotium
3495 3509 3581 3571 pu
3628 3485 3889 3552 illorum
3968 3488 4335 3553 communis
4427 3486 4623 3553 nostri

2674 3572 2867 3639 amici
2901 3571 3356 3638 commendavi
3390 3573 3519 3656 ipsi
3846 3573 3945 3637 rio
3974 3576 4028 3656 ⁸)
4073 3588 4141 3637 et
4173 3573 4424 3641 amicis.
4498 3570 4625 3639 Sed

2674 3661 2741 3724 in
2804 3658 2926 3725 hac
2992 3668 3379 3742 tempestate
3437 3678 3574 3723 non
3632 3657 3823 3723 video
3882 3658 4041 3742 quid
4106 3658 4342 3726 ooniici
4410 3658 4626 3743 possit.

2673 3766 2873 3829 quum
2920 3746 3060 3827 ipse
3103 3743 3553 3810 Cancellarius
3594 3744 3666 3809 in
3710 3743 3944 3826 primis
3986 3744 4414 3828 periclitetur.
4490 3743 4631 3811 Uti·

2675 3850 2830 3895 nam
2875 3830 3059 3895 brevi
3102 3830 3349 3912 possim
3391 3829 3671 3896 certiora
3713 3830 4015 3896 scribere.
4099 3831 4285 3896 Bene
4332 3831 4501 3909 vale,
4544 3828 4627 3893 mi

2674 3913 3079 3981 observande
3122 3924 3330 3997 pater,
3375 3926 3442 3979 et
3485 3928 3675 3981 tuum
3707 3914 3964 3995 Benam,
4010 3917 4067 3980 si
4115 3938 4407 3999 unquam
4454 3916 4625 3991 aliae,

2676 4002 2819 4067 Deo
2838 3999 3238 4152 corffmenda.
3310 3999 3497 4065 Idem
3533 4021 3572 4065 a
3609 4010 3746 4065 tota
3784 4000 4059 4068 ecclesia
4078 4011 4247 4085 peto.
4322 4002 4627 4067 Aureliae

2676 4092 2733 4151 5.
2782 4090 2880 4170 Ap
2918 4087 2933 4100 ⁶
2964 4087 3020 4151 is
3074 4089 3251 4149 1562.

4040 4189 4462 4255 'runsssm

2674 4426 2807 4465 avec
2853 4410 3135 4464 1¹Admiral
3181 4416 3239 4464 et
3280 4409 3575 4463 d'Andelot
3620 4410 3739 4463 vint
3785 4412 4147 4481 accompague
4182 4427 4321 4482 pour
4369 4412 4425 4467 le
4462 4414 4626 4467 moin·

2676 4480 2743 4533 de
2790 4478 2895 4533 800
2940 4478 3183 4532 chevaux
3228 4484 3287 4532 et
3329 4494 3389 4531 ee
3434 4486 3691 4549 precenta
3734 4477 3768 4532 a
3812 4479 3867 4532 la
3986 4486 4072 4533 rte
4121 4479 4177 4534 S.
4215 4480 4460 4535 Honore.
4528 4479 4625 4535 ue-

2674 4564 2879 4618 cogneu
2926 4564 3030 4617 per
3075 4547 3149 4601 U.
3187 4546 3257 4601 de
3302 4545 3549 4614 Termes,
3593 4546 3869 4601 chevalier
3950 4564 3980 4601 ο
4023 4548 4241 4614 l’ordre,
4288 4549 4327 4602 il
4377 4551 4475 4621 luy
4522 4550 4627 4603 ut

2676 4617 2805 4670 faict
2853 4631 3114 4684 response
3158 4615 3286 4684 qu'il
3335 4616 3604 4670 entreroit
3644 4615 3773 4671 bien
3816 4618 3910 4687 luy
3946 4616 4251 4671 dousieeme
4294 4634 4365 4673 en
4415 4620 4471 4673 h
4504 4618 4625 4673 vm·

2672 4685 2811 4740 maie
2844 4702 2952 4754 que
2986 4702 3047 4738 ea
3080 4686 3396 4754 compagnie
3431 4684 3517 4753 η’]
3540 4687 3809 4739 entreroit
3830 4686 4004 4754 point.
4058 4692 4142 4739 Au
4178 4701 4385 4741 meme
4424 4689 4625 4742 instant

2674 4755 2847 4824 Busey
2891 4769 3024 4807 avec
3067 4752 3174 4807 600
3221 4752 3465 4808 chevm
3514 4754 3706 4807 voulut
3756 4754 3933 4809 roreer
3984 4756 4038 4809 la
4090 4764 4247 4825 porte
4281 4755 4338 4807 8.
4372 4756 4625 4826 Jacquen.

2673 4822 2815 4878 Maia
2849 4822 2987 4875 Dieu
3024 4838 3093 4876 ne
3128 4822 3358 4891 permist
3393 4820 3551 4890 qu’ile
3583 4830 3895 4877 entraeunt
3930 4839 3997 4877 en
4033 4824 4089 4876 la
4124 4823 4264 4877 ville.

2878 4889 2940 4957 2)
2971 4907 3024 4944 u.
3061 4893 3117 4944 d.
3164 4888 3274 4945 IV.
3310 4889 3463 4945 Non.
3501 4890 3640 4960 Apr.
3674 4890 3781 4959 (Η.
3818 4891 3893 4945 Ε.
3930 4892 4039 4947 ΙΙΙ.
4076 4890 4307 4959 2158).
4364 4892 4625 4947 Bruslam

2670 4959 2706 5014 L
2744 4975 2787 5014 c.
2819 4976 2877 5029 p.
2914 4958 3012 5013 79:
3046 4958 3125 5013 Le
3157 4957 3209 5012 2.
3248 4958 3462 5013 d’Avril
3500 4960 3550 5013 1ο
3584 4960 3771 5029 prinee
3806 4960 3876 5014 ds
3912 4960 4096 5016 Conde
4133 4968 4293 5014 entra
4326 4961 4361 5014 a
4398 4960 4623 5017 Orleann

2672 5044 2807 5083 avec
2839 5027 3081 5152 loffRog
3119 5025 3257 5082 imo
3287 5028 3531 5082 chevaux
3577 5034 3635 5082 et
3676 5026 3788 5082 e¹en
3825 5046 4049 5099 (mpura
4096 5046 4233 5098 pour
4265 5047 4300 5098 5
4334 5032 4489 5085 tenir
4523 5032 4623 5084 fon

2671 5107 2864 5152 contre
3069 5115 3123 5167 5.

2878 5167 2911 5221 3
2972 5165 3244 5221 Ber-nam
3273 5170 3325 5220 et
3364 5164 3696 5223 ssav-deenen.

2876 5236 2911 5289 4
2974 5233 3129 5289 Haec
3159 5234 3224 5288 ὅσα
3256 5235 3520 5303 nme.

2879 5305 2935 5365 5)
2973 5303 3040 5357 de
3073 5302 3386 5372 ΓΗοερίεαῑ.
