4900 6125
299 389 423 492 ’σιτ

312 611 506 678 donee.
574 609 680 676 De
702 629 876 695 quoy
898 611 1074 679 aussi
1116 612 1179 679 ie
1215 633 1381 679 vous
1425 613 1567 697 prie
1611 612 1765 678 bien
1810 611 2238 678 affectueuse-

307 703 483 774 ment,
525 695 803 763 dautant
847 717 973 780 que
1018 697 1269 764 desirez
1313 699 1773 766 lavancement
1807 696 1888 763 de
1931 697 1999 763 la
2033 696 2239 783 gleire

306 782 379 848 de
415 782 577 848 Dieu
620 790 688 848 et
728 782 992 849 l’utilite
1036 782 1117 850 de
1160 804 1281 851 sen
1325 784 1544 869 eglise.
1631 785 1725 850 Et
1767 783 2019 867 iespere
2062 782 2240 848 Dieu

303 867 505 934 aidant
546 889 669 951 que
712 868 775 935 le
830 887 1240 956 persennage
1283 891 1732 956 qnenveyerez
1791 879 2106 935 trouvera
2149 869 2241 935 tel

303 955 452 1039 petit
489 960 757 1037 trepean
780 955 914 1039 quil
951 975 1114 1021 aura
1147 957 1447 1023 occasion
1471 955 1551 1024 de
1586 956 1649 1023 le
1681 956 1926 1040 paistre
1959 955 2241 1040 alaigre-

301 1047 482 1105 ment.
551 1039 781 1121 Quant
823 1061 864 1105 a
906 1062 1060 1106 men
1106 1042 1333 1107 affaire
1377 1066 1422 1129 y
1457 1062 1622 1110 vous
1665 1041 1881 1127 plaira
1923 1041 2240 1107 entendre

300 1146 411 1209 que
469 1146 586 1191 nos
649 1127 857 1192 freres
922 1126 1003 1193 de
1057 1128 1256 1213 Lyen
1314 1134 1524 1193 m’ent
1588 1128 1958 1194 seulement
2023 1126 2242 1193 denne

298 1220 485 1295 conge
518 1213 826 1296 jusqu’au
871 1214 1270 1296 quinziesme
1307 1213 1659 1281 d'Oetobre
1700 1213 2244 1297 preehainement

299 1307 542 1362 venant.
565 1302 622 1376 ⁸)
712 1299 805 1365 Et
862 1307 1181 1380 peurtant
1236 1300 1301 1365 ie
1344 1322 1508 1367 vous
1562 1300 1705 1383 prie
1761 1299 1943 1376 faire,
2008 1298 2089 1365 sil
2143 1309 2244 1365 est

295 1382 576 1464 possible,
622 1405 748 1467 que
787 1393 964 1450 ceste
1007 1384 1214 1470 eglise
1257 1407 1341 1451 ne
1383 1387 1512 1452 seit
1545 1386 1884 1464 destitues,
1930 1405 2095 1451 vous
2138 1405 2244 1451 as-

295 1477 542 1534 seurant
600 1470 740 1555 quil
783 1493 830 1556 y
874 1491 915 1535 a
958 1470 1087 1536 ben
1144 1473 1417 1537 nombre
1472 1471 1552 1537 de
1612 1470 1827 1537 brebis
1885 1470 2068 1536 selon
2115 1491 2242 1555 que

295 1552 562 1620 lhomme
605 1563 765 1639 peut
805 1557 873 1620 iu
923 1576 1013 1622 er.
1096 1555 1206 1622 Ou
1251 1558 1436 1643 fei-ay
1481 1559 1572 1623 fin
1617 1577 1809 1640 apres
1852 1565 2098 1623 mestre
2142 1578 2244 1622 re-

293 1639 660 1789 ffimmand⁶
704 1661 836 1706 aux
877 1577 1133 1708 {onnes
1189 1653 1256 1708 et
1314 1645 1597 1709 sainctes
1654 1644 1907 1729 priores
1953 1641 2033 1709 de
2077 1662 2242 1710 vous

354 1746 441 1791 us.

449 1812 625 1878 'l'eus
669 1813 765 1881 les
808 1814 1015 1881 freres
1060 1812 1141 1879 de
1184 1836 1305 1898 par
1350 1815 1512 1900 deca
1555 1835 1726 1880 vous
1772 1814 2051 1881 salnent.

446 1899 548 1964 De
589 1899 960 1986 Baignauts
989 1905 1047 1978 ⁴)
1088 1921 1163 1966 ee
1207 1905 1274 1964 2Β
1320 1900 1401 1967 de
1445 1902 1817 1984 septembre
1867 1904 2051 1966 1561.

731 2038 836 2104 Le
880 2047 1104 2105 vestre
1149 2037 1232 2105 de
1276 2036 1594 2139 Semidde
1633 2059 1719 2104 au
1764 2059 1920 2104 nem
1965 2037 2049 2104 de
2091 2038 2157 2104 la

1252 2145 1654 2209 eompagme.

1150 2670 1356 2740 3848.

682 2825 1354 2893 BULLINGERUS
1401 2824 1836 2893 GALVINO.

434 2996 677 3066 Dolore
708 3004 766 3065 et
800 2999 1112 3066 anxietate
1144 2997 1428 3081 percitus
1457 3002 1718 3083 propter
1752 3002 1988 3065 statum
2019 3017 2233 3064 rerum

278 3084 343 3148 in
385 3083 605 3151 Gallia
671 3086 806 3151 iam
867 3087 942 3152 in
1004 3106 1132 3152 uno
1185 3084 1325 3152 Deo
1376 3104 1572 3168 spem,
1635 3086 1696 3150 si
1752 3105 1882 3167 qua
1937 3089 2234 3167 superest,

276 3172 517 3253 reponit.

277 3341 380 3405 (Ex
429 3343 775 3413 autographo
824 3342 987 3397 Areh.
1025 3342 1208 3396 Turio.
1245 3342 1390 3395 Plut.
1423 3341 1523 3398 VI.
1565 3341 1685 3396 Vel.
1727 3340 1842 3408 129,
1890 3340 2021 3394 olim
2057 3341 2231 3395 Serin.

483 3412 547 3467 B.
583 3412 733 3482 Epp.
769 3411 896 3466 Vel.
933 3410 1016 3477 30,
1054 3411 1145 3466 fol.
1185 3410 1304 3463 441.
1345 3439 1406 3449 —
1447 3411 1662 3466 Simler.
1699 3411 1828 3466 Vol.
1867 3409 2011 3475 105.)

434 3582 828 3651 Clarissimo
888 3583 1030 3650 vire
1076 3581 1162 3648 D.
1209 3582 1452 3649 Ioanni
1494 3581 1774 3653 Calvino
1820 3581 2232 3649 Genevensis

251 3666 573 3736 ecelesiae
644 3669 896 3753 pastori
960 3668 1341 3735 fidelissime
1407 3667 1669 3733 demine
1726 3667 2111 3734 honorande
2168 3676 2235 3735 et

273 3751 447 3819 fiatri
489 3755 837 3822 carissime
881 3774 1016 3819 sne.
1838 3837 2051 3904 Genff

432 4009 503 4077 S.
550 4013 643 4078 D.
717 4010 912 4092 Quod
980 4032 1208 4076 mense
1273 4010 1490 4094 Aprili
1557 4016 1625 4074 et
1689 4008 1869 4074 Maio
1933 4011 2233 4076 futurum

273 4094 449 4161 timui
467 4149 482 4176 ,
565 4097 1058 4165 cunctationem
1127 4096 1232 4162 Ill.
1297 4095 1628 4180 Principis
1691 4095 2102 4178 perdituram
2167 4102 2236 4161 et

273 4179 476 4263 ipsum
521 4192 592 4250 et
640 4182 968 4262 eeclesias,
1012 4203 1143 4248 nen
1180 4180 1374 4247 mede
1411 4181 1670 4248 Galliae
1703 4180 1817 4246 sed
1853 4190 1923 4247 et
1954 4181 2233 4247 alierum

274 4285 654 4352 regnorum,
724 4278 839 4334 aut
895 4268 1130 4334 saltem
1184 4269 1252 4332 in
1313 4267 1665 4334 discrimen
1724 4269 2172 4334 coniecturum
2197 4270 2232 4307 *

273 4354 653 4435 maximum,
711 4353 779 4419 id
825 4374 1003 4419 nune
1057 4355 1310 4420 factum
1356 4374 1499 4420 esse
1545 4374 1628 4418 ex
1673 4354 1803 4419 tuis
1861 4354 2072 4419 literis
2127 4354 2230 4417 in-

271 4437 503 4523 tellige,
547 4440 808 4524 ingenti
852 4460 1000 4505 mee
1043 4462 1194 4506 eum
1230 4439 1467 4505 delere.
1540 4438 1771 4504 Noluit
1804 4438 2015 4505 benus
2052 4440 2233 4522 prin-

271 4544 413 4607 ceps
446 4526 664 4592 videri
700 4524 979 4609 cupidus
1014 4535 1081 4589 et
1125 4526 1355 4591 sitiens
1397 4525 1742 4609 sanguinis
1779 4525 2071 4591 humani.
2136 4527 2234 4590 At

273 4620 553 4692 quantus
598 4613 852 4677 interea
895 4612 1208 4678 innoxius
1252 4612 1505 4677 effusus
1548 4619 1651 4676 est
1688 4612 1993 4696 sanguis!
2062 4609 2230 4691 Quis

273 4716 420 4763 vere
463 4697 624 4764 finis
667 4696 839 4764 erit?
912 4697 1007 4763 Et
1048 4718 1426 4781 quanquam
1469 4697 1634 4762 nihil
1691 4699 1809 4762 fiat
1861 4697 2035 4780 qued
2093 4717 2231 4762 nen

1972 422 2137 488 1562
2178 420 2643 494 SEPTEMB.

4185 425 4321 491 518

2344 613 2558 680 nitas:
2620 621 2911 681 attamen
2972 614 3195 680 nescio
3254 614 3312 679 si
3372 635 3684 697 unquam,
3740 613 3899 680 lieet
3954 613 4135 678 intra
4190 611 4317 680 hes

2343 700 2473 766 mei
2517 699 2869 767 ministerii
2914 720 3125 766 annes
3169 699 3605 785 quadraginta
3648 698 3864 767 varies
3906 699 4031 765 sim
4078 719 4319 782 exper-

2344 796 2454 851 tus
2511 786 2789 864 labores,
2855 798 2924 852 et
2980 785 3237 853 deleres
3294 787 3612 853 senserim
3675 785 4314 861 vehementissimo&

2345 880 2535 937 tanta
2569 873 2843 939 affectus
2878 871 3209 938 moestitia
3242 871 3638 937 indoluerim
3675 872 3961 956 gravius.
4031 870 4315 935 Interim

2344 979 2613 1023 reeurre
2671 958 2755 1022 ad
2813 958 3124 1023 thronum
3183 959 3439 1042 gratiae
3495 967 3563 1022 et
3622 958 3900 1041 supplex
3944 978 3985 1021 a
4026 956 4315 1021 clemen-

2344 1042 2599 1109 tissime
2657 1052 2845 1127 patre
2901 1042 3416 1109 misericerdiam
3475 1043 3783 1127 implore,
3843 1054 3910 1107 et
3969 1041 4317 1108 eeclesiam

2344 1149 2531 1194 meae
2574 1128 2727 1194 fidei
2772 1128 3086 1194 creditam
3132 1130 3411 1195 subinde
3454 1148 3693 1213 urgeo:
3755 1149 3830 1195 ac
3874 1126 4130 1193 confide
4174 1128 4317 1193 De·

2346 1215 2609 1280 minum
2649 1236 2770 1298 pre
2814 1236 2935 1282 sua
2973 1215 3190 1298 gratia
3233 1225 3302 1280 et
3343 1216 3636 1298 petentia
3679 1214 3867 1280 nobis
3911 1222 3980 1279 et
4021 1213 4318 1279 afflictis·

2346 1301 2531 1366 simis
2590 1300 2882 1368 eeclesiis
2937 1302 3077 1367 suis
3129 1321 3264 1366 nen
3320 1300 3714 1366 defuturum.
3795 1299 4134 1366 Debemus
4191 1319 4316 1364 nes

2344 1385 2445 1451 illi
2481 1388 2704 1451 emnia
2738 1395 2983 1466 nestra,
3021 1405 3098 1452 ae
3130 1387 3375 1454 seimus
3409 1385 3918 1469 prudentissime
3953 1394 4021 1450 et
4055 1385 4313 1468 aequis·

2345 1473 2511 1538 sime
2553 1471 2748 1537 illum
2791 1482 3019 1539 sancta
3061 1493 3181 1537 sua
3214 1473 3631 1556 previdentia
3665 1473 4034 1555 gubernare
4069 1471 4313 1536 emnia.

2346 1556 2792 1625 Subiieiamus
2848 1579 3006 1642 erge
3063 1579 3183 1624 nes
3240 1558 3368 1635 illi,
3428 1558 3851 1640 deprecantes
3906 1556 4189 1640 eulpam,
4248 1565 4317 1622 et

2345 1665 2432 1710 ne
2475 1643 2666 1709 nobis
2725 1645 3042 1728 rependat
3093 1665 3216 1726 pre
3271 1644 3516 1709 nestris
3560 1645 3831 1708 meritis.
3905 1642 4044 1709 Ore
4086 1655 4167 1707 ut
4206 1640 4315 1706 vel

2343 1751 2465 1813 per
2506 1739 2572 1795 te
2608 1729 2713 1797 vel
2755 1751 2874 1813 per
2908 1730 3287 1796 lenvilleum
3329 1730 3435 1794 vel
3491 1751 3611 1813 per
3663 1729 3862 1794 alium
3906 1729 4183 1794 fratrem
4229 1727 4313 1792 ad

2344 1836 2467 1881 nes
2532 1835 2795 1900 semper
2858 1817 3109 1882 scribas
3167 1815 3324 1899 quid
3382 1818 3500 1880 fiat
3550 1818 3617 1879 in
3675 1815 3915 1892 Gallia,
3983 1814 4124 1880 sive
4190 1813 4317 1878 hee

2346 1903 2611 1980 benum,
2680 1903 2821 1969 sive
2888 1902 3168 1986 denique
3230 1901 3480 1966 malum
3545 1902 3650 1966 sit.
3737 1900 3983 1984 Accepi
4048 1899 4319 1966 Basilea

2342 1987 2572 2054 literas
2641 2009 2681 2052 a
2745 1987 2823 2052 D.
2884 1988 3065 2053 Besa
3130 1988 3425 2070 scriptas.
3456 1991 3505 2061 ¹)
3604 1985 3856 2052 Dubito
3933 1997 4157 2051 tamen
4225 2006 4317 2049 au

2345 2073 2716 2151 Genevam‚
2762 2093 2847 2137 an
2894 2074 2963 2137 in
3010 2072 3290 2138 Galliam
3336 2072 3625 2138 redierit.
3705 2071 3947 2138 Ubiubi
3993 2072 4083 2136 sit
4123 2071 4318 2154 cupio

2345 2158 2533 2224 illum
2580 2159 2747 2225 bene
2789 2160 3033 2238 valere,
3090 2171 3159 2224 et
3217 2180 3330 2224 ere
3373 2158 3734 2223 Dominum
3779 2167 3855 2222 ut·
3899 2157 4041 2223 eius
4084 2157 4316 2221 minis-

2343 2245 2513 2309 terio
2559 2253 2785 2310 utatur
2828 2246 3021 2311 sicuti
3079 2245 3421 2328 hucusque
3472 2244 3631 2309 fecit
3673 2242 3755 2308 ad
3804 2244 4164 2326 prefectum
4211 2263 4317 2307 eo·

2345 2330 2715 2396 elesiarum.
2799 2329 3062 2411 Quaeso
3122 2330 3407 2395 salutare
3466 2330 3654 2395 illum
3718 2328 4013 2410 digneris
4058 2328 4317 2394 amieis·

2345 2415 2530 2481 sime.
2604 2416 2760 2482 Misi
2796 2417 2881 2481 ad
2926 2428 2991 2481 te
3035 2415 3279 2482 librum
3316 2436 3357 2480 a
3382 2414 3685 2481 stomaro
3728 2415 4049 2497 seriptum
4085 2422 4319 2479 centra

2345 2509 2434 2580 te,
2475 2500 2833 2586 Martyrem
2867 2510 2934 2567 et
2968 2522 3091 2567 me.
3113 2502 3170 2588 2)
3229 2501 3482 2567 Dubito
3518 2522 3603 2566 an
3640 2501 3979 2583 receperis.
4048 2498 4317 2582 Optime

2345 2586 2516 2666 vale,
2564 2587 2825 2653 demine
2869 2587 3326 2654 colendissimo
3370 2601 3439 2652 et
3496 2587 3701 2652 frater
3743 2585 4097 2652 carissime.
4177 2583 4315 2650 De-

2345 2673 2570 2738 minus
2635 2674 2827 2740 Iesus
2896 2672 3241 2740 benedicat
3306 2673 3443 2737 tibi.
3546 2672 3861 2738 Salutant
3924 2683 3992 2737 te
4056 2672 4315 2736 frati-ee.

2345 2757 2654 2824 Salutate
2715 2761 2915 2825 etiam
2970 2769 3049 2824 tn
3109 2759 3352 2825 amieos
3411 2766 3478 2823 et
3532 2760 3787 2823 fratres.
3873 2761 3931 2822 7.
3980 2755 4319 2840 Septemb.

3486 2979 3920 3067 Bullingerus
3967 2987 4139 3046 tuus.

3230 3526 3433 3598 3849.

2737 3663 3212 3733 OALVINUS
3268 3664 3907 3732 BULLINGERO.

2514 3835 2721 3920 Royat
2761 3840 2831 3900 ut
2873 3840 3154 3901 senatum
3197 3857 3385 3902 suum
3428 3837 3613 3903 adeat
3655 3839 3740 3903 ad
3774 3837 4133 3903 obtinendas
4171 3838 4309 3903 lite-

2336 3941 2449 3986 ras
2495 3942 2618 4003 pro
2668 3922 2799 3987 cive
2850 3921 3194 3987 Genevensi
3242 3922 3591 3988 Mediolani
3633 3929 3894 4006 propter
3950 3923 4311 4007 reliyionem

2335 4009 2407 4072 in
2449 4027 2758 4073 carcerem
2800 4009 3078 4073 coniecto.
3115 4012 3166 4088 ¹)

2334 4178 2509 4231 3848
2532 4177 2592 4245 1)
2626 4177 2703 4232 N.
2740 4176 2895 4231 3845.

2542 4247 2603 4314 2)
2637 4248 2727 4300 Fr.
2763 4247 3011 4301 Staneari
3046 4246 3329 4300 Mantuani
3374 4246 3443 4300 de
3479 4246 3751 4301 Trinitate
3798 4251 3857 4300 et
3900 4247 4204 4301 Mediator-e
4238 4248 4309 4303 D.

2335 4317 2407 4370 N.
2442 4317 2483 4369 1.
2522 4316 2582 4371 C.
2618 4316 2741 4369 adv.
2778 4315 2843 4368 H.
2881 4316 3061 4369 Bullin
3136 4333 3253 4369 rum
3290 4317 3353 4371 P.
3390 4317 3537 4368 Mart
3634 4334 3689 4368 m
3725 4322 3783 4369 et
3816 4316 3891 4369 le.
3929 4318 4213 4370 Calvinum
4250 4331 4311 4370 et

2336 4386 2580 4454 reliques
2617 4384 2913 4453 Tigurinae
2958 4400 3021 4437 ao
3109 4385 3395 4438 suevensis
3442 4401 3533 4437 ecc
3555 4387 3698 4437 osiae
3732 4386 4012 4439 ministres
4047 4386 4309 4439 ecelesiae

2335 4455 2436 4508 Dei
2485 4453 2914 4521 perturbatores.
2976 4453 3005 4504 1
3043 4454 3163 4507 Cer.
3204 4453 3255 4508 3.
3291 4454 3392 4506 Ad.
3431 4454 3481 4505 M
3595 4493 3610 4508 .
3657 4460 3715 4505 et
3749 4454 3946 4507 Gener.
3986 4454 4098 4507 DD.
4136 4454 4308 4508 Nebi-

2334 4524 2415 4576 les
2439 4522 2677 4576 Polenes
2713 4539 2777 4575 ae
2811 4538 2999 4576 eorum
3035 4523 3314 4576 ministres
3348 4538 3382 4575 a
3419 4539 3584 4575 varus
3609 4522 4193 4592 Pseudo-Evangelieis
4218 4539 4308 4577 se·

2332 4593 2541 4645 ductes.
2596 4592 2746 4644 Grae.
2772 4608 2857 4661 ep.
2879 4590 3021 4645 effie.
3041 4591 3582 4660 Seharffenbergiana
3619 4589 3765 4643 1562.
3841 4589 4002 4658 Quod
4021 4590 4308 4646 Calvinum

2333 4661 2532 4716 attinet
2574 4661 2801 4727 respicit
2843 4661 2962 4714 eius
3002 4660 3113 4714 Bes
3155 4700 3168 4712 .
3216 4661 3285 4714 ad
3335 4661 3402 4713 fr.
3439 4660 3689 4724 Pelenes,
3739 4659 4010 4727 quomode
4057 4660 4313 4714 Christus

2332 4731 2408 4782 sit
2452 4728 2723 4783 mediator
2769 4727 2838 4782 ad
2886 4728 3100 4782 resutan
3140 4746 3230 4781 um
3268 4729 3516 4783 Stauoari
3564 4744 3804 4782 errorem
3843 4728 3976 4782 1561
4013 4727 4203 4799 (Saliq
4237 4729 4309 4784 11.

275 4779 365 4846 ita
422 4784 729 4849 futurum
788 4782 1261 4868 praeviderim,
1327 4804 1533 4867 quum
1596 4803 1814 4848 meres
1878 4783 2228 4866 impierum
2331 4797 2438 4852 715

275 4864 524 4935 Galliae
579 4891 666 4934 ex
723 4868 1016 4935 moribus
1072 4877 1467 4943 nestrorum,
1524 4868 1636 4953 qui
1693 4869 1763 4934 in
1807 4869 2123 4934 Helvetia
2165 4878 2235 4934 et

273 4950 633 5021 Germania
689 4954 979 5022 hostium
1024 4963 1288 5021 nostrae
1354 4954 1693 5040 religionis
1747 4964 1924 5034 sunt,
1985 4958 2231 5040 optime

271 5038 428 5106 mihi
470 5042 614 5108 sint
655 5043 999 5127 perspecti,
1059 5050 1126 5108 et
1164 5048 1342 5109 artes
1383 5040 1698 5108 mirifieae
1741 5041 2034 5125 ipserum
2080 5063 2231 5127 eog-

469 5280 532 5347 3)
577 5281 755 5350 Voyet
788 5296 874 5335 ees
908 5281 1087 5335 lettres
1122 5281 1198 5335 du
1234 5281 1373 5335 mois
1407 5280 1612 5336 d’avril
1644 5279 1798 5334 1561.

465 5349 529 5418 4)
563 5350 828 5421 Baunols.

2333 4800 2523 4922 88439.
2545 4865 2603 4927 1)
2656 4865 2923 4920 Simkrue
2978 4865 3113 4920 haee
3164 4866 3323 4921 habet
3378 4867 3438 4919 in
3499 4867 3783 4933 maryine:
3872 4866 3983 4919 Der
4041 4866 4186 4919 Rath
4240 4884 4309 4920 zu

2335 4935 2503 4992 Genff
2528 4935 2696 4988 bittet
2729 4935 2818 4989 die
2853 4951 2961 4989 von
2999 4933 3196 4990 Zerieh
3232 4935 3358 4988 dass
3393 4937 3473 4988 sie
3508 4932 3669 4987 nebst
3706 4935 3853 4987 Bern
3890 4935 3999 4988 und
4026 4935 4185 4988 Base]
4222 4936 4312 4990 ὤι-

2333 5006 2494 5058 ihren
2531 5004 2618 5057 Bu
2684 5020 2745 5057 er
2781 5004 2986 5059 Claude
3022 5004 3204 5066 Leuis,
3253 5005 3412 5057 einen
3461 5002 3871 5056 Handelsmann
3919 5004 4020 5057 der
4067 5021 4134 5056 zu
4170 5004 4309 5058 Mai·

2333 5073 2465 5128 land
2511 5072 2611 5127 der
2698 5073 2899 5143 eligien
2943 5073 3074 5127 halb
3120 5073 3175 5125 in
3212 5073 3535 5140 Gefiingniss
3580 5071 3874 5137 gewerffen
3922 5072 4164 5137 werden,
4202 5072 4269 5128 be

2337 5144 2437 5196 der
2472 5142 2747 5211 Regiernn
2822 5140 3066 5197 daselbst
3100 5142 3464 5195 intereediren
3499 5140 3753 5194 mechten
3789 5142 3840 5195 d.
3877 5140 3927 5193 8.
3964 5143 4114 5211 Sept.
4152 5092 4313 5206 1563,

2336 5212 2449 5266 und
2486 5210 2693 5265 danket
2727 5211 2982 5265 albei-eit
3030 5211 3137 5264 den
3172 5208 3257 5263 26.
3294 5210 3412 5265 Oet.
3448 5209 3535 5262 ffir
3569 5210 3658 5262 die
3692 5218 3823 5277 gnte
3860 5210 4089 5264 Wirkun

2333 5280 2720 5415 ἑοιὲνοὲοῗίοῃ.
2763 5279 3186 5350 (boehebrigktl.
3222 5279 3458 5349 Registr.
3505 5279 3561 5332 iu
3599 5279 3658 5332 Z.
3696 5279 3802 5334 Tit.
3838 5277 4013 5333 Genff.
4053 5280 4075 5332 1

3777 5432 3887 5489 33·

4162 5211 4319 5266 ihrer

4187 5280 4335 5338 Bdl..
