4900 6125
345 395 475 459 2⁷3

1227 578 1425 651 ³7⁰⁹.

975 751 1210 820 BEZA
1245 750 1681 821 OALVINO.

345 924 944 1077 mmwdffa
984 925 1184 992 uadit
1234 926 1312 993 ae
1353 925 1569 992 uttam
1622 924 1918 1009 colloqvia
1971 944 2114 995 eum
2161 924 2311 994 Sor-

547 1032 628 1077 ⁸3.

345 1201 460 1267 (Ex
725 1201 833 1272 pho
870 1200 1004 1256 Ood.
1041 1199 1247 1257 Genev.
1285 1199 1403 1268 117,
1438 1200 1531 1255 fol.
1565 1200 1654 1267 66,
1686 1201 1808 1255 coll.
1844 1217 1890 1257 6.
1926 1200 2142 1255 Simleri
2179 1199 2307 1254 Vol.

349 1267 453 1324 1oe
485 1270 580 1339 qui
656 1269 906 1339 ascripsit
940 1286 1010 1323 ex
1045 1268 1178 1326 eod.
1213 1269 1373 1323 Bern.
1409 1268 1768 1325 Ststtleriano
1803 1268 1966 1325 hodie
2002 1267 2124 1324 122.
2177 1269 2308 1324 Edi-

343 1337 432 1392 dit
463 1337 608 1392 Besa
641 1337 845 1393 Gener.
879 1354 931 1405 p.
966 1335 1089 1406 264,
1127 1337 1287 1392 Laus.
1323 1355 1379 1409 p.
1413 1336 1535 1407 547,
1581 1337 1792 1393 Hanov.
1837 1355 1892 1409 p.
1927 1336 2051 1407 514,
2098 1336 2311 1393 Ohouet

345 1423 404 1475 p.
439 1404 561 1473 862,
597 1407 770 1461 Amet.
805 1423 858 1476 p.
896 1405 1015 1460 165.
1052 1406 1235 1461 Habet
1269 1422 1489 1477 61166116
1536 1408 1710 1462 Baum
1756 1406 1829 1462 11.
1873 1409 2019 1477 App.
2064 1424 2118 1477 p.
2166 1406 2310 1474 161.)

524 1580 588 1645 A
631 1578 867 1644 Mons‘.
916 1578 1155 1644 Mons‘.
1199 1577 1579 1662 Despeville
1693 1516 1704 1551 Ι

1562 1666 1624 1728 A
1669 1662 2136 1731 Villefranche.

524 1834 598 1903 Β.
663 1835 935 1907 Miraris
989 1833 1308 1901 nimirum
1354 1843 1492 1901 tam
1544 1836 1751 1902 altum
1801 1845 1870 1902 et
1927 1834 2315 1902 diuturnum

343 1923 708 1991 silentium.
798 1920 1084 2006 Oulpam
1129 1921 1494 1988 sustineant
1552 1928 1809 2006 oportet
1860 1922 1972 2007 qui
2017 1921 2190 1988 diem
2235 1921 2316 1988 (16

345 2009 457 2076 (116
503 2008 771 2076 ducunt.
797 2010 850 2085 ¹)

524 2093 959 2161 Adversarios
1004 2092 1322 2160 habemus
1377 2093 1619 2177 partim
1664 2091 2060 2161 Sorbonioos
2101 2095 2319 2162 omnis

343 2180 641 2266 generis,
701 2179 947 2263 partim
1000 2178 1232 2256 Italos,
1291 2178 1592 2259 Iesuitas,
1637 2179 2132 2260 Franciscanos,
2178 2181 2317 2247 Do-

342 2266 713 2333 minicanos
731 2264 791 2351 ²)
835 2272 903 2332 et
945 2265 1180 2332 crescit
1209 2263 1498 2349 quotidie
1522 2285 1750 2331 eorum
1785 2287 2122 2332 numerus.
2174 2266 2316 2332 Nos

554 2373 630 2418 or
663 2351 931 2418 omnino
975 2371 1202 2416 sumus
1227 2350 1646 2431 Marloratus,
1694 2349 2102 2430 Peroscezius,
2145 2350 2319 2419 Bar-

568 2485 583 2513 ,
628 2438 838 2504 bonus
881 2445 952 2503 et
993 2437 1249 2523 integer
1284 2436 1503 2516 homo,
1543 2435 1959 2504 Numnam
1991 2438 2315 2519 minister,

343 2532 420 2590 et
460 2542 602 2609 ego.
688 2521 1107 2589 Conditiones
1150 2520 1452 2607 colloquii
1500 2521 1736 2589 nullae.
1827 2523 2115 2590 Tantum
2160 2544 2316 2592 oon-

344 2610 571 2676 661611
613 2608 877 2693 Regina
919 2606 1002 2674 ad
1045 2609 1424 2693 pontificem
1461 2609 1743 2688 mittere,
1788 2631 1956 2695 quae
2005 2608 2192 2676 111116
2223 2610 2316 2677 ci-

345 2704 583 2779 troque
619 2692 796 2761 dicta
837 2694 1101 2762 fuerint.
1152 2694 1359 2761 Vides
1396 2715 1595 2778 quam
1629 2693 1842 2761 multa
1872 2695 2238 2763 causificari
2257 2696 2315 2779 ⁸)

341 2780 629 2860 licuerit,
685 2790 909 2847 tamen
953 2781 1113 2847 satis
1156 2780 1346 2847 nobis
1387 2779 1515 2846 fuit
1570 2781 1798 2846 testari
1856 2801 1941 2847 ne
2000 2781 2317 2848 fratribus

343 2876 420 2933 et
459 2866 753 2934 ecclesiis
795 2866 1009 2932 fraudi
1051 2872 1242 2944 esset,
1286 2865 1721 2950 quodcunque
1753 2867 1993 2933 facturi
2030 2875 2146 2933 aut
2179 2865 2316 2934 dic-

343 2954 484 3020 turi
528 2973 839 3019 essemus.
929 2950 1326 3018 Addidimus
1380 2950 1462 3016 (16
1506 2951 1800 3032 66661116,
1846 2972 1967 3019 1166
2030 2951 2315 3019 liberum

343 3039 701 3107 concilium
762 3058 891 3105 non
952 3035 1318 3106 detrectare
1336 3089 1351 3117 ,
1409 3037 1526 3104 sed
1580 3035 1948 3105 cuiusmodi
1999 3037 2165 3105 illud
2215 3045 2318 3106 est

393 3126 524 3192 uod
572 3145 752 3191 nunc
798 3125 1168 3190 instituitur
1209 3143 1331 3208 pro
1375 3124 1560 3191 nullo
1606 3144 1648 3188 a
1693 3125 1883 3191 nobis
1931 3126 2312 3191 existimari.

343 3147 647 3277 {undem
690 3211 896 3296 igitur
938 3219 1216 3276 ventum
1251 3217 1353 3276 est
1395 3208 1478 3275 ad
1516 3209 1912 3293 colloquium
1958 3211 2029 3275 in
2074 3231 2317 3295 magna

343 3296 550 3362 huius
593 3296 764 3363 arcis
807 3295 1091 3375 basilica,
1109 3297 1169 3370 ⁴)
1208 3299 1290 3360 28
1326 3296 1679 3379 superioris
1700 3297 1964 3362 mensis.
1988 3298 2039 3379 ⁸)
2096 3297 2316 3362 Inter·

344 3391 451 3448 est
486 3382 750 3466 Regina
783 3399 932 3446 cum
972 3380 1436 3448 cardinalibus
1471 3389 1539 3447 et
1572 3381 1844 3466 reliquis
1880 3382 2127 3466 privati
2161 3404 2316 3449 con-

343 3468 482 3535 silii
529 3466 936 3534 consiliariis.
1059 3466 1318 3534 Adsunt
1373 3468 1575 3533 etiam
1635 3468 1920 3552 episcopi
1940 3469 1998 3546 θ)
2069 3466 2318 3551 aliquot

343 3552 466 3620 sed
514 3561 586 3619 ut
628 3553 890 3637 privati.
980 3551 1298 3619 Assident
1338 3572 1596 3637 quoque
1631 3573 1714 3618 ex
1750 3552 2178 3636 parlamentis
2213 3574 2315 3619 66-

341 3639 502 3706 lecti
562 3637 921 3705 duodecim.
1033 3638 1453 3723 praescripta
1506 3646 1666 3704 sunt
1718 3639 2011 3723 quinque
2067 3641 2313 3723 capita:

344 3725 434 3790 de
477 3724 909 3809 Imaginibus,
969 3723 1051 3789 de
1093 3724 1303 3789 forma
1345 3724 1691 3808 Baptismi,
1748 3725 1829 3790 de
1872 3724 2084 3790 forma
2126 3725 2320 3792 Gom-

343 3811 710 3887 munionis,
779 3809 860 3875 de
917 3810 1237 3877 sacrificio
1303 3809 1566 3883 Missae,
1631 3808 1712 3876 (16
1776 3811 2168 3890 Μ161616116,
2237 3811 2319 3877 (16

341 3896 713 3964 Doctrinae
777 3896 1123 3979 capitibus.
1238 3895 1393 3960 Non
1458 3895 1673 3979 placet
1743 3895 2040 3962 fortassis
2108 3917 2319 3982 neque

343 3981 533 4060 ordo,
600 4002 812 4065 neque
876 3980 1135 4060 divisio,
1201 4001 1277 4048 ac
1334 4002 1421 4047 ne
1477 3981 1640 4046 mihi
1695 3981 1978 4065 quidem,
2045 3981 2161 4048 sed
2226 3983 2321 4048 ita

341 4070 568 4134 visum
604 4077 706 4134 est
739 4067 818 4133 iis
854 4068 964 4150 qui
1009 4074 1290 4151 possunt
1325 4066 1561 4133 omnia.
1636 4067 1956 4152 Rogatus,
2002 4088 2201 4152 quam
2237 4066 2320 4133 ob
2427 4107 2457 4112 -

341 4173 620 4222 oausam
657 4152 740 4218 ab
772 4153 1046 4219 ecclesia
1076 4153 1382 4217 Romana
1416 4151 1879 4220 discessionem
1914 4152 2317 4232 fecissemus,

339 4258 628 4306 exorsus
663 4259 810 4303 sum
847 4238 929 4304 ab
952 4237 1086 4304 illis
1121 4238 1726 4322 protestationibus,
1761 4237 1996 4304 deinde
2031 4239 2115 4304 ad
2152 4239 2318 4306 duas

341 4327 552 4391 horas
588 4323 671 4389 de
704 4324 1104 4409 imaginibus
1149 4324 1287 4389 dixi
1322 4344 1487 4407 quae
1521 4323 1686 4390 mihi
1722 4325 2053 4409 suggessit
2084 4324 2319 4392 Domi-

339 4432 500 4488 nus,
547 4421 688 4476 tum
735 4431 820 4476 ex
864 4411 1070 4493 ipsius
1114 4410 1337 4487 verbo,
1381 4418 1523 4475 tum
1568 4430 1650 4475 ex
1695 4411 1942 4476 veteris
1985 4409 2168 4477 illius
2211 4432 2317 4478 ec-

336 4497 590 4564 6166166
637 4496 1044 4562 testimoniis.
1151 4493 1534 4561 Adversarii
1590 4504 1848 4579 tempus
1904 4495 2029 4563 sibi
2083 4496 2165 4562 ad
2211 4518 2315 4562 re-

336 4771 542 4829 8700.
563 4771 621 4836 1)
661 4770 784 4825 Hoc
811 4771 1048 4838 privam
1084 4783 1298 4850 66111616
1327 4785 1439 4824 non
1472 4774 1651 4824 exuat
1682 4770 1744 4823 in
1777 4770 2129 4839 apum-ophis.

457 4838 836 4964 Ιωέοιεῗὲοᾱ
863 4839 1666 4978 Jmunanzoxgosssyrmae
1708 4836 2313 4973 Ἰιιιξανῗωᾷωῗὸἕιὲζεοιι

338 4911 633 5034 {dnm-&a
687 4976 770 5031 10.
825 4977 893 5033 de
945 4975 1100 5030 Han.
1146 4989 1189 5029 6.
1248 4974 1465 5040 Dehas,
1515 4947 1922 5032 Douka-scama
1971 4977 2039 5032 de
2086 4947 2318 5033 Moschi

333 5046 790 5127 (Des-ocum).
866 5043 955 5126 Cf.
995 5044 1250 5113 Luam
1282 5043 1356 5102 11.
1390 5043 1509 5097 204.
1548 5044 1749 5099 Baton.
1788 5044 1858 5099 11.
1896 5043 2019 5099 516.

558 5114 622 5246 P)
658 5185 712 5238 A
745 5184 802 5238 16
826 5129 1040 5264 {gude
1074 5153 1210 5236 66116
1244 5182 1317 5236 (16
1352 5182 1573 5236 66116611.
1646 5180 1817 5244 <Hiet-
1854 5183 1974 5240 eccl.
2011 5183 2052 5237 1.
2088 5181 2234 5250 692.)

559 5253 622 5319 b)
661 5254 900 5307 1611116111
936 5252 990 5305 Δ
1134 5289 1147 5302 .

559 5321 613 5383 6)
651 5321 926 5390 principes
1085 5320 1181 5375 ler.

565 5406 793 5461 0616161·
813 5421 1000 5476 opera.
1085 5406 1197 5462 Vol.
1233 5405 1402 5460 xlx.

2029 395 2192 459 1562
2232 392 2695 464 FRBRUAR..

4250 399 4388 465 2⁷4

2409 605 2444 649 s
2530 580 2866 650 ndendum
2907 580 3344 666 postularunt.
3446 581 3899 650 Convenimus

2411 604 2529 735 (ἕὲ
2587 668 2783 735 116166
2836 669 3085 735 mensis
3101 690 3115 734 ε
3131 668 3188 752 ⁷)
3257 668 3493 734 habuit
3559 669 3920 735 orationem
3942 604 4383 750 offellum-m,

2409 753 2529 821 sed
2585 774 2855 838 prorsus
2897 753 3257 837 vulgarem.
3393 752 3733 838 Sequutus
3797 762 3900 821 est
3953 755 4208 822 Iesuita
4261 754 4381 823 1116

2410 840 2646 907 histrio
2701 838 2815 924 qui
2868 839 2940 905 in
2998 848 3328 907 conventu
3386 860 3643 924 quoque
3696 840 4112 907 Possiaoensi
4169 841 4387 908 inter·—

2412 934 2707 1005 venerat,
2766 946 2888 992 nec
2930 925 3154 991 minus
3197 947 3267 991 se
3308 925 3372 991 16
3419 924 3600 991 idum
3644 926 3973 1009 praestitit
4013 946 4213 1010 quam
4256 948 4385 993 an-

2410 1019 2537 1078 tea.
2563 1016 2619 1089 8)
2684 1012 2907 1078 Tertio
2945 1011 3089 1078 loco
3133 1008 3303 1076 dixit
3349 947 3731 1096 §aliquam
3772 1019 3841 1077 et
3882 1033 4043 1079 vere
4086 1013 4377 1095 profecto

2412 1108 2483 1162 et
2524 1097 2810 1164 fortiter:
2856 1118 2986 1163 non
3031 1104 3380 1164 contentus
3424 1095 3640 1162 dicere
3682 1094 3859 1181 quod
3899 1118 4006 1163 166
4040 1108 4202 1177 erat,
4246 1097 4379 1164 nisi

2411 1184 2613 1249 etiam
2655 1204 2824 1267 quae
2884 1182 2968 1249 ab
3010 1181 3143 1248 illis
3187 1192 3378 1248 erant
3435 1181 3657 1261 allata,
3715 1183 3935 1266 palam
3989 1184 4377 1251 confutaret.

2411 1268 2544 1337 Ubi
2588 1267 3058 1335 animadvertit
3108 1268 3473 1335 Turnonius
3573 1289 3842 1335 uorsum
3890 1268 4194 1335 tenderet
4235 1271 4380 1336 eius

2413 1355 2641 1435 oratio,
2697 1355 2985 1438 primum
3045 1373 3457 1420 murmurare
3561 1352 3754 1420 einde
3813 1355 4166 1439 querulari,
4226 1375 4379 1439 pos-

2414 1452 2625 1506 tremo
2668 1439 2895 1507 relicta
2942 1438 3095 1506 sede
3153 1439 3239 1505 ad
3279 1438 3501 1506 focum
3552 1460 3847 1525 pergere,
3902 1440 4170 1507 tandem
4221 1461 4381 1508 vero

2415 1527 2614 1593 etiam
2680 1528 2749 1592 in
2815 1535 3188 1592 extremum
3248 1524 3572 1624 angulum
3636 1547 3781 1593 6666
3845 1526 4137 1611 recipere
4201 1526 4382 1593 unde

2413 1612 2705 1698 conspici
2748 1633 2879 1678 non
2923 1621 3176 1697 posset:
3226 1609 3604 1696 Salmoneus
3649 1632 3735 1677 ex
3769 1611 4049 1680 adverso
4082 1632 4378 1697 pergere,

2417 1708 2486 1764 et
2527 1719 2605 1764 eo
2649 1719 2857 1783 usque
2899 1694 3226 1782 progredi,
3292 1706 3370 1762 ut
3413 1696 3685 1763 diceret:
3751 1694 4166 1777 Idololatras,
4211 1701 4384 1766 sicut

2416 1784 2700 1868 petierat
2754 1782 2998 1863 David,
3014 1786 3072 1867 ⁹)
3140 1782 3210 1847 in
3268 1782 3525 1866 stipites
3575 1791 3643 1850 et
3696 1804 3861 1849 saxa
3916 1784 4245 1863 converti,
4304 1805 4383 1852 ac

2416 1869 2694 1953 proinde
2736 1869 3032 1936 veritatis
3073 1887 3303 1936 vocem
3346 1888 3480 1933 non
3524 1868 3859 1935 exaudire.
3944 1868 4081 1936 Ubi
4112 1869 4226 1937 ille
4270 1870 4385 1936 (16-

2418 1956 2536 2022 6111
2595 1976 2945 2023 6666116116
2988 1951 3387 2021 Benedictus
3450 1952 3564 2020 1116
3628 1954 4130 2036 Dominicanus,
4158 1958 4245 2032 ¹⁰)
4307 1965 4384 2021 ut

2419 2041 2683 2108 ruentia
2721 2038 2896 2107 idola
2925 2039 3204 2117 fulciret,
3248 2038 3463 2106 multa
3494 2038 3841 2107 blateravit
3870 2040 3987 2107 sed
4028 2041 4386 2109 falsissima

2419 2136 2487 2193 et
2529 2127 2954 2211 ineptissima.
3008 2123 3309 2193 Tandem
3352 2126 3559 2210 igitur
3606 2125 3916 2210 respondi
3958 2135 4027 2192 et
4048 2126 4385 2213 Saliynaoo

2418 2232 2749 2293 assensus,
2804 2211 3071 2296 singula
3127 2210 3410 2277 aliorum
3464 2220 3858 2296 argumenta
3914 2211 4009 2278 ita
4069 2221 4142 2278 ut
4198 2213 4385 2299 potui

2420 2297 2670 2365 diluere
2722 2296 2964 2365 studui.
3065 2298 3175 2362 Ita
3229 2295 3589 2364 discessum
3640 2304 3743 2364 661
3797 2298 4210 2379 adversariis,
4256 2299 4387 2365 Dei

2418 2385 2654 2470 gratia,
2689 2404 2766 2451 66
2809 2382 3109 2450 6(1(166116
3145 2391 3219 2448 61
3261 2383 3392 2449 11161
3437 2403 3568 2448 nox
3612 2383 4079 2451 intervenisset
4120 2405 4389 2468 prorsus

2419 2471 2714 2555 superati
2774 2468 2984 2537 videri
3049 2468 3405 2552 potuerint.
3526 2467 3748 2534 Hodie
3812 2467 4097 2535 reditum
4148 2479 4252 2538 est
4315 2472 4388 2536 in

2420 2576 2566 2624 cam
2615 2578 2744 2622 um.
2856 2555 3162 2639 Longam
3226 2554 3592 2620 orationem
3658 2553 3894 2622 habuit
3956 2554 4386 2642 Corcyrensis

2421 2642 2538 2727 qui
2583 2663 2691 2708 am
2726 2641 3233 2720 Franciscanus,
3277 2647 3356 2705 ut
3400 2640 3607 2719 aiunt,
3643 2640 3885 2725 Legati
3922 2641 4187 2722 assecla,
4224 2643 4386 2709 satis

2422 2736 2655 2795 acutus
2711 2727 3026 2812 sophista,
3080 2746 3202 2792 nec
3259 2746 3529 2809 prorsus
3576 2725 3942 2811 imperitus.
4045 2726 4386 2812 Sequutus

2422 2822 2528 2881 est
2572 2812 2821 2898 Spensa
2838 2817 2861 2853 ¹
2877 2817 2924 2898 ¹)
2969 2812 3085 2895 qui
3129 2809 3571 2896 copiosissime
3616 2832 3882 2879 causam
3936 2821 4229 2880 nostram
4271 2812 4385 2879 de-

2421 2897 2647 2979 fendit,
2693 2900 2787 2965 ita
2829 2908 3070 2973 tamen.
3117 2907 3188 2963 ut
3224 2897 3432 2963 multo
3466 2898 3689 2963 minus
3726 2918 4080 2965 nervorum
4114 2898 4388 2967 haberet

2422 3004 2621 3070 quam
2684 2983 2828 3050 Sal·
3082 3035 3099 3064 ,
3172 3005 3295 3051 nec
3350 2994 3489 3048 tam
3546 2984 3797 3050 sincere
3852 2984 4016 3069 quin
4068 2984 4387 3052 nonnulla

2420 3072 2880 3157 μοι-1616666111
2936 3091 3103 3155 6666
3160 3068 3573 3137 adversarios
3630 3070 3968 3153 placarent
3983 3122 4000 3150 ,
4065 3072 4389 3141 conclusit

2421 3158 2605 3224 nullo
2671 3179 2792 3224 nec
2848 3167 3121 3223 externo
3180 3177 3301 3223 nec
3365 3156 3628 3222 interno
3691 3156 3875 3223 cultu
3942 3156 4177 3241 dignas
4240 3179 4387 3225 esse

2420 3244 2762 3328 imagines.
2853 3241 2989 3309 Sed
3034 3242 3114 3307 de
3158 3263 3351 3309 cruce
3393 3242 3605 3307 multa
3645 3241 3937 3327 protulit,
3974 3265 4048 3309 re
4082 3245 4154 3308 in
4190 3242 4386 3311 dubio

2421 3329 2667 3408 relicta,
2738 3336 2805 3394 et
2861 3348 2945 3393 ex
3011 3327 3275 3411 templis
3340 3329 3602 3411 penitus
3660 3326 3951 3395 tollenda
4013 3329 4189 3395 idola
4251 3349 4387 3395 non

2420 3415 2698 3494 censuit,
2758 3413 3043 3497 denique
3101 3411 3276 3497 quod
3319 3423 3496 3480 recte
3553 3427 3921 3494 censuerat,
3965 3423 4239 3481 conatus
4285 3427 4387 3481 est

2420 3511 2753 3585 utcunque
2797 3499 3109 3566 emollire.
3222 3500 3457 3566 Iussus
3514 3506 3617 3565 cst
3672 3509 3900 3583 postea
3942 3499 4203 3584 prodire
4254 3502 4389 3568 Mi·

2419 3587 2643 3652 nimus
2670 3586 2754 3670 ¹²)
2831 3584 2945 3652 ille
3008 3585 3487 3652 Parisiensium
3565 3585 3960 3652 seditionum
4039 3586 4184 3666 fax,
4255 3607 4386 3671 quo

2418 3671 2586 3737 nihil
2645 3672 2933 3755 ineptius
2990 3678 3060 3737 et
3115 3670 3440 3737 indoctius
3498 3669 3727 3738 audire
3779 3671 4069 3738 memini.
4178 3672 4387 3740 Eram

2419 3777 2858 3841 responsurus
2922 3758 2979 3824 si
3045 3778 3164 3841 per
3218 3767 3478 3840 tempus
3541 3754 3855 3823 licuisset.
3968 3757 4120 3824 Nox
4182 3760 4388 3844 igitur

2420 3844 2596 3911 hanc
2641 3844 2904 3909 tertiam
2948 3842 3275 3909 actionem
3306 3841 3588 3922 diremit,
3627 3862 3824 3926 quam
3868 3864 4011 3928 ego,
4057 3851 4134 3909 ut
4175 3865 4386 3929 spero,

2418 3951 2569 3997 cras
2623 3928 2968 4012 excipiam.
2998 3929 3084 4006 ¹⁸)
3217 3927 3295 3996 Si
3361 3949 3556 4013 rogas
3614 3927 3769 4011 quid
3827 3929 4130 4013 sperem?
4240 3931 4389 3999 Hoc

4146 583 4387 683 ultimo

2631 4217 2693 4286 7)
2730 4220 2805 4273 Es
2840 4223 3025 4274 autres
3051 4219 3209 4288 jours
3244 4221 3466 4274 suivans
3501 4219 3706 4273 chacun
3742 4220 3839 4273 des
3883 4220 4088 4274 susdits
4131 4221 4388 4276 docteurs

2421 4293 2482 4343 et
2514 4290 2791 4343 ministres
2827 4295 2923 4342 sut
2957 4303 3056 4342 son
3104 4294 3234 4344 tour
3266 4306 3393 4344 saus
3430 4289 3562 4358 qu'il
3595 4307 3629 4358 y
3664 4295 3760 4342 sut
3794 4304 4000 4343 66611116
4032 4291 4282 4360 replique
4318 4307 4389 4345 en

2419 4359 2662 4412 1116111616
2698 4357 2767 4411 (16
2803 4357 3037 4428 disputo.

2626 4424 2686 4493 8)
2720 4425 2766 4479 11
2802 4427 2904 4479 mit
2938 4426 3082 4479 deux
3116 4440 3303 4479 causes
3350 4441 3418 4479 en
3454 4431 3623 4478 avant
3667 4441 3807 4493 pour
3882 4442 4081 4481 rouver
4156 4444 4222 4484 116
4259 4433 4383 4481 tout

2417 4513 2480 4550 66
2516 4494 2644 4565 qu’il
2681 4511 2817 4577 nous
2852 4495 2969 4548 faut
3002 4493 3138 4547 faire
3174 4493 3311 4549 u’est
3345 4511 3443 4576 pas
3461 4499 3696 4548 conteuu
3731 4511 3824 4578 en'
3857 4494 4093 4565 aporole
4167 4511 4197 4548 e
4224 4495 4381 4552 Disu.

2414 4565 2516 4687 0¹3⁸„
2557 4579 2843 4756 ἔωὲίἐῒ.
2860 4562 3988 4754 ffitg0„3⁰2.23322‘2123³⁶0.⁰.2‘3.30⁹
4023 4579 4168 4632 ’Μ’
4206 4565 4260 4617 ¹⁸
4294 4580 4379 4620 ’θ’

2590 4707 2684 4824 10)
2716 4715 3082 4826 ngoohares
3115 4784 3255 4837 pour
3288 4775 3563 4824 monstror
3598 4785 3706 4839 que
3751 4769 3826 4821 du
3860 4773 4041 4838 temps
4074 4768 4144 4823 ds
4179 4767 4236 4825 S.
4272 4769 4383 4824 De·

2415 4839 2755 4975 11611
2773 4838 3016 4962 wis
3045 4837 3395 4976 1611.
3404 4837 3823 4961 ⁶¹⁸..
3830 4837 4043 4975 ...3
4159 4839 4384 4961 ’,1,

2416 4977 2581 5045 116161,
2614 4977 2814 5046 auquel
2848 4977 2889 5030 il
2923 4944 3318 5044 fut'roepondu
3371 4993 3471 5045 par
3507 4976 3576 5029 de
3612 4977 3755 5029 Bene
3803 4991 3910 5044 que
3957 4991 4057 5029 6611
4094 4984 4387 5044 argument

2413 5046 2585 5101 estoit
2615 5045 2686 5099 de
2722 5060 2897 5099 verre.

2594 5114 2687 5170 111
2729 5112 2806 5166 cz.
2845 5114 3169 5181 αἘερωιοι.

2590 5181 2685 5251 12)
2732 5182 2868 5236 Vide
2900 5198 3074 5250 supra
3111 5189 3219 5236 not.
3256 5181 3305 5233 2.
3378 5179 3581 5235 Dehas
3624 5180 3919 5248 iustiqator
3960 5180 4149 5246 fuerat
4182 5182 4391 5238 maul-

2417 5261 2506 5306 tus
2539 5251 2620 5306 ad
2658 5251 2715 5306 S.
2754 5251 3033 5306 medardi.
3105 5251 3336 5319 (Apoqr.
3373 5250 3597 5305 habont=
3633 5249 3972 5303 Parisiensis.

2456 5325 2463 5333 ·
2594 5320 2686 5387 13)
2722 5319 2902 5375 Betae
2936 5321 3235 5375 orationem
3268 5321 3491 5390 praebet
3522 5316 3675 5374 ΗΜ.
3710 5317 3829 5375 eccl.
3867 5319 3912 5372 1.
4056 5355 4069 5370 .

3902 5403 3969 5456 18
