4900 6125
297 443 388 507 45
2054 439 2217 504 1561
2265 433 2596 505 OO'l'OB.
3313 492 3317 495 ⁴
4241 441 4328 504 46

474 626 627 695 Hac
658 627 742 695 de
774 649 849 695 re
868 627 1022 714 plus
1055 627 1236 696 satis.
1293 627 1444 695 'l'oti
1477 627 1815 708 Poloniae‚
1848 633 1918 695 et
1948 626 2266 712 privatim

296 711 710 780 Lithuaniae
790 714 1091 799 gratulor
1106 764 1124 792 ‚
1199 713 1379 798 quod
1440 713 1726 781 maiores
1789 711 2068 780 subinde
2130 710 2267 779 illic

297 818 346 883 p
610 820 691 866 us
730 799 932 867 faciat
984 800 1214 885 purior
1254 799 1373 866 reli
1425 798 1507 878 'o,
1552 807 1622 865 et
1661 800 1856 866 novis
1897 800 2264 868 incremen-

298 883 391 949 tis
468 904 640 971 onge
694 885 956 970 lateque
1011 884 1327 952 dilatetur
1426 885 1624 953 hristi
1682 905 1984 970 regnum.
2078 884 2269 951 Haec

297 970 507 1036 etiam
549 991 683 1038 non
737 970 1139 1055 poenitenda
1280 970 1421 1038 udii
1473 971 1777 1051 accessio,
1820 989 2026 1054 quum
2070 968 2266 1037 audio

296 1053 718 1142 disciplinam
763 1077 914 1125 cum
951 1077 1204 1144 evange
1234 1057 1274 1073 '²
1311 1057 1719 1141 professione
1755 1055 2088 1143 coniungi.
2172 1055 2267 1121 Et

293 1152 479 1209 certe
520 1162 654 1209 non
697 1144 1028 1209 immerito
1069 1164 1307 1211 vocare
1341 1143 1520 1210 soleo
1566 1141 1983 1226 disciplinam
2017 1162 2262 1209 nervos

294 1227 643 1295 ecclesiae:
711 1230 867 1314 quia
926 1238 1007 1295 ut
1070 1230 1379 1313 propensi
1437 1237 1594 1295 sunt
1647 1229 1991 1296 hominum
2046 1248 2262 1294 mores

294 1313 383 1379 ad
449 1312 806 1392 lasciviam,
873 1314 1135 1382 delitias
1192 1322 1260 1381 et
1302 1314 1641 1382 licentiam

293 1400 757 1467 contineamur
798 1401 923 1468 sub
956 1401 1205 1479 fraeno,
1252 1400 1461 1466 maior
1501 1420 1656 1485 pars
1729 1400 2027 1467 'bertatis
2070 1420 2260 1484 prae-

292 1493 489 1551 textu
555 1486 1001 1553 luxuriabitur
1050 1495 1120 1554 et
1183 1486 1549 1554 insolescet.
1650 1485 1880 1554 Unum
1939 1484 2260 1565 desidero,

288 1579 373 1637 ut
435 1571 507 1637 in
570 1579 910 1656 posterum
978 1584 1240 1657 tempus
1299 1572 1739 1656 prospiciatur
1803 1571 2116 1651 ecclesiis,
2176 1591 2262 1637 nc

288 1657 671 1810 asturibus
745 1658 1015 1725 orbatae
1092 1667 1161 1725 et
1250 1658 1540 1724 nudatae
1628 1656 1817 1724 brevi
1907 1662 2260 1724 intereant.

388 1742 584 1810 holae
640 1752 863 1809 autem
918 1744 1273 1811 seminaria
1328 1751 1490 1811 sunt
1545 1753 1919 1828 pastorum:
1984 1751 2052 1810 et
2106 1751 2262 1826 apte

1739 1314 2073 1394 uamlibet,
2133 1314 2262 1380 nisi

294 1830 554 1896 censeri
618 1839 896 1915 possunt
952 1839 1267 1915 tanquam
1322 1830 1624 1896 coelestis
1680 1829 2015 1896 doctrinae
2068 1850 2261 1914 gazo-

290 1913 625 2000 phylacia.
737 1914 889 1997 Quo
955 1917 1170 1982 maior
1233 1916 1453 1982 danda
1507 1924 1611 1982 est
1665 1936 1885 2000 opera,
1946 1921 2020 1980 ut
2061 1936 2260 1999 quam

335 2000 564 2066 lurimi
628 2002 1065 2069 instituantur
1127 2011 1265 2068 tam
1326 2003 1399 2068 in
1463 2002 1709 2086 pietate
1725 2053 1742 2082 ,
1808 2020 2009 2086 quam
2072 2001 2259 2068 bonis

319 2086 334 2101 ‘
412 2087 526 2153 ris.
608 2087 796 2155 Haec
857 2109 1013 2155 vero
1057 2087 1466 2155 nobilissima
1508 2089 1636 2154 erit
1678 2086 1865 2154 vobis
1906 2086 2260 2154 liberalita-

284 2172 379 2237 tis
422 2173 718 2253 materia,
775 2182 853 2239 ut
893 2182 1116 2242 vestro
1174 2174 1476 2258 exemplo
1519 2172 1755 2258 reliqui
1801 2172 1887 2239 ad
1943 2173 2259 2238 imitatio·

284 2277 447 2324 nem
488 2258 867 2328 incitentur.
956 2261 1082 2338 De,
1113 2259 1166 2346 ⁸)
1225 2280 1501 2325 munere
1546 2259 1764 2325 oblato
1806 2279 2002 2344 quam
2045 2259 2258 2324 maxi-

282 2363 439 2410 mas
501 2343 713 2411 habeo
791 2345 1068 2430 gratias:
1134 2366 1402 2431 agerem
1479 2345 1777 2430 pluribus
1840 2345 2066 2411 verbis
2128 2344 2261 2410 nisi

285 2429 695 2496 confiderem
749 2451 868 2498 vos
922 2432 1131 2497 animi
1186 2432 1430 2499 affectu
1486 2438 1846 2499 contentos.
1946 2431 2006 2497 Ε
2184 2438 2261 2496 ut

288 2516 494 2581 finem
537 2516 794 2596 faciam,
839 2515 1063 2584 Deum
1120 2518 1506 2601 suppliciter
1546 2516 1879 2601 precabor,
1925 2451 2226 2583 utrffilm

287 2599 587 2667 tudinem
632 2612 927 2669 vestram
979 2602 1219 2687 spiritu
1272 2623 1394 2669 suo
1448 2602 1793 2687 gubernet,
1856 2602 2256 2669 incolumem

288 2695 576 2766 tueatur,
632 2709 699 2754 m
795 2690 976 2773 'sque
1034 2709 1111 2755 ao
1164 2690 1378 2773 magis
1436 2691 1574 2755 suis
1619 2689 1810 2755 donis
1850 2688 2140 2754 illustret
2181 2708 2258 2754 ac

286 2772 667 2856 locupletet.
846 2776 1251 2842 ustrissimae
1306 2776 1508 2840 etiam
1551 2776 1877 2842 Ducissae
1920 2795 2071 2841 mea
2112 2773 2257 2841 offi-

286 2860 393 2926 cia
437 2868 823 2927 reverenter
876 2859 1118 2928 defero.
1212 2860 1551 2940 Genevae,
1612 2865 1672 2928 9.
1713 2858 2022 2928 Octobris
2075 2864 2256 2925 1561.

1177 3474 1379 3548 35⁶⁶.

482 3615 925 3701 unomen
968 3631 1534 3701 mssonntm
1579 3634 1645 3698 A
1687 3632 2061 3699 oALvm.

463 3803 797 3873 Danaae
835 3805 915 3872 de
944 3809 1230 3888 postem.

294 3975 680 4048 (Autognphe
713 3975 784 4031 de
818 3976 874 4030 la
906 3974 1296 4045 Bibliotheque
1331 3975 1403 4029 de
1427 3973 1663 4030 Geneve.
1700 3973 1814 4030 MS.
1846 3973 1965 4044 196,
2001 3975 2097 4031 fol.
2112 3974 2263 4044 203.)

650 4151 716 4215 A
757 4148 1105 4215 Monsieur
1141 4146 1485 4215 Monsieur
1527 4146 1901 4232 despeville.

462 4320 832 4401 lonsicur,
873 4319 1125 4406 l’eglise
1168 4319 1623 4405 d'yssoulduin
1648 4323 1699 4404 ¹)
1733 4338 1823 4385 na
1854 4340 2034 4387 cesse
2070 4320 2257 4388 d’im-

298 4418 519 4494 petrei·
561 4414 631 4473 et
673 4406 932 4473 obtenir
974 4405 1057 4473 de
1100 4427 1267 4474 vous
1324 4413 1392 4471 et
1447 4407 1779 4473 nossieurs
1822 4404 1905 4471 de
1946 4427 2068 4491 par
2111 4406 2260 4474 dela

296 4504 514 4560 tontes
564 4491 795 4559 choses
848 4494 1250 4561 necessaires
1303 4499 1449 4558 tant
1505 4513 1590 4559 en
1647 4491 1895 4559 conseil
1937 4497 2131 4577 qu’en
2185 4515 2259 4560 ce

298 4580 411 4664 qni
443 4598 771 4646 concerne
806 4578 868 4646 le
901 4578 1248 4644 ministare
1276 4577 1526 4658 dicelle,
1562 4598 1811 4644 mesme
1846 4578 2029 4644 laven
2052 4585 2261 4663 quant

300 4664 573 4751 beeoing
613 4685 657 4731 a
697 4672 836 4730 este
894 4684 1230 4749 pourveue
1285 4663 1367 4731 de
1421 4685 1584 4749 gens
1638 4663 1861 4731 doctes
1916 4673 1984 4730 et
2029 4662 2110 4731 de
2154 4666 2260 4731 vie

300 4753 548 4819 saincte
617 4749 879 4816 deserte
944 4750 1160 4835 quelle
1226 4772 1267 4816 a
1329 4770 1558 4836 graece
1623 4770 1664 4815 a
1722 4750 1897 4816 Dieu
1962 4758 2028 4817 et
2089 4771 2261 4819 vous

302 4845 533 4904 trouve
596 4844 1083 4903 contentement
1160 4845 1527 4921 provenant
1591 4833 1674 4902 de
1741 4845 1963 4903 vostre
2041 4837 2260 4904 bonne

301 4922 645 4991 liberalite.
714 4921 1085 4990 'l'outesfois
1120 4922 1349 4989 voiant
1387 4921 1881 4990 lacroissement
1915 4920 2261 4989 dhommes

504 5230 2259 5316 &wa-&memmendinfrademdum

311 5304 368 5357 ca
398 5304 518 5359 aaa.
554 5318 671 5359 no·
705 5301 915 5372 aqum.

313 5371 486 5428 acea
503 5371 565 5441 1)
595 5370 746 5443 Βερ.
779 5370 847 5426 aa
880 5369 1109 5426 noan.
1184 5368 1367 5441 emp.
1406 5370 1482 5427 N.
1516 5369 1673 5427 3400.
1744 5392 1751 5399 ·

2367 622 2625 691 fidelles
2676 624 2792 708 qui
2844 623 3366 693 ordinairement
3420 647 3492 693 se
3536 625 3801 694 dedient
3844 635 3911 695 et
3950 630 4330 716 adjoignent

2369 730 2410 776 a
2464 709 2655 777 icelle
2708 718 2777 776 et
2833 731 2959 794 que
3000 710 3254 778 Monsr.
3298 713 3379 779 de
3419 712 3489 778 la
3528 714 3706 779 croix
3758 723 3984 783 nostre
4025 717 4329 788 ministre

2368 815 2537 879 pour
2600 794 2758 862 telle
2821 795 3178 863 multitude
3236 806 3304 863 et
3366 798 3695 883 vigilance
3751 801 3867 884 qui
3918 800 3986 867 la
4049 804 4328 889 reg-arde

2367 900 2529 949 aveo
2571 900 2693 947 son
2748 880 3066 949 estandue
3109 903 3181 949 es
3237 880 3420 950 lieux
3472 883 3924 970 champestres
3967 894 4035 954 et
4076 891 4329 957 circon-

2366 968 2636 1047 voisins,
2702 988 2788 1035 ne
2850 966 3038 1052 peult
3100 990 3195 1053 ny
3257 990 3344 1036 ne
3409 970 3698 1037 scauroit
3759 969 4121 1041 desormais
4183 977 4329 1044 seul

2366 1052 2713 1135 satisfaire,
2755 1054 2986 1119 naiant
3019 1055 3197 1122 aussi
3232 1075 3497 1122 recours
3532 1077 3662 1141 qua
3693 1079 3864 1124 vous
3904 1079 3989 1126 ne
4032 1081 4103 1127 se
4224 1062 4331 1130 ult

2364 1137 2576 1204 lasser
2618 1139 2702 1205 de
2759 1139 3089 1206 tousiours
3132 1161 3299 1207 vous
3342 1141 3661 1226 emploier
3702 1163 3743 1208 a
3786 1163 3860 1209 sa
3900 1155 4241 1228 necessite,
4286 1170 4330 1216 a

2363 1222 2649 1307 laquelle
2689 1245 2855 1291 vous
2910 1225 3167 1310 supplic
3209 1247 3298 1292 au
3349 1246 3510 1293 nom
3554 1229 3635 1294 de
3680 1229 3855 1296 Dieu
3898 1232 4219 1300 entandre
4261 1241 4330 1301 et

2364 1311 2694 1376 subvenir.
2768 1310 2864 1377 Oe
2919 1312 3163 1379 faisant
3218 1311 3339 1398 luy
3380 1312 3688 1381 accorder
3742 1324 3810 1380 et
3865 1337 4158 1402 envoyer
4211 1341 4327 1386 en·
4459 1391 4462 1396 ,

2363 1413 2552 1461 oores
2586 1396 2667 1463 sil
2704 1417 2868 1463 vous
2902 1397 3119 1481 plaist,
3162 1418 3324 1466 avec
3365 1398 3464 1466 les
3504 1408 3805 1484 porteurs
3838 1400 3953 1467 des
3988 1415 4329 1487 presentes

2365 1482 2482 1566 qui
2525 1482 2909 1549 satisferont
2948 1503 2989 1548 a
3032 1491 3182 1551 tous
3223 1483 3404 1564 fraiz,
3447 1507 3591 1571 ung
3633 1487 3847 1554 aultre
3890 1487 4195 1555 ministre
4236 1492 4329 1559 tel

2363 1587 2496 1650 que
2560 1568 2812 1634 miculx
2878 1570 3335 1655 congnoistrez
3401 1573 3769 1639 necessaire
3833 1594 3874 1640 a
3937 1575 4203 1643 reduire
4259 1584 4331 1643 ct

2363 1654 2706 1721 mestriser
2762 1676 2902 1740 ung
2955 1655 3196 1756 peuple
3254 1678 3434 1723 assez
3489 1659 3699 1724 entier
3741 1667 3809 1724 et
3851 1658 4135 1742 difficile,
4193 1683 4326 1729 non

2361 1758 2534 1889 pour
2575 1742 2931 1824 mespriser
2987 1741 3188 1808 ledict
3242 1743 3418 1809 sieur
3472 1744 3549 1810 dc
3591 1744 3660 1810 la
3700 1746 3878 1812 croix
3903 1745 3962 1832 2)
4006 1747 4116 1831 qui
4160 1769 4328 1833 pour

2388 1846 2426 1890 e
2472 1822 2801 1911 Seigneur
2853 1827 3171 1912 semploie
3215 1836 3745 1896 vertueusement
3801 1852 3886 1897 au
3942 1831 4072 1898 deu
4115 1832 4198 1900 de
4251 1855 4328 1901 sa

2362 1909 2610 1995 charge
2653 1919 2722 1978 et
2754 1911 3000 1995 duquel
3039 1934 3127 1979 on
3170 1935 3397 1998 espere
3441 1936 3482 1981 a
3523 1914 3829 1984 ladvenir
3861 1918 4142 2003 quelque
4176 1918 4326 2004 plus

2362 1996 2577 2081 grand
2631 1996 2834 2064 fruict
2876 2007 2944 2065 et
2986 2008 3438 2067 avancement:
3502 2004 3670 2069 mais
3714 2023 3755 2068 a
3798 2004 3891 2069 fin
3937 2003 4018 2070 de
4060 2004 4124 2071 le
4166 2025 4325 2090 sup·

2360 2090 2590 2166 porter
2643 2103 2720 2151 ce
2773 2083 3066 2169 pendant
3119 2095 3187 2152 et
3240 2086 3388 2170 plus
3443 2095 3934 2172 promptement
3986 2092 4217 2156 reunir
4258 2098 4327 2157 et

2358 2177 2680 2235 remectre
2722 2191 2798 2236 ce
2839 2191 2967 2255 que
3007 2170 3074 2235 la
3126 2171 3373 2257 longue
3415 2182 3482 2239 et
3523 2175 3865 2258 frequente
3907 2177 4325 2259 persecution

2359 2253 2897 2425 dfefflpssontm
2939 2256 3124 2323 icelle
3159 2259 3517 2326 assemblee
3552 2260 3634 2326 de
3666 2259 3920 2327 fidelles
3954 2282 3995 2327 a
4028 2260 4323 2347 espandu

2358 2361 2396 2407 e
2715 2390 2734 2408 .

2533 2426 2898 2507 Monsieur,
2943 2448 3109 2495 vous
3151 2448 3349 2495 aurez
3391 2428 3741 2516 doneques,
3785 2432 3865 2498 sil
3901 2454 4070 2500 vous
4102 2433 4322 2518 plaist,

2207 2517 2257 2566 '-
2359 2511 2597 2594 esgard
2640 2533 2681 2578 a
2735 2513 3108 2599 lindigence
3150 2522 3219 2581 et
3260 2518 3579 2584 necessite
3622 2515 3705 2583 de
3758 2527 3935 2586 ceste
3978 2519 4184 2604 eglise
4224 2520 4324 2586 fa-

2360 2597 2646 2683 melique
2689 2600 2801 2682 qui
2844 2618 2930 2665 en
2986 2621 3093 2666 ses
3136 2602 3463 2668 membres
3504 2623 3675 2670 vous
3709 2612 4011 2687 presente
4054 2605 4323 2672 humble

2360 2682 2541 2749 salut
2592 2705 2677 2751 en
2736 2693 2961 2753 nostre
3005 2683 3355 2771 Seigneur‚
3410 2687 3474 2754 le
3517 2710 3642 2773 sup
3688 2689 3861 2756 liant
3902 2711 4067 2758 vous
4108 2693 4322 2758 main·

2361 2770 2540 2835 tenir
2583 2770 2911 2838 tousiours
2954 2793 3040 2838 en
3082 2793 3160 2839 sa
3199 2774 3449 2840 saincte

2361 2857 2460 2940 xj·
2495 2858 2653 2940 jour
2695 2854 3026 2924 dOctobre
3078 2860 3261 2925 1561.

2775 2992 2921 3060 Voz
2966 2993 3269 3063 humbles
3311 2998 3672 3067 servitem-s
3714 3008 3925 3086 ayant
3964 3001 4212 3088 charge

3190 3082 3271 3149 de
3315 3082 3382 3149 la
3423 3085 3833 3172 oompaignie

3187 3184 3445 3254 Claude
3485 3186 3814 3257 delambe.

3186 3271 3551 3361 Hippolyte
3595 3272 3888 3343 Salmon.

3184 3356 3274 3424 Ι).
3316 3358 3668 3445 Chappuis.

3658 2796 3712 2842 e.
3760 2774 4213 2862 d’yssoulduin
4247 2798 4322 2844 ce

3123 3653 3226 3662 0-—
3235 3654 3533 3662 ——-—-.

3251 3904 3456 3979 85⁶7.

2482 4041 2920 4128 unomen
2964 4057 3093 4125 nn
3136 4058 3470 4128 ΜΑοοΝ
3514 4061 3644 4130 Au
3685 4020 4195 4133 mmsvmss

3057 4162 3187 4229 nn
3231 4147 3638 4232 omnm.

2537 4332 2864 4404 Demande
2903 4334 2981 4400 de
3011 4340 3298 4419 pestem.
3326 4338 3378 4416 ¹)

2356 4504 2747 4631 (Autogephe
2784 4506 2855 4589 dp
2888 4507 2945 4560 la
2977 4504 3361 4577 Bibliotheqne
3396 4507 3466 4561 de
3496 4507 3735 4592 Geneve.
3806 4510 3999 4566 Pieees
4033 4508 4322 4566 detechees

2604 4574 2928 4631 ortefemlle.
3000 4572 3177 4646 19⁷2,
3210 4575 3278 4629 Ν.
3321 4576 3368 4629 1.
3403 4602 3473 4615 -—
3506 4577 3751 4634 Bulletin
3784 4578 3940 4637 xlv,
3973 4576 4123 4646 326.)

2437 4751 2504 4815 A
2538 4748 2900 4816 Messieurs
2934 4746 3296 4815 Messieurs
3339 4747 3435 4815 les
3468 4751 3808 4817 ministres
3842 4751 3925 4818 de
3966 4749 4245 4837 l'Eglise

3142 4833 3225 4901 dc
3267 4833 3559 4903 Geneve.

2535 5007 2897 5074 Messieurs
2937 5005 2991 5071 il
3033 5026 3080 5090 y
3125 5027 3167 5073 a
3207 5006 3322 5073 des
3379 5008 3671 5092 papistes
3726 5015 3794 5073 et
3849 5016 4073 5075 autres
4130 5028 4320 5094 sages

2362 5090 2443 5160 de
2488 5114 2562 5160 ee
2605 5092 2844 5160 monde
2886 5092 3000 5176 qui
3043 5091 3328 5160 seroient
3382 5103 3520 5160 tres
3563 5099 3835 5160 contans
3877 5093 4196 5178 aprocher
4239 5093 4320 5163 de

2673 5236 2772 5245 ——

2567 5297 2968 5370 monuwa«.
3040 5296 3497 5356 raucam.

2360 5367 3227 5438 manns-‚aemma
