4900 6125
585 396 708 463 201

758 582 1136 651 Clarissimo
1193 582 1337 650 viro
1393 583 1478 649 D.
1524 583 1756 650 Ioanni
1800 583 2078 651 Oalvino
2123 585 2539 652 Genevensis

584 666 1112 825 scm-fideli
1156 669 1401 753 pastori
1448 667 1712 735 domino
1754 680 1821 737 et
1863 670 2052 737 fratri
2098 691 2221 751 suo
2265 668 2537 738 colendo

2140 819 2382 910 Geniis

751 1009 823 1079 S.
871 1011 955 1078 D.
1000 1011 1208 1079 Binas
1253 1034 1294 1078 a
1337 1024 1452 1079 tua
1498 1013 1908 1080 humanitate
1951 1014 2178 1082 literas
2208 1019 2257 1091 ¹)
2293 1015 2534 1098 accepi,

577 1094 1035 1164 colendissimo
1099 1096 1361 1164 domine
1425 1107 1494 1167 et
1557 1099 1762 1166 frater
1826 1100 2177 1168 carissime.
2264 1100 2534 1168 Priores

578 1183 860 1267 scriptae
918 1194 1112 1249 erant
1166 1186 1267 1250 28.
1327 1183 1622 1251 Ianuarii
1680 1195 1747 1252 et
1801 1187 2158 1255 coniuncta
2202 1185 2534 1252 habebant

578 1280 725 1336 acta
784 1288 1006 1335 rerum
1063 1268 1466 1354 gallicarum.
1554 1271 1959 1338 Posteriores
2000 1273 2293 1339 infausta
2310 1277 2369 1350 ²)
2415 1273 2531 1338 ad-

575 1354 844 1421 modum
920 1355 1310 1422 nunciantes
1373 1356 1598 1423 attulit
1651 1358 1940 1425 Linem.
2030 1357 2183 1426 Scio
2266 1360 2533 1442 quantis

573 1438 906 1507 laboribus
959 1460 999 1506 o
1046 1441 1371 1541 primaria,
1427 1442 1699 1527 ideoque
1751 1444 2032 1512 maiores
2099 1444 2215 1511 tibi
2282 1445 2531 1530 gratias

575 1546 701 1626 ago
765 1546 881 1610 pro
947 1462 1060 1592 (151
1111 1528 1251 1593 enti
1315 1529 1668 1614 scriptione
1733 1542 1866 1597 tua.
1969 1530 2301 1597 Admonet
2368 1531 2531 1597 haec

571 1622 1016 1679 inconstantia
1099 1615 1310 1681 evitas
1365 1624 1557 1699 atque
1613 1616 1882 1682 fatuitas
1935 1616 2127 1683 istius
2152 1619 2207 1696 ⁸)
2263 1637 2386 1682 nos
2431 1615 2532 1682 di·

575 1698 714 1763 viui
772 1697 1097 1763 mandati:
1187 1698 1408 1765 Nolite
1464 1701 1789 1768 confidere
1841 1702 1910 1768 in
2017 1702 2184 1769 rinei
2231 1703 2399 1781 ibus,
2459 1704 2532 1768 in

573 1782 730 1850 filiis
774 1782 1133 1862 hominum,
1187 1786 1260 1852 in
1304 1786 1540 1870 quibus
1585 1809 1716 1853 uon
1762 1796 1864 1855 est
1906 1809 1979 1856 sa
2007 1810 2104 1855 us.
2237 1810 2374 1867 eus,
2419 1790 2531 1873 qui

571 1870 869 1954 potentia
912 1890 1034 1936 sua
1075 1869 1238 1938 haec
1279 1883 1607 1957 operatur,
1665 1873 1807 1940 vult
1848 1874 1917 1939 iu
1962 1875 2348 1941 infirmitate
2393 1876 2530 1941 vir-

575 1966 784 2021 tutem
841 1958 1169 2038 perficere,
1232 1968 1303 2023 ut
1356 1960 1416 2024 ei
1471 1958 1594 2025 soli
1645 1962 1714 2025 in
1759 1958 2037 2026 solidum
2082 1961 2297 2026 omnis
2340 1959 2533 2027 cedat

571 2040 801 2126 gloria.
883 2040 1011 2107 Hic
1055 2042 1341 2111 orandus
1384 2056 1485 2111 est
1529 2044 1715 2112 nobis
1759 2046 2004 2131 absque
2037 2047 2531 2113 intermissione

575 2138 651 2192 ut
693 2126 1032 2194 consilium
1080 2129 1531 2213 Achitophelis
1575 2132 1899 2217 infringat
1940 2146 2002 2198 et
2048 2133 2528 2217 periclitantem

573 2212 896 2279 Davidem
962 2212 1192 2280 liberet
1250 2228 1447 2300 atque
1517 2219 1841 2285 restituat.
1939 2219 2088 2285 Hoc
2144 2221 2431 2284 maxime
2492 2241 2532 2284 a

573 2306 640 2363 te
685 2300 850 2364 scire
908 2298 1128 2378 velim,
1195 2322 1353 2367 num
1399 2301 1513 2368 ille
1556 2325 1627 2370 se
1670 2302 2018 2372 subiecerit
2060 2306 2337 2373 concilio
2380 2305 2530 2370 Tri-

573 2384 844 2451 dentino
859 2387 915 2463 ⁴)
959 2397 1026 2451 et
1069 2386 1318 2471 legatos
1354 2408 1437 2455 ex
1480 2388 1703 2455 Gallia
1738 2392 1811 2456 in
1845 2391 2197 2457 concilium
2233 2389 2529 2457 miserit?

571 2470 819 2537 Hostes
881 2471 1056 2537 enim
1124 2474 1330 2539 nostri
1392 2474 1589 2542 huius
1646 2475 1889 2561 aliquid
1954 2478 2285 2544 iactitant:
2352 2476 2530 2542 unde

573 2566 824 2623 certum
869 2555 1117 2640 aliquid
1159 2560 1325 2625 scire
1376 2581 1701 2645 cuperem.

751 2646 844 2707 16.
884 2642 1174 2708 Ianuarii
1211 2645 1558 2712 concilium
1594 2657 1994 2731 aperuerunt
2030 2649 2334 2715 Tridenti
2373 2648 2529 2714 sub·

569 2727 704 2793 lata
738 2728 880 2794 eius
923 2730 1351 2812 suspensione
1385 2751 1462 2797 ac
1499 2732 1935 2801 decreverunt
1972 2736 2253 2818 primam
2288 2736 2527 2802 sessio-

570 2835 722 2880 nem
759 2813 1125 2880 habendam
1149 2815 1494 2883 Februarii
1518 2822 1618 2883 26.
1666 2823 1728 2885 A
1752 2820 2228 2903 supplicatione
2263 2821 2528 2906 publica

570 2898 883 2967 dicuntur
928 2900 1049 2967 hoc
1125 2923 1288 2987 opus
1364 2904 1656 2987 ipsorum
1735 2905 2035 2990 putidum
2113 2927 2257 2973 esse
2320 2927 2523 2994 orsos.

571 2984 652 3051 In
697 2985 1171 3070 supplicatione
1211 2988 1483 3055 fuerunt
1522 2989 1785 3057 Insulae
1828 2993 2088 3059 circiter
2130 2998 2268 3074 112,
2332 2992 2527 3058 multi

571 3072 888 3137 nimirum
932 3075 1188 3140 cornuti
1233 3076 1421 3142 asini.
1494 3076 1672 3143 Socii
1709 3089 1778 3143 et
1823 3080 2022 3146 vicini
2062 3079 2274 3145 nostri
2319 3077 2528 3161 Quin-

572 3157 913 3257 quepagici
972 3157 1283 3226 dicuntur
1334 3182 1411 3228 eo
1465 3163 1730 3230 missuri
1786 3185 2044 3249 quoque
2098 3186 2287 3231 suam
2344 3164 2526 3250 lega-

573 3251 838 3308 tionem.
867 3245 920 3321 ⁸)
1019 3244 1222 3313 'Potes
1263 3268 1407 3324 sese
1448 3249 1807 3316 subiiciunt
1849 3251 2137 3319 concilio.
2247 3251 2525 3317 Mitten-

573 3327 730 3394 dum
810 3328 1005 3395 audio
1082 3329 1402 3399 Abbatem
1469 3335 1977 3403 Heremitanum
2054 3348 2121 3402 et
2185 3339 2526 3404 Amanum

573 3413 877 3514 Lenissima
955 3413 1468 3501 Subsylvanum.
1569 3420 1854 3506 Ideoque
1918 3422 2363 3506 exspectanda
2426 3435 2530 3489 est

571 3501 756 3567 nobis
800 3511 954 3566 ante
996 3501 1235 3567 festum
1278 3505 1607 3588 paschatis
1642 3507 1951 3574 solemnis
1985 3509 2228 3575 citatio.
2300 3508 2529 3592 Neque

569 3586 744 3652 inter
787 3597 1046 3653 nostros
1091 3586 1426 3657 defuturos
1481 3601 1641 3677 puto
1683 3595 1795 3677 qui
1839 3613 2121 3678 aequum
2166 3615 2310 3661 esse
2353 3593 2528 3659 iudi-

571 3672 816 3770 cabunt
861 3681 934 3738 ut
973 3671 1178 3757 aliqui
1221 3676 1571 3744 mittantur
1614 3689 1681 3744 et
1721 3679 2162 3764 respondeant
2210 3700 2331 3763 pro
2375 3679 2529 3745 reli-

573 3778 766 3842 gione
809 3767 1034 3824 nostra
1074 3768 1195 3826 etc.

743 3843 954 3927 Spero
999 3853 1062 3909 te
1106 3843 1330 3913 literas
1373 3869 1554 3914 meas
1599 3851 1924 3935 accepisse
1966 3871 2132 3934 quas
2165 3850 2250 3917 ad
2297 3863 2362 3916 te
2402 3852 2530 3916 mi-

573 3929 659 3994 sit
719 3950 866 3994 vere
920 3927 1156 3996 nobilis
1216 3932 1317 3998 vir
1361 3933 1555 4000 Hart.
1579 3936 1636 4014 ⁶)
1680 3935 1762 4001 ab
1807 3935 2087 4021 Hallwyl
2127 3937 2366 4020 quibus
2412 3957 2529 4003 ex·

570 4216 744 4273 ⁸⁷¹²
774 4218 836 4354 9)
865 4217 1683 4374 wmffl·
1731 4293 1807 4350 Ν.
1854 4291 2018 4374 3799)
2070 4299 2183 4348 ω..
2223 4294 2345 4360 sm

568 4363 740 4479 aasz
771 4363 1089 4486 sm
1105 4361 1426 4482 fissos·
1509 4361 1644 4417 Μ
1677 4371 1974 4432 ww·
2032 4361 2286 4433 W
2317 4379 2372 4431 v·
2519 4401 2531 4412 ·

778 4493 842 4556 3)
876 4509 1039 4564 nou.

777 4563 1856 4636 uunquaaoatumffmo:
1907 4567 1989 4622 De
2037 4568 2266 4622 concilio
2313 4567 2402 4622 hic
2447 4574 2535 4622 est

571 4633 773 4712 multus
807 4649 1003 4686 sermo.
1089 4633 1348 4717 Mittitur·
1375 4651 1441 4690 eo
1475 4636 1684 4702 legatus
1719 4636 2010 4692 Candalius
2045 4635 2224 4691 Vasco
2443 4643 2535 4691 tus

569 4699 2182 4855 fffftssfufssffleaqmnm‘f‘fiadiffiaessffiiu?
2244 4721 2298 4758 ⁰¹
2369 4705 2536 4828 avg?

573 4839 837 4893 Dicuntur
873 4845 1037 4894 etiam
1077 4839 1228 4895 brevi
1265 4857 1331 4896 eo
1367 4848 1498 4895 ituri
1573 4842 1755 4897 lurimi
1792 4858 1823 4896 e
1863 4843 2046 4913 incepi,
2217 4842 2381 4896 credo
2418 4859 2533 4897 rem

574 4924 680 4962 nou
719 4909 1391 4980 serio-gi—Lepcmu
1557 4911 1798 4976 iasfm't
1889 4911 1977 4966 ud.
2027 4911 2094 4967 dc
2146 4909 2436 4966 &Odoin
2470 4912 2539 4965 de

575 4975 816 5040 Lassae,
850 4977 1142 5033 esu-Am
1179 4979 1256 5033 da
1289 4977 1533 5046 Fen-ier,
1665 4979 1848 5035 uideat
1880 4979 1978 5035 das
2009 4981 2259 5051 eaqueus
2292 4978 2535 5035 ‹1⁸1²oe-

570 5044 1510 5168 gzmdcl'ardn,stouydu
1763 5045 2538 5115 damraaefflcfleoum.

781 5181 843 5246 b)
877 5183 954 5240 N.
1006 5182 1160 5238 3689.
1219 5183 1374 5240 8712.
1471 5185 1659 5241 Atta:
1711 5185 2104 5242 Hcs-m
2157 5181 2544 5254 (Mela)

785 5319 1216 5380 sillero-m
1290 5322 1926 5380 Lim-nomentana

572 5249 759 5318 mi

2105 391 2635 463 EPISOE'OL‘AE
2677 399 2758 461 37
2771 399 3106 462 19-3720

4468 390 4585 453 292

2725 604 2810 649 no
2844 583 3003 668 quid
3025 584 3345 651 Germani
3380 583 3626 667 aliquot
3657 600 3957 666 proceres
3975 580 4280 658 offerant,
4321 588 4391 643 et
4409 597 4587 659 spem

2638 604 2885 736 &ciant
2942 672 3274 754 equitatus
3326 677 3395 737 et
3450 667 3798 753 peditatus.
3864 667 3923 733 si
3965 665 4176 751 princi
4332 661 4589 730 Galliae

2640 755 2866 835 velint,
2910 754 3260 841 colligendi
3284 765 3407 823 etc.
3474 755 3738 821 Interea
3758 775 3842 819 ex
3865 750 4144 819 diversis
4202 750 4335 817 ocis
4374 748 4589 832 accepi

2637 843 2842 919 varia,
2868 863 3036 926 quae
3070 842 3191 908 tibi
3226 839 3575 908 indicanda
3606 860 3749 941 esse
3769 839 3999 940 putavi
4032 857 4268 921 operae
4290 839 4591 921 pretium,

2634 926 3707 1098 fitpzfnfflssssussfflffiffi
3732 923 4147 1079 2⁶32&ss
4276 942 4397 1085 Ὺ
4428 1026 4592 1105 ωας.

2636 1109 2793 1166 tuus
2850 1110 2954 1166 est
3009 1103 3315 1184 princeps
3366 1099 3809 1182 Gondesoessfl)
3866 1095 4039 1181 quod
4094 1106 4170 1161 ut
4225 1094 4463 1160 falsum
4508 1104 4595 1159 sit

2633 1184 3003 1252 Dominum
3036 1207 3168 1264 oro,
3212 1186 3271 1252 si
3312 1206 3564 1263 verum,
3611 1196 3684 1250 ut
3724 1185 4051 1250 letiferum
4096 1179 4342 1246 vulnus
4385 1190 4591 1244 sanet.

2635 1272 3011 1386 Argentina
3032 1277 3086 1372 f)
3134 1273 3364 1339 scribit
3411 1276 3515 1337 vir
3561 1271 3829 1354 quidam
3864 1290 3998 1335 non
4032 1266 4348 1365 vulg-aris:
4396 1264 4595 1363 Prin-

2633 1378 2788 1509 ῒιῗιξθ
2824 1360 3048 1510 met
3101 1356 4483 1534 pringggoeaeffimffimget
4524 1371 4595 1501 :e

2635 1529 2792 1597 huic
2870 1528 3281 1612 Bipmdim,
3359 1527 3814 1612 colloquentur
3890 1527 3961 1592 hi
4022 1545 4172 1591 cum
4234 1527 4591 1607 &aynau-o:

2634 1615 2733 1681 ita
2788 1616 2966 1682 euim
3021 1615 3131 1682 hic
3183 1614 3558 1699 postulavit,
3649 1614 3893 1680 Variae
3936 1613 4317 1679 referuntur
4358 1628 4597 1677 causae

2635 1701 2837 1768 huius
2880 1712 3259 1768 conventus.
3330 1700 3469 1766 Alii
3504 1702 3681 1765 enim
3717 1711 3953 1785 putant
3992 1699 4403 1782 Gwysianm
4444 1715 4598 1778 pos-

2633 1787 3023 1865 tulaturum,
3085 1809 3171 1854 ne
3215 1786 3539 1853 Germani
3581 1787 3907 1853 obsistant
3948 1786 4091 1850 eius
4134 1781 4477 1848 conatibus
4521 1801 4597 1847 ac

2635 1873 3001 1940 haereticos
3043 1875 3113 1938 in
3160 1872 3382 1940 Gallia
3422 1873 3671 1938 iuvent.
3758 1871 3930 1937 Nam
3986 1868 4378 1955 quibusdam
4423 1866 4597 1933 Ger-

2634 1962 2854 2026 manis
2876 1959 3283 2043 principibus
3306 1957 3705 2024 calvinistae
3727 1968 3797 2024 et
3816 1955 4195 2041 Zuingliani
4218 1975 4352 2020 non
4373 1953 4598 2019 minus

2635 2066 2836 2129 quam
2898 2046 3373 2129 Anabaptistae
3431 2044 3744 2112 haeretici
3788 2064 3931 2109 esse
3975 2042 4373 2108 iudicantur.
4464 2039 4603 2105 Alii

2634 2142 2876 2216 putant
2924 2131 3328 2215 Gwysianum
3381 2129 3733 2212 implorare
3776 2129 4099 2195 auxilium
4145 2126 4228 2193 ab
4266 2125 4375 2191 his
4418 2128 4602 2209 prin-

2635 2217 2893 2300 cipibus
2938 2230 3032 2297 ut,
3079 2217 3367 2300 inquam,
3430 2236 3501 2280 se
3544 2226 3914 2299 sequestres
3957 2215 4386 2297 interponant
4428 2213 4602 2277 inter

2635 2305 2857 2387 ipsum
2903 2323 2981 2368 ac
3026 2303 3444 2368 Nemmsium
3502 2314 3571 2367 et
3623 2303 3878 2386 Regem
3933 2300 4209 2366 Galliae.
4301 2297 4597 2373 Addunt,

2634 2389 2933 2475 polliceri
2993 2389 3374 2472 Guysianos
3429 2407 3500 2453 se
3558 2386 3839 2453 libenter
3881 2384 4307 2470 amplexuros
4346 2386 4605 2449 confes-

2634 2476 2888 2541 sionem
2938 2477 3417 2558 Augustanam.
3510 2473 3838 2539 Nimirum
3881 2484 3956 2538 ut
4013 2472 4287 2537 turbent
4334 2471 4603 2535 univer-

2636 2583 2781 2628 sam
2828 2561 3136 2627 Galliam.
3236 2559 3422 2625 Haec
3488 2559 3557 2623 in
3612 2569 3907 2642 tempore
3972 2576 4235 2622 moneo:
4304 2566 4381 2620 tu
4446 2553 4603 2639 quid

2634 2648 2770 2712 iam
2816 2648 2989 2713 facto
3031 2668 3196 2730 opus
3250 2645 3338 2711 sit
3394 2646 3540 2711 scis.
3641 2644 3916 2710 Miseret
3971 2664 4078 2708 me
4136 2642 4350 2707 Besae
4396 2642 4602 2706 nostri

2635 2734 2750 2817 qui
2794 2735 2890 2798 ita
2935 2733 3166 2798 haeret
3208 2733 3277 2796 in
3320 2730 3654 2797 laboribus
3693 2727 4125 2795 intolerandis
4160 2739 4230 2793 et
4264 2726 4605 2810 depugnat

2633 2840 2787 2886 cum
2831 2830 2933 2883 tot
2975 2817 3293 2902 gravibus
3336 2815 3749 2882 adversariis.
3820 2814 4196 2899 Diligenter
4234 2814 4378 2879 eius
4422 2813 4604 2879 salus

2635 2905 2929 2972 Domino
2984 2903 3518 2970 indesinentibus
3577 2902 3882 2986 precibus
3941 2910 4046 2967 est
4109 2898 4599 2966 committenda

2635 2989 2979 3057 Salutabis
3020 2990 3208 3054 illum
3252 3009 3399 3053 meo
3434 2989 3717 3053 nomine.

2806 3077 3039 3160 Lipsia
3091 3076 3399 3143 scribitur
3446 3073 3597 3151 huc,
3653 3075 4063 3157 episcopatus
4116 3083 4271 3153 tres,
4326 3073 4603 3157 Magdo-

2632 3162 3051 3248 burgensem,
3090 3161 3477 3227 Hallsnsem
3518 3172 3585 3225 et
3622 3159 4265 3244 merseburgensem,
4284 3162 4339 3235 ⁸)
4369 3169 4603 3241 sponte

2633 3249 2965 3332 accepisse
3019 3247 3436 3331 evangelium
3492 3256 3561 3310 et
3616 3246 3929 3311 abiecisse
3971 3253 4304 3329 papatum.
4394 3244 4597 3310 Libe-

2631 3355 2786 3400 rum
2830 3334 3165 3401 canonicis
3221 3333 3616 3416 permissum
3665 3331 4065 3415 coniugium,
4130 3331 4597 3396 scortationem

2629 3420 3069 3506 prohibitam:
3116 3417 3454 3484 monachis
3497 3429 3564 3483 et
3604 3417 3849 3483 nonnis
3884 3435 3962 3482 ao
3994 3417 4310 3482 sacrificis
4342 3427 4597 3483 certum

2676 3507 3114 3658 ῗθὲἒῗῆἳέἓ
3157 3500 4601 3674 ἶῗς..Ρ“ῗ.ἒ“ῗ.ῑῖἓξαὶῗἛέζιέἕ”ἑηὲἶᾝ

2633 3677 2928 3743 medium
2988 3676 3394 3741 Ianuarium.
3498 3673 3892 3757 Martburgo
3957 3671 4273 3739 scribitur
4338 3671 4425 3738 ad
4490 3692 4601 3737 me

2633 3763 2986 3830 Februarii
3061 3769 3125 3824 l:
3220 3761 3373 3826 Rex
3438 3759 3698 3826 Βαναία
3761 3779 3962 3825 naves
4022 3758 4279 3842 aliquot
4328 3767 4599 3824 onustas

2634 3849 2875 3932 amplis
2940 3847 3175 3931 opibus
3238 3847 3307 3910 vi
3362 3843 3982 3929 Hamburgensibus
4045 3844 4356 3909 abstulit:
4426 3844 4599 3909 unde

2634 3955 2744 4000 res
2809 3934 2893 3999 ad
2950 3943 3144 3998 atrox
3201 3931 3444 3998 bellum
3501 3943 3796 4014 spectare
3854 3928 4181 4006 videatur,
4248 3931 4357 3997 cui
4414 3929 4598 3995 facile

2634 4019 2831 4085 multi
2886 4021 3026 4085 sint
3082 4015 3483 4101 implicandi.
3573 4016 3727 4082 Non
3769 4015 3994 4099 procul
4038 4014 4317 4081 Colonia
4360 4018 4601 4098 Aquis-

2634 4125 2923 4190 granum
3011 4124 3245 4170 versus
3329 4101 3607 4167 militem
3693 4101 4014 4169 conscribi
4103 4099 4411 4184 Philippo
4498 4099 4597 4166 vel

2638 4191 3021 4274 Guysianis.

2810 4277 2919 4342 Ex
2979 4274 3174 4340 Italia
3230 4273 3565 4349 audimus,
3631 4273 3928 4339 subditos
3984 4273 4248 4339 comitis
4298 4272 4597 4338 maias

2638 4361 2950 4428 defecisse
3007 4358 3090 4425 ad
3134 4361 3497 4442 principem
3544 4357 4003 4424 F'lorentinum.
4036 4362 4120 4438 ¹⁰)
4208 4358 4415 4426 Hunc
4457 4380 4599 4425 oon·

2637 4450 2967 4514 sentiente
3023 4468 3198 4530 papa
3239 4466 3487 4510 novum
3532 4445 3894 4510 instituisse
3937 4443 4239 4509 ordinem
4285 4446 4594 4528 equitum.

2637 4533 2868 4618 quales
2917 4532 3161 4598 Rhodii
3206 4543 3380 4606 sunt,
3433 4551 3596 4614 quos
3640 4529 3713 4596 S.
3760 4529 4089 4613 Stephani
4110 4534 4198 4610 ¹¹)
4244 4541 4595 4614 nuncupet.

2652 4729 2693 4734 ι
2732 4727 2853 4734 -.-.—..
2884 4726 3033 4733 ———--

2848 4837 4347 4910 nummosi-atstednorbo‘ooeasioneom
4422 4836 4595 4902 (La-

2635 4917 2765 4981 quet
2798 4910 2882 4965 10.
2920 4909 3049 4964 Ian.
3066 4924 3137 5031 ᾖ
3175 4905 3333 5029 18802

2846 4978 2909 5110 g}
2997 4974 3329 5100 ..mmsszt‘
3365 4973 3526 5097 ἓἕξΙΙΙ.
3560 4972 3718 5028 3712.

2640 5190 2762 5241 tota
2793 5115 3303 5239 gilgossaoemg.
3329 5111 3658 5235 3331}ss
3692 5111 4050 5234 5³32?th
4066 5113 4199 5236 (eius
4245 5109 4597 5249 (ηηζίιΐιψιῗιξξ

2640 5255 2785 5310 nivit
2855 5269 2999 5384 Irasci)
2948 5249 3240 5376 &mm
3248 5249 3565 5373 Hzmffl.m⁰
3600 5248 3751 5312 2⁷3).
