4900 6125
613 433 753 498 339

624 613 799 700 quod
833 613 998 679 haec
1031 613 1260 680 eadem
1296 612 1639 698 particula,
1685 632 1862 678 unus
1884 613 2089 692 Deus,
2134 612 2434 678 absolute
2477 631 2597 761 plo-

624 700 752 768 sita
797 719 931 765 non
976 698 1057 765 de
1101 699 1229 764 alio
1271 699 1717 783 praedicetur,
1759 697 1833 763 id
1873 707 2009 778 est,
2054 718 2266 782 neque
2310 696 2392 764 de
2435 698 2480 762 fi
2514 697 2593 778 ‘o,

627 805 842 870 neque
920 783 1002 851 de
1067 786 1304 869 spiritu
1369 794 1597 850 sancto
1619 836 1634 862 ‚
1715 784 1845 849 nisi
1912 805 2172 868 semper
2238 782 2319 849 de
2383 791 2594 867 patre.

628 869 826 954 Quod
868 871 1118 938 scilicet
1159 871 1270 937 ille
1312 871 1492 936 solus
1537 891 1734 936 verus
1777 871 1867 935 sit
1910 871 2117 946 Deus,
2162 891 2244 935 ex
2291 890 2418 954 quo
2453 889 2597 935 om-

626 958 759 1035 nia,
805 976 940 1021 una
981 956 1242 1036 innata,
1288 957 1587 1041 ingenita
1631 977 1747 1022 seu
1790 955 2201 1021 innascibilis
2235 955 2482 1034 virtus,
2529 963 2599 1020 et

627 1059 765 1109 nna
806 1043 951 1108 sine
995 1043 1183 1108 initio
1227 1053 1546 1126 potestas,
1612 1051 1690 1106 ut
1731 1040 2036 1108 Hilarius
2079 1042 2190 1108 ait.
2280 1041 2435 1106 Non
2479 1062 2596 1106 ne·

629 1138 795 1214 gant
857 1138 1109 1206 tamen,
1177 1128 1339 1213 quin
1404 1127 1714 1194 facillime
1780 1137 1848 1194 et
1889 1126 2132 1193 diserte
2175 1128 2595 1204 confitentur,

627 1214 1018 1298 particulam
1066 1216 1250 1281 Deus
1307 1213 1672 1298 praedicari
1736 1233 1990 1296 quoque
2057 1211 2138 1278 de
2181 1212 2317 1278 filio
2382 1221 2452 1278 et
2515 1209 2596 1277 de

627 1301 865 1384 spiritu
909 1311 1166 1378 sancto,
1223 1321 1354 1365 non
1400 1307 1622 1364 tamen
1668 1298 1994 1376 absolute,
2061 1298 2176 1365 sed
2221 1320 2370 1365 cum
2414 1308 2598 1365 certa

627 1386 1254 1469 circumscriptione,
1291 1383 1372 1450 de
1417 1406 1545 1469 qua
1589 1384 1788 1469 paulo
1832 1386 2025 1450 infra.
2103 1387 2201 1451 Ac
2243 1384 2596 1449 manifeste

628 1470 893 1550 docent,
950 1472 1228 1537 minime
1271 1471 1537 1554 spoliari
1577 1470 1786 1535 filium
1830 1471 1957 1537 Dei
2003 1470 2380 1548 divinitate,
2437 1470 2594 1535 dum

626 1557 752 1622 soli
806 1557 977 1641 patri
1037 1558 1236 1622 unius
1295 1558 1433 1624 veri
1478 1555 1607 1621 Dei
1664 1558 2155 1640 praerogativa,
2217 1564 2292 1621 ut
2347 1556 2594 1622 dictum

625 1653 756 1720 est,
817 1643 1147 1708 tribuitur.
1220 1643 1359 1708 Nec
1401 1642 1598 1708 etiam
1636 1664 1754 1726 per
1798 1641 2186 1726 particulam
2234 1642 2431 1706 unius
2470 1641 2597 1707 Dei

628 1727 933 1813 derogari
975 1729 1326 1812 quicquam
1373 1737 1492 1794 aut
1534 1727 1792 1793 detrahi
1836 1728 1970 1793 filio
2014 1729 2177 1806 Dei,
2224 1749 2309 1792 ne
2353 1736 2420 1792 et
2454 1728 2597 1809 ipse

627 1831 887 1898 quoque
952 1814 1042 1879 sit
1087 1816 1289 1891 Deus,
1358 1813 1529 1898 quod
1598 1825 1786 1897 pater
1828 1815 2014 1879 Deus
2056 1834 2230 1879 unus
2273 1825 2389 1879 est.
2470 1814 2597 1878 Est

628 1900 806 1965 enim
853 1899 1028 1965 filius
1073 1901 1153 1965 de
1197 1911 1414 1983 patre,
1473 1900 1656 1964 Deus
1701 1920 1903 1964 verus
1948 1898 2028 1964 de
2073 1900 2217 1964 Deo
2264 1920 2450 1979 vero,
2512 1920 2595 1963 ex

629 1983 778 2051 Deo
846 1987 915 2050 in
979 1984 1198 2051 Deum
1266 1988 1546 2070 genitus.
1650 1983 1846 2066 Quod
1913 2006 2071 2051 vero
2141 1984 2266 2050 soli
2333 1994 2597 2050 tantum

623 2073 804 2155 patri
850 2072 1045 2138 unius
1092 2072 1235 2136 veri
1283 2072 1408 2137 Dei
1452 2071 1803 2155 appellatio
1848 2072 2277 2149 attribuatur,
2340 2068 2408 2135 id
2453 2070 2598 2135 fieri

627 2158 757 2220 κατ’
800 2156 1041 2238 ἐξοχὴν,
1104 2169 1372 2241 propter
1415 2167 1628 2223 certas
1672 2158 1977 2222 rationes.
2062 2157 2397 2233 Primum,
2443 2156 2600 2238 quia

629 2243 947 2308 autoritas
1015 2242 1201 2309 verbi
1247 2242 1377 2309 Dei
1432 2242 1558 2308 hoc
1618 2253 1855 2326 urgeat
1913 2252 1981 2307 et
2037 2242 2266 2307 doceat
2323 2243 2599 2325 spiritus

628 2339 895 2394 sanctus
949 2350 1069 2412 per
1112 2339 1314 2394 totam
1362 2330 1794 2414 scripturam,
1854 2349 2056 2410 quum
2103 2328 2599 2393 distinctissime

629 2413 713 2480 dc
767 2423 956 2498 patre
1002 2423 1071 2481 et
1128 2414 1209 2480 de
1265 2415 1409 2479 filio
1470 2415 1781 2497 loquitur.
1870 2413 2133 2479 Deinde
2192 2412 2365 2496 quod
2411 2425 2601 2497 pater

627 2501 716 2566 sit
758 2501 1054 2566 omnium
1100 2501 1319 2578 Deus,
1388 2501 1822 2584 principium,
1888 2499 2112 2575 radix,
2159 2501 2399 2566 scaturi
2450 2521 2489 2563 o
2533 2508 2602 2563 et

627 2586 771 2652 fons
859 2586 1225 2651 divinitatis
1312 2586 1448 2651 filio
1528 2597 1596 2651 et
1681 2585 1944 2668 spiritui
2041 2597 2287 2651 sancte.
2483 2606 2601 2650 eus

630 2693 787 2758 ergo
852 2694 984 2737 non
1053 2672 1246 2737 modo
1313 2672 1727 2738 conditarum
1789 2692 2047 2748 rerum,
2115 2670 2229 2737 sed
2298 2671 2602 2755 inprimis

630 2759 815 2825 Deus
881 2758 998 2823 filii
1085 2759 1228 2836 sui,
1315 2757 1564 2823 domiui
1643 2757 1851 2822 nostri
1918 2756 2072 2821 Iesu
2140 2757 2436 2831 Christi,
2518 2778 2606 2821 ex

628 2845 815 2910 cuius
882 2844 1279 2922 substantia,
1353 2855 1623 2920 natura,
1697 2844 1985 2908 essentia
2051 2863 2166 2908 seu
2233 2843 2601 2921 divinitate,

628 2930 807 2996 filius
874 2939 1030 2995 ante
1096 2930 1320 2995 omnia
1384 2928 1604 2994 secula
1682 2929 1948 3014 genitus
2014 2938 2117 2993 est
2195 2937 2262 2994 et
2326 2950 2603 3012 genera·

630 3016 811 3083 tione
871 3018 1123 3101 accepit
1160 3037 1201 3081 a
1244 3023 1432 3101 patre
1486 3015 1975 3082 subsistentiam
2035 3034 2257 3090 suam,
2312 3035 2388 3081 ac
2441 3013 2604 3079 adeo

631 3104 850 3187 ipsum
899 3123 1043 3169 esse
1088 3124 1317 3182 suum,
1375 3112 1444 3167 et
1487 3103 1612 3168 hoc
1655 3099 1964 3184 quicquid
2008 3111 2110 3166 est
2152 3102 2311 3184 ipse.
2400 3101 2606 3166 Pater

637 3190 862 3272 itaque
904 3187 1303 3274 principium
1350 3188 1497 3265 filii,
1558 3186 1734 3253 unde
1778 3197 1847 3252 et
1904 3195 2104 3269 caput
2146 3186 2402 3253 Christi
2444 3185 2604 3251 dici-

640 3281 780 3351 tur,
850 3275 1155 3358 quamvis
1214 3283 1280 3338 et
1338 3273 1649 3339 Christus
1716 3272 2108 3358 principium
2175 3293 2398 3337 rerum
2467 3293 2596 3337 om-

638 3362 845 3439 nium,
891 3361 1006 3426 sed
1049 3382 1183 3426 non
1224 3362 1450 3443 patris,
1496 3367 1569 3424 at
1609 3359 1788 3424 illius
1825 3379 1984 3424 vera
2018 3358 2255 3441 imago,
2302 3358 2606 3440 quamvis

638 3446 826 3512 nulla
863 3467 946 3511 ex
989 3454 1179 3531 parte
1224 3445 1592 3524 dissimilis,
1653 3443 1768 3509 sed
1825 3444 2093 3509 omnino
2150 3444 2608 3508 indifferenter

640 3531 946 3616 aequalis.
1041 3533 1119 3597 In
1189 3542 1512 3615 quantum
1579 3540 1799 3595 tamen
1865 3531 2042 3595 filius
2107 3539 2239 3610 est,
2295 3529 2376 3594 de
2420 3540 2609 3611 patre

644 3618 897 3702 accepit
940 3626 1016 3682 ut
1059 3619 1164 3696 sit,
1211 3639 1412 3701 quum
1459 3616 1572 3682 ille
1611 3615 1694 3681 de
1734 3616 1869 3681 filio
1914 3615 1981 3681 id
2027 3635 2157 3680 non
2202 3616 2483 3698 accepit:
2539 3614 2608 3679 id

643 3704 844 3770 etiam
890 3703 1069 3769 filius
1113 3703 1359 3769 debens
1403 3704 1573 3786 patri
1628 3701 1800 3786 quod
1860 3712 1994 3778 est,
2059 3712 2127 3767 et
2177 3701 2349 3784 quod
2396 3699 2609 3766 eidem

645 3791 817 3873 patri
862 3788 1151 3872 aequalis
1195 3802 1262 3853 et
1302 3810 1421 3871 par
1480 3800 1596 3853 est.
1689 3788 1893 3854 Pater
1937 3798 2157 3853 autem
2205 3786 2371 3852 nulli
2419 3787 2613 3852 debet

646 3873 953 3960 quicquid
1015 3885 1133 3941 est.
1223 3874 1382 3940 Ideo
1442 3877 1696 3940 ratione
1763 3873 2037 3959 originis
2103 3895 2222 3939 seu
2288 3873 2610 3958 principii,

645 3983 734 4027 ne
778 3962 969 4045 plura
1026 3962 1351 4044 principia
1392 3962 1460 4025 in
1519 3960 1867 4025 divinitate
1921 3960 2351 4039 inducantur,
2418 3969 2486 4024 et
2528 3980 2613 4023 ex

648 4048 1115 4130 consequentia
1159 4046 1382 4131 plures
1426 4045 1573 4122 Dii,
1635 4045 1759 4111 soli
1817 4047 1994 4128 patri
2040 4046 2350 4111 tribuitur
2388 4043 2611 4129 appel-

649 4134 808 4198 latio
853 4134 1050 4198 unius
1095 4133 1239 4198 veri
1283 4131 1441 4210 Dei,
1501 4131 1674 4215 quod
1719 4133 1860 4215 ipse
1902 4130 2080 4197 solus
2123 4131 2463 4214 ingenitus
2506 4130 2613 4203 sit,

648 4220 952 4304 principii
989 4239 1064 4285 ao
1109 4220 1381 4302 originis
1416 4239 1671 4300 expers,
1715 4227 1782 4282 ct
1814 4226 2166 4300 propatora
2186 4238 2318 4282 non
2343 4216 2614 4292 habens,

652 4302 768 4371 sed
812 4306 953 4387 ipse
997 4306 1087 4370 sit
1131 4326 1171 4369 a
1214 4327 1284 4369 se
1328 4304 1472 4387 ipso
1514 4316 1582 4368 et
1625 4325 1712 4369 ex
1757 4325 1827 4368 se
1873 4305 2017 4387 ipso
2059 4303 2265 4381 Deus,
2307 4312 2375 4367 et
2419 4323 2614 4384 prop-

651 4400 833 4456 terca
901 4391 1198 4455 omnium
1243 4389 1464 4467 Deus,
1530 4398 1595 4453 et
1660 4388 1779 4454 soli
1842 4390 2011 4471 patri
2079 4397 2410 4471 competat
2452 4386 2617 4453 haec

700 4475 979 4542 articula
1020 4478 1317 4541 omnium
1360 4475 1565 4552 Deus,
1610 4475 1780 4558 quod
1824 4484 1891 4539 et
1934 4473 2189 4540 Christi
2234 4474 2433 4539 Deus.
2508 4473 2613 4537 Ex

653 4498 800 4626 beo
844 4561 1095 4627 scilicet
1135 4563 1206 4626 in
1234 4562 1452 4627 Deum
1492 4569 1704 4635 natus,
1750 4559 1865 4625 sed
1903 4574 2125 4624 tamen
2160 4580 2293 4624 non
2317 4559 2613 4624 omnium

654 4648 878 4728 Deus,
945 4648 1059 4731 qui
1103 4669 1236 4712 non
1300 4648 1388 4713 sit
1432 4647 1615 4712 Deus
1660 4647 1881 4729 patris.
1971 4645 2065 4710 Et
2108 4665 2306 4710 verus
2349 4644 2614 4728 quidem

654 4734 842 4799 Deus
885 4733 966 4799 de
1002 4733 1146 4799 Deo
1190 4754 1379 4807 vero,
1438 4754 1611 4798 unus
1655 4732 1736 4798 ab
1783 4731 2225 4814 uno,‘plenus
2269 4729 2352 4796 de
2393 4730 2614 4815 plenu,

653 4820 982 4904 perfectus
1026 4817 1109 4883 de
1153 4820 1469 4902 perfecto,
1519 4818 1803 4884 essentia
1847 4815 1928 4883 de
1972 4818 2290 4895 essentia,
2347 4817 2492 4882 vita
2533 4815 2616 4881 de

654 4905 824 4985 vita,
892 4904 1114 4969 lumen
1173 4903 1255 4970 de
1298 4904 1574 4970 lumine:
1644 4912 2030 4970 coaeternus
2088 4923 2275 4987 ergo,
2340 4901 2617 4967 consub-

655 4990 1017 5068 stantialis,
1084 4990 1489 5067 coinfinitus,
1557 4989 1854 5055 eiusdem
1898 4989 2290 5066 maiestatis,
2349 4989 2615 5072 gloriae,

656 5076 1015 5160 potentiae,
1081 5078 1303 5160 regni,
1370 5076 1628 5159 imperii
1693 5084 1888 5158 atque
1950 5074 2418 5139 dominationis
2466 5094 2616 5139 cum

656 5172 875 5311 patre,
933 5161 1103 5244 quod
1148 5160 1396 5227 scilicet
1438 5161 1512 5226 in
1554 5161 1666 5225 illo
1712 5161 2049 5244 plenitudo
2091 5158 2456 5225 divinitatis
2500 5159 2616 5224 ha-

701 5247 825 5312 itet
885 5247 1346 5330 corporaliter,
1412 5252 1480 5312 et
1540 5246 1713 5330 quod
1750 5246 1849 5311 illi
1913 5245 2135 5311 omnia
2173 5245 2415 5310 tradita
2459 5256 2620 5312 sunt

656 5354 699 5398 a
743 5340 945 5415 patre,
990 5340 1058 5397 et
1099 5331 1362 5415 quidem
1405 5331 1685 5407 tradita,
1733 5353 1865 5398 non
1909 5341 1989 5398 ut
2028 5352 2220 5399 servo
2263 5350 2304 5395 a
2348 5329 2615 5398 domino

359 5806 1066 6122 t

2304 420 2774 493 EPIS'POLA
2816 428 2986 493 4126

4507 426 4600 489 340

2698 612 2890 682 modo
2946 614 3351 699 largitionis,
3419 611 3536 678 sed
3594 621 3673 677 ut
3725 612 3861 678 filio
3915 632 3957 677 a
3996 619 4217 697 patre,
4284 612 4523 677 nominc
4553 625 4605 677 et

2698 700 2891 767 modo
2980 700 3381 767 enerationis
3419 697 3602 765 illius
3658 707 3997 777 aeternae,
4070 696 4437 778 ineffabilis,
4480 718 4606 781 quse

2698 787 2865 852 nulli
2909 797 2998 852 sit
3039 788 3306 870 cognita
3350 785 3479 850 nisi
3522 783 3649 849 soli
3689 785 3885 869 patri.
3970 783 4101 850 His
4138 783 4489 849 rationibus
4520 783 4606 846 ad·

2699 872 2852 938 duci
2894 892 2965 939 se
3009 871 3270 951 dicunt,
3336 893 3455 938 cur
3507 868 3631 935 soli
3675 871 3847 955 patri
3889 870 4418 954 praerogativam
4456 871 4610 934 unius

2697 956 2828 1024 Dei
2874 957 3270 1039 attribuant,
3328 977 3449 1041 per
3505 955 3629 1021 hoc
3683 969 3905 1022 tamen
3964 954 4134 1020 nihil
4178 955 4481 1039 derogent
4522 967 4611 1019 aut

2700 1044 3054 1110 detrahant
3102 1043 3240 1109 filio
3298 1042 3458 1119 Dei,
3536 1062 3622 1107 ne
3688 1049 3757 1107 et
3808 1043 3953 1125 ipse
4008 1062 4265 1126 quoque
4321 1041 4411 1107 sit
4458 1062 4613 1106 verus

2699 1132 2902 1209 Deus,
2948 1128 3063 1196 sed
3110 1138 3332 1195 tamen
3379 1127 3480 1193 illi
3522 1128 3896 1212 praedictae
3938 1127 4321 1210 particulae,
4367 1127 4613 1192 omnium

2699 1216 2919 1367 Deus,
2979 1224 3049 1282 et
3090 1237 3263 1281 unus
3298 1215 3519 1292 Deus,
3561 1213 3859 1280 absolute
3903 1234 4038 1279 non
4077 1223 4481 1298 competunt,
4518 1213 4617 1278 nisi

2699 1302 2821 1367 soi
2910 1302 3058 1367 atri.

2864 1324 3096 1452 prex-tio
3138 1386 3285 1451 loco
3329 1385 3412 1451 ad
3459 1385 3855 1450 sententiam
3900 1385 4152 1449 domini
4195 1382 4470 1451 doctoris
4502 1383 4619 1448 Lis-

2698 1474 2949 1539 mam‘m’
2974 1523 2989 1550 ‚
3056 1473 3230 1556 quod
3285 1492 3430 1536 eam
3487 1470 3735 1536 scilicet
3793 1491 3928 1536 non
3985 1470 4276 1536 audeant
4318 1470 4620 1536 admittere

2699 1569 2818 1624 aut
2860 1557 3201 1643 amplecti,
3265 1558 3361 1622 ita
3423 1565 3993 1641 argumentantur.
4082 1554 4162 1621 Si
4206 1566 4422 1639 pater,
4482 1554 4621 1619 lilius

2699 1655 2764 1710 et
2809 1646 3083 1728 spiritus
3126 1653 3393 1710 sanctus
3437 1652 3540 1709 est
3582 1642 3722 1707 sive
3766 1652 3923 1707 sunt
3964 1641 4160 1717 (haec
4225 1643 4402 1707 enim
4444 1643 4625 1723 aequi-

2702 1731 2981 1814 pollent)
3029 1751 3205 1795 unus
3252 1729 3468 1805 Deus,
3530 1729 3871 1811 quaeritur
3912 1729 4100 1793 cuius
4148 1728 4275 1793 Dei
4320 1728 4448 1793 erit
4484 1727 4625 1792 filius

2698 1817 2861 1895 Doi,
2922 1816 3226 1881 dominus
3286 1823 3511 1880 noster
3553 1814 3743 1879 Iesus
3788 1814 4114 1880 Christus.
4202 1812 4279 1879 Si
4331 1815 4503 1878 enim
4550 1835 4627 1877 re-

2700 1902 3094 1985 spondetur,
3156 1900 3328 1984 quod
3375 1898 3665 1965 eiusdem
3711 1902 3908 1965 unius
3952 1900 4102 1976 Dei,
4148 1899 4401 1964 illative
4442 1917 4627 1964 conse-

2699 1989 2958 2071 quitur,
3026 1986 3237 2053 filium
3305 2006 3563 2069 quoque
3627 1984 3752 2050 sibi
3816 2006 3961 2050 esse
4007 1994 4283 2070 patrem.
4373 1984 4453 2050 Id
4490 1981 4631 2067 qnod

2701 2073 3057 2139 absurdum
3094 2093 3237 2138 esse
3274 2073 3480 2149 aiunt,
3516 2081 3583 2135 et
3605 2072 3776 2154 quod
3814 2071 3978 2136 haec
4008 2072 4410 2154 praedicatio
4430 2073 4629 2153 partim

2702 2158 3147 2225 Sabellianam
3193 2158 3670 2234 confusionem,
3721 2159 3959 2240 partim
4004 2158 4197 2240 plura
4243 2157 4550 2241 principia
4580 2157 4631 2218 iu

2702 2244 3050 2311 divinitate
3080 2244 3439 2321 induceret,
3477 2250 3544 2306 et
3567 2242 3915 2326 plerosque
3951 2242 4115 2307 alios
4152 2255 4359 2309 tetros
4394 2261 4629 2307 errores.

2878 2331 3149 2413 Quarto.
3211 2328 3287 2395 si
3333 2340 3539 2411 pater,
3577 2327 3755 2394 filius
3790 2341 3859 2392 et
3892 2328 4163 2411 spiritus
4200 2339 4467 2394 sanctus
4500 2348 4631 2391 unus

2702 2417 2891 2483 Deus
2960 2426 3088 2482 est:
3159 2414 3691 2496 consequentiam
3752 2414 3965 2479 videri
4010 2414 4211 2491 velle,
4279 2414 4455 2497 quod
4497 2412 4633 2477 idem

2705 2504 2791 2568 sit
2834 2503 3250 2578 incarnatus,
3309 2500 3483 2565 idem
3540 2520 3658 2583 pro
3714 2520 3956 2583 genere
4000 2500 4295 2565 humano
4342 2520 4559 2584 passus
4587 2509 4633 2560 et

2705 2599 3039 2654 mortuus:
3109 2587 3324 2651 amitti
3383 2606 3541 2669 ergo
3586 2585 4047 2662 mediatorem,
4114 2599 4180 2651 et
4223 2586 4635 2651 confusionem

2708 2677 3084 2739 trinomiam
3141 2670 3415 2738 Sabellii
3461 2672 3699 2736 induci.
3772 2671 4061 2737 Proinde
4106 2681 4182 2735 ut
4216 2683 4356 2737 tam
4396 2669 4637 2736 abmrdn

2707 2773 2776 2825 et
2852 2761 3056 2842 impia
3120 2759 3455 2823 evitentur
3481 2808 3496 2834 ,
3575 2756 3974 2822 servandam
4040 2779 4185 2822 esse
4250 2758 4543 2842 regulam
4588 2756 4637 2818 in

2708 2845 2910 2913 verbo
2956 2845 3085 2910 Dei
3129 2845 3547 2928 propositam,
3594 2842 3766 2926 quod
3813 2843 4310 2909 distinctissime
4354 2845 4637 2926 scriptun

2709 2931 2790 2997 de
2846 2940 3034 3013 patre
3092 2940 3160 2995 et
3214 2930 3348 2994 filio
3396 2928 3522 2993 Dei
3566 2928 3899 3012 loquatur:
3956 2928 4491 3013 servandumque
4538 2926 4635 2990 dis-

2709 3018 2962 3086 crimen
3005 3016 3278 3094 clarum,
3322 3025 3622 3099 apertum
3668 3023 3737 3080 et
3776 3015 4203 3081 manifestum
4246 3014 4431 3081 inter
4464 3015 4637 3080 Deum

2708 3105 3097 3188 ingenitum,
3143 3103 3360 3167 Deum
3406 3101 3838 3178 invisibilem,
3897 3123 4095 3184 quem
4151 3121 4352 3167 nemo
4397 3118 4637 3183 unquam

2710 3191 2915 3267 vidit,
2960 3187 3182 3252 Deum
3242 3187 3649 3253 habitantem
3694 3186 3907 3253 lucem
3967 3189 4414 3266 inaccessam,
4458 3184 4637 3250 Deum

2711 3276 3038 3353 omnium,
3097 3293 3136 3338 a
3179 3292 3250 3337 se
3293 3274 3439 3355 ipso
3484 3282 3552 3337 et
3597 3293 3682 3336 ex
3720 3293 3791 3337 se
3836 3274 3979 3355 ipso
4025 3274 4278 3350 Deum,
4339 3282 4637 3357 expertem

2711 3363 2925 3427 omnis
2983 3358 3292 3443 originis,
3341 3356 3406 3421 id
3452 3368 3581 3437 est,
3630 3359 3884 3436 Deum,
3940 3380 4021 3423 ex
4067 3378 4198 3441 quo
4244 3362 4501 3431 omnia,
4540 3376 4639 3420 non

2710 3447 3067 3512 habentem
3113 3454 3477 3528 propatora,
3523 3442 3746 3508 Deum
3793 3445 4190 3521 mittentem,
4249 3445 4415 3510 item
4462 3443 4639 3507 Deum

2712 3533 3085 3607 donantem,
3135 3531 3353 3596 Deum
3400 3529 3753 3594 iubentem.
3824 3530 4013 3596 Haec
4048 3531 4226 3595 enim
4263 3531 4526 3613 proprie
4552 3526 4641 3593 suli

2712 3619 2884 3703 patri
2939 3626 3311 3699 competere
3356 3614 3616 3691 dicunt,
3675 3624 3742 3679 et
3787 3615 3961 3698 quod
4007 3616 4342 3698 scriptura
4378 3616 4642 3681 distinete

2714 3705 2795 3769 de
2861 3704 2984 3768 hoc
3029 3702 3173 3768 Deo
3238 3709 3427 3783 patre
3495 3699 3803 3782 loquatur
3832 3753 3847 3778 ,
3915 3712 3984 3765 et
4039 3701 4354 3767 distincte
4414 3701 4493 3766 de
4542 3698 4643 3765 filiu

2715 3792 2883 3866 Dei,
2967 3788 3048 3853 de
3107 3809 3182 3852 eo
3241 3786 3491 3851 scilicet
3533 3784 3713 3862 Deo,
3784 3789 3897 3869 qui
3959 3798 4115 3852 ante
4174 3790 4410 3853 omnia
4464 3784 4645 3853 secula

2715 3876 2980 3960 genitus
3022 3882 3154 3951 est,
3222 3890 3344 3955 per
3387 3893 3584 3955 quem
3629 3882 3695 3936 et
3736 3874 3962 3938 secula
4003 3873 4267 3937 condita
4314 3885 4505 3949 sunt,
4560 3870 4643 3953 qui

2715 3962 2786 4026 in
2831 3961 3046 4043 specie
3091 3958 3306 4041 angeli
3352 3957 3768 4040 colloquutus
3812 3968 3915 4023 est
3956 3980 4107 4024 cum
4152 3960 4489 4041 patribus,
4528 3976 4643 4022 cun

2718 4046 3131 4123 Abrabamo,
3192 4046 3481 4108 luctatus
3525 4054 3628 4109 est
3670 4065 3821 4109 cum
3866 4044 4139 4122 Iacobo,
4183 4046 4303 4127 qui
4351 4040 4643 4110 deseendit

2716 4134 2785 4197 in
2832 4131 3222 4207 Sodomam,
3288 4144 3356 4194 et
3422 4128 3591 4211 pluit
3655 4128 3870 4194 sulfur
3941 4140 4011 4194 et
4076 4132 4295 4214 ignem
4360 4134 4443 4195 dc
4504 4126 4643 4194 coelo

2715 4240 2914 4301 super
2933 4218 3163 4300 ipsam,
3202 4215 3508 4280 dominus
3552 4236 3592 4279 a
3627 4213 3908 4293 domino,
3942 4214 4239 4281 Iehovah
4282 4238 4327 4281 a
4368 4211 4643 4282 lehonh.

2716 4305 2830 4388 qui
2888 4302 3263 4386 alloquutus
3320 4311 3424 4366 est
3469 4301 3725 4366 Moisen
3787 4302 3853 4365 in
3911 4302 4107 4378 rubo,
4167 4302 4277 4385 qui
4344 4304 4414 4367 in
4472 4298 4643 4383 specie

2717 4389 3172 4456 columnarum
3217 4386 3394 4471 ignis
3440 4408 3558 4469 per
3602 4398 3859 4452 noctem
3917 4398 3984 4452 et
4027 4387 4303 4452 umbrae
4348 4409 4469 4471 per
4506 4385 4641 4449 diem

2718 4477 3004 4559 protexit
3082 4484 3149 4538 et
3217 4471 3497 4537 deduxit
3556 4473 3866 4555 populum
3926 4472 4133 4538 Israel
4211 4494 4295 4539 ex
4357 4478 4643 4557 Aegypta

2717 4563 2830 4646 qui
2896 4560 3109 4645 legem
3177 4559 3330 4624 tulit
3387 4570 3454 4624 et
3513 4560 3586 4622 in
3644 4568 3867 4623 monte
3923 4558 4347 4643 colloquutus
4391 4572 4491 4624 est
4526 4573 4643 4620 eun

2716 4648 2947 4723 Molee,
2993 4646 3104 4729 qui
3149 4666 3233 4709 ex
3278 4644 3498 4711 radice
3534 4644 3755 4710 Iessae
3799 4644 4242 4728 egrediundus
4276 4658 4443 4719 erat,
4484 4658 4641 4726 qum

2717 4733 2963 4798 Iesaias
3022 4729 3472 4796 admirabilem
3534 4730 3979 4796 consiliarium
4006 4782 4021 4806 ,
4091 4729 4359 4796 heroem
4426 4729 4639 4797 sonem,

2716 4826 2973 4903 patrem
3029 4816 3472 4894 aeternitatis,
3530 4816 3890 4898 principem
3946 4816 4129 4899 pacis
4191 4819 4503 4881 nominat.
4578 4808 4639 4872 Εἰ

2717 4903 2890 4988 quod
2934 4904 3040 4970 hic
3100 4904 3432 4986 princeps,
3497 4912 3841 4985 postquam
3900 4902 4088 4967 venit
4131 4900 4470 4986 plenitudo
4510 4912 4639 4963 ten-

2718 4990 2895 5074 poris
2936 4990 3316 5054 incarnatus
3360 5010 3448 5053 ex
3488 4988 3726 5070 spiritu
3782 4998 4006 5054 sancto
4064 4989 4134 5052 in
4192 4998 4387 5053 utero
4429 4984 4639 5051 uuae

2721 5075 3001 5161 virginis
3063 5084 3290 5153 natus,
3355 5084 3425 5139 et
3479 5093 3783 5158 egressus
3839 5084 3943 5139 est
3984 5073 4123 5139 dux
4177 5074 4409 5156 populi
4448 5071 4543 5137 sui
4576 5086 4637 5129 ex

2718 5161 3095 5236 Bethleem,
3163 5157 3398 5225 deinde
3462 5161 3661 5224 morti
3727 5159 4094 5225 destinatus
4118 5210 4135 5237 ,
4194 5160 4542 5225 crucifixus
4586 5162 4637 5214 et

2720 5267 2918 5313 carne
2973 5254 3303 5324 mortuus,
3373 5244 3700 5329 sepultus,
3759 5244 4159 5323 resurrexit,
4216 5257 4285 5310 et
4338 5252 4635 5391 Ὗ

2720 5345 3086 5418 exequutus
3145 5339 3319 5397 esset
3374 5332 3577 5414 patris
3623 5330 4028 5398 voluntatem
4049 5381 4067 5410 ,
4120 5340 4436 5415 tanquam
4576 5340 4635 5386 ω
