4900 6125
602 395 699 460 23

905 583 1022 651 (Ex
1056 582 1213 641 Tom.
1244 580 1403 643 vm.
1434 579 1576 652 opp;
1609 578 1821 637 zanobi
1852 578 1915 637 P.
1948 577 2020 637 11.
2054 594 2110 649 p.
2146 576 2288 646 137.)

792 753 889 820 Et
927 752 1239 820 brevitati
1279 773 1466 819 meae
1527 758 1596 819 et
1652 749 1947 818 tarditati
2003 748 2207 816 simul
2262 749 2581 835 ignosces,

610 839 866 924 optime
906 839 1141 905 frater:
1231 838 1488 905 Verum
1531 850 1637 905 sat
1669 838 1802 905 cito
1845 837 1905 903 si
1938 844 2043 903 sat
2075 837 2264 914 bene,
2310 843 2378 901 et
2409 836 2581 902 satis

614 925 879 1010 prolixa
911 925 1041 992 erit
1072 925 1429 1008 responsio,
1475 923 1535 991 si
1571 921 1870 989 dilucida.
1952 920 2149 1003 Quod
2185 921 2576 1000 sententiae,

622 1031 791 1095 quae
871 1010 1046 1077 malo
1109 1018 1177 1076 et
1238 1011 1527 1094 captioso
1595 1009 1869 1075 artifieio
1936 1005 2021 1073 ad
2098 1006 2580 1073 obscurandam

620 1097 923 1164 veritatis
965 1095 1175 1163 lucem
1219 1116 1363 1162 com
1452 1095 1579 1161 sita
1623 1102 1742 1174 est,
1808 1094 2128 1159 hactenus
2171 1093 2582 1160 subscribere

621 1203 760 1249 non
813 1203 1014 1249 ausus
1070 1201 1162 1261 es,
1240 1202 1351 1248 cor
1395 1189 1503 1246 ate
1557 1180 1800 1246 fecisti:
1871 1179 2166 1262 praecise
2224 1185 2446 1245 tamen
2505 1186 2585 1243 ut

618 1289 904 1348 recuses,
969 1287 1102 1333 non
1167 1265 1456 1333 consulo.
1565 1266 1670 1331 De
1736 1263 2332 1349 praedestinatione
2410 1263 2583 1329 nihil

620 1353 845 1438 palam
888 1352 1166 1435 impium
1205 1352 1620 1436 protulerunt
1662 1349 1930 1416 arbitri:
1997 1357 2259 1415 tantum
2302 1355 2374 1415 ut
2418 1349 2583 1416 libe-

622 1439 752 1504 rali
818 1438 1261 1505 assentatione
1326 1437 1665 1521 placarent
1731 1434 2193 1512 Marbackium,
2275 1435 2585 1502 tenebras

625 1524 845 1591 clarae
886 1523 1019 1591 luci
1064 1521 1503 1589 obduxerunt.
1568 1521 1675 1587 De
1710 1541 1915 1589 coena
1958 1541 2115 1587 vero
2162 1520 2258 1586 ita
2292 1541 2583 1604 pronun-

623 1611 891 1677 ciarunt
932 1616 1010 1673 ut
1052 1608 1327 1675 docendi
1368 1609 1634 1675 libertas
1670 1607 1788 1672 tibi
1822 1606 1910 1673 sit
1946 1612 2201 1689 erepta:
2248 1606 2374 1673 nisi
2419 1606 2584 1672 velis

626 1694 1029 1779 quotidianis
1074 1693 1419 1761 calumniis
1454 1702 1519 1759 te
1553 1701 1788 1777 sponte
1822 1691 2116 1759 obiicere.
2194 1690 2389 1758 Nunc
2425 1712 2583 1776 ergo

628 1781 1048 1864 exceptiones
1082 1781 1501 1863 interponere
1536 1799 1802 1845 necesse
1837 1779 1990 1844 erit:
2038 1798 2204 1860 quae
2249 1783 2313 1843 te
2347 1777 2583 1843 moles-

627 1868 725 1932 tia
767 1865 1067 1932 liberent.
1176 1863 1254 1931 Si
1298 1863 1621 1931 admissae
1661 1863 1930 1944 fuerint,
1975 1862 2189 1947 quoad
2224 1863 2369 1928 fieri
2400 1869 2585 1947 pote-

628 1952 720 2017 rit
763 1950 1048 2016 dandam
1090 1971 1355 2035 operam
1398 1970 1630 2016 censeo
1687 1956 1763 2015 ut
1828 1956 1944 2013 tua
1985 1947 2432 2014 moderatione
2476 1969 2585 2015 ec-

630 2037 898 2104 clesiam
939 2045 1122 2102 tuam
1173 2054 1545 2102 conserves:
1601 2035 1791 2100 cuius
1847 2033 2343 2118 dissipationem
2399 2034 2585 2099 moli-

628 2135 870 2189 untur:
914 2121 1109 2206 idque
1143 2131 1217 2186 ut
1251 2123 1465 2188 facere
1502 2120 1880 2199 contendas,
1918 2121 2115 2185 etiam
2151 2127 2345 2204 atque
2381 2121 2586 2184 etiam

630 2229 810 2292 rogo.
876 2208 1066 2284 Vale,
1109 2207 1532 2290 integerrime
1574 2205 1798 2272 frater.
1866 2204 2197 2272 Dominus
2226 2204 2350 2271 tibi
2394 2205 2585 2284 adsit,

626 2301 700 2359 te
776 2294 1101 2379 gubernet
1184 2304 1569 2375 sanctosque
1655 2300 1799 2359 tuos
1884 2290 2139 2358 labores
2223 2291 2585 2358 benedicat.

628 2378 948 2447 Genevae
999 2383 1094 2445 13.
1139 2378 1368 2444 Martii
1419 2379 1602 2442 1563.
1623 2381 1679 2456 2)

1507 2905 1707 2977 3⁹54.

1192 3059 1669 3129 GALVINUS
1703 3058 2030 3128 ZANOO.

807 3227 910 3296 De
948 3230 1230 3332 formala
1285 3251 1619 3298 consensus
1658 3231 2216 3333 4rqmdoraten8is
2265 3232 2371 3299 cui
2414 3230 2587 3333 Zan-

628 3335 755 3554 ξε..
785 3315 2170 3556 Woegss'ffiffffliwsszirffl&
2186 3338 2590 3488 mamm

676 3507 785 3555 um
1044 3510 1071 3555 ι
1291 3509 1324 3555 s
1530 3538 1545 3554 .

907 3658 1018 3729 (Ex
1055 3658 1229 3714 'rome
1264 3659 1416 3716 vm.
1452 3658 1592 3729 opp.
1629 3659 1833 3715 zmhi
1867 3658 1928 3714 P.
1962 3657 2039 3713 11.
2073 3674 2130 3727 p.
2165 3655 2309 3727 137.)

634 3828 943 3896 Eximiae
1001 3829 1264 3913 pietatis
1316 3835 1383 3896 et
1432 3828 1767 3899 doctrinae
1831 3831 1977 3897 viro
2028 3829 2117 3895 D.
2171 3828 2587 3914 Hieronymo

630 3915 855 3983 Zanco
900 3915 1160 3983 scholae
1180 3917 1754 4001 Argentoratensis
1777 3915 2024 3983 doctori
2068 3914 2372 4001 theologo
2391 3915 2588 3982 fratri

1180 4012 1247 4068 et
1294 4001 1505 4070 amico
1548 4001 1717 4069 mihi
1756 4000 2045 4070 colendo.

640 4206 879 4263 Strassb.
900 4205 974 4261 K.
995 4206 1170 4261 Orda.
1192 4203 1341 4272 1598,
1374 4222 1432 4273 p.
1449 4205 1519 4260 62
1526 4224 1546 4274 ,-
1580 4207 1633 4261 1.
1652 4206 1902 4275 Poppae,
1934 4207 2145 4262 Widerl
2287 4225 2323 4274 g
2355 4207 2454 4262 des
2487 4224 2589 4260 un·

638 4275 813 4331 warh.
848 4275 959 4330 und
1008 4275 1245 4330 salechan
1280 4275 1529 4330 Berichts
1576 4275 1747 4330 wider
1781 4275 1871 4330 die
1905 4275 2140 4332 Strmb.
2235 4276 2299 4331 Ο.
2337 4294 2389 4330 v.
2430 4273 2584 4330 1598.

640 4344 843 4398 Str-ub.
896 4343 1049 4399 1611.
1138 4382 1151 4396 .
1194 4342 1279 4397 71.
1352 4342 1658 4398 Οοηεοκειιί
1699 4359 1886 4399 emm
1924 4345 2378 4414 mabam-merant,
2423 4348 2588 4401 etiam

641 4412 918 4468 stamius
961 4418 1013 4467 et
1045 4360 1294 4475 Zssoeao,
1338 4413 1454 4467 solo
1487 4413 1767 4469 Holbmeo
1810 4419 2031 4482 excepto
2078 4413 2180 4483 qui
2227 4430 2296 4466 m.
2337 4413 2588 4484 Δαριιεω

638 4482 903 4536 dimissus
948 4482 1075 4546 fuit.
1171 4481 1397 4536 Caluini
1452 4483 1742 4537 maium
1793 4484 2046 4537 ecelesiae
2098 4481 2424 4539 Gallicanae
2472 4497 2589 4536 non

630 4551 866 4619 profuit,
905 4552 1066 4605 cuius
1097 4550 1259 4604 aedes
1292 4550 1345 4604 d.
1383 4548 1467 4604 19.
1500 4552 1745 4620 Aequam·
1772 4550 1993 4606 οὶαωαε
2027 4551 2277 4617 fuerunt.
2346 4549 2433 4617 (S.
2469 4551 2589 4604 An-

639 4618 805 4673 dms
839 4635 929 4673 aa
962 4620 1126 4673 Attea
1160 4617 1517 4674 Fischnarkt
1547 4619 1665 4674 und
1703 4618 1998 4675 Guneuber
2036 4622 2229 4688 σρῑαίε.
2291 4618 2377 4685 Cf.
2409 4617 2588 4675 Boch-

639 4686 766 4743 rich
798 4686 894 4741 111.
929 4686 1031 4740 109
1066 4702 1207 4758 seqq.
1280 4687 1523 4742 Schmidt
1555 4689 1618 4743 in
1654 4686 1887 4744 &iudica
1923 4636 2077 4742 18g9.
2108 4702 2167 4758 p.
2201 4686 2347 4756 659.)

846 4754 2590 4825 ffiDenMihuiusepistolaev-onomniaocertimus

632 4824 787 4885 (vide
819 4824 1056 4878 Zanchii
1088 4842 1206 4894 epp.
1242 4824 1500 4879 m.1um’o
1533 4832 1585 4882 ct
1618 4825 1768 4880 Iulio
1801 4827 2088 4892 scriptas).
2158 4824 2355 4881 Verum
2388 4826 2453 4880 in
2486 4826 2589 4879 im-

632 4894 1547 5017 53⁸⁰n5⁷135m210¹2²f⁶⁷mb3
1592 4893 2591 5018 mwffimffmafflfiffw

642 5046 755 5085 rem
790 5037 899 5085 tam
933 5038 1188 5085 accurate
1222 5034 1420 5086 rescire
1447 5034 1690 5100 pomer-it
1720 5033 1820 5100 qui
1860 4981 2074 5086 ‹ie-uffa
2117 5034 2355 5101 quinque
2398 5030 2590 5087 aiebas

636 5099 1530 5167 posuereverafactusetsubs
1605 5099 2131 5165 'mfuitAdde
2270 5099 2588 5168 ‹ia-opp.

644 5167 857 5222 Zonchi
889 5169 1031 5222 hane
1062 5171 1308 5237 sequitur
1342 5168 1516 5223 altera
1660 5171 1842 5236 ipsun
1876 5167 2122 5224 Ζαησιωι
2196 5210 2210 5222 .
2247 5168 2302 5223 d.
2334 5167 2418 5222 13.
2438 5167 2592 5223 Maii

639 5236 881 5371 eiusde?
914 5238 1236 5318 affluenti.
1306 5237 1435 5292 Hac
1468 5237 1537 5293 de
1571 5252 1742 5294 causa
1775 5252 1895 5293 ean
1932 5239 2119 5307 potius
2151 5237 2229 5293 ad
2269 5238 2416 5294 hunc
2446 5252 2592 5293 nen-

636 5318 755 5359 ses·
788 5321 819 5359 r
874 5320 1090 5361 enm.

2134 388 2669 461 EPISTOLAE
2711 391 3138 458 3953-3956
4549 395 4620 458 24

2853 577 2926 646 S.
3013 576 3240 661 Quum
3309 577 3605 647 audirem
3652 578 3983 648 samm
4039 586 4106 647 et
4145 579 4464 648 Iacobum
4506 580 4626 648 Aa·

2681 666 2902 733 dream
2966 671 3234 731 vocatos
3292 685 3436 733 esse
3500 666 3615 750 qui
3677 674 3931 733 vestras
3994 667 4481 734 controversias
4521 689 4626 734 suo

2682 749 2955 817 arbitrio
3034 758 3521 835 componerent,
3605 750 3688 817 de
3766 773 3901 819 uno
3965 753 4183 836 capite
4243 751 4628 819 mediocrem

2682 858 2865 920 spem
2910 836 3180 919 concepi
3224 835 3398 920 quod
3460 838 3699 905 scirem
3756 837 3838 903 de
3881 857 4125 904 arcana
4166 836 4297 903 Dei
4341 837 4630 922 praedes·

2683 921 3003 988 tinatione
3067 932 3426 1006 utrumque
3483 931 3663 990 recte
3729 924 3994 1004 sentire,
4059 924 4312 990 interea
4357 924 4630 991 flexibile

2684 1029 2826 1074 esse
2892 1008 3231 1092 utriusque
3297 1008 3642 1093 ingenium
3708 1008 3792 1075 ad
3857 1008 4258 1093 captandum
4321 1010 4626 1076 favorem.

2685 1094 2772 1159 In
2815 1092 3110 1159 doctrina
3149 1114 3305 1160 vero
3350 1115 3401 1160 s.
3439 1115 3678 1161 coenae
3718 1115 3978 1179 semper
4018 1095 4353 1162 infelicem
4388 1096 4630 1161 exitum

2686 1179 2851 1244 mihi
2886 1179 3213 1263 proposui.
3305 1178 3606 1247 Sulcerus
3647 1179 3843 1261 enim,
3890 1189 3965 1246 ut
4001 1202 4250 1247 morem
4287 1189 4480 1265 gerat
4501 1181 4630 1246 Lu-

2684 1265 3001 1343 theranis,
3065 1265 3323 1331 medius
3387 1265 3600 1332 videri
3665 1265 3932 1349 appetit.
4021 1266 4128 1332 Ab
4195 1266 4407 1331 altero
4484 1287 4630 1331 vero

2683 1348 2840 1433 quid
2884 1371 3106 1433 speres
3148 1352 3260 1434 qui
3320 1358 3498 1416 totus
3553 1353 3967 1435 mancipatus
4009 1359 4110 1417 est
4151 1350 4424 1418 Brentio
4464 1361 4530 1417 et
4571 1373 4632 1418 se

2682 1433 3004 1502 venditat.
3091 1435 3207 1502 Sic
3251 1458 3410 1521 ergo
3453 1435 3703 1503 accidit.
3731 1441 3784 1516 ¹)
3870 1436 4043 1503 Nam
4095 1436 4632 1520 praedestinatio·

2682 1542 2855 1599 nem,
2934 1543 3132 1605 quam
3196 1521 3591 1589 labefactare
3655 1544 3794 1588 non
3857 1520 4203 1600 audebant,
4270 1523 4633 1606 flexiloquis

2685 1606 3070 1691 ambagibus
3113 1608 3499 1690 implicitam
3543 1608 3729 1674 vobis
3770 1609 3983 1674 instar
4031 1608 4326 1674 thesauri
4371 1607 4636 1674 abscon-

2685 1691 2804 1758 diti
2848 1692 3273 1776 reliquerunt.
3361 1692 3447 1758 Iu
3500 1713 3706 1759 coena
3760 1702 3986 1759 autem
4028 1695 4431 1778 Augustana
4491 1715 4636 1760 con-

2684 1778 2880 1843 fessio
2946 1777 3017 1843 in
3081 1798 3286 1843 manu
3329 1778 3696 1846 Mar-bachii
3736 1781 3922 1862 quasi
3987 1778 4260 1862 laqueus
4318 1781 4452 1845 erit
4517 1800 4634 1863 quo

2686 1884 2802 1929 vos
2880 1864 2965 1942 (si
3043 1862 3169 1929 diis
3232 1863 3479 1948 placet)
3567 1865 3823 1947 quoties
3885 1864 4153 1930 libuerit
4215 1865 4634 1949 constringat.

2686 1947 2945 2013 Verum
3029 1949 3110 2015 de
3194 1971 3269 2016 re
3335 1959 3667 2017 transacta
3728 1950 3977 2016 frustra
4035 1970 4422 2033 conqueror.
4513 1951 4636 2017 Nec

2686 2055 2864 2113 vero,
2908 2056 3016 2100 me
3059 2042 3304 2114 autore,
3349 2057 3432 2101 ex
3478 2036 3955 2119 subscriptione
4009 2036 4321 2122 ambigua
4339 2038 4399 2114 ²)
4447 2037 4637 2120 tergi-

2689 2118 2997 2186 versandi
3062 2141 3292 2188 ansam
3359 2122 3674 2205 captabis,
3741 2123 3893 2205 quia
3938 2121 4209 2187 minime
4273 2121 4638 2206 ingenuum

2688 2214 2863 2271 esset
2903 2205 3035 2273 levi
3071 2205 3302 2273 cavillo
3346 2207 3517 2272 elabi
3560 2214 3628 2273 et
3672 2207 3846 2291 quod
3885 2207 4132 2272 malam
4178 2208 4500 2273 astutiam
4543 2228 4640 2272 sa·

2688 2301 2890 2374 peret.
3002 2292 3228 2359 Unum
3291 2299 3500 2358 restat
3563 2298 3637 2357 ut
3701 2293 3916 2376 prima
3981 2313 4237 2376 quaque
4302 2292 4640 2360 occasione

2688 2378 2862 2460 apud
2904 2385 3205 2444 senatum
3250 2377 3528 2458 testeris,
3573 2378 3830 2445 sincero
3918 2381 4051 2444 acis
4086 2377 4303 2444 studio
4341 2385 4411 2444 te
4450 2379 4640 2444 fuisse

2692 2465 3048 2530 adductum
3092 2471 3166 2529 ut
3198 2465 3658 2545 subscriberes,
3700 2464 3817 2530 sed
3901 2465 3915 2478 '
3993 2464 4117 2529 rtis
4150 2464 4644 2548 exceptionibus

2691 2549 2951 2629 additis,
2995 2571 3080 2614 ne
3121 2549 3244 2614 tibi
3286 2549 3359 2615 in
3411 2558 3745 2632 posterum
3788 2548 4010 2615 fraudi
4063 2561 4238 2616 esset
4277 2559 4400 2615 tua
4443 2549 4645 2616 facili·

2694 2641 2827 2702 tas:
2893 2634 3070 2700 idem
3111 2655 3270 2700 vero
3332 2657 3510 2702 nunc
3571 2636 3815 2701 iterum
3857 2636 4152 2718 profiteri
4204 2656 4291 2701 ne
4335 2636 4492 2719 quis
4535 2634 4645 2700 tibi

2693 2720 2953 2788 obiiciat
3018 2721 3202 2786 vafre
3246 2719 3697 2787 dissimulasse
3753 2718 3927 2805 quod
3967 2719 4172 2787 libere
4215 2719 4646 2804 aperiendum

2694 2816 2853 2873 erat.
2951 2805 3140 2871 Nihil
3203 2805 3288 2872 ad
3351 2826 3500 2872 eam
3561 2807 3885 2872 actionem
3948 2807 4388 2890 opportunius
4455 2827 4648 2891 quam

2691 2894 2755 2958 si
2793 2891 3247 2959 Holbraohum
3288 2899 3587 2959 nostrum
3626 2892 3923 2977 aggressi
3963 2891 4218 2958 fuerint
4259 2891 4643 2959 adversarii.

2694 2978 2773 3046 Si
2845 2977 3056 3044 auditi
3117 2977 3377 3043 fueritis
3453 2985 3521 3043 et
3595 2987 3821 3045 vestra
3933 2978 4270 3044 rotestatio
4335 2977 4644 3054 admim,

2692 3065 2965 3133 vicistis.
3069 3063 3196 3131 Sin
3251 3064 3470 3130 minus
3534 3073 3780 3131 cavete.
3935 3064 4055 3144 ale,
4120 3064 4365 3130 eximie
4437 3066 4546 3131 vir
4584 3071 4646 3128 et

2690 3150 2857 3216 mihi
2898 3171 2982 3216 ex
3025 3150 3243 3216 animo
3277 3148 3547 3216 colende
3581 3150 3803 3215 frater.
3869 3150 4199 3216 Dominus
4233 3149 4354 3215 tibi
4388 3168 4648 3232 semper

2693 3235 2882 3315 adsit,
2948 3243 3018 3303 te
3082 3236 3406 3321 gubernet
3469 3255 3546 3301 ao
3608 3242 3897 3302 tueatur.
3986 3235 4301 3303 Genevae
4365 3239 4450 3300 13
4495 3234 4648 3301 Maii

2701 3325 2883 3387 1563.
2909 3326 2964 3400 ³)

3566 3864 3763 3935 8⁹55.

2770 4018 3247 4087 STURMIUS
3289 4018 3875 4088 PRAEFEGTIS
3919 4018 4578 4089 MILITARIBUS.

2860 4189 3268 4272 Impatienter
3326 4190 3711 4273 stipendium
3776 4190 3900 4257 sibi
3957 4189 4230 4257 debitum
4287 4194 4646 4277 liquida-ta

2677 4278 3021 4359 promissis
3238 4277 3252 4291 “
3329 4276 3575 4343 sariba-s
3637 4282 3696 4343 et
3756 4276 4030 4362 eoemtplo
4092 4276 4378 4344 aliorum
4418 4280 4646 4347 dua·-

2678 4363 3000 4447 proposito
3029 4361 3293 4444 placare
3332 4364 3553 4430 studet.
3581 4366 3631 4440 ¹)

2686 4619 2878 4675 8954.
2900 4618 2961 4686 1)
2998 4618 3083 4685 Of.
3129 4617 3390 4673 Andreae
3440 4632 3761 4674 conam
3817 4631 3862 4672 s.
3914 4616 4268 4673 ωπον-ἀίω
4319 4622 4468 4690 Arg.
4515 4618 4642 4673 1563

2688 4688 2905 4769 editam.
2982 4686 3142 4756 Quod
3183 4688 3445 4757 scriptum
3495 4685 3761 4741 Calvinus
3810 4701 3978 4756 quum
4025 4687 4172 4742 Ιιοκο
4223 4689 4492 4743 ιον-ὦσα
4537 4691 4642 4743 ian

2891 4823 2949 4890 2)
2985 4757 3360 4879 31¹1?ng
3260 4825 3270 4837 ¹
3404 4824 3612 4877 moeni
3651 4828 3829 4891 poem
3861 4828 4045 4877 utu-un
4080 4823 4147 4877 de
4194 4825 4312 4878 ian
4345 4825 4490 4879 aa·
4525 4826 4642 4880 αιδ-

2687 4893 2983 4960 script-‘one
3022 4891 3520 4962 (enh.Zonchi
3562 4891 4055 4961 ‹talaiam-1)
4099 4908 4178 4948 an
4224 4894 4296 4948 de
4338 4894 4640 4950 Mab—

2892 5029 2953 5101 3)
2986 5031 3078 5086 De
3125 5031 3406 5085 natalibus
3455 5030 3716 5099 epistola
3758 5028 3884 5084 vide
3935 5045 4077 5099 qaae
4126 5028 4528 5086 adsumi-nu
4569 5028 4642 5085 d

2687 5100 3108 5168 praecedentem.
3178 5099 3436 5153 ΖωιοΙηιε
3477 5097 3695 5168 quidem
3728 5114 3796 5151 m.
3837 5097 3998 5153 Maio
4031 5099 4119 5152 Ar
4455 5103 4640 5155 obem

2874 5167 3136 5224 Calvinus
3168 5168 3476 5237 iqnombot.
3552 5166 3634 5232 Gt.
3670 5166 3736 5220 N.
3768 5165 3924 5233 3990,
3959 5173 4069 5222 aot.
4139 5208 4158 5223 .

2859 5240 2959 5302 ,1)
2998 5237 3235 5293 Multum
3281 5241 3332 5290 et
3374 5234 3662 5304 diciamus·
3698 5234 3979 5291 &aarum
4011 5237 4080 5291 de
4117 5238 4361 5304 mnia
4414 5236 4638 5294 ae}-

2697 5304 2878 5361 Gallis
2908 5308 3094 5376 portis
3125 5305 3465 5375 mayelieae
3496 5304 3852 5373 procuranda
3886 5305 4182 5375 ωωρεὸα.
4239 5304 4500 5361 Genera
4531 5322 4636 5359 ιιι-
