<?xml version="1.0" encoding="UTF-8"?>
<!DOCTYPE html PUBLIC "-//W3C//DTD XHTML 1.0 Transitional//EN"
    "http://www.w3.org/TR/xhtml1/DTD/xhtml1-transitional.dtd">
<html xmlns="http://www.w3.org/1999/xhtml" xml:lang="en" lang="en">
 <head>
  <title>
</title>
<meta http-equiv="Content-Type" content="text/html;charset=utf-8" />
  <meta name='ocr-system' content='tesseract 3.04.00' />
  <meta name='ocr-capabilities' content='ocr_page ocr_carea ocr_par ocr_line ocrx_word'/>
</head>
<body>
  <div class='ocr_page' id='page_1' title='image "./ioanniscalvinio12unkngoog/ioanniscalvinio12unkngoog_0293.png"; bbox 0 0 4900 6125; ppageno 0'>
   <div class='ocr_carea' id='block_1_1' title="bbox 303 364 406 428">
    <p class='ocr_par' dir='ltr' id='par_1_1' title="bbox 303 364 406 428">
     <span class='ocr_line' id='line_1_1' title="bbox 303 364 406 428; baseline -0.029 0"><span class='ocrx_word' id='word_1_1' title='bbox 303 364 406 428; x_wconf 79' lang='lat'><strong>549</strong></span> 
     </span>
    </p>
   </div>
   <div class='ocr_carea' id='block_1_2' title="bbox 243 543 2219 4738">
    <p class='ocr_par' dir='ltr' id='par_1_2' title="bbox 283 543 2212 1573">
     <span class='ocr_line' id='line_1_2' title="bbox 299 543 2207 630; baseline -0.002 -14"><span class='ocrx_word' id='word_1_2' title='bbox 299 546 467 616; x_wconf 82' lang='lat' dir='ltr'><strong>Nulla</strong></span> <span class='ocrx_word' id='word_1_3' title='bbox 503 544 568 611; x_wconf 92' lang='lat' dir='ltr'><strong>in</strong></span> <span class='ocrx_word' id='word_1_4' title='bbox 607 543 735 611; x_wconf 88' lang='lat' dir='ltr'><strong>hoc</strong></span> <span class='ocrx_word' id='word_1_5' title='bbox 775 550 930 612; x_wconf 85' lang='lat' dir='ltr'><strong>voto</strong></span> <span class='ocrx_word' id='word_1_6' title='bbox 985 544 1379 630; x_wconf 76' lang='lat' dir='ltr'><strong>superstitio.</strong></span> <span class='ocrx_word' id='word_1_7' title='bbox 1478 545 1723 612; x_wconf 81' lang='lat' dir='ltr'><strong>Verum</strong></span> <span class='ocrx_word' id='word_1_8' title='bbox 1768 544 1900 611; x_wconf 90' lang='lat' dir='ltr'><strong>alia</strong></span> <span class='ocrx_word' id='word_1_9' title='bbox 1938 544 2013 612; x_wconf 91' lang='lat' dir='ltr'><strong>in</strong></span> <span class='ocrx_word' id='word_1_10' title='bbox 2056 565 2207 629; x_wconf 91' lang='lat' dir='ltr'><strong>pre-</strong></span> 
     </span>
     <span class='ocr_line' id='line_1_3' title="bbox 296 628 2205 716; baseline -0.001 -17"><span class='ocrx_word' id='word_1_11' title='bbox 296 634 453 699; x_wconf 85' lang='lat' dir='ltr'><strong>cibus</strong></span> <span class='ocrx_word' id='word_1_12' title='bbox 512 628 789 696; x_wconf 87' lang='lat' dir='ltr'><strong>tenenda</strong></span> <span class='ocrx_word' id='word_1_13' title='bbox 850 630 1186 708; x_wconf 77' lang='lat' dir='ltr'>sobrietas,</span> <span class='ocrx_word' id='word_1_14' title='bbox 1251 652 1337 697; x_wconf 91' lang='lat' dir='ltr'><strong>ne</strong></span> <span class='ocrx_word' id='word_1_15' title='bbox 1401 630 1563 716; x_wconf 87' lang='lat' dir='ltr'><strong>quid</strong></span> <span class='ocrx_word' id='word_1_16' title='bbox 1626 641 1873 699; x_wconf 89' lang='lat' dir='ltr'><strong>temere</strong></span> <span class='ocrx_word' id='word_1_17' title='bbox 1915 630 2205 699; x_wconf 85' lang='lat' dir='ltr'><strong>excidat:</strong></span> 
     </span>
     <span class='ocr_line' id='line_1_4' title="bbox 294 715 2206 802; baseline -0.001 -17"><span class='ocrx_word' id='word_1_18' title='bbox 294 738 397 785; x_wconf 86' lang='lat' dir='ltr'><strong>nec</strong></span> <span class='ocrx_word' id='word_1_19' title='bbox 432 715 776 801; x_wconf 78' lang='lat' dir='ltr'><strong>quidquam</strong></span> <span class='ocrx_word' id='word_1_20' title='bbox 810 716 1233 800; x_wconf 80' lang='lat' dir='ltr'><strong>postulemus,</strong></span> <span class='ocrx_word' id='word_1_21' title='bbox 1277 716 1409 782; x_wconf 89' lang='lat' dir='ltr'><strong>nisi</strong></span> <span class='ocrx_word' id='word_1_22' title='bbox 1442 725 1802 802; x_wconf 85' lang='lat' dir='ltr'><strong>praeeunte</strong></span> <span class='ocrx_word' id='word_1_23' title='bbox 1823 717 1953 783; x_wconf 89' lang='lat' dir='ltr'><strong>Dei</strong></span> <span class='ocrx_word' id='word_1_24' title='bbox 1985 717 2206 786; x_wconf 78' lang='lat' dir='ltr'><strong>verbo.</strong></span> 
     </span>
     <span class='ocr_line' id='line_1_5' title="bbox 291 802 2210 886; baseline -0.001 -16"><span class='ocrx_word' id='word_1_25' title='bbox 291 804 362 870; x_wconf 88' lang='lat' dir='ltr'><strong>In</strong></span> <span class='ocrx_word' id='word_1_26' title='bbox 399 802 512 869; x_wconf 84' lang='lat' dir='ltr'><strong>hoc</strong></span> <span class='ocrx_word' id='word_1_27' title='bbox 552 803 730 868; x_wconf 87' lang='lat' dir='ltr'><strong>enim</strong></span> <span class='ocrx_word' id='word_1_28' title='bbox 773 802 1092 886; x_wconf 86' lang='lat' dir='ltr'><strong>principio</strong></span> <span class='ocrx_word' id='word_1_29' title='bbox 1136 802 1551 886; x_wconf 76' lang='lat' dir='ltr'><strong>acquiescere</strong></span> <span class='ocrx_word' id='word_1_30' title='bbox 1594 803 1943 870; x_wconf 83' lang='lat' dir='ltr'><strong>convenit:</strong></span> <span class='ocrx_word' id='word_1_31' title='bbox 2025 802 2210 886; x_wconf 77' lang='lat' dir='ltr'><strong>Quo-</strong></span> 
     </span>
     <span class='ocr_line' id='line_1_6' title="bbox 291 887 2208 972; baseline 0 -17"><span class='ocrx_word' id='word_1_32' title='bbox 291 887 456 956; x_wconf 85' lang='lat' dir='ltr'><strong>modo</strong></span> <span class='ocrx_word' id='word_1_33' title='bbox 494 887 890 954; x_wconf 84' lang='lat' dir='ltr'><strong>invoeabunt</strong></span> <span class='ocrx_word' id='word_1_34' title='bbox 922 888 995 953; x_wconf 88' lang='lat' dir='ltr'><strong>in</strong></span> <span class='ocrx_word' id='word_1_35' title='bbox 1030 909 1224 972; x_wconf 89' lang='lat' dir='ltr'><strong>quem</strong></span> <span class='ocrx_word' id='word_1_36' title='bbox 1284 909 1416 953; x_wconf 93' lang='lat' dir='ltr'><strong>non</strong></span> <span class='ocrx_word' id='word_1_37' title='bbox 1476 888 1942 955; x_wconf 83' lang='lat' dir='ltr'><strong>crediderunt?</strong></span> <span class='ocrx_word' id='word_1_38' title='bbox 1989 889 2208 965; x_wconf 86' lang='lat' dir='ltr'><strong>(Rom.</strong></span> 
     </span>
     <span class='ocr_line' id='line_1_7' title="bbox 297 973 2211 1059; baseline 0 -19"><span class='ocrx_word' id='word_1_39' title='bbox 297 980 378 1053; x_wconf 85' lang='grc'><strong>10,</strong></span> <span class='ocrx_word' id='word_1_40' title='bbox 424 979 540 1052; x_wconf 87' lang='grc'><strong>14).</strong></span> <span class='ocrx_word' id='word_1_41' title='bbox 624 974 804 1058; x_wconf 85' lang='lat' dir='ltr'><strong>Ergo</strong></span> <span class='ocrx_word' id='word_1_42' title='bbox 868 974 981 1058; x_wconf 88' lang='lat' dir='ltr'><strong>qui</strong></span> <span class='ocrx_word' id='word_1_43' title='bbox 1034 974 1158 1040; x_wconf 91' lang='lat' dir='ltr'><strong>sibi</strong></span> <span class='ocrx_word' id='word_1_44' title='bbox 1204 974 1309 1039; x_wconf 81' lang='lat' dir='ltr'><strong>vel</strong></span> <span class='ocrx_word' id='word_1_45' title='bbox 1353 974 1700 1040; x_wconf 91' lang='lat' dir='ltr'><strong>minimum</strong></span> <span class='ocrx_word' id='word_1_46' title='bbox 1745 973 2099 1059; x_wconf 81' lang='lat' dir='ltr'><strong>indulgent</strong></span> <span class='ocrx_word' id='word_1_47' title='bbox 2138 975 2211 1040; x_wconf 90' lang='lat' dir='ltr'><strong>in</strong></span> 
     </span>
     <span class='ocr_line' id='line_1_8' title="bbox 289 1058 2212 1161; baseline 0.001 -36"><span class='ocrx_word' id='word_1_48' title='bbox 289 1058 583 1160; x_wconf 75' lang='lat' dir='ltr'><strong>fingendis</strong></span> <span class='ocrx_word' id='word_1_49' title='bbox 626 1059 1193 1160; x_wconf 78' lang='lat' dir='ltr'><strong>postulationibus,</strong></span> <span class='ocrx_word' id='word_1_50' title='bbox 1223 1069 1448 1158; x_wconf 39' lang='lat' dir='ltr'><strong>‘metas</strong></span> <span class='ocrx_word' id='word_1_51' title='bbox 1491 1060 1960 1161; x_wconf 64' lang='lat' dir='ltr'><strong>transsiliunt.⁸</strong></span> <span class='ocrx_word' id='word_1_52' title='bbox 2004 1060 2212 1142; x_wconf 79' lang='lat' dir='ltr'><strong>Quid-</strong></span> 
     </span>
     <span class='ocr_line' id='line_1_9' title="bbox 287 1144 2211 1316; baseline 0.001 -20"><span class='ocrx_word' id='word_1_53' title='bbox 287 1144 1380 1314; x_wconf 48' lang='lat'><strong>22:3130305332‘333333353</strong></span> <span class='ocrx_word' id='word_1_54' title='bbox 1399 1146 2211 1316; x_wconf 54' lang='grc' dir='ltr'><strong>ιίΐςῖῧὲῗὲιῖῃῗᾜῗῗὲ</strong></span> 
     </span>
     <span class='ocr_line' id='line_1_10' title="bbox 287 1316 2210 1402; baseline 0.001 -20"><span class='ocrx_word' id='word_1_55' title='bbox 287 1316 485 1398; x_wconf 80' lang='lat' dir='ltr'><strong>Quare</strong></span> <span class='ocrx_word' id='word_1_56' title='bbox 539 1325 614 1383; x_wconf 91' lang='lat' dir='ltr'><strong>ut</strong></span> <span class='ocrx_word' id='word_1_57' title='bbox 677 1316 761 1382; x_wconf 90' lang='lat' dir='ltr'><strong>ab</strong></span> <span class='ocrx_word' id='word_1_58' title='bbox 825 1318 1010 1382; x_wconf 83' lang='lat' dir='ltr'><strong>omni</strong></span> <span class='ocrx_word' id='word_1_59' title='bbox 1076 1317 1255 1384; x_wconf 85' lang='lat' dir='ltr'><strong>faece</strong></span> <span class='ocrx_word' id='word_1_60' title='bbox 1319 1329 1643 1402; x_wconf 90' lang='lat' dir='ltr'><strong>purgatus</strong></span> <span class='ocrx_word' id='word_1_61' title='bbox 1685 1318 1773 1383; x_wconf 90' lang='lat' dir='ltr'><strong>sit</strong></span> <span class='ocrx_word' id='word_1_62' title='bbox 1814 1318 1942 1383; x_wconf 92' lang='lat' dir='ltr'><strong>Dei</strong></span> <span class='ocrx_word' id='word_1_63' title='bbox 1977 1317 2210 1396; x_wconf 88' lang='lat' dir='ltr'><strong>cultus,</strong></span> 
     </span>
     <span class='ocr_line' id='line_1_11' title="bbox 283 1401 2212 1486; baseline 0.001 -19"><span class='ocrx_word' id='word_1_64' title='bbox 283 1419 515 1468; x_wconf 85' lang='lat' dir='ltr'><strong>mature</strong></span> <span class='ocrx_word' id='word_1_65' title='bbox 558 1423 901 1469; x_wconf 88' lang='lat' dir='ltr'><strong>occurrere</strong></span> <span class='ocrx_word' id='word_1_66' title='bbox 943 1401 1231 1486; x_wconf 90' lang='lat' dir='ltr'><strong>expedit,</strong></span> <span class='ocrx_word' id='word_1_67' title='bbox 1297 1425 1380 1468; x_wconf 94' lang='lat' dir='ltr'><strong>ne</strong></span> <span class='ocrx_word' id='word_1_68' title='bbox 1444 1405 1514 1469; x_wconf 89' lang='lat' dir='ltr'><strong>in</strong></span> <span class='ocrx_word' id='word_1_69' title='bbox 1559 1424 1975 1469; x_wconf 90' lang='lat' dir='ltr'><strong>communem</strong></span> <span class='ocrx_word' id='word_1_70' title='bbox 2017 1424 2212 1470; x_wconf 90' lang='lat' dir='ltr'><strong>usum</strong></span> 
     </span>
     <span class='ocr_line' id='line_1_12' title="bbox 285 1487 1845 1573; baseline 0.001 -20"><span class='ocrx_word' id='word_1_71' title='bbox 285 1487 646 1553; x_wconf 83' lang='lat' dir='ltr'><strong>admittatur</strong></span> <span class='ocrx_word' id='word_1_72' title='bbox 687 1488 858 1570; x_wconf 90' lang='lat' dir='ltr'><strong>quod</strong></span> <span class='ocrx_word' id='word_1_73' title='bbox 902 1509 942 1553; x_wconf 92' lang='lat' dir='ltr'><strong>a</strong></span> <span class='ocrx_word' id='word_1_74' title='bbox 985 1509 1148 1553; x_wconf 82' lang='lat' dir='ltr'><strong>vera</strong></span> <span class='ocrx_word' id='word_1_75' title='bbox 1188 1490 1430 1573; x_wconf 87' lang='lat' dir='ltr'><strong>pietate</strong></span> <span class='ocrx_word' id='word_1_76' title='bbox 1474 1487 1845 1573; x_wconf 84' lang='lat' dir='ltr'><strong>degenerat.</strong></span> 
     </span>
    </p>

    <p class='ocr_par' dir='ltr' id='par_1_3' title="bbox 266 1572 2218 2769">
     <span class='ocr_line' id='line_1_13' title="bbox 430 1572 2209 1657; baseline 0 -19"><span class='ocrx_word' id='word_1_77' title='bbox 430 1573 815 1640; x_wconf 89' lang='lat' dir='ltr'><strong>Incredulos</strong></span> <span class='ocrx_word' id='word_1_78' title='bbox 851 1593 892 1637; x_wconf 92' lang='lat' dir='ltr'><strong>a</strong></span> <span class='ocrx_word' id='word_1_79' title='bbox 913 1572 1051 1640; x_wconf 94' lang='lat' dir='ltr'><strong>Deo</strong></span> <span class='ocrx_word' id='word_1_80' title='bbox 1084 1583 1326 1657; x_wconf 88' lang='lat' dir='ltr'><strong>petere,</strong></span> <span class='ocrx_word' id='word_1_81' title='bbox 1364 1583 1438 1640; x_wconf 90' lang='lat' dir='ltr'><strong>ut</strong></span> <span class='ocrx_word' id='word_1_82' title='bbox 1473 1575 1541 1640; x_wconf 93' lang='lat' dir='ltr'><strong>in</strong></span> <span class='ocrx_word' id='word_1_83' title='bbox 1567 1575 1696 1641; x_wconf 91' lang='lat' dir='ltr'><strong>fide</strong></span> <span class='ocrx_word' id='word_1_84' title='bbox 1731 1574 2209 1652; x_wconf 88' lang='lat' dir='ltr'><strong>illuminentur,</strong></span> 
     </span>
     <span class='ocr_line' id='line_1_14' title="bbox 279 1658 2212 1740; baseline 0.001 -18"><span class='ocrx_word' id='word_1_85' title='bbox 279 1679 522 1740; x_wconf 88' lang='lat' dir='ltr'><strong>prorsus</strong></span> <span class='ocrx_word' id='word_1_86' title='bbox 565 1668 668 1725; x_wconf 87' lang='lat' dir='ltr'><strong>est</strong></span> <span class='ocrx_word' id='word_1_87' title='bbox 711 1658 1088 1725; x_wconf 90' lang='lat' dir='ltr'><strong>absurdum.</strong></span> <span class='ocrx_word' id='word_1_88' title='bbox 1176 1660 1380 1726; x_wconf 88' lang='lat' dir='ltr'><strong>Nulla</strong></span> <span class='ocrx_word' id='word_1_89' title='bbox 1440 1662 1618 1726; x_wconf 91' lang='lat' dir='ltr'><strong>enim</strong></span> <span class='ocrx_word' id='word_1_90' title='bbox 1675 1661 1899 1739; x_wconf 89' lang='lat' dir='ltr'><strong>oratio,</strong></span> <span class='ocrx_word' id='word_1_91' title='bbox 1967 1660 2098 1726; x_wconf 89' lang='lat' dir='ltr'><strong>nisi</strong></span> <span class='ocrx_word' id='word_1_92' title='bbox 2140 1660 2212 1724; x_wconf 89' lang='lat' dir='ltr'><strong>in</strong></span> 
     </span>
     <span class='ocr_line' id='line_1_15' title="bbox 279 1743 2211 1829; baseline 0.002 -21"><span class='ocrx_word' id='word_1_93' title='bbox 279 1743 393 1809; x_wconf 88' lang='lat' dir='ltr'><strong>fide</strong></span> <span class='ocrx_word' id='word_1_94' title='bbox 432 1745 517 1809; x_wconf 89' lang='lat' dir='ltr'><strong>sit</strong></span> <span class='ocrx_word' id='word_1_95' title='bbox 557 1744 851 1822; x_wconf 86' lang='lat' dir='ltr'><strong>fundata,</strong></span> <span class='ocrx_word' id='word_1_96' title='bbox 896 1744 1044 1810; x_wconf 91' lang='lat' dir='ltr'><strong>Deo</strong></span> <span class='ocrx_word' id='word_1_97' title='bbox 1088 1746 1422 1829; x_wconf 90' lang='lat' dir='ltr'><strong>probatur.</strong></span> <span class='ocrx_word' id='word_1_98' title='bbox 1513 1747 1606 1811; x_wconf 89' lang='lat' dir='ltr'><strong>Et</strong></span> <span class='ocrx_word' id='word_1_99' title='bbox 1650 1745 1811 1812; x_wconf 87' lang='lat' dir='ltr'><strong>fides</strong></span> <span class='ocrx_word' id='word_1_100' title='bbox 1853 1745 2057 1812; x_wconf 87' lang='lat' dir='ltr'><strong>clavis</strong></span> <span class='ocrx_word' id='word_1_101' title='bbox 2093 1754 2211 1825; x_wconf 91' lang='lat' dir='ltr'><strong>est,</strong></span> 
     </span>
     <span class='ocr_line' id='line_1_16' title="bbox 279 1829 2213 1915; baseline 0.001 -22"><span class='ocrx_word' id='word_1_102' title='bbox 279 1851 424 1913; x_wconf 88' lang='lat' dir='ltr'><strong>quae</strong></span> <span class='ocrx_word' id='word_1_103' title='bbox 457 1829 647 1896; x_wconf 88' lang='lat' dir='ltr'><strong>nobis</strong></span> <span class='ocrx_word' id='word_1_104' title='bbox 691 1831 831 1896; x_wconf 88' lang='lat' dir='ltr'><strong>sola</strong></span> <span class='ocrx_word' id='word_1_105' title='bbox 872 1831 1138 1897; x_wconf 91' lang='lat' dir='ltr'><strong>ianuam</strong></span> <span class='ocrx_word' id='word_1_106' title='bbox 1184 1833 1397 1915; x_wconf 90' lang='lat' dir='ltr'><strong>aperit</strong></span> <span class='ocrx_word' id='word_1_107' title='bbox 1439 1830 1520 1896; x_wconf 90' lang='lat' dir='ltr'><strong>ad</strong></span> <span class='ocrx_word' id='word_1_108' title='bbox 1558 1831 1977 1913; x_wconf 82' lang='lat' dir='ltr'><strong>precandum,</strong></span> <span class='ocrx_word' id='word_1_109' title='bbox 2023 1832 2213 1897; x_wconf 90' lang='lat' dir='ltr'><strong>adeo-</strong></span> 
     </span>
     <span class='ocr_line' id='line_1_17' title="bbox 277 1915 2213 2000; baseline 0.002 -21"><span class='ocrx_word' id='word_1_110' title='bbox 277 1936 386 1998; x_wconf 90' lang='lat' dir='ltr'><strong>que</strong></span> <span class='ocrx_word' id='word_1_111' title='bbox 425 1915 857 1982; x_wconf 87' lang='lat' dir='ltr'><strong>invocationis</strong></span> <span class='ocrx_word' id='word_1_112' title='bbox 900 1924 1004 1982; x_wconf 90' lang='lat' dir='ltr'><strong>est</strong></span> <span class='ocrx_word' id='word_1_113' title='bbox 1044 1925 1284 1983; x_wconf 85' lang='lat' dir='ltr'><strong>mater:</strong></span> <span class='ocrx_word' id='word_1_114' title='bbox 1361 1926 1430 1982; x_wconf 91' lang='lat' dir='ltr'><strong>et</strong></span> <span class='ocrx_word' id='word_1_115' title='bbox 1468 1918 1627 1982; x_wconf 89' lang='lat' dir='ltr'><strong>scite</strong></span> <span class='ocrx_word' id='word_1_116' title='bbox 1670 1918 1906 2000; x_wconf 89' lang='lat' dir='ltr'><strong>probat</strong></span> <span class='ocrx_word' id='word_1_117' title='bbox 1945 1919 2006 1982; x_wconf 88' lang='lat' dir='ltr'>A</span> <span class='ocrx_word' id='word_1_118' title='bbox 2149 1939 2213 1982; x_wconf 90' lang='lat' dir='ltr'><strong>s-</strong></span> 
     </span>
     <span class='ocr_line' id='line_1_18' title="bbox 277 2001 2216 2086; baseline 0.001 -21"><span class='ocrx_word' id='word_1_119' title='bbox 277 2001 463 2079; x_wconf 85' lang='lat' dir='ltr'><strong>tinus,</strong></span> <span class='ocrx_word' id='word_1_120' title='bbox 524 2001 907 2068; x_wconf 85' lang='lat' dir='ltr'><strong>Cornelium</strong></span> <span class='ocrx_word' id='word_1_121' title='bbox 964 2002 1094 2068; x_wconf 88' lang='lat' dir='ltr'><strong>fide</strong></span> <span class='ocrx_word' id='word_1_122' title='bbox 1152 2002 1353 2068; x_wconf 85' lang='lat' dir='ltr'><strong>fuisse</strong></span> <span class='ocrx_word' id='word_1_123' title='bbox 1405 2002 1796 2086; x_wconf 89' lang='lat' dir='ltr'><strong>praeditum,</strong></span> <span class='ocrx_word' id='word_1_124' title='bbox 1856 2004 2009 2086; x_wconf 90' lang='lat' dir='ltr'><strong>quia</strong></span> <span class='ocrx_word' id='word_1_125' title='bbox 2100 2004 2216 2069; x_wconf 91' lang='lat' dir='ltr'><strong>icit</strong></span> 
     </span>
     <span class='ocr_line' id='line_1_19' title="bbox 274 2086 2213 2170; baseline 0.001 -19"><span class='ocrx_word' id='word_1_126' title='bbox 274 2086 525 2170; x_wconf 84' lang='lat' dir='ltr'><strong>angelus</strong></span> <span class='ocrx_word' id='word_1_127' title='bbox 594 2109 821 2170; x_wconf 89' lang='lat' dir='ltr'><strong>preces</strong></span> <span class='ocrx_word' id='word_1_128' title='bbox 886 2088 1027 2154; x_wconf 92' lang='lat' dir='ltr'><strong>eius</strong></span> <span class='ocrx_word' id='word_1_129' title='bbox 1093 2088 1293 2154; x_wconf 86' lang='lat' dir='ltr'><strong>fuisse</strong></span> <span class='ocrx_word' id='word_1_130' title='bbox 1358 2088 1718 2155; x_wconf 84' lang='lat' dir='ltr'><strong>exauditas.</strong></span> <span class='ocrx_word' id='word_1_131' title='bbox 1808 2091 2060 2167; x_wconf 88' lang='lat' dir='ltr'><strong>(Actor.</strong></span> <span class='ocrx_word' id='word_1_132' title='bbox 2116 2093 2213 2166; x_wconf 90' lang='lat'><strong>10,</strong></span> 
     </span>
     <span class='ocr_line' id='line_1_20' title="bbox 272 2172 2213 2257; baseline 0.002 -22"><span class='ocrx_word' id='word_1_133' title='bbox 272 2181 355 2246; x_wconf 87' lang='lat'><strong>4).</strong></span> <span class='ocrx_word' id='word_1_134' title='bbox 439 2172 641 2256; x_wconf 88' lang='lat' dir='ltr'><strong>Apud</strong></span> <span class='ocrx_word' id='word_1_135' title='bbox 686 2193 798 2239; x_wconf 91' lang='lat' dir='ltr'><strong>eos</strong></span> <span class='ocrx_word' id='word_1_136' title='bbox 841 2181 1083 2249; x_wconf 89' lang='lat' dir='ltr'><strong>tamen,</strong></span> <span class='ocrx_word' id='word_1_137' title='bbox 1129 2175 1241 2257; x_wconf 91' lang='lat' dir='ltr'><strong>qui</strong></span> <span class='ocrx_word' id='word_1_138' title='bbox 1285 2173 1407 2242; x_wconf 87' lang='lat' dir='ltr'><strong>sibi</strong></span> <span class='ocrx_word' id='word_1_139' title='bbox 1449 2173 1519 2238; x_wconf 90' lang='lat' dir='ltr'><strong>in</strong></span> <span class='ocrx_word' id='word_1_140' title='bbox 1564 2185 1824 2256; x_wconf 91' lang='lat' dir='ltr'><strong>torpore</strong></span> <span class='ocrx_word' id='word_1_141' title='bbox 1867 2174 2067 2239; x_wconf 89' lang='lat' dir='ltr'><strong>nimis</strong></span> <span class='ocrx_word' id='word_1_142' title='bbox 2110 2174 2213 2238; x_wconf 88' lang='lat' dir='ltr'><strong>in·</strong></span> 
     </span>
     <span class='ocr_line' id='line_1_21' title="bbox 273 2255 2214 2343; baseline 0.002 -23"><span class='ocrx_word' id='word_1_143' title='bbox 273 2255 544 2341; x_wconf 85' lang='lat' dir='ltr'><strong>dulgent,</strong></span> <span class='ocrx_word' id='word_1_144' title='bbox 616 2259 985 2343; x_wconf 89' lang='lat' dir='ltr'><strong>obiurgatio</strong></span> <span class='ocrx_word' id='word_1_145' title='bbox 1049 2258 1266 2325; x_wconf 92' lang='lat' dir='ltr'><strong>locum</strong></span> <span class='ocrx_word' id='word_1_146' title='bbox 1331 2258 1546 2325; x_wconf 87' lang='lat' dir='ltr'><strong>habet.</strong></span> <span class='ocrx_word' id='word_1_147' title='bbox 1651 2261 1755 2325; x_wconf 78' lang='lat' dir='ltr'><strong>&#39;ru</strong></span> <span class='ocrx_word' id='word_1_148' title='bbox 1821 2258 2017 2325; x_wconf 88' lang='lat' dir='ltr'><strong>fidem</strong></span> <span class='ocrx_word' id='word_1_149' title='bbox 2082 2280 2214 2324; x_wconf 92' lang='lat' dir='ltr'><strong>non</strong></span> 
     </span>
     <span class='ocr_line' id='line_1_22' title="bbox 269 2341 2213 2428; baseline 0.002 -22"><span class='ocrx_word' id='word_1_150' title='bbox 269 2341 502 2410; x_wconf 81' lang='lat' dir='ltr'><strong>habes?</strong></span> <span class='ocrx_word' id='word_1_151' title='bbox 569 2353 724 2428; x_wconf 89' lang='lat' dir='ltr'><strong>pete</strong></span> <span class='ocrx_word' id='word_1_152' title='bbox 767 2352 848 2409; x_wconf 89' lang='lat' dir='ltr'><strong>ut</strong></span> <span class='ocrx_word' id='word_1_153' title='bbox 891 2345 1112 2410; x_wconf 88' lang='lat' dir='ltr'><strong>detur:</strong></span> <span class='ocrx_word' id='word_1_154' title='bbox 1180 2343 1375 2409; x_wconf 90' lang='lat' dir='ltr'><strong>modo</strong></span> <span class='ocrx_word' id='word_1_155' title='bbox 1419 2346 1558 2409; x_wconf 90' lang='lat' dir='ltr'><strong>fixa</strong></span> <span class='ocrx_word' id='word_1_156' title='bbox 1598 2355 1861 2410; x_wconf 90' lang='lat' dir='ltr'><strong>maneat</strong></span> <span class='ocrx_word' id='word_1_157' title='bbox 1895 2344 2213 2422; x_wconf 89' lang='lat' dir='ltr'><strong>doctrina,</strong></span> 
     </span>
     <span class='ocr_line' id='line_1_23' title="bbox 269 2428 2214 2513; baseline 0.002 -21"><span class='ocrx_word' id='word_1_158' title='bbox 269 2428 390 2492; x_wconf 86' lang='lat' dir='ltr'><strong>sola</strong></span> <span class='ocrx_word' id='word_1_159' title='bbox 431 2430 561 2496; x_wconf 91' lang='lat' dir='ltr'><strong>fide</strong></span> <span class='ocrx_word' id='word_1_160' title='bbox 631 2430 821 2496; x_wconf 90' lang='lat' dir='ltr'><strong>nobis</strong></span> <span class='ocrx_word' id='word_1_161' title='bbox 876 2429 1176 2494; x_wconf 91' lang='lat' dir='ltr'><strong>additum</strong></span> <span class='ocrx_word' id='word_1_162' title='bbox 1235 2429 1318 2495; x_wconf 91' lang='lat' dir='ltr'><strong>ad</strong></span> <span class='ocrx_word' id='word_1_163' title='bbox 1364 2429 1584 2496; x_wconf 91' lang='lat' dir='ltr'><strong>Deum</strong></span> <span class='ocrx_word' id='word_1_164' title='bbox 1626 2430 1944 2512; x_wconf 89' lang='lat' dir='ltr'><strong>patefieri.</strong></span> <span class='ocrx_word' id='word_1_165' title='bbox 2033 2430 2214 2513; x_wconf 86' lang='lat' dir='ltr'><strong>Ergo</strong></span> 
     </span>
     <span class='ocr_line' id='line_1_24' title="bbox 266 2514 2213 2597; baseline 0.001 -19"><span class='ocrx_word' id='word_1_166' title='bbox 266 2535 410 2596; x_wconf 87' lang='lat' dir='ltr'><strong>quos</strong></span> <span class='ocrx_word' id='word_1_167' title='bbox 444 2525 516 2579; x_wconf 81' lang='lat' dir='ltr'><strong>tu</strong></span> <span class='ocrx_word' id='word_1_168' title='bbox 554 2517 880 2592; x_wconf 86' lang='lat' dir='ltr'><strong>nominas,</strong></span> <span class='ocrx_word' id='word_1_169' title='bbox 927 2515 1212 2581; x_wconf 90' lang='lat' dir='ltr'><strong>arbitror</strong></span> <span class='ocrx_word' id='word_1_170' title='bbox 1246 2514 1621 2581; x_wconf 80' lang='lat' dir='ltr'><strong>duriuscule</strong></span> <span class='ocrx_word' id='word_1_171' title='bbox 1655 2515 1855 2581; x_wconf 86' lang='lat' dir='ltr'><strong>fuisse</strong></span> <span class='ocrx_word' id='word_1_172' title='bbox 1890 2515 2213 2597; x_wconf 91' lang='lat' dir='ltr'><strong>loquutos,</strong></span> 
     </span>
     <span class='ocr_line' id='line_1_25' title="bbox 267 2601 2218 2685; baseline 0.001 -22"><span class='ocrx_word' id='word_1_173' title='bbox 267 2611 334 2663; x_wconf 88' lang='lat' dir='ltr'><strong>ut</strong></span> <span class='ocrx_word' id='word_1_174' title='bbox 372 2601 710 2685; x_wconf 80' lang='lat' dir='ltr'><strong>ignaviam</strong></span> <span class='ocrx_word' id='word_1_175' title='bbox 754 2622 981 2667; x_wconf 88' lang='lat' dir='ltr'><strong>eorum</strong></span> <span class='ocrx_word' id='word_1_176' title='bbox 1030 2601 1625 2684; x_wconf 84' lang='lat' dir='ltr'><strong>expergefacerent,</strong></span> <span class='ocrx_word' id='word_1_177' title='bbox 1670 2601 1781 2684; x_wconf 91' lang='lat' dir='ltr'><strong>qui</strong></span> <span class='ocrx_word' id='word_1_178' title='bbox 1825 2622 1865 2667; x_wconf 91' lang='lat' dir='ltr'><strong>a</strong></span> <span class='ocrx_word' id='word_1_179' title='bbox 1899 2620 2020 2666; x_wconf 90' lang='lat' dir='ltr'><strong>suo</strong></span> <span class='ocrx_word' id='word_1_180' title='bbox 2055 2601 2218 2667; x_wconf 81' lang='lat' dir='ltr'><strong>vitio</strong></span> 
     </span>
     <span class='ocr_line' id='line_1_26' title="bbox 266 2687 1486 2769; baseline 0.002 -19"><span class='ocrx_word' id='word_1_181' title='bbox 266 2695 513 2769; x_wconf 87' lang='lat' dir='ltr'><strong>captant</strong></span> <span class='ocrx_word' id='word_1_182' title='bbox 557 2687 1006 2753; x_wconf 88' lang='lat' dir='ltr'><strong>excusationis</strong></span> <span class='ocrx_word' id='word_1_183' title='bbox 1050 2695 1486 2769; x_wconf 90' lang='lat' dir='ltr'><strong>praetextum.</strong></span> 
     </span>
    </p>

    <p class='ocr_par' dir='ltr' id='par_1_4' title="bbox 243 2770 2219 4738">
     <span class='ocr_line' id='line_1_27' title="bbox 421 2770 2219 2855; baseline 0.001 -19"><span class='ocrx_word' id='word_1_184' title='bbox 421 2770 626 2854; x_wconf 77' lang='lat' dir='ltr'><strong>Quod</strong></span> <span class='ocrx_word' id='word_1_185' title='bbox 670 2772 754 2837; x_wconf 92' lang='lat' dir='ltr'><strong>ad</strong></span> <span class='ocrx_word' id='word_1_186' title='bbox 796 2771 982 2838; x_wconf 90' lang='lat' dir='ltr'><strong>lusus</strong></span> <span class='ocrx_word' id='word_1_187' title='bbox 1024 2780 1298 2855; x_wconf 91' lang='lat' dir='ltr'><strong>spectat,</strong></span> <span class='ocrx_word' id='word_1_188' title='bbox 1341 2771 1532 2854; x_wconf 89' lang='lat' dir='ltr'><strong>cupio</strong></span> <span class='ocrx_word' id='word_1_189' title='bbox 1565 2770 2081 2837; x_wconf 88' lang='lat' dir='ltr'><strong>moderationem</strong></span> <span class='ocrx_word' id='word_1_190' title='bbox 2127 2781 2219 2837; x_wconf 83' lang='lat' dir='ltr'><strong>te-</strong></span> 
     </span>
     <span class='ocr_line' id='line_1_28' title="bbox 263 2856 2216 2940; baseline 0.002 -21"><span class='ocrx_word' id='word_1_191' title='bbox 263 2858 409 2922; x_wconf 89' lang='lat' dir='ltr'><strong>neri.</strong></span> <span class='ocrx_word' id='word_1_192' title='bbox 501 2858 807 2923; x_wconf 85' lang='lat' dir='ltr'><strong>Primum</strong></span> <span class='ocrx_word' id='word_1_193' title='bbox 849 2879 935 2922; x_wconf 90' lang='lat' dir='ltr'><strong>ne</strong></span> <span class='ocrx_word' id='word_1_194' title='bbox 992 2865 1300 2940; x_wconf 85' lang='lat' dir='ltr'><strong>quaestus</strong></span> <span class='ocrx_word' id='word_1_195' title='bbox 1356 2856 1510 2922; x_wconf 91' lang='lat' dir='ltr'><strong>inde</strong></span> <span class='ocrx_word' id='word_1_196' title='bbox 1563 2859 1701 2937; x_wconf 88' lang='lat' dir='ltr'><strong>fiat,</strong></span> <span class='ocrx_word' id='word_1_197' title='bbox 1768 2856 1877 2921; x_wconf 84' lang='lat' dir='ltr'><strong>vel</strong></span> <span class='ocrx_word' id='word_1_198' title='bbox 1920 2856 2216 2923; x_wconf 91' lang='lat' dir='ltr'><strong>lucrandi</strong></span> 
     </span>
     <span class='ocr_line' id='line_1_29' title="bbox 261 2940 2218 3025; baseline 0.001 -19"><span class='ocrx_word' id='word_1_199' title='bbox 261 2941 563 3010; x_wconf 76' lang='lat' dir='ltr'><strong>illecebra</strong></span> <span class='ocrx_word' id='word_1_200' title='bbox 633 2942 872 3009; x_wconf 90' lang='lat' dir='ltr'><strong>stultos</strong></span> <span class='ocrx_word' id='word_1_201' title='bbox 954 2941 1254 3007; x_wconf 87' lang='lat' dir='ltr'><strong>homines</strong></span> <span class='ocrx_word' id='word_1_202' title='bbox 1322 2940 1633 3025; x_wconf 89' lang='lat' dir='ltr'><strong>implicet.</strong></span> <span class='ocrx_word' id='word_1_203' title='bbox 1745 2941 1844 3006; x_wconf 88' lang='lat' dir='ltr'><strong>Ad</strong></span> <span class='ocrx_word' id='word_1_204' title='bbox 1904 2941 2067 3008; x_wconf 87' lang='lat' dir='ltr'><strong>haec</strong></span> <span class='ocrx_word' id='word_1_205' title='bbox 2131 2963 2218 3008; x_wconf 89' lang='lat' dir='ltr'><strong>ne</strong></span> 
     </span>
     <span class='ocr_line' id='line_1_30' title="bbox 259 3025 2219 3114; baseline 0.002 -22"><span class='ocrx_word' id='word_1_206' title='bbox 259 3028 516 3094; x_wconf 91' lang='lat' dir='ltr'><strong>modum</strong></span> <span class='ocrx_word' id='word_1_207' title='bbox 551 3028 896 3108; x_wconf 82' lang='lat' dir='ltr'><strong>excedant,</strong></span> <span class='ocrx_word' id='word_1_208' title='bbox 938 3028 1048 3095; x_wconf 82' lang='lat' dir='ltr'><strong>vel</strong></span> <span class='ocrx_word' id='word_1_209' title='bbox 1081 3035 1370 3111; x_wconf 85' lang='lat' dir='ltr'><strong>sumptu,</strong></span> <span class='ocrx_word' id='word_1_210' title='bbox 1414 3027 1525 3094; x_wconf 84' lang='lat' dir='ltr'><strong>vel</strong></span> <span class='ocrx_word' id='word_1_211' title='bbox 1557 3025 1956 3095; x_wconf 88' lang='lat' dir='ltr'><strong>assiduitate.</strong></span> <span class='ocrx_word' id='word_1_212' title='bbox 2000 3028 2219 3114; x_wconf 82' lang='lat' dir='ltr'><strong>Leges</strong></span> 
     </span>
     <span class='ocr_line' id='line_1_31' title="bbox 260 3114 2218 3200; baseline 0.001 -22"><span class='ocrx_word' id='word_1_213' title='bbox 260 3133 406 3200; x_wconf 88' lang='lat' dir='ltr'><strong>ergo</strong></span> <span class='ocrx_word' id='word_1_214' title='bbox 449 3114 768 3182; x_wconf 85' lang='lat' dir='ltr'><strong>ferendae</strong></span> <span class='ocrx_word' id='word_1_215' title='bbox 812 3122 1049 3193; x_wconf 89' lang='lat' dir='ltr'><strong>essent,</strong></span> <span class='ocrx_word' id='word_1_216' title='bbox 1103 3122 1182 3179; x_wconf 89' lang='lat' dir='ltr'><strong>ut</strong></span> <span class='ocrx_word' id='word_1_217' title='bbox 1233 3114 1424 3179; x_wconf 86' lang='lat' dir='ltr'><strong>fratri</strong></span> <span class='ocrx_word' id='word_1_218' title='bbox 1479 3116 1773 3198; x_wconf 85' lang='lat' dir='ltr'><strong>exposui,</strong></span> <span class='ocrx_word' id='word_1_219' title='bbox 1831 3135 2000 3197; x_wconf 92' lang='lat' dir='ltr'><strong>quae</strong></span> <span class='ocrx_word' id='word_1_220' title='bbox 2054 3116 2218 3181; x_wconf 83' lang='lat' dir='ltr'><strong>vitia</strong></span> 
     </span>
     <span class='ocr_line' id='line_1_32' title="bbox 259 3199 2216 3284; baseline 0.002 -21"><span class='ocrx_word' id='word_1_221' title='bbox 259 3208 569 3281; x_wconf 85' lang='lat' dir='ltr'><strong>quantum</strong></span> <span class='ocrx_word' id='word_1_222' title='bbox 643 3201 786 3267; x_wconf 87' lang='lat' dir='ltr'><strong>fieri</strong></span> <span class='ocrx_word' id='word_1_223' title='bbox 836 3212 1056 3284; x_wconf 90' lang='lat' dir='ltr'><strong>posset</strong></span> <span class='ocrx_word' id='word_1_224' title='bbox 1108 3207 1515 3266; x_wconf 86' lang='lat' dir='ltr'><strong>coercerent:</strong></span> <span class='ocrx_word' id='word_1_225' title='bbox 1604 3199 1706 3266; x_wconf 88' lang='lat' dir='ltr'><strong>Ne</strong></span> <span class='ocrx_word' id='word_1_226' title='bbox 1769 3200 2026 3265; x_wconf 87' lang='lat' dir='ltr'><strong>lucrum</strong></span> <span class='ocrx_word' id='word_1_227' title='bbox 2072 3202 2216 3284; x_wconf 91' lang='lat' dir='ltr'><strong>quis</strong></span> 
     </span>
     <span class='ocr_line' id='line_1_33' title="bbox 255 3283 2216 3455; baseline 0.001 -20"><span class='ocrx_word' id='word_1_228' title='bbox 255 3296 508 3438; x_wconf 50' lang='lat' dir='ltr'><strong>1²32?ae</strong></span> <span class='ocrx_word' id='word_1_229' title='bbox 511 3297 676 3438; x_wconf 64' lang='lat'><em>“123¹</em></span> <span class='ocrx_word' id='word_1_230' title='bbox 679 3284 965 3454; x_wconf 55' lang='lat'><strong>‘&#39;0222‘1&#39;3.</strong></span> <span class='ocrx_word' id='word_1_231' title='bbox 991 3285 1075 3435; x_wconf 58' lang='lat'><strong>³131</strong></span> <span class='ocrx_word' id='word_1_232' title='bbox 1119 3283 2216 3455; x_wconf 50' lang='lat' dir='ltr'><strong>ffivssssi&#39;ssssassessffissssffefssgsst</strong></span> 
     </span>
     <span class='ocr_line' id='line_1_34' title="bbox 255 3454 2216 3540; baseline 0.002 -21"><span class='ocrx_word' id='word_1_233' title='bbox 255 3454 486 3524; x_wconf 82' lang='lat' dir='ltr'><strong>latores</strong></span> <span class='ocrx_word' id='word_1_234' title='bbox 530 3456 834 3524; x_wconf 84' lang='lat' dir='ltr'><strong>cavenda</strong></span> <span class='ocrx_word' id='word_1_235' title='bbox 874 3456 1293 3540; x_wconf 89' lang='lat' dir='ltr'><strong>prospicient.</strong></span> <span class='ocrx_word' id='word_1_236' title='bbox 1380 3455 1647 3521; x_wconf 86' lang='lat' dir='ltr'><strong>Interea</strong></span> <span class='ocrx_word' id='word_1_237' title='bbox 1689 3464 1950 3522; x_wconf 84' lang='lat' dir='ltr'><strong>nostrae</strong></span> <span class='ocrx_word' id='word_1_238' title='bbox 1993 3464 2216 3540; x_wconf 88' lang='lat' dir='ltr'><strong>partes</strong></span> 
     </span>
     <span class='ocr_line' id='line_1_35' title="bbox 253 3541 2217 3625; baseline 0.002 -21"><span class='ocrx_word' id='word_1_239' title='bbox 253 3552 419 3622; x_wconf 87' lang='lat' dir='ltr'><strong>sunt,</strong></span> <span class='ocrx_word' id='word_1_240' title='bbox 486 3542 1024 3608; x_wconf 87' lang='lat' dir='ltr'><strong>animadvertere</strong></span> <span class='ocrx_word' id='word_1_241' title='bbox 1080 3541 1141 3606; x_wconf 91' lang='lat' dir='ltr'><strong>si</strong></span> <span class='ocrx_word' id='word_1_242' title='bbox 1196 3542 1344 3625; x_wconf 89' lang='lat' dir='ltr'><strong>quis</strong></span> <span class='ocrx_word' id='word_1_243' title='bbox 1399 3550 1659 3624; x_wconf 91' lang='lat' dir='ltr'><strong>tempus</strong></span> <span class='ocrx_word' id='word_1_244' title='bbox 1713 3550 1781 3608; x_wconf 90' lang='lat' dir='ltr'><strong>et</strong></span> <span class='ocrx_word' id='word_1_245' title='bbox 1835 3562 1906 3607; x_wconf 93' lang='lat' dir='ltr'><strong>se</strong></span> <span class='ocrx_word' id='word_1_246' title='bbox 1961 3563 2037 3609; x_wconf 91' lang='lat' dir='ltr'><strong>ac</strong></span> <span class='ocrx_word' id='word_1_247' title='bbox 2095 3564 2217 3609; x_wconf 92' lang='lat' dir='ltr'><strong>sua</strong></span> 
     </span>
     <span class='ocr_line' id='line_1_36' title="bbox 253 3625 2214 3710; baseline 0 -19"><span class='ocrx_word' id='word_1_248' title='bbox 253 3637 600 3694; x_wconf 87' lang='lat' dir='ltr'><strong>consumat</strong></span> <span class='ocrx_word' id='word_1_249' title='bbox 643 3626 949 3705; x_wconf 90' lang='lat' dir='ltr'><strong>ludendo,</strong></span> <span class='ocrx_word' id='word_1_250' title='bbox 1009 3647 1220 3710; x_wconf 89' lang='lat' dir='ltr'><strong>neque</strong></span> <span class='ocrx_word' id='word_1_251' title='bbox 1260 3626 1434 3691; x_wconf 87' lang='lat' dir='ltr'><strong>ferre</strong></span> <span class='ocrx_word' id='word_1_252' title='bbox 1478 3626 1866 3693; x_wconf 87' lang='lat' dir='ltr'><strong>dissolutam</strong></span> <span class='ocrx_word' id='word_1_253' title='bbox 1907 3625 2091 3693; x_wconf 90' lang='lat' dir='ltr'><strong>illam</strong></span> <span class='ocrx_word' id='word_1_254' title='bbox 2133 3626 2214 3691; x_wconf 90' lang='lat' dir='ltr'><strong>li·</strong></span> 
     </span>
     <span class='ocr_line' id='line_1_37' title="bbox 251 3711 2212 3796; baseline -0.001 -19"><span class='ocrx_word' id='word_1_255' title='bbox 251 3714 555 3793; x_wconf 84' lang='lat' dir='ltr'><strong>centiam,</strong></span> <span class='ocrx_word' id='word_1_256' title='bbox 652 3734 819 3796; x_wconf 90' lang='lat' dir='ltr'><strong>quae</strong></span> <span class='ocrx_word' id='word_1_257' title='bbox 897 3711 1575 3779; x_wconf 85' lang='lat' dir='ltr'><strong>excommunicatione</strong></span> <span class='ocrx_word' id='word_1_258' title='bbox 1644 3711 2032 3796; x_wconf 90' lang='lat' dir='ltr'><strong>castiganda</strong></span> <span class='ocrx_word' id='word_1_259' title='bbox 2093 3722 2212 3791; x_wconf 90' lang='lat' dir='ltr'><strong>est,</strong></span> 
     </span>
     <span class='ocr_line' id='line_1_38' title="bbox 251 3795 2214 3881; baseline 0.002 -21"><span class='ocrx_word' id='word_1_260' title='bbox 251 3808 474 3865; x_wconf 84' lang='lat' dir='ltr'><strong>autore</strong></span> <span class='ocrx_word' id='word_1_261' title='bbox 541 3798 780 3872; x_wconf 86' lang='lat' dir='ltr'><strong>Paulo.</strong></span> <span class='ocrx_word' id='word_1_262' title='bbox 845 3802 883 3861; x_wconf 87' lang='lat'><strong>2</strong></span> <span class='ocrx_word' id='word_1_263' title='bbox 949 3795 1183 3862; x_wconf 73' lang='lat' dir='ltr'><strong>Thess.</strong></span> <span class='ocrx_word' id='word_1_264' title='bbox 1234 3800 1293 3862; x_wconf 87' lang='grc'><strong>3.</strong></span> <span class='ocrx_word' id='word_1_265' title='bbox 1383 3795 1783 3881; x_wconf 80' lang='lat' dir='ltr'><strong>Quanquam</strong></span> <span class='ocrx_word' id='word_1_266' title='bbox 1828 3798 2214 3880; x_wconf 88' lang='lat' dir='ltr'><strong>nuptiarum</strong></span> 
     </span>
     <span class='ocr_line' id='line_1_39' title="bbox 248 3881 2212 3966; baseline -0.001 -17"><span class='ocrx_word' id='word_1_267' title='bbox 248 3894 596 3965; x_wconf 85' lang='lat' dir='ltr'><strong>praetextu</strong></span> <span class='ocrx_word' id='word_1_268' title='bbox 646 3882 818 3949; x_wconf 90' lang='lat' dir='ltr'><strong>diem</strong></span> <span class='ocrx_word' id='word_1_269' title='bbox 864 3882 1261 3948; x_wconf 90' lang='lat' dir='ltr'><strong>dominicum</strong></span> <span class='ocrx_word' id='word_1_270' title='bbox 1294 3881 1569 3966; x_wconf 89' lang='lat' dir='ltr'><strong>indigne</strong></span> <span class='ocrx_word' id='word_1_271' title='bbox 1610 3884 1960 3965; x_wconf 87' lang='lat' dir='ltr'><strong>profanent</strong></span> <span class='ocrx_word' id='word_1_272' title='bbox 2000 3883 2212 3961; x_wconf 91' lang='lat' dir='ltr'><strong>multi,</strong></span> 
     </span>
     <span class='ocr_line' id='line_1_40' title="bbox 246 3966 2215 4050; baseline 0.001 -18"><span class='ocrx_word' id='word_1_273' title='bbox 246 3978 540 4050; x_wconf 86' lang='lat' dir='ltr'><strong>praestat</strong></span> <span class='ocrx_word' id='word_1_274' title='bbox 583 3978 815 4035; x_wconf 87' lang='lat' dir='ltr'><strong>tamen</strong></span> <span class='ocrx_word' id='word_1_275' title='bbox 860 3967 1098 4034; x_wconf 91' lang='lat' dir='ltr'><strong>liberos</strong></span> <span class='ocrx_word' id='word_1_276' title='bbox 1142 3966 1281 4033; x_wconf 80' lang='lat' dir='ltr'><strong>dies</strong></span> <span class='ocrx_word' id='word_1_277' title='bbox 1314 3968 1716 4050; x_wconf 89' lang='lat' dir='ltr'><strong>permittere,</strong></span> <span class='ocrx_word' id='word_1_278' title='bbox 1759 3967 1953 4033; x_wconf 92' lang='lat' dir='ltr'><strong>modo</strong></span> <span class='ocrx_word' id='word_1_279' title='bbox 1987 3989 2215 4036; x_wconf 81' lang='lat' dir='ltr'><strong>severe</strong></span> 
     </span>
     <span class='ocr_line' id='line_1_41' title="bbox 247 4050 2217 4155; baseline 0.002 -38"><span class='ocrx_word' id='word_1_280' title='bbox 247 4056 456 4121; x_wconf 86' lang='lat' dir='ltr'><strong>omnis</strong></span> <span class='ocrx_word' id='word_1_281' title='bbox 525 4053 899 4155; x_wconf 81' lang='lat' dir='ltr'><strong>petulantia</strong></span> <span class='ocrx_word' id='word_1_282' title='bbox 960 4053 1375 4136; x_wconf 86' lang='lat' dir='ltr'><strong>reprimatur.</strong></span> <span class='ocrx_word' id='word_1_283' title='bbox 1464 4050 1619 4134; x_wconf 77' lang='lat' dir='ltr'><strong>Qua</strong></span> <span class='ocrx_word' id='word_1_284' title='bbox 1681 4052 1755 4118; x_wconf 91' lang='lat' dir='ltr'><strong>in</strong></span> <span class='ocrx_word' id='word_1_285' title='bbox 1817 4074 1891 4119; x_wconf 90' lang='lat' dir='ltr'><strong>re</strong></span> <span class='ocrx_word' id='word_1_286' title='bbox 1956 4075 2217 4120; x_wconf 90' lang='lat' dir='ltr'><strong>summa</strong></span> 
     </span>
     <span class='ocr_line' id='line_1_42' title="bbox 245 4136 2212 4224; baseline -0.002 -17"><span class='ocrx_word' id='word_1_287' title='bbox 245 4140 603 4224; x_wconf 75' lang='lat' dir='ltr'><strong>vigilantia</strong></span> <span class='ocrx_word' id='word_1_288' title='bbox 646 4161 686 4206; x_wconf 94' lang='lat' dir='ltr'><strong>o</strong></span> <span class='ocrx_word' id='word_1_289' title='bbox 733 4162 814 4206; x_wconf 92' lang='lat' dir='ltr'><strong>us</strong></span> <span class='ocrx_word' id='word_1_290' title='bbox 858 4146 975 4205; x_wconf 89' lang='lat' dir='ltr'><strong>est.</strong></span> <span class='ocrx_word' id='word_1_291' title='bbox 1065 4137 1251 4218; x_wconf 89' lang='lat' dir='ltr'><strong>Vale,</strong></span> <span class='ocrx_word' id='word_1_292' title='bbox 1295 4138 1541 4221; x_wconf 89' lang='lat' dir='ltr'><strong>optime</strong></span> <span class='ocrx_word' id='word_1_293' title='bbox 1582 4145 1650 4203; x_wconf 91' lang='lat' dir='ltr'><strong>et</strong></span> <span class='ocrx_word' id='word_1_294' title='bbox 1688 4136 1956 4206; x_wconf 91' lang='lat' dir='ltr'><strong>colende</strong></span> <span class='ocrx_word' id='word_1_295' title='bbox 1990 4139 2212 4206; x_wconf 84' lang='lat' dir='ltr'><strong>frater.</strong></span> 
     </span>
     <span class='ocr_line' id='line_1_43' title="bbox 246 4222 2215 4310; baseline 0.002 -23"><span class='ocrx_word' id='word_1_296' title='bbox 246 4222 621 4293; x_wconf 87' lang='lat' dir='ltr'><strong>Dominum</strong></span> <span class='ocrx_word' id='word_1_297' title='bbox 858 4230 1070 4291; x_wconf 77' lang='lat' dir='ltr'><strong>ratum</strong></span> <span class='ocrx_word' id='word_1_298' title='bbox 1122 4232 1190 4289; x_wconf 94' lang='lat' dir='ltr'><strong>et</strong></span> <span class='ocrx_word' id='word_1_299' title='bbox 1239 4224 1674 4305; x_wconf 78' lang='lat' dir='ltr'><strong>Tabellionem,</strong></span> <span class='ocrx_word' id='word_1_300' title='bbox 1719 4230 1786 4289; x_wconf 93' lang='lat' dir='ltr'><strong>et</strong></span> <span class='ocrx_word' id='word_1_301' title='bbox 1843 4231 1990 4291; x_wconf 90' lang='lat' dir='ltr'><strong>tuos</strong></span> <span class='ocrx_word' id='word_1_302' title='bbox 2034 4247 2215 4310; x_wconf 80' lang='lat' dir='ltr'><strong>sym·</strong></span> 
     </span>
     <span class='ocr_line' id='line_1_44' title="bbox 244 4308 2215 4397; baseline 0.001 -22"><span class='ocrx_word' id='word_1_303' title='bbox 244 4324 499 4396; x_wconf 79' lang='lat' dir='ltr'><strong>mystas</strong></span> <span class='ocrx_word' id='word_1_304' title='bbox 545 4310 666 4397; x_wconf 87' lang='lat' dir='ltr'><strong>qui</strong></span> <span class='ocrx_word' id='word_1_305' title='bbox 709 4310 1049 4378; x_wconf 90' lang='lat' dir='ltr'><strong>nobiscum</strong></span> <span class='ocrx_word' id='word_1_306' title='bbox 1090 4316 1248 4375; x_wconf 90' lang='lat' dir='ltr'><strong>sunt</strong></span> <span class='ocrx_word' id='word_1_307' title='bbox 1288 4310 1363 4375; x_wconf 91' lang='lat' dir='ltr'><strong>in</strong></span> <span class='ocrx_word' id='word_1_308' title='bbox 1404 4310 1660 4375; x_wconf 91' lang='lat' dir='ltr'><strong>sincera</strong></span> <span class='ocrx_word' id='word_1_309' title='bbox 1702 4308 1831 4375; x_wconf 88' lang='lat' dir='ltr'><strong>fide</strong></span> <span class='ocrx_word' id='word_1_310' title='bbox 1864 4311 2215 4390; x_wconf 89' lang='lat' dir='ltr'><strong>coniuncti,</strong></span> 
     </span>
     <span class='ocr_line' id='line_1_45' title="bbox 245 4392 2214 4480; baseline 0.001 -19"><span class='ocrx_word' id='word_1_311' title='bbox 245 4396 612 4478; x_wconf 87' lang='lat' dir='ltr'><strong>plurimum</strong></span> <span class='ocrx_word' id='word_1_312' title='bbox 674 4396 996 4463; x_wconf 86' lang='lat' dir='ltr'><strong>salutabis</strong></span> <span class='ocrx_word' id='word_1_313' title='bbox 1067 4415 1213 4461; x_wconf 92' lang='lat' dir='ltr'><strong>meo</strong></span> <span class='ocrx_word' id='word_1_314' title='bbox 1276 4395 1562 4461; x_wconf 89' lang='lat' dir='ltr'><strong>nomine.</strong></span> <span class='ocrx_word' id='word_1_315' title='bbox 1650 4392 1958 4480; x_wconf 81' lang='lat' dir='ltr'><strong>Collegae</strong></span> <span class='ocrx_word' id='word_1_316' title='bbox 2014 4396 2214 4462; x_wconf 90' lang='lat' dir='ltr'><strong>etiam</strong></span> 
     </span>
     <span class='ocr_line' id='line_1_46' title="bbox 243 4480 2214 4565; baseline 0.001 -18"><span class='ocrx_word' id='word_1_317' title='bbox 243 4485 370 4549; x_wconf 90' lang='lat' dir='ltr'><strong>mei</strong></span> <span class='ocrx_word' id='word_1_318' title='bbox 407 4483 615 4552; x_wconf 80' lang='lat' dir='ltr'><strong>vobis</strong></span> <span class='ocrx_word' id='word_1_319' title='bbox 658 4482 963 4549; x_wconf 90' lang='lat' dir='ltr'><strong>omnibus</strong></span> <span class='ocrx_word' id='word_1_320' title='bbox 998 4480 1273 4547; x_wconf 91' lang='lat' dir='ltr'><strong>multam</strong></span> <span class='ocrx_word' id='word_1_321' title='bbox 1307 4480 1587 4546; x_wconf 89' lang='lat' dir='ltr'><strong>salutem</strong></span> <span class='ocrx_word' id='word_1_322' title='bbox 1620 4490 1992 4565; x_wconf 87' lang='lat' dir='ltr'><strong>precantur.</strong></span> <span class='ocrx_word' id='word_1_323' title='bbox 2072 4480 2214 4548; x_wconf 89' lang='lat' dir='ltr'><strong>Do·</strong></span> 
     </span>
     <span class='ocr_line' id='line_1_47' title="bbox 244 4566 2212 4651; baseline 0.001 -19"><span class='ocrx_word' id='word_1_324' title='bbox 244 4569 466 4636; x_wconf 85' lang='lat' dir='ltr'><strong>m&#39;mus</strong></span> <span class='ocrx_word' id='word_1_325' title='bbox 511 4568 640 4635; x_wconf 88' lang='lat' dir='ltr'><strong>tibi</strong></span> <span class='ocrx_word' id='word_1_326' title='bbox 683 4568 872 4645; x_wconf 89' lang='lat' dir='ltr'><strong>adsit,</strong></span> <span class='ocrx_word' id='word_1_327' title='bbox 915 4574 981 4632; x_wconf 91' lang='lat' dir='ltr'><strong>te</strong></span> <span class='ocrx_word' id='word_1_328' title='bbox 1023 4567 1364 4651; x_wconf 87' lang='lat' dir='ltr'><strong>gubernet,</strong></span> <span class='ocrx_word' id='word_1_329' title='bbox 1408 4566 1731 4633; x_wconf 89' lang='lat' dir='ltr'><strong>sustineat</strong></span> <span class='ocrx_word' id='word_1_330' title='bbox 1782 4588 1903 4633; x_wconf 90' lang='lat' dir='ltr'><strong>sua</strong></span> <span class='ocrx_word' id='word_1_331' title='bbox 1943 4568 2212 4647; x_wconf 81' lang='lat' dir='ltr'><strong>virtute,</strong></span> 
     </span>
     <span class='ocr_line' id='line_1_48' title="bbox 245 4650 2209 4738; baseline 0 -19"><span class='ocrx_word' id='word_1_332' title='bbox 245 4651 503 4723; x_wconf 86' lang='lat' dir='ltr'><strong>labores</strong></span> <span class='ocrx_word' id='word_1_333' title='bbox 541 4664 703 4721; x_wconf 86' lang='lat' dir='ltr'><strong>tuos</strong></span> <span class='ocrx_word' id='word_1_334' title='bbox 736 4651 1094 4720; x_wconf 87' lang='lat' dir='ltr'><strong>benedicat.</strong></span> <span class='ocrx_word' id='word_1_335' title='bbox 1141 4652 1474 4733; x_wconf 81' lang='lat' dir='ltr'><strong>Genevae,</strong></span> <span class='ocrx_word' id='word_1_336' title='bbox 1519 4656 1619 4717; x_wconf 87' lang='grc'><strong>25.</strong></span> <span class='ocrx_word' id='word_1_337' title='bbox 1645 4650 1976 4738; x_wconf 84' lang='lat' dir='ltr'><strong>Septemb.</strong></span> <span class='ocrx_word' id='word_1_338' title='bbox 2027 4656 2209 4720; x_wconf 75' lang='lat'><strong>1562.</strong></span> 
     </span>
    </p>
   </div>
   <div class='ocr_carea' id='block_1_3' title="bbox 1934 356 2604 427">
    <p class='ocr_par' dir='ltr' id='par_1_5' title="bbox 1934 356 2604 427">
     <span class='ocr_line' id='line_1_49' title="bbox 1934 356 2604 427; baseline 0.007 -5"><span class='ocrx_word' id='word_1_339' title='bbox 1934 360 2098 424; x_wconf 74' lang='lat'><strong>1562</strong></span> <span class='ocrx_word' id='word_1_340' title='bbox 2142 356 2604 427; x_wconf 60' lang='lat' dir='ltr'>SEPTEM:</span> 
     </span>
    </p>
   </div>
   <div class='ocr_carea' id='block_1_4' title="bbox 2244 557 2298 5313">
    <p class='ocr_par' dir='ltr' id='par_1_6' title="bbox 2244 557 2298 5313">
     <span class='ocr_line' id='line_1_50' title="bbox 2244 557 2298 5313; baseline 0 0"><span class='ocrx_word' id='word_1_341' title='bbox 2244 557 2298 5313; x_wconf 95' lang='lat' dir='ltr'><strong> </strong></span> 
     </span>
    </p>
   </div>
   <div class='ocr_carea' id='block_1_5' title="bbox 2355 361 4273 788">
    <p class='ocr_par' dir='ltr' id='par_1_7' title="bbox 2355 361 4273 788">
     <span class='ocr_line' id='line_1_51' title="bbox 4137 361 4273 427; baseline 0.007 -2"><span class='ocrx_word' id='word_1_342' title='bbox 4137 361 4273 427; x_wconf 66' lang='lat' dir='ltr'><strong>sao</strong></span> 
     </span>
     <span class='ocr_line' id='line_1_52' title="bbox 3190 541 3393 616; baseline 0 -1"><span class='ocrx_word' id='word_1_343' title='bbox 3190 541 3393 616; x_wconf 71' lang='grc'><strong>8860.</strong></span> 
     </span>
     <span class='ocr_line' id='line_1_53' title="bbox 2355 700 4219 788; baseline 0.001 -2"><span class='ocrx_word' id='word_1_344' title='bbox 2355 717 2711 786; x_wconf 81' lang='lat' dir='ltr'>OALVIN</span> <span class='ocrx_word' id='word_1_345' title='bbox 2755 717 2955 786; x_wconf 73' lang='lat' dir='ltr'><strong>on</strong></span> <span class='ocrx_word' id='word_1_346' title='bbox 2998 700 3402 785; x_wconf 62' lang='lat' dir='ltr'><strong>sensns</strong></span> <span class='ocrx_word' id='word_1_347' title='bbox 3447 717 3578 785; x_wconf 76' lang='lat' dir='ltr'><strong>Du</strong></span> <span class='ocrx_word' id='word_1_348' title='bbox 3621 715 4219 788; x_wconf 77' lang='lat' dir='ltr'><strong>LANGUEDOO.</strong></span> 
     </span>
    </p>
   </div>
   <div class='ocr_carea' id='block_1_6' title="bbox 2310 904 4275 1098">
    <p class='ocr_par' dir='ltr' id='par_1_8' title="bbox 2310 904 4275 1098">
     <span class='ocr_line' id='line_1_54' title="bbox 2485 904 4275 991; baseline 0.001 -19"><span class='ocrx_word' id='word_1_349' title='bbox 2485 904 2843 991; x_wconf 73' lang='lat' dir='ltr'><strong>Fraqment.</strong></span> <span class='ocrx_word' id='word_1_350' title='bbox 2931 905 3349 972; x_wconf 69' lang='lat' dir='ltr'><strong>Exhortation</strong></span> <span class='ocrx_word' id='word_1_351' title='bbox 3414 904 3458 970; x_wconf 81' lang='grc' dir='ltr'><em>ὰ</em></span> <span class='ocrx_word' id='word_1_352' title='bbox 3507 925 3577 971; x_wconf 76' lang='lat' dir='ltr'><strong>se</strong></span> <span class='ocrx_word' id='word_1_353' title='bbox 3639 906 3856 973; x_wconf 74' lang='lat' dir='ltr'><strong>cotiser</strong></span> <span class='ocrx_word' id='word_1_354' title='bbox 3898 925 4070 988; x_wconf 75' lang='lat' dir='ltr'><strong>pour</strong></span> <span class='ocrx_word' id='word_1_355' title='bbox 4119 907 4275 973; x_wconf 78' lang='lat' dir='ltr'><strong>sub-</strong></span> 
     </span>
     <span class='ocr_line' id='line_1_55' title="bbox 2310 991 3493 1098; baseline -0.003 -38"><span class='ocrx_word' id='word_1_356' title='bbox 2310 993 2491 1060; x_wconf 65' lang='lat' dir='ltr'><strong>venir</strong></span> <span class='ocrx_word' id='word_1_357' title='bbox 2533 1012 2667 1059; x_wconf 73' lang='lat' dir='ltr'><strong>aux</strong></span> <span class='ocrx_word' id='word_1_358' title='bbox 2701 991 2874 1074; x_wconf 71' lang='lat' dir='ltr'><strong>freis</strong></span> <span class='ocrx_word' id='word_1_359' title='bbox 2914 993 2993 1059; x_wconf 81' lang='lat' dir='ltr'><strong>de</strong></span> <span class='ocrx_word' id='word_1_360' title='bbox 3034 992 3103 1057; x_wconf 85' lang='lat' dir='ltr'><strong>la</strong></span> <span class='ocrx_word' id='word_1_361' title='bbox 3141 1011 3381 1075; x_wconf 71' lang='lat' dir='ltr'><strong>quem-e.</strong></span> <span class='ocrx_word' id='word_1_362' title='bbox 3482 1089 3493 1098; x_wconf 18' lang='grc' dir='ltr'><strong><em>ἡ</em></strong></span> 
     </span>
    </p>
   </div>
   <div class='ocr_carea' id='block_1_7' title="bbox 2315 1176 4271 1384">
    <p class='ocr_par' dir='ltr' id='par_1_9' title="bbox 2315 1176 4271 1384">
     <span class='ocr_line' id='line_1_56' title="bbox 2315 1176 4271 1246; baseline -0.001 -11"><span class='ocrx_word' id='word_1_363' title='bbox 2315 1180 2481 1244; x_wconf 83' lang='lat' dir='ltr'><strong>(Bibl.</strong></span> <span class='ocrx_word' id='word_1_364' title='bbox 2519 1181 2587 1234; x_wconf 92' lang='lat' dir='ltr'><strong>de</strong></span> <span class='ocrx_word' id='word_1_365' title='bbox 2624 1177 2860 1234; x_wconf 79' lang='lat' dir='ltr'><strong>Geneve.</strong></span> <span class='ocrx_word' id='word_1_366' title='bbox 2905 1178 3031 1233; x_wconf 89' lang='lat' dir='ltr'><strong>Vol.</strong></span> <span class='ocrx_word' id='word_1_367' title='bbox 3060 1177 3179 1245; x_wconf 88' lang='grc'><strong>107,</strong></span> <span class='ocrx_word' id='word_1_368' title='bbox 3212 1179 3304 1232; x_wconf 83' lang='lat' dir='ltr'><strong>fol.</strong></span> <span class='ocrx_word' id='word_1_369' title='bbox 3342 1177 3462 1231; x_wconf 79' lang='lat'><strong>144.</strong></span> <span class='ocrx_word' id='word_1_370' title='bbox 3500 1205 3566 1217; x_wconf 89' lang='lat'>—</span> <span class='ocrx_word' id='word_1_371' title='bbox 3603 1176 3679 1231; x_wconf 89' lang='lat' dir='ltr'><strong>Oo</strong></span> <span class='ocrx_word' id='word_1_372' title='bbox 3720 1178 3825 1233; x_wconf 86' lang='lat' dir='ltr'><strong>ies:</strong></span> <span class='ocrx_word' id='word_1_373' title='bbox 3862 1178 3985 1234; x_wconf 83' lang='lat' dir='ltr'><strong>Vol.</strong></span> <span class='ocrx_word' id='word_1_374' title='bbox 4020 1178 4141 1246; x_wconf 87' lang='lat'><strong>108,</strong></span> <span class='ocrx_word' id='word_1_375' title='bbox 4172 1179 4271 1234; x_wconf 82' lang='lat' dir='ltr'><strong>fol.</strong></span> 
     </span>
     <span class='ocr_line' id='line_1_57' title="bbox 2315 1245 4271 1316; baseline 0.001 -13"><span class='ocrx_word' id='word_1_376' title='bbox 2315 1248 2419 1303; x_wconf 79' lang='lat'><strong>128</strong></span> <span class='ocrx_word' id='word_1_377' title='bbox 2452 1267 2507 1304; x_wconf 79' lang='lat' dir='ltr'><strong>v.</strong></span> <span class='ocrx_word' id='word_1_378' title='bbox 2562 1250 2743 1303; x_wconf 86' lang='lat' dir='ltr'><strong>Berne</strong></span> <span class='ocrx_word' id='word_1_379' title='bbox 2778 1248 2873 1300; x_wconf 83' lang='lat' dir='ltr'><strong>vl.</strong></span> <span class='ocrx_word' id='word_1_380' title='bbox 2923 1264 2977 1316; x_wconf 90' lang='lat' dir='ltr'><strong>p.</strong></span> <span class='ocrx_word' id='word_1_381' title='bbox 3017 1245 3165 1303; x_wconf 83' lang='lat'><strong>1006.</strong></span> <span class='ocrx_word' id='word_1_382' title='bbox 3230 1248 3441 1301; x_wconf 87' lang='lat' dir='ltr'><strong>Simler.</strong></span> <span class='ocrx_word' id='word_1_383' title='bbox 3479 1246 3596 1301; x_wconf 87' lang='lat' dir='ltr'><strong>Vol.</strong></span> <span class='ocrx_word' id='word_1_384' title='bbox 3634 1246 3661 1299; x_wconf 93' lang='lat'>1</span> <span class='ocrx_word' id='word_1_385' title='bbox 3735 1285 3748 1298; x_wconf 95' lang='lat'><strong>.</strong></span> <span class='ocrx_word' id='word_1_386' title='bbox 3793 1272 3851 1284; x_wconf 91' lang='lat'><em>-</em></span> <span class='ocrx_word' id='word_1_387' title='bbox 3887 1247 4102 1302; x_wconf 85' lang='lat' dir='ltr'><strong>Rucbat</strong></span> <span class='ocrx_word' id='word_1_388' title='bbox 4135 1250 4271 1304; x_wconf 80' lang='lat' dir='ltr'><strong>vn.</strong></span> 
     </span>
     <span class='ocr_line' id='line_1_58' title="bbox 2624 1314 3955 1384; baseline -0.002 -14"><span class='ocrx_word' id='word_1_389' title='bbox 2624 1315 2742 1370; x_wconf 77' lang='lat'><strong>394.</strong></span> <span class='ocrx_word' id='word_1_390' title='bbox 2780 1317 3001 1371; x_wconf 87' lang='lat' dir='ltr'><strong>Bonnet</strong></span> <span class='ocrx_word' id='word_1_391' title='bbox 3033 1316 3110 1371; x_wconf 84' lang='lat' dir='ltr'><strong>II.</strong></span> <span class='ocrx_word' id='word_1_392' title='bbox 3145 1314 3263 1369; x_wconf 76' lang='lat'><strong>474.</strong></span> <span class='ocrx_word' id='word_1_393' title='bbox 3303 1315 3467 1370; x_wconf 87' lang='lat' dir='ltr'><strong>Trad.</strong></span> <span class='ocrx_word' id='word_1_394' title='bbox 3503 1316 3645 1384; x_wconf 84' lang='lat' dir='ltr'><strong>angl.</strong></span> <span class='ocrx_word' id='word_1_395' title='bbox 3680 1315 3774 1368; x_wconf 84' lang='lat' dir='ltr'><strong>lv.</strong></span> <span class='ocrx_word' id='word_1_396' title='bbox 3808 1314 3955 1382; x_wconf 83' lang='grc'><strong>278.)</strong></span> 
     </span>
    </p>
   </div>
   <div class='ocr_carea' id='block_1_8' title="bbox 2313 1502 4279 4496">
    <p class='ocr_par' dir='ltr' id='par_1_10' title="bbox 2313 1502 4279 4496">
     <span class='ocr_line' id='line_1_59' title="bbox 2487 1502 4272 1587; baseline 0.001 -18"><span class='ocrx_word' id='word_1_397' title='bbox 2487 1503 2863 1582; x_wconf 80' lang='lat' dir='ltr'><strong>Messieurs,</strong></span> <span class='ocrx_word' id='word_1_398' title='bbox 2910 1503 3236 1570; x_wconf 88' lang='lat' dir='ltr'><strong>treschers</strong></span> <span class='ocrx_word' id='word_1_399' title='bbox 3272 1511 3340 1569; x_wconf 95' lang='lat' dir='ltr'><strong>et</strong></span> <span class='ocrx_word' id='word_1_400' title='bbox 3373 1503 3658 1569; x_wconf 85' lang='lat' dir='ltr'><strong>honorez</strong></span> <span class='ocrx_word' id='word_1_401' title='bbox 3704 1502 3928 1581; x_wconf 85' lang='lat' dir='ltr'><strong>freres,</strong></span> <span class='ocrx_word' id='word_1_402' title='bbox 3964 1505 4035 1587; x_wconf 86' lang='lat' dir='ltr'><strong>je</strong></span> <span class='ocrx_word' id='word_1_403' title='bbox 4080 1502 4272 1570; x_wconf 82' lang='lat' dir='ltr'><strong>voul-</strong></span> 
     </span>
     <span class='ocr_line' id='line_1_60' title="bbox 2315 1588 4269 1674; baseline 0.001 -19"><span class='ocrx_word' id='word_1_404' title='bbox 2315 1589 2493 1656; x_wconf 91' lang='lat' dir='ltr'><strong>drois</strong></span> <span class='ocrx_word' id='word_1_405' title='bbox 2539 1589 2693 1655; x_wconf 91' lang='lat' dir='ltr'><strong>bien</strong></span> <span class='ocrx_word' id='word_1_406' title='bbox 2737 1610 2845 1655; x_wconf 91' lang='lat' dir='ltr'><strong>me</strong></span> <span class='ocrx_word' id='word_1_407' title='bbox 2888 1598 3296 1674; x_wconf 89' lang='lat' dir='ltr'><strong>transporter</strong></span> <span class='ocrx_word' id='word_1_408' title='bbox 3338 1610 3459 1672; x_wconf 88' lang='lat' dir='ltr'><strong>par</strong></span> <span class='ocrx_word' id='word_1_409' title='bbox 3502 1588 3647 1653; x_wconf 89' lang='lat' dir='ltr'><strong>dela</strong></span> <span class='ocrx_word' id='word_1_410' title='bbox 3688 1609 3854 1671; x_wconf 91' lang='lat' dir='ltr'><strong>pour</strong></span> <span class='ocrx_word' id='word_1_411' title='bbox 3896 1607 4061 1655; x_wconf 83' lang='lat' dir='ltr'><strong>vous</strong></span> <span class='ocrx_word' id='word_1_412' title='bbox 4103 1589 4269 1656; x_wconf 84' lang='lat' dir='ltr'><strong>faire</strong></span> 
     </span>
     <span class='ocr_line' id='line_1_61' title="bbox 2321 1675 4273 1758; baseline -0.001 -16"><span class='ocrx_word' id='word_1_413' title='bbox 2321 1675 2635 1742; x_wconf 92' lang='lat' dir='ltr'><strong>entendre</strong></span> <span class='ocrx_word' id='word_1_414' title='bbox 2681 1675 2762 1740; x_wconf 97' lang='grc'><strong>(16</strong></span> <span class='ocrx_word' id='word_1_415' title='bbox 2806 1676 3020 1758; x_wconf 84' lang='lat' dir='ltr'><strong>quelle</strong></span> <span class='ocrx_word' id='word_1_416' title='bbox 3063 1675 3367 1741; x_wconf 86' lang='lat' dir='ltr'><strong>affection</strong></span> <span class='ocrx_word' id='word_1_417' title='bbox 3409 1676 3472 1739; x_wconf 92' lang='lat' dir='ltr'><strong>ie</strong></span> <span class='ocrx_word' id='word_1_418' title='bbox 3507 1695 3675 1739; x_wconf 83' lang='lat' dir='ltr'><strong>vous</strong></span> <span class='ocrx_word' id='word_1_419' title='bbox 3709 1675 3985 1756; x_wconf 83' lang='lat' dir='ltr'><strong>escriptz</strong></span> <span class='ocrx_word' id='word_1_420' title='bbox 4023 1675 4086 1739; x_wconf 88' lang='lat' dir='ltr'><strong>la</strong></span> <span class='ocrx_word' id='word_1_421' title='bbox 4120 1696 4273 1758; x_wconf 84' lang='lat' dir='ltr'><strong>pre-</strong></span> 
     </span>
     <span class='ocr_line' id='line_1_62' title="bbox 2316 1759 4270 1844; baseline -0.001 -15"><span class='ocrx_word' id='word_1_422' title='bbox 2316 1768 2518 1829; x_wconf 90' lang='lat' dir='ltr'><strong>sente.</strong></span> <span class='ocrx_word' id='word_1_423' title='bbox 2607 1761 2779 1827; x_wconf 82' lang='lat' dir='ltr'><strong>Mais</strong></span> <span class='ocrx_word' id='word_1_424' title='bbox 2844 1762 2993 1844; x_wconf 89' lang='lat' dir='ltr'><strong>puis</strong></span> <span class='ocrx_word' id='word_1_425' title='bbox 3061 1781 3188 1844; x_wconf 90' lang='lat' dir='ltr'><strong>que</strong></span> <span class='ocrx_word' id='word_1_426' title='bbox 3252 1759 3316 1825; x_wconf 93' lang='grc'><strong>16</strong></span> <span class='ocrx_word' id='word_1_427' title='bbox 3378 1760 3655 1843; x_wconf 84' lang='lat' dir='ltr'><strong>pouvoir</strong></span> <span class='ocrx_word' id='word_1_428' title='bbox 3722 1760 3800 1824; x_wconf 91' lang='lat' dir='ltr'><strong>dc</strong></span> <span class='ocrx_word' id='word_1_429' title='bbox 3859 1780 3932 1825; x_wconf 90' lang='lat' dir='ltr'><strong>ce</strong></span> <span class='ocrx_word' id='word_1_430' title='bbox 3974 1760 4138 1825; x_wconf 86' lang='lat' dir='ltr'><strong>faire</strong></span> <span class='ocrx_word' id='word_1_431' title='bbox 4182 1782 4270 1828; x_wconf 92' lang='lat' dir='ltr'><strong>ne</strong></span> 
     </span>
     <span class='ocr_line' id='line_1_63' title="bbox 2315 1844 4271 1930; baseline 0 -17"><span class='ocrx_word' id='word_1_432' title='bbox 2315 1856 2487 1913; x_wconf 92' lang='lat' dir='ltr'><strong>mest</strong></span> <span class='ocrx_word' id='word_1_433' title='bbox 2526 1847 2713 1929; x_wconf 93' lang='lat' dir='ltr'><strong>point</strong></span> <span class='ocrx_word' id='word_1_434' title='bbox 2756 1845 2987 1925; x_wconf 84' lang='lat' dir='ltr'><strong>donne,</strong></span> <span class='ocrx_word' id='word_1_435' title='bbox 3051 1847 3301 1930; x_wconf 90' lang='lat' dir='ltr'><strong>iespere</strong></span> <span class='ocrx_word' id='word_1_436' title='bbox 3356 1867 3483 1928; x_wconf 91' lang='lat' dir='ltr'><strong>que</strong></span> <span class='ocrx_word' id='word_1_437' title='bbox 3527 1844 3591 1910; x_wconf 90' lang='lat' dir='ltr'><strong>la</strong></span> <span class='ocrx_word' id='word_1_438' title='bbox 3634 1844 3834 1912; x_wconf 91' lang='lat' dir='ltr'><strong>chose</strong></span> <span class='ocrx_word' id='word_1_439' title='bbox 3876 1865 4121 1911; x_wconf 87' lang='lat' dir='ltr'><strong>mesme</strong></span> <span class='ocrx_word' id='word_1_440' title='bbox 4167 1867 4271 1913; x_wconf 91' lang='lat' dir='ltr'><strong>es-</strong></span> 
     </span>
     <span class='ocr_line' id='line_1_64' title="bbox 2316 1931 4270 2014; baseline -0.001 -15"><span class='ocrx_word' id='word_1_441' title='bbox 2316 1941 2463 1999; x_wconf 86' lang='lat' dir='ltr'><strong>tant</strong></span> <span class='ocrx_word' id='word_1_442' title='bbox 2506 1933 2657 1999; x_wconf 92' lang='lat' dir='ltr'><strong>bien</strong></span> <span class='ocrx_word' id='word_1_443' title='bbox 2712 1933 3040 1998; x_wconf 91' lang='lat' dir='ltr'><strong>entendue</strong></span> <span class='ocrx_word' id='word_1_444' title='bbox 3093 1932 3173 1997; x_wconf 92' lang='lat' dir='ltr'><strong>de</strong></span> <span class='ocrx_word' id='word_1_445' title='bbox 3232 1953 3412 2008; x_wconf 85' lang='lat' dir='ltr'><strong>vous,</strong></span> <span class='ocrx_word' id='word_1_446' title='bbox 3469 1931 3697 1996; x_wconf 86' lang='lat' dir='ltr'><strong>suffira</strong></span> <span class='ocrx_word' id='word_1_447' title='bbox 3754 1952 3921 2014; x_wconf 91' lang='lat' dir='ltr'><strong>pour</strong></span> <span class='ocrx_word' id='word_1_448' title='bbox 3962 1953 4126 1996; x_wconf 84' lang='lat' dir='ltr'><strong>vous</strong></span> <span class='ocrx_word' id='word_1_449' title='bbox 4167 1953 4270 1997; x_wconf 91' lang='lat' dir='ltr'><strong>es-</strong></span> 
     </span>
     <span class='ocr_line' id='line_1_65' title="bbox 2314 2016 4273 2101; baseline 0 -19"><span class='ocrx_word' id='word_1_450' title='bbox 2314 2016 2617 2084; x_wconf 82' lang='lat' dir='ltr'><strong>mouvoir</strong></span> <span class='ocrx_word' id='word_1_451' title='bbox 2672 2039 2714 2082; x_wconf 88' lang='lat' dir='ltr'><strong>a</strong></span> <span class='ocrx_word' id='word_1_452' title='bbox 2767 2039 2930 2084; x_wconf 82' lang='lat' dir='ltr'><strong>vous</strong></span> <span class='ocrx_word' id='word_1_453' title='bbox 2988 2018 3298 2101; x_wconf 90' lang='lat' dir='ltr'><strong>emploier</strong></span> <span class='ocrx_word' id='word_1_454' title='bbox 3351 2017 3617 2100; x_wconf 88' lang='lat' dir='ltr'><strong>iusques</strong></span> <span class='ocrx_word' id='word_1_455' title='bbox 3678 2037 3717 2080; x_wconf 90' lang='lat' dir='ltr'><strong>a</strong></span> <span class='ocrx_word' id='word_1_456' title='bbox 3774 2016 3947 2094; x_wconf 91' lang='lat' dir='ltr'><strong>bout‚</strong></span> <span class='ocrx_word' id='word_1_457' title='bbox 4016 2017 4273 2084; x_wconf 88' lang='lat' dir='ltr'><strong>chacun</strong></span> 
     </span>
     <span class='ocr_line' id='line_1_66' title="bbox 2317 2101 4273 2187; baseline -0.001 -18"><span class='ocrx_word' id='word_1_458' title='bbox 2317 2103 2503 2170; x_wconf 91' lang='lat' dir='ltr'><strong>selon</strong></span> <span class='ocrx_word' id='word_1_459' title='bbox 2540 2123 2615 2168; x_wconf 93' lang='lat' dir='ltr'><strong>sa</strong></span> <span class='ocrx_word' id='word_1_460' title='bbox 2648 2103 2909 2170; x_wconf 84' lang='lat' dir='ltr'><strong>faculte.</strong></span> <span class='ocrx_word' id='word_1_461' title='bbox 2977 2103 3040 2168; x_wconf 93' lang='lat' dir='ltr'><strong>Il</strong></span> <span class='ocrx_word' id='word_1_462' title='bbox 3073 2111 3173 2168; x_wconf 89' lang='lat' dir='ltr'><strong>est</strong></span> <span class='ocrx_word' id='word_1_463' title='bbox 3208 2104 3505 2187; x_wconf 90' lang='lat' dir='ltr'><strong>question</strong></span> <span class='ocrx_word' id='word_1_464' title='bbox 3542 2101 3622 2167; x_wconf 93' lang='lat' dir='ltr'><strong>de</strong></span> <span class='ocrx_word' id='word_1_465' title='bbox 3656 2111 3926 2168; x_wconf 81' lang='lat' dir='ltr'><strong>trouver</strong></span> <span class='ocrx_word' id='word_1_466' title='bbox 3961 2112 4199 2186; x_wconf 84' lang='lat' dir='ltr'><strong>argent</strong></span> <span class='ocrx_word' id='word_1_467' title='bbox 4220 2108 4273 2181; x_wconf 85' lang='lat'><strong>¹)</strong></span> 
     </span>
     <span class='ocr_line' id='line_1_67' title="bbox 2315 2188 4274 2273; baseline 0 -19"><span class='ocrx_word' id='word_1_468' title='bbox 2315 2209 2487 2273; x_wconf 89' lang='lat' dir='ltr'><strong>pour</strong></span> <span class='ocrx_word' id='word_1_469' title='bbox 2552 2189 2847 2254; x_wconf 88' lang='lat' dir='ltr'><strong>soutenir</strong></span> <span class='ocrx_word' id='word_1_470' title='bbox 2890 2188 3007 2273; x_wconf 57' lang='grc'><strong>1166</strong></span> <span class='ocrx_word' id='word_1_471' title='bbox 3074 2210 3236 2273; x_wconf 90' lang='lat' dir='ltr'><strong>gens</strong></span> <span class='ocrx_word' id='word_1_472' title='bbox 3300 2209 3425 2272; x_wconf 89' lang='lat' dir='ltr'><strong>que</strong></span> <span class='ocrx_word' id='word_1_473' title='bbox 3470 2188 3809 2254; x_wconf 82' lang='lat' dir='ltr'><strong>Monsieur</strong></span> <span class='ocrx_word' id='word_1_474' title='bbox 3859 2188 4189 2254; x_wconf 57' lang='lat' dir='ltr'><strong>&amp;Andelot</strong></span> <span class='ocrx_word' id='word_1_475' title='bbox 4231 2209 4274 2255; x_wconf 90' lang='lat' dir='ltr'><strong>a</strong></span> 
     </span>
     <span class='ocr_line' id='line_1_68' title="bbox 2316 2272 4272 2357; baseline 0.001 -18"><span class='ocrx_word' id='word_1_476' title='bbox 2316 2275 2587 2350; x_wconf 78' lang='lat' dir='ltr'><strong>levez.²)</strong></span> <span class='ocrx_word' id='word_1_477' title='bbox 2674 2275 2964 2340; x_wconf 91' lang='lat' dir='ltr'><strong>Dentrer</strong></span> <span class='ocrx_word' id='word_1_478' title='bbox 3007 2296 3090 2339; x_wconf 93' lang='lat' dir='ltr'><strong>en</strong></span> <span class='ocrx_word' id='word_1_479' title='bbox 3157 2274 3456 2357; x_wconf 85' lang='lat' dir='ltr'><strong>question</strong></span> <span class='ocrx_word' id='word_1_480' title='bbox 3511 2293 3598 2338; x_wconf 89' lang='lat' dir='ltr'><strong>ou</strong></span> <span class='ocrx_word' id='word_1_481' title='bbox 3654 2272 3913 2356; x_wconf 88' lang='lat' dir='ltr'><strong>dispute</strong></span> <span class='ocrx_word' id='word_1_482' title='bbox 3956 2293 4123 2356; x_wconf 90' lang='lat' dir='ltr'><strong>pour</strong></span> <span class='ocrx_word' id='word_1_483' title='bbox 4167 2295 4272 2340; x_wconf 89' lang='lat' dir='ltr'><strong>re-</strong></span> 
     </span>
     <span class='ocr_line' id='line_1_69' title="bbox 2318 2359 4273 2444; baseline -0.001 -20"><span class='ocrx_word' id='word_1_484' title='bbox 2318 2359 2600 2444; x_wconf 89' lang='lat' dir='ltr'><strong>prendre</strong></span> <span class='ocrx_word' id='word_1_485' title='bbox 2661 2359 2754 2426; x_wconf 89' lang='lat' dir='ltr'><strong>les</strong></span> <span class='ocrx_word' id='word_1_486' title='bbox 2810 2359 3046 2426; x_wconf 86' lang='lat' dir='ltr'><strong>faultes</strong></span> <span class='ocrx_word' id='word_1_487' title='bbox 3099 2381 3379 2444; x_wconf 89' lang='lat' dir='ltr'><strong>passees,</strong></span> <span class='ocrx_word' id='word_1_488' title='bbox 3448 2379 3521 2425; x_wconf 92' lang='lat' dir='ltr'><strong>ce</strong></span> <span class='ocrx_word' id='word_1_489' title='bbox 3580 2369 3727 2424; x_wconf 91' lang='lat' dir='ltr'><strong>nest</strong></span> <span class='ocrx_word' id='word_1_490' title='bbox 3781 2379 3900 2440; x_wconf 90' lang='lat' dir='ltr'><strong>pas</strong></span> <span class='ocrx_word' id='word_1_491' title='bbox 3942 2359 4002 2423; x_wconf 93' lang='lat' dir='ltr'><strong>le</strong></span> <span class='ocrx_word' id='word_1_492' title='bbox 4037 2367 4273 2442; x_wconf 90' lang='lat' dir='ltr'><strong>temps.</strong></span> 
     </span>
     <span class='ocr_line' id='line_1_70' title="bbox 2320 2443 4277 2529; baseline -0.001 -19"><span class='ocrx_word' id='word_1_493' title='bbox 2320 2445 2452 2510; x_wconf 85' lang='lat' dir='ltr'><strong>Car</strong></span> <span class='ocrx_word' id='word_1_494' title='bbox 2497 2466 2671 2529; x_wconf 81' lang='lat' dir='ltr'><strong>quoy</strong></span> <span class='ocrx_word' id='word_1_495' title='bbox 2716 2444 2850 2529; x_wconf 90' lang='lat' dir='ltr'><strong>quil</strong></span> <span class='ocrx_word' id='word_1_496' title='bbox 2896 2467 2976 2510; x_wconf 93' lang='lat' dir='ltr'><strong>en</strong></span> <span class='ocrx_word' id='word_1_497' title='bbox 3023 2446 3155 2510; x_wconf 90' lang='lat' dir='ltr'><strong>soit</strong></span> <span class='ocrx_word' id='word_1_498' title='bbox 3195 2443 3369 2510; x_wconf 90' lang='lat' dir='ltr'><strong>Dieu</strong></span> <span class='ocrx_word' id='word_1_499' title='bbox 3414 2465 3578 2509; x_wconf 90' lang='lat' dir='ltr'><strong>nous</strong></span> <span class='ocrx_word' id='word_1_500' title='bbox 3622 2465 3661 2509; x_wconf 90' lang='lat' dir='ltr'><strong>a</strong></span> <span class='ocrx_word' id='word_1_501' title='bbox 3703 2443 3990 2509; x_wconf 82' lang='lat' dir='ltr'><strong>reduictz</strong></span> <span class='ocrx_word' id='word_1_502' title='bbox 4035 2466 4076 2509; x_wconf 90' lang='lat' dir='ltr'><strong>a</strong></span> <span class='ocrx_word' id='word_1_503' title='bbox 4121 2444 4277 2509; x_wconf 90' lang='lat' dir='ltr'><strong>telle</strong></span> 
     </span>
     <span class='ocr_line' id='line_1_71' title="bbox 2320 2529 4275 2615; baseline -0.001 -20"><span class='ocrx_word' id='word_1_504' title='bbox 2320 2531 2670 2596; x_wconf 85' lang='lat' dir='ltr'><strong>extremite</strong></span> <span class='ocrx_word' id='word_1_505' title='bbox 2715 2552 2840 2615; x_wconf 92' lang='lat' dir='ltr'><strong>que</strong></span> <span class='ocrx_word' id='word_1_506' title='bbox 2883 2531 2940 2595; x_wconf 91' lang='lat' dir='ltr'><strong>si</strong></span> <span class='ocrx_word' id='word_1_507' title='bbox 2999 2551 3166 2596; x_wconf 81' lang='lat' dir='ltr'><strong>vous</strong></span> <span class='ocrx_word' id='word_1_508' title='bbox 3212 2539 3433 2595; x_wconf 91' lang='lat' dir='ltr'><strong>nestes</strong></span> <span class='ocrx_word' id='word_1_509' title='bbox 3492 2551 3798 2596; x_wconf 88' lang='lat' dir='ltr'><strong>secourus</strong></span> <span class='ocrx_word' id='word_1_510' title='bbox 3857 2529 3936 2594; x_wconf 91' lang='lat' dir='ltr'><strong>de</strong></span> <span class='ocrx_word' id='word_1_511' title='bbox 3977 2549 4050 2596; x_wconf 93' lang='lat' dir='ltr'><strong>ce</strong></span> <span class='ocrx_word' id='word_1_512' title='bbox 4093 2537 4275 2596; x_wconf 90' lang='lat' dir='ltr'><strong>coste</strong></span> 
     </span>
     <span class='ocr_line' id='line_1_72' title="bbox 2320 2613 4277 2700; baseline -0.001 -19"><span class='ocrx_word' id='word_1_513' title='bbox 2320 2616 2404 2696; x_wconf 91' lang='lat' dir='ltr'><strong>la,</strong></span> <span class='ocrx_word' id='word_1_514' title='bbox 2471 2636 2559 2680; x_wconf 91' lang='lat' dir='ltr'><strong>on</strong></span> <span class='ocrx_word' id='word_1_515' title='bbox 2614 2637 2698 2681; x_wconf 94' lang='lat' dir='ltr'><strong>ne</strong></span> <span class='ocrx_word' id='word_1_516' title='bbox 2759 2617 2896 2682; x_wconf 81' lang='lat' dir='ltr'><strong>voit</strong></span> <span class='ocrx_word' id='word_1_517' title='bbox 2962 2636 3328 2700; x_wconf 87' lang='lat' dir='ltr'><strong>apparence</strong></span> <span class='ocrx_word' id='word_1_518' title='bbox 3393 2615 3575 2680; x_wconf 91' lang='lat' dir='ltr'><strong>selon</strong></span> <span class='ocrx_word' id='word_1_519' title='bbox 3634 2614 3728 2680; x_wconf 90' lang='lat' dir='ltr'><strong>les</strong></span> <span class='ocrx_word' id='word_1_520' title='bbox 3793 2613 4090 2681; x_wconf 89' lang='lat' dir='ltr'><strong>hommes</strong></span> <span class='ocrx_word' id='word_1_521' title='bbox 4148 2635 4277 2698; x_wconf 92' lang='lat' dir='ltr'><strong>que</strong></span> 
     </span>
     <span class='ocr_line' id='line_1_73' title="bbox 2321 2699 4275 2786; baseline 0 -20"><span class='ocrx_word' id='word_1_522' title='bbox 2321 2699 2500 2766; x_wconf 90' lang='lat' dir='ltr'><strong>dune</strong></span> <span class='ocrx_word' id='word_1_523' title='bbox 2542 2702 2799 2785; x_wconf 85' lang='lat' dir='ltr'><strong>pitense</strong></span> <span class='ocrx_word' id='word_1_524' title='bbox 2862 2708 2927 2766; x_wconf 91' lang='lat' dir='ltr'><strong>et</strong></span> <span class='ocrx_word' id='word_1_525' title='bbox 2969 2701 3257 2768; x_wconf 87' lang='lat' dir='ltr'><strong>horrible</strong></span> <span class='ocrx_word' id='word_1_526' title='bbox 3316 2699 3692 2766; x_wconf 89' lang='lat' dir='ltr'><strong>desolation.</strong></span> <span class='ocrx_word' id='word_1_527' title='bbox 3779 2701 3866 2767; x_wconf 87' lang='lat' dir='ltr'><strong>Je</strong></span> <span class='ocrx_word' id='word_1_528' title='bbox 3906 2722 4060 2786; x_wconf 83' lang='lat' dir='ltr'><strong>scay</strong></span> <span class='ocrx_word' id='word_1_529' title='bbox 4103 2701 4275 2778; x_wconf 91' lang='lat' dir='ltr'><strong>bien,</strong></span> 
     </span>
     <span class='ocr_line' id='line_1_74' title="bbox 2321 2785 4277 2872; baseline 0.001 -20"><span class='ocrx_word' id='word_1_530' title='bbox 2321 2794 2533 2870; x_wconf 90' lang='lat' dir='ltr'><strong>quant</strong></span> <span class='ocrx_word' id='word_1_531' title='bbox 2584 2793 2728 2853; x_wconf 90' lang='lat' dir='ltr'><strong>tout</strong></span> <span class='ocrx_word' id='word_1_532' title='bbox 2782 2808 2929 2852; x_wconf 89' lang='lat' dir='ltr'><strong>sera</strong></span> <span class='ocrx_word' id='word_1_533' title='bbox 2982 2795 3198 2872; x_wconf 83' lang='lat' dir='ltr'><strong>ruyne</strong></span> <span class='ocrx_word' id='word_1_534' title='bbox 3257 2794 3325 2851; x_wconf 92' lang='lat' dir='ltr'><strong>et</strong></span> <span class='ocrx_word' id='word_1_535' title='bbox 3381 2785 3609 2869; x_wconf 89' lang='lat' dir='ltr'><strong>perdu,</strong></span> <span class='ocrx_word' id='word_1_536' title='bbox 3671 2806 3798 2868; x_wconf 90' lang='lat' dir='ltr'><strong>que</strong></span> <span class='ocrx_word' id='word_1_537' title='bbox 3844 2786 4016 2852; x_wconf 90' lang='lat' dir='ltr'><strong>Dieu</strong></span> <span class='ocrx_word' id='word_1_538' title='bbox 4078 2807 4118 2851; x_wconf 90' lang='lat' dir='ltr'><strong>a</strong></span> <span class='ocrx_word' id='word_1_539' title='bbox 4162 2785 4277 2853; x_wconf 88' lang='lat' dir='ltr'><strong>des</strong></span> 
     </span>
     <span class='ocr_line' id='line_1_75' title="bbox 2323 2871 4279 2956; baseline 0 -19"><span class='ocrx_word' id='word_1_540' title='bbox 2323 2874 2575 2938; x_wconf 90' lang='lat' dir='ltr'><strong>moiens</strong></span> <span class='ocrx_word' id='word_1_541' title='bbox 2617 2871 3280 2956; x_wconf 87' lang='lat' dir='ltr'><strong>incomprehensibles</strong></span> <span class='ocrx_word' id='word_1_542' title='bbox 3323 2871 3404 2937; x_wconf 93' lang='lat' dir='ltr'><strong>de</strong></span> <span class='ocrx_word' id='word_1_543' title='bbox 3442 2882 3760 2937; x_wconf 88' lang='lat' dir='ltr'><strong>remectre</strong></span> <span class='ocrx_word' id='word_1_544' title='bbox 3795 2892 3916 2936; x_wconf 91' lang='lat' dir='ltr'><strong>son</strong></span> <span class='ocrx_word' id='word_1_545' title='bbox 3952 2871 4153 2956; x_wconf 88' lang='lat' dir='ltr'><strong>eglise</strong></span> <span class='ocrx_word' id='word_1_546' title='bbox 4191 2892 4279 2937; x_wconf 86' lang='lat' dir='ltr'><strong>au</strong></span> 
     </span>
     <span class='ocr_line' id='line_1_76' title="bbox 2322 2956 4279 3035; baseline -0.001 -13"><span class='ocrx_word' id='word_1_547' title='bbox 2322 2957 2554 3025; x_wconf 89' lang='lat' dir='ltr'><strong>dessus</strong></span> <span class='ocrx_word' id='word_1_548' title='bbox 2596 2978 2850 3024; x_wconf 91' lang='lat' dir='ltr'><strong>comme</strong></span> <span class='ocrx_word' id='word_1_549' title='bbox 2893 2958 2976 3023; x_wconf 91' lang='lat' dir='ltr'><strong>sil</strong></span> <span class='ocrx_word' id='word_1_550' title='bbox 3031 2958 3097 3024; x_wconf 91' lang='lat' dir='ltr'><strong>la</strong></span> <span class='ocrx_word' id='word_1_551' title='bbox 3154 2958 3557 3024; x_wconf 91' lang='lat' dir='ltr'><strong>ressuscitoit</strong></span> <span class='ocrx_word' id='word_1_552' title='bbox 3611 2956 3724 3022; x_wconf 93' lang='lat' dir='ltr'><strong>des</strong></span> <span class='ocrx_word' id='word_1_553' title='bbox 3766 2977 3964 3035; x_wconf 91' lang='lat' dir='ltr'><strong>mors,</strong></span> <span class='ocrx_word' id='word_1_554' title='bbox 4030 2965 4097 3023; x_wconf 92' lang='lat' dir='ltr'><strong>et</strong></span> <span class='ocrx_word' id='word_1_555' title='bbox 4138 2965 4279 3022; x_wconf 91' lang='lat' dir='ltr'><strong>cest</strong></span> 
     </span>
     <span class='ocr_line' id='line_1_77' title="bbox 2320 3042 4277 3127; baseline 0.001 -19"><span class='ocrx_word' id='word_1_556' title='bbox 2320 3042 2388 3109; x_wconf 91' lang='lat' dir='ltr'><strong>la</strong></span> <span class='ocrx_word' id='word_1_557' title='bbox 2428 3066 2517 3109; x_wconf 91' lang='lat' dir='ltr'><strong>ou</strong></span> <span class='ocrx_word' id='word_1_558' title='bbox 2560 3042 2609 3110; x_wconf 96' lang='grc'><strong>11</strong></span> <span class='ocrx_word' id='word_1_559' title='bbox 2653 3064 2822 3110; x_wconf 91' lang='lat' dir='ltr'><strong>nous</strong></span> <span class='ocrx_word' id='word_1_560' title='bbox 2863 3042 3028 3110; x_wconf 85' lang='lat' dir='ltr'><strong>fault</strong></span> <span class='ocrx_word' id='word_1_561' title='bbox 3069 3042 3378 3110; x_wconf 89' lang='lat' dir='ltr'><strong>actendre</strong></span> <span class='ocrx_word' id='word_1_562' title='bbox 3421 3051 3489 3108; x_wconf 90' lang='lat' dir='ltr'><strong>et</strong></span> <span class='ocrx_word' id='word_1_563' title='bbox 3531 3064 3811 3126; x_wconf 89' lang='lat' dir='ltr'><strong>reposer,</strong></span> <span class='ocrx_word' id='word_1_564' title='bbox 3879 3064 4023 3127; x_wconf 92' lang='lat' dir='ltr'><strong>que,</strong></span> <span class='ocrx_word' id='word_1_565' title='bbox 4068 3049 4277 3127; x_wconf 90' lang='lat' dir='ltr'><strong>quant</strong></span> 
     </span>
     <span class='ocr_line' id='line_1_78' title="bbox 2320 3129 4278 3212; baseline 0 -18"><span class='ocrx_word' id='word_1_566' title='bbox 2320 3150 2488 3195; x_wconf 91' lang='lat' dir='ltr'><strong>nous</strong></span> <span class='ocrx_word' id='word_1_567' title='bbox 2554 3130 2805 3196; x_wconf 90' lang='lat' dir='ltr'><strong>serions</strong></span> <span class='ocrx_word' id='word_1_568' title='bbox 2870 3129 3094 3209; x_wconf 91' lang='lat' dir='ltr'><strong>abolis,</strong></span> <span class='ocrx_word' id='word_1_569' title='bbox 3162 3150 3430 3196; x_wconf 90' lang='lat' dir='ltr'><strong>encores</strong></span> <span class='ocrx_word' id='word_1_570' title='bbox 3494 3138 3641 3195; x_wconf 90' lang='lat' dir='ltr'><strong>tout</strong></span> <span class='ocrx_word' id='word_1_571' title='bbox 3702 3149 3789 3195; x_wconf 87' lang='lat' dir='ltr'><strong>au</strong></span> <span class='ocrx_word' id='word_1_572' title='bbox 3852 3130 3957 3212; x_wconf 89' lang='lat' dir='ltr'><strong>pis</strong></span> <span class='ocrx_word' id='word_1_573' title='bbox 4022 3129 4183 3194; x_wconf 86' lang='lat' dir='ltr'><strong>aller</strong></span> <span class='ocrx_word' id='word_1_574' title='bbox 4226 3129 4278 3194; x_wconf 89' lang='grc'><strong>11</strong></span> 
     </span>
     <span class='ocr_line' id='line_1_79' title="bbox 2320 3214 4279 3299; baseline 0 -18"><span class='ocrx_word' id='word_1_575' title='bbox 2320 3234 2557 3281; x_wconf 86' lang='lat' dir='ltr'><strong>scaura</strong></span> <span class='ocrx_word' id='word_1_576' title='bbox 2598 3215 2751 3280; x_wconf 88' lang='lat' dir='ltr'><strong>bien</strong></span> <span class='ocrx_word' id='word_1_577' title='bbox 2794 3236 2978 3281; x_wconf 90' lang='lat' dir='ltr'><strong>creer</strong></span> <span class='ocrx_word' id='word_1_578' title='bbox 3021 3215 3104 3281; x_wconf 94' lang='lat' dir='ltr'><strong>de</strong></span> <span class='ocrx_word' id='word_1_579' title='bbox 3159 3236 3280 3280; x_wconf 82' lang='lat' dir='ltr'><strong>noz</strong></span> <span class='ocrx_word' id='word_1_580' title='bbox 3321 3214 3593 3282; x_wconf 90' lang='lat' dir='ltr'><strong>cendres</strong></span> <span class='ocrx_word' id='word_1_581' title='bbox 3653 3235 3792 3298; x_wconf 91' lang='lat' dir='ltr'><strong>ung</strong></span> <span class='ocrx_word' id='word_1_582' title='bbox 3835 3214 4070 3299; x_wconf 89' lang='lat' dir='ltr'><strong>peuple</strong></span> <span class='ocrx_word' id='word_1_583' title='bbox 4114 3236 4279 3281; x_wconf 88' lang='lat' dir='ltr'><strong>nou·</strong></span> 
     </span>
     <span class='ocr_line' id='line_1_80' title="bbox 2318 3298 4276 3384; baseline -0.001 -17"><span class='ocrx_word' id='word_1_584' title='bbox 2318 3320 2507 3367; x_wconf 83' lang='lat' dir='ltr'><strong>veau.</strong></span> <span class='ocrx_word' id='word_1_585' title='bbox 2597 3298 2986 3384; x_wconf 83' lang='lat' dir='ltr'><strong>Oependant</strong></span> <span class='ocrx_word' id='word_1_586' title='bbox 3045 3321 3216 3368; x_wconf 91' lang='lat' dir='ltr'><strong>nous</strong></span> <span class='ocrx_word' id='word_1_587' title='bbox 3281 3321 3487 3367; x_wconf 81' lang='lat' dir='ltr'><strong>avons</strong></span> <span class='ocrx_word' id='word_1_588' title='bbox 3553 3321 3594 3365; x_wconf 92' lang='lat' dir='ltr'><strong>a</strong></span> <span class='ocrx_word' id='word_1_589' title='bbox 3659 3300 3808 3365; x_wconf 90' lang='lat' dir='ltr'><strong>bien</strong></span> <span class='ocrx_word' id='word_1_590' title='bbox 3873 3320 4130 3383; x_wconf 89' lang='lat' dir='ltr'><strong>penser,</strong></span> <span class='ocrx_word' id='word_1_591' title='bbox 4217 3302 4276 3366; x_wconf 92' lang='lat' dir='ltr'><strong>si</strong></span> 
     </span>
     <span class='ocr_line' id='line_1_81' title="bbox 2317 3385 4279 3470; baseline 0 -20"><span class='ocrx_word' id='word_1_592' title='bbox 2317 3406 2486 3451; x_wconf 91' lang='lat' dir='ltr'><strong>nous</strong></span> <span class='ocrx_word' id='word_1_593' title='bbox 2530 3407 2614 3452; x_wconf 92' lang='lat' dir='ltr'><strong>ne</strong></span> <span class='ocrx_word' id='word_1_594' title='bbox 2657 3385 2933 3451; x_wconf 83' lang='lat' dir='ltr'><strong>voulons</strong></span> <span class='ocrx_word' id='word_1_595' title='bbox 2977 3405 3018 3449; x_wconf 92' lang='lat' dir='ltr'><strong>a</strong></span> <span class='ocrx_word' id='word_1_596' title='bbox 3059 3394 3281 3452; x_wconf 87' lang='lat' dir='ltr'><strong>nostre</strong></span> <span class='ocrx_word' id='word_1_597' title='bbox 3323 3386 3573 3452; x_wconf 90' lang='lat' dir='ltr'><strong>escient</strong></span> <span class='ocrx_word' id='word_1_598' title='bbox 3612 3385 3854 3451; x_wconf 83' lang='lat' dir='ltr'><strong>fermer</strong></span> <span class='ocrx_word' id='word_1_599' title='bbox 3899 3386 3963 3451; x_wconf 90' lang='lat' dir='ltr'><strong>la</strong></span> <span class='ocrx_word' id='word_1_600' title='bbox 4004 3394 4191 3470; x_wconf 89' lang='lat' dir='ltr'><strong>porte</strong></span> <span class='ocrx_word' id='word_1_601' title='bbox 4235 3406 4279 3450; x_wconf 89' lang='lat' dir='ltr'><strong>a</strong></span> 
     </span>
     <span class='ocr_line' id='line_1_82' title="bbox 2315 3471 4277 3556; baseline 0 -20"><span class='ocrx_word' id='word_1_602' title='bbox 2315 3492 2392 3536; x_wconf 89' lang='lat' dir='ltr'><strong>sa</strong></span> <span class='ocrx_word' id='word_1_603' title='bbox 2432 3492 2646 3556; x_wconf 88' lang='lat' dir='ltr'><strong>grace,</strong></span> <span class='ocrx_word' id='word_1_604' title='bbox 2691 3472 2773 3537; x_wconf 91' lang='lat' dir='ltr'><strong>de</strong></span> <span class='ocrx_word' id='word_1_605' title='bbox 2816 3490 2899 3536; x_wconf 93' lang='lat' dir='ltr'><strong>ne</strong></span> <span class='ocrx_word' id='word_1_606' title='bbox 2942 3472 3131 3555; x_wconf 88' lang='lat' dir='ltr'><strong>point</strong></span> <span class='ocrx_word' id='word_1_607' title='bbox 3172 3471 3478 3538; x_wconf 85' lang='lat' dir='ltr'><strong>deffaillir</strong></span> <span class='ocrx_word' id='word_1_608' title='bbox 3512 3491 3553 3535; x_wconf 91' lang='lat' dir='ltr'><strong>a</strong></span> <span class='ocrx_word' id='word_1_609' title='bbox 3586 3477 3809 3537; x_wconf 88' lang='lat' dir='ltr'><strong>nostre</strong></span> <span class='ocrx_word' id='word_1_610' title='bbox 3845 3471 4129 3538; x_wconf 84' lang='lat' dir='ltr'><strong>debvoir.</strong></span> <span class='ocrx_word' id='word_1_611' title='bbox 4212 3471 4277 3536; x_wconf 88' lang='lat'><strong>11</strong></span> 
     </span>
     <span class='ocr_line' id='line_1_83' title="bbox 2317 3556 4275 3640; baseline 0 -19"><span class='ocrx_word' id='word_1_612' title='bbox 2317 3564 2417 3621; x_wconf 87' lang='lat' dir='ltr'><strong>est</strong></span> <span class='ocrx_word' id='word_1_613' title='bbox 2482 3559 2732 3623; x_wconf 85' lang='lat' dir='ltr'><strong>certain</strong></span> <span class='ocrx_word' id='word_1_614' title='bbox 2796 3577 2925 3640; x_wconf 92' lang='lat' dir='ltr'><strong>que</strong></span> <span class='ocrx_word' id='word_1_615' title='bbox 2987 3557 3053 3622; x_wconf 92' lang='lat' dir='ltr'><strong>la</strong></span> <span class='ocrx_word' id='word_1_616' title='bbox 3119 3556 3438 3623; x_wconf 82' lang='lat' dir='ltr'><strong>tardivete</strong></span> <span class='ocrx_word' id='word_1_617' title='bbox 3502 3565 3570 3622; x_wconf 95' lang='lat' dir='ltr'><strong>et</strong></span> <span class='ocrx_word' id='word_1_618' title='bbox 3629 3556 4118 3638; x_wconf 89' lang='lat' dir='ltr'><strong>nonchallance,</strong></span> <span class='ocrx_word' id='word_1_619' title='bbox 4186 3576 4275 3622; x_wconf 91' lang='lat' dir='ltr'><strong>ou</strong></span> 
     </span>
     <span class='ocr_line' id='line_1_84' title="bbox 2313 3641 4276 3727; baseline 0.001 -20"><span class='ocrx_word' id='word_1_620' title='bbox 2313 3641 2597 3724; x_wconf 85' lang='lat' dir='ltr'><strong>plustost</strong></span> <span class='ocrx_word' id='word_1_621' title='bbox 2629 3641 2693 3708; x_wconf 91' lang='lat' dir='ltr'><strong>la</strong></span> <span class='ocrx_word' id='word_1_622' title='bbox 2734 3641 3022 3708; x_wconf 85' lang='lat' dir='ltr'><strong>chissete</strong></span> <span class='ocrx_word' id='word_1_623' title='bbox 3066 3642 3181 3709; x_wconf 88' lang='lat' dir='ltr'><strong>des</strong></span> <span class='ocrx_word' id='word_1_624' title='bbox 3222 3641 3460 3726; x_wconf 89' lang='lat' dir='ltr'><strong>eglises</strong></span> <span class='ocrx_word' id='word_1_625' title='bbox 3495 3662 3660 3708; x_wconf 93' lang='lat' dir='ltr'><strong>nous</strong></span> <span class='ocrx_word' id='word_1_626' title='bbox 3693 3665 3739 3727; x_wconf 81' lang='lat' dir='ltr'><strong>y</strong></span> <span class='ocrx_word' id='word_1_627' title='bbox 3761 3663 3802 3707; x_wconf 92' lang='lat' dir='ltr'><strong>a</strong></span> <span class='ocrx_word' id='word_1_628' title='bbox 3824 3648 4093 3726; x_wconf 86' lang='lat' dir='ltr'><strong>apperte</strong></span> <span class='ocrx_word' id='word_1_629' title='bbox 4125 3642 4276 3725; x_wconf 91' lang='lat' dir='ltr'><strong>plus</strong></span> 
     </span>
     <span class='ocr_line' id='line_1_85' title="bbox 2314 3724 4273 3812; baseline 0.001 -21"><span class='ocrx_word' id='word_1_630' title='bbox 2314 3724 2397 3792; x_wconf 89' lang='lat' dir='ltr'><strong>de</strong></span> <span class='ocrx_word' id='word_1_631' title='bbox 2441 3727 2809 3812; x_wconf 90' lang='lat' dir='ltr'><strong>dommaige</strong></span> <span class='ocrx_word' id='word_1_632' title='bbox 2840 3747 3014 3811; x_wconf 93' lang='lat' dir='ltr'><strong>quon</strong></span> <span class='ocrx_word' id='word_1_633' title='bbox 3059 3748 3144 3792; x_wconf 90' lang='lat' dir='ltr'><strong>ne</strong></span> <span class='ocrx_word' id='word_1_634' title='bbox 3188 3728 3476 3794; x_wconf 88' lang='lat' dir='ltr'><strong>scauroit</strong></span> <span class='ocrx_word' id='word_1_635' title='bbox 3517 3748 3599 3793; x_wconf 89' lang='lat' dir='ltr'><strong>ex</strong></span> <span class='ocrx_word' id='word_1_636' title='bbox 3647 3728 3863 3794; x_wconf 91' lang='lat' dir='ltr'><strong>rimer.</strong></span> <span class='ocrx_word' id='word_1_637' title='bbox 3929 3727 4273 3794; x_wconf 87' lang='lat' dir='ltr'><strong>Plusieurs</strong></span> 
     </span>
     <span class='ocr_line' id='line_1_86' title="bbox 2314 3749 4274 3898; baseline 0.001 -21"><span class='ocrx_word' id='word_1_638' title='bbox 2314 3812 2428 3895; x_wconf 91' lang='lat' dir='ltr'><strong>qui</strong></span> <span class='ocrx_word' id='word_1_639' title='bbox 2472 3821 2592 3879; x_wconf 91' lang='lat' dir='ltr'><strong>ont</strong></span> <span class='ocrx_word' id='word_1_640' title='bbox 2632 3813 2977 3897; x_wconf 86' lang='lat' dir='ltr'><strong>espargnie</strong></span> <span class='ocrx_word' id='word_1_641' title='bbox 3018 3834 3153 3879; x_wconf 87' lang='lat' dir='ltr'><strong>une</strong></span> <span class='ocrx_word' id='word_1_642' title='bbox 3204 3814 3416 3898; x_wconf 88' lang='lat' dir='ltr'><strong>partie</strong></span> <span class='ocrx_word' id='word_1_643' title='bbox 3460 3812 3542 3879; x_wconf 91' lang='lat' dir='ltr'><strong>de</strong></span> <span class='ocrx_word' id='word_1_644' title='bbox 3598 3749 3777 3880; x_wconf 61' lang='lat' dir='ltr'><strong>feurs</strong></span> <span class='ocrx_word' id='word_1_645' title='bbox 3823 3813 4026 3893; x_wconf 89' lang='lat' dir='ltr'><strong>biens,</strong></span> <span class='ocrx_word' id='word_1_646' title='bbox 4087 3818 4274 3879; x_wconf 91' lang='lat' dir='ltr'><strong>n’ont</strong></span> 
     </span>
     <span class='ocr_line' id='line_1_87' title="bbox 2313 3896 4274 3984; baseline 0.001 -21"><span class='ocrx_word' id='word_1_647' title='bbox 2313 3899 2500 3980; x_wconf 91' lang='lat' dir='ltr'><strong>point</strong></span> <span class='ocrx_word' id='word_1_648' title='bbox 2541 3905 2680 3965; x_wconf 83' lang='lat' dir='ltr'><strong>este</strong></span> <span class='ocrx_word' id='word_1_649' title='bbox 2723 3898 3107 3982; x_wconf 82' lang='lat' dir='ltr'><strong>espargniez</strong></span> <span class='ocrx_word' id='word_1_650' title='bbox 3150 3919 3236 3964; x_wconf 91' lang='lat' dir='ltr'><strong>au</strong></span> <span class='ocrx_word' id='word_1_651' title='bbox 3279 3899 3460 3965; x_wconf 90' lang='lat' dir='ltr'><strong>total.</strong></span> <span class='ocrx_word' id='word_1_652' title='bbox 3550 3896 3683 3980; x_wconf 77' lang='lat' dir='ltr'><strong>Qui</strong></span> <span class='ocrx_word' id='word_1_653' title='bbox 3738 3899 3839 3982; x_wconf 91' lang='lat' dir='ltr'><strong>pis</strong></span> <span class='ocrx_word' id='word_1_654' title='bbox 3884 3907 4001 3978; x_wconf 89' lang='lat' dir='ltr'><strong>est,</strong></span> <span class='ocrx_word' id='word_1_655' title='bbox 4044 3899 4096 3964; x_wconf 91' lang='lat' dir='ltr'><strong>il</strong></span> <span class='ocrx_word' id='word_1_656' title='bbox 4138 3922 4185 3984; x_wconf 81' lang='lat' dir='ltr'><strong>y</strong></span> <span class='ocrx_word' id='word_1_657' title='bbox 4231 3919 4274 3965; x_wconf 91' lang='lat' dir='ltr'><strong>a</strong></span> 
     </span>
     <span class='ocr_line' id='line_1_88' title="bbox 2315 3982 4274 4070; baseline 0 -22"><span class='ocrx_word' id='word_1_658' title='bbox 2315 4003 2398 4048; x_wconf 92' lang='lat' dir='ltr'><strong>eu</strong></span> <span class='ocrx_word' id='word_1_659' title='bbox 2442 4004 2581 4068; x_wconf 89' lang='lat' dir='ltr'><strong>ung</strong></span> <span class='ocrx_word' id='word_1_660' title='bbox 2624 3985 2896 4050; x_wconf 90' lang='lat' dir='ltr'><strong>nombre</strong></span> <span class='ocrx_word' id='word_1_661' title='bbox 2938 3985 3154 4069; x_wconf 81' lang='lat' dir='ltr'><strong>infiny</strong></span> <span class='ocrx_word' id='word_1_662' title='bbox 3207 3982 3288 4050; x_wconf 90' lang='lat' dir='ltr'><strong>de</strong></span> <span class='ocrx_word' id='word_1_663' title='bbox 3353 4005 3624 4068; x_wconf 78' lang='lat' dir='ltr'><strong>provres</strong></span> <span class='ocrx_word' id='word_1_664' title='bbox 3666 4006 3828 4069; x_wconf 82' lang='lat' dir='ltr'><strong>gens</strong></span> <span class='ocrx_word' id='word_1_665' title='bbox 3872 3985 3984 4070; x_wconf 91' lang='lat' dir='ltr'><strong>qui</strong></span> <span class='ocrx_word' id='word_1_666' title='bbox 4028 4006 4110 4050; x_wconf 91' lang='lat' dir='ltr'><strong>en</strong></span> <span class='ocrx_word' id='word_1_667' title='bbox 4154 3992 4274 4049; x_wconf 92' lang='lat' dir='ltr'><strong>ont</strong></span> 
     </span>
     <span class='ocr_line' id='line_1_89' title="bbox 2314 4068 4271 4155; baseline 0 -20"><span class='ocrx_word' id='word_1_668' title='bbox 2314 4069 2644 4153; x_wconf 87' lang='lat' dir='ltr'><strong>respondu</strong></span> <span class='ocrx_word' id='word_1_669' title='bbox 2686 4088 2855 4153; x_wconf 87' lang='lat' dir='ltr'><strong>pour</strong></span> <span class='ocrx_word' id='word_1_670' title='bbox 2892 4069 3073 4136; x_wconf 89' lang='lat' dir='ltr'><strong>leurs</strong></span> <span class='ocrx_word' id='word_1_671' title='bbox 3129 4070 3280 4149; x_wconf 84' lang='lat' dir='ltr'><strong>vies,</strong></span> <span class='ocrx_word' id='word_1_672' title='bbox 3351 4068 3643 4136; x_wconf 89' lang='lat' dir='ltr'><strong>combien</strong></span> <span class='ocrx_word' id='word_1_673' title='bbox 3688 4070 3859 4155; x_wconf 78' lang='lat' dir='ltr'><strong>quilz</strong></span> <span class='ocrx_word' id='word_1_674' title='bbox 3901 4092 4033 4136; x_wconf 90' lang='lat' dir='ltr'><strong>nen</strong></span> <span class='ocrx_word' id='word_1_675' title='bbox 4076 4090 4271 4155; x_wconf 89' lang='lat' dir='ltr'><strong>peus-</strong></span> 
     </span>
     <span class='ocr_line' id='line_1_90' title="bbox 2315 4154 4269 4235; baseline 0 -15"><span class='ocrx_word' id='word_1_676' title='bbox 2315 4164 2464 4220; x_wconf 90' lang='lat' dir='ltr'><strong>sent</strong></span> <span class='ocrx_word' id='word_1_677' title='bbox 2507 4156 2692 4221; x_wconf 88' lang='lat' dir='ltr'><strong>mais.</strong></span> <span class='ocrx_word' id='word_1_678' title='bbox 2780 4154 2860 4221; x_wconf 82' lang='lat' dir='ltr'><strong>Si</strong></span> <span class='ocrx_word' id='word_1_679' title='bbox 2901 4174 2976 4221; x_wconf 90' lang='lat' dir='ltr'><strong>ce</strong></span> <span class='ocrx_word' id='word_1_680' title='bbox 3020 4155 3153 4221; x_wconf 90' lang='lat' dir='ltr'><strong>mal</strong></span> <span class='ocrx_word' id='word_1_681' title='bbox 3196 4156 3521 4235; x_wconf 89' lang='lat' dir='ltr'><strong>continue,</strong></span> <span class='ocrx_word' id='word_1_682' title='bbox 3566 4155 3617 4220; x_wconf 89' lang='lat' dir='ltr'><strong>il</strong></span> <span class='ocrx_word' id='word_1_683' title='bbox 3659 4164 3760 4222; x_wconf 86' lang='lat' dir='ltr'><strong>est</strong></span> <span class='ocrx_word' id='word_1_684' title='bbox 3793 4157 3946 4222; x_wconf 91' lang='lat' dir='ltr'><strong>bien</strong></span> <span class='ocrx_word' id='word_1_685' title='bbox 3981 4176 4021 4220; x_wconf 93' lang='lat' dir='ltr'><strong>a</strong></span> <span class='ocrx_word' id='word_1_686' title='bbox 4055 4156 4269 4221; x_wconf 87' lang='lat' dir='ltr'><strong>crain-</strong></span> 
     </span>
     <span class='ocr_line' id='line_1_91' title="bbox 2318 4238 4272 4326; baseline 0.001 -22"><span class='ocrx_word' id='word_1_687' title='bbox 2318 4238 2434 4306; x_wconf 90' lang='lat' dir='ltr'><strong>dre</strong></span> <span class='ocrx_word' id='word_1_688' title='bbox 2492 4261 2619 4324; x_wconf 92' lang='lat' dir='ltr'><strong>que</strong></span> <span class='ocrx_word' id='word_1_689' title='bbox 2661 4240 2839 4307; x_wconf 88' lang='lat' dir='ltr'><strong>Dieu</strong></span> <span class='ocrx_word' id='word_1_690' title='bbox 2898 4248 3298 4325; x_wconf 86' lang='lat' dir='ltr'><strong>naugmente</strong></span> <span class='ocrx_word' id='word_1_691' title='bbox 3352 4261 3456 4307; x_wconf 92' lang='lat' dir='ltr'><strong>ses</strong></span> <span class='ocrx_word' id='word_1_692' title='bbox 3512 4262 3761 4326; x_wconf 81' lang='lat' dir='ltr'><strong>verges.</strong></span> <span class='ocrx_word' id='word_1_693' title='bbox 3841 4242 3935 4308; x_wconf 85' lang='lat' dir='ltr'><strong>Et</strong></span> <span class='ocrx_word' id='word_1_694' title='bbox 3976 4241 4057 4307; x_wconf 93' lang='lat' dir='ltr'><strong>de</strong></span> <span class='ocrx_word' id='word_1_695' title='bbox 4113 4241 4272 4307; x_wconf 82' lang='lat' dir='ltr'><strong>faict</strong></span> 
     </span>
     <span class='ocr_line' id='line_1_92' title="bbox 2315 4325 4273 4413; baseline 0 -22"><span class='ocrx_word' id='word_1_696' title='bbox 2315 4332 2454 4391; x_wconf 89' lang='lat' dir='ltr'><strong>cest</strong></span> <span class='ocrx_word' id='word_1_697' title='bbox 2496 4347 2625 4392; x_wconf 92' lang='lat' dir='ltr'><strong>une</strong></span> <span class='ocrx_word' id='word_1_698' title='bbox 2667 4332 2867 4410; x_wconf 89' lang='lat' dir='ltr'><strong>grant</strong></span> <span class='ocrx_word' id='word_1_699' title='bbox 2905 4326 3108 4393; x_wconf 87' lang='lat' dir='ltr'><strong>honte</strong></span> <span class='ocrx_word' id='word_1_700' title='bbox 3149 4346 3278 4410; x_wconf 92' lang='lat' dir='ltr'><strong>que</strong></span> <span class='ocrx_word' id='word_1_701' title='bbox 3318 4326 3418 4392; x_wconf 89' lang='lat' dir='ltr'><strong>les</strong></span> <span class='ocrx_word' id='word_1_702' title='bbox 3452 4347 3771 4413; x_wconf 81' lang='lat' dir='ltr'><strong>ennemys</strong></span> <span class='ocrx_word' id='word_1_703' title='bbox 3806 4326 3888 4394; x_wconf 93' lang='lat' dir='ltr'><strong>de</strong></span> <span class='ocrx_word' id='word_1_704' title='bbox 3909 4325 4085 4392; x_wconf 90' lang='lat' dir='ltr'><strong>Dieu</strong></span> <span class='ocrx_word' id='word_1_705' title='bbox 4118 4346 4273 4393; x_wconf 91' lang='lat' dir='ltr'><strong>con·</strong></span> 
     </span>
     <span class='ocr_line' id='line_1_93' title="bbox 2316 4410 4271 4496; baseline 0.001 -18"><span class='ocrx_word' id='word_1_706' title='bbox 2316 4420 2582 4478; x_wconf 90' lang='lat' dir='ltr'><strong>sument</strong></span> <span class='ocrx_word' id='word_1_707' title='bbox 2621 4432 2810 4496; x_wconf 90' lang='lat' dir='ltr'><strong>corps</strong></span> <span class='ocrx_word' id='word_1_708' title='bbox 2844 4419 2913 4478; x_wconf 93' lang='lat' dir='ltr'><strong>et</strong></span> <span class='ocrx_word' id='word_1_709' title='bbox 2946 4410 3297 4480; x_wconf 89' lang='lat' dir='ltr'><strong>substance</strong></span> <span class='ocrx_word' id='word_1_710' title='bbox 3330 4433 3497 4496; x_wconf 90' lang='lat' dir='ltr'><strong>pour</strong></span> <span class='ocrx_word' id='word_1_711' title='bbox 3528 4432 3660 4478; x_wconf 93' lang='lat' dir='ltr'><strong>une</strong></span> <span class='ocrx_word' id='word_1_712' title='bbox 3693 4413 4075 4480; x_wconf 89' lang='lat' dir='ltr'><strong>meschante</strong></span> <span class='ocrx_word' id='word_1_713' title='bbox 4109 4433 4271 4496; x_wconf 91' lang='lat' dir='ltr'><strong>que-</strong></span> 
     </span>
    </p>
   </div>
   <div class='ocr_carea' id='block_1_9' title="bbox 2317 4600 2730 4615">
    <p class='ocr_par' dir='ltr' id='par_1_11' title="bbox 2317 4600 2730 4615">
     <span class='ocr_line' id='line_1_94' title="bbox 2317 4600 2730 4615; baseline 0 0"><span class='ocrx_word' id='word_1_714' title='bbox 2317 4600 2730 4615; x_wconf 95' lang='lat' dir='ltr'><strong> </strong></span> 
     </span>
    </p>
   </div>
   <div class='ocr_carea' id='block_1_10' title="bbox 2309 4715 4279 5338">
    <p class='ocr_par' dir='ltr' id='par_1_12' title="bbox 2310 4715 4279 5130">
     <span class='ocr_line' id='line_1_95' title="bbox 2313 4715 4271 4788; baseline 0.002 -16"><span class='ocrx_word' id='word_1_715' title='bbox 2313 4715 2783 4785; x_wconf 62' lang='lat' dir='ltr'><strong>saeuum&amp;</strong></span> <span class='ocrx_word' id='word_1_716' title='bbox 2833 4715 3466 4787; x_wconf 64' lang='lat' dir='ltr'><strong>zazAm‘lzepo-inoe</strong></span> <span class='ocrx_word' id='word_1_717' title='bbox 3510 4716 3795 4774; x_wconf 60' lang='lat' dir='ltr'><strong>aeeon&amp;</strong></span> <span class='ocrx_word' id='word_1_718' title='bbox 3830 4722 4271 4788; x_wconf 61' lang='lat' dir='ltr'><strong>amporam</strong></span> 
     </span>
     <span class='ocr_line' id='line_1_96' title="bbox 2310 4784 4272 4924; baseline 0.002 -84"><span class='ocrx_word' id='word_1_719' title='bbox 2310 4786 2774 4924; x_wconf 44' lang='lat' dir='ltr'><strong>maneamne</strong></span> <span class='ocrx_word' id='word_1_720' title='bbox 2784 4784 3063 4908; x_wconf 60' lang='lat' dir='ltr'><strong>lma</strong></span> <span class='ocrx_word' id='word_1_721' title='bbox 2885 4856 3055 4923; x_wconf 46' lang='lat' dir='ltr'><strong>mm)</strong></span> <span class='ocrx_word' id='word_1_722' title='bbox 3099 4802 3217 4843; x_wconf 71' lang='lat' dir='ltr'><strong>aux</strong></span> <span class='ocrx_word' id='word_1_723' title='bbox 3246 4786 3439 4857; x_wconf 62' lang='lat' dir='ltr'><strong>dulim</strong></span> <span class='ocrx_word' id='word_1_724' title='bbox 3471 4788 3539 4845; x_wconf 77' lang='lat' dir='ltr'><strong>de</strong></span> <span class='ocrx_word' id='word_1_725' title='bbox 3565 4787 3793 4856; x_wconf 64' lang='lat' dir='ltr'><strong>raram</strong></span> <span class='ocrx_word' id='word_1_726' title='bbox 3821 4794 3873 4843; x_wconf 75' lang='lat' dir='ltr'><strong>et</strong></span> <span class='ocrx_word' id='word_1_727' title='bbox 3906 4787 4003 4843; x_wconf 70' lang='lat' dir='ltr'><strong>des</strong></span> <span class='ocrx_word' id='word_1_728' title='bbox 4033 4792 4272 4857; x_wconf 69' lang='lat' dir='ltr'><strong>tro-opu.</strong></span> 
     </span>
     <span class='ocr_line' id='line_1_97' title="bbox 2312 4920 4279 5127; baseline 0.002 -80"><span class='ocrx_word' id='word_1_729' title='bbox 2312 5006 2382 5047; x_wconf 91' lang='lat'><strong>..</strong></span> <span class='ocrx_word' id='word_1_730' title='bbox 2417 4922 2698 5063; x_wconf 50' lang='lat' dir='ltr'><strong>..mm</strong></span> <span class='ocrx_word' id='word_1_731' title='bbox 2612 4924 2673 4979; x_wconf 77' lang='lat'><strong>1²</strong></span> <span class='ocrx_word' id='word_1_732' title='bbox 2701 4920 3114 5127; x_wconf 53' lang='lat'><strong>555032*</strong></span> <span class='ocrx_word' id='word_1_733' title='bbox 3016 4922 3560 5076; x_wconf 56' lang='lat' dir='ltr'><strong>...12er</strong></span> <span class='ocrx_word' id='word_1_734' title='bbox 3591 4922 3687 5075; x_wconf 55' lang='grc' dir='ltr'><strong>ξ·</strong></span> <span class='ocrx_word' id='word_1_735' title='bbox 3701 4924 4279 5050; x_wconf 45' lang='lat' dir='ltr'><strong>affirmat</strong></span> 
     </span>
     <span class='ocr_line' id='line_1_98' title="bbox 2311 5061 4274 5130; baseline 0.002 -15"><span class='ocrx_word' id='word_1_736' title='bbox 2311 5075 2413 5116; x_wconf 73' lang='lat' dir='ltr'><strong>son</strong></span> <span class='ocrx_word' id='word_1_737' title='bbox 2445 5066 2634 5116; x_wconf 73' lang='lat' dir='ltr'><strong>retour-</strong></span> <span class='ocrx_word' id='word_1_738' title='bbox 2666 5061 2711 5116; x_wconf 69' lang='lat'><strong>⁸⁶1</strong></span> <span class='ocrx_word' id='word_1_739' title='bbox 2776 5067 2839 5116; x_wconf 76' lang='lat' dir='ltr'><strong>ut</strong></span> <span class='ocrx_word' id='word_1_740' title='bbox 2877 5076 3098 5130; x_wconf 60' lang='lat' dir='ltr'><strong>surpra</strong></span> <span class='ocrx_word' id='word_1_741' title='bbox 3139 5061 3305 5116; x_wconf 71' lang='lat' dir='ltr'><strong>d’une</strong></span> <span class='ocrx_word' id='word_1_742' title='bbox 3340 5063 3505 5130; x_wconf 49' lang='lat' dir='ltr'><strong>fison</strong></span> <span class='ocrx_word' id='word_1_743' title='bbox 3611 5079 3632 5116; x_wconf 73' lang='grc' dir='ltr'><strong>ι</strong></span> <span class='ocrx_word' id='word_1_744' title='bbox 3673 5062 3903 5118; x_wconf 72' lang='lat' dir='ltr'><strong>retardo</strong></span> <span class='ocrx_word' id='word_1_745' title='bbox 3934 5062 4274 5119; x_wconf 59' lang='lat' dir='ltr'><strong>nomeu·</strong></span> 
     </span>
    </p>

    <p class='ocr_par' dir='ltr' id='par_1_13' title="bbox 2309 5130 4277 5338">
     <span class='ocr_line' id='line_1_99' title="bbox 2456 5130 4277 5272; baseline 0.003 -19"><span class='ocrx_word' id='word_1_746' title='bbox 2456 5201 2520 5253; x_wconf 75' lang='lat' dir='ltr'><strong>ut</strong></span> <span class='ocrx_word' id='word_1_747' title='bbox 2545 5144 2613 5185; x_wconf 73' lang='lat'><strong>⁸⁰</strong></span> <span class='ocrx_word' id='word_1_748' title='bbox 2717 5199 2765 5253; x_wconf 65' lang='grc' dir='ltr'><strong>ιι</strong></span> <span class='ocrx_word' id='word_1_749' title='bbox 2811 5130 3294 5269; x_wconf 51' lang='grc' dir='ltr'><strong>ἦκ”οῗῗωοῖτα</strong></span> <span class='ocrx_word' id='word_1_750' title='bbox 3326 5146 3540 5253; x_wconf 57' lang='lat'><strong>”22⁸2</strong></span> <span class='ocrx_word' id='word_1_751' title='bbox 3571 5130 4184 5272; x_wconf 52' lang='lat' dir='ltr'><strong>nm‘ssffss‘m*</strong></span> <span class='ocrx_word' id='word_1_752' title='bbox 4194 5132 4277 5259; x_wconf 61' lang='grc' dir='ltr'><strong>ΟΞ</strong></span> 
     </span>
     <span class='ocr_line' id='line_1_100' title="bbox 2309 5198 3608 5338; baseline 0.003 -18"><span class='ocrx_word' id='word_1_753' title='bbox 2309 5198 2667 5325; x_wconf 42' lang='lat' dir='ltr'><strong>magu</strong></span> <span class='ocrx_word' id='word_1_754' title='bbox 2688 5267 2864 5338; x_wconf 58' lang='grc' dir='ltr'><em>γουσι</em></span> <span class='ocrx_word' id='word_1_755' title='bbox 2895 5267 3049 5325; x_wconf 70' lang='lat' dir='ltr'><strong>Hiu-</strong></span> <span class='ocrx_word' id='word_1_756' title='bbox 3079 5268 3200 5325; x_wconf 72' lang='lat' dir='ltr'><strong>eod.</strong></span> <span class='ocrx_word' id='word_1_757' title='bbox 3299 5309 3312 5323; x_wconf 92' lang='lat'><strong>.</strong></span> <span class='ocrx_word' id='word_1_758' title='bbox 3338 5266 3455 5325; x_wconf 78' lang='lat'><strong>136.</strong></span> <span class='ocrx_word' id='word_1_759' title='bbox 3490 5266 3608 5325; x_wconf 78' lang='lat'><strong>18⁶.</strong></span> 
     </span>
    </p>
   </div>
   <div class='ocr_carea' id='block_1_11' title="bbox 3740 5352 3856 5410">
    <p class='ocr_par' dir='ltr' id='par_1_14' title="bbox 3740 5352 3856 5410">
     <span class='ocr_line' id='line_1_101' title="bbox 3740 5352 3856 5410; baseline 0 -21"><span class='ocrx_word' id='word_1_760' title='bbox 3740 5352 3856 5410; x_wconf 64' lang='grc'><strong>35.</strong></span> 
     </span>
    </p>
   </div>
  </div>
 </body>
</html>
