4900 6125
575 346 703 409 507

573 553 781 600 cueur
834 532 1291 600 recommends
1349 553 1390 601 a
1434 541 1653 602 vostre
1694 535 1909 602 bonne
1952 557 2147 621 grace
2191 536 2330 622 quil
2372 557 2538 605 vous

574 615 1156 772 gginazulggnssefflet
1208 618 1451 705 longus
1509 642 1653 706 vye.
1743 621 1849 687 De
1890 620 2123 690 Caesel
2158 644 2233 690 ce
2275 623 2538 708 xxvijm·

1597 843 1838 911 Vostre
1882 843 2038 910 bien
2081 846 2208 911 bon
2251 865 2408 932 amy

1891 931 2197 998 Andelot.

1445 1442 1648 1514 8842.

1081 1577 1557 1648 STURMIUS
1596 1580 2034 1647 OALVINO.

743 1748 1148 1817 Balduinum
1197 1752 1481 1833 queritur
1522 1751 1731 1835 ipsius
1775 1753 2028 1818 nomine
2062 1751 2328 1819 abusum
2368 1754 2540 1835 epis·

574 1836 764 1902 tolam
825 1837 1062 1903 iactare
1115 1838 1304 1919 quasi
1367 1837 1447 1903 ab
1511 1839 1651 1919 ipso
1715 1839 2014 1921 scriptam
2077 1839 2150 1904 in
2212 1860 2340 1921 qua
2399 1837 2541 1905 cal-

571 1923 791 1987 vinum
846 1926 902 1987 et
941 1920 1184 1988 Beuum
1224 1923 1595 1989 mamre.
1683 1924 1992 2006 Affirmat
2046 1924 2173 1991 sibi
2214 1945 2540 2009 numnam

576 2007 736 2074 talia
777 2008 849 2073 in
889 2013 1148 2073 mantem
1189 2008 1445 2075 venisse.

573 2178 758 2246 (Manu
802 2178 1060 2248 scriptam
1095 2177 1329 2232 vidimus
1364 2196 1452 2248 ap.
1486 2179 1776 2233 Simlerum
1825 2180 1952 2235 Vol.
2001 2179 2116 2235 105.
2186 2181 2404 2235 Dudum
2439 2181 2538 2234 im·

612 2263 761 2300 ressa
805 2253 927 2301 erat
976 2248 1032 2301 in
1069 2247 1242 2301 Betae
1279 2247 1464 2302 Traot.
1501 2248 1570 2302 11.
1605 2246 1728 2315 234,
1772 2252 1831 2302 et
1876 2250 1931 2303 in
1969 2251 2135 2319 Resp.
2183 2251 2253 2304 ad
2289 2250 2538 2303 Balduin.

571 2264 710 2369 5563
744 2333 797 2385 p.
831 2314 953 2368 212.
1024 2316 1256 2370 'sextum
1304 2317 1598 2372 incultior-e
1643 2318 1818 2372 forma
1864 2319 2244 2374 adumbratum
2280 2334 2350 2373 ex
2386 2325 2541 2372 auto·

570 2385 782 2465 grapho
818 2384 1044 2438 Sturmii
1090 2386 1150 2438 in
1186 2386 1315 2440 Cod.
1351 2386 1492 2455 Epp.
1531 2385 1683 2440 Saee.
1719 2386 1866 2442 XVI.
1901 2387 2022 2441 Vol.
2055 2387 2154 2441 111.
2189 2387 2332 2442 Bibl.
2368 2386 2540 2441 Semi·

571 2453 712 2507 narii
757 2453 1242 2534 Argentoratensis
1297 2453 1549 2536 incendio
1601 2472 1653 2508 a.
1711 2454 1846 2537 18ῗο
1906 2456 2120 2510 deletae
2170 2456 2542 2538 descripserat

571 2520 1043 2646 ffffffiffidffl?
1055 2523 1933 2673 qffffissssssss20⁸fflug⁰¹m⁰⁸
1904 2541 2010 2647 ⁰2⁹
2010 2525 2291 2648 {3312031‘
2313 2540 2541 2647 ..affl

1224 2663 1458 2730 margini
1491 2660 1884 2730 adscribimus.)

571 2829 870 2897 Maximo
913 2829 1218 2914 theologo
1259 2835 1327 2895 et
1359 2831 1604 2914 optimo
1645 2830 1791 2897 viro
1834 2832 1921 2898 D.
1957 2832 2196 2898 Ioanni
2236 2830 2539 2911 Oalvino,

1044 2917 1252 2982 amico
1293 2918 1502 2982 veteri
1545 2923 1614 2982 et
1658 2915 2080 2985 observando.

745 3088 1194 3154 Vehementer
1238 3087 1441 3169 doleo,
1479 3090 1573 3153 mi
1620 3088 1895 3168 Calvino,
1940 3090 2347 3156 Balduinum
2389 3110 2539 3156 ver-

571 3173 674 3240 bis
716 3172 900 3239 abuti
935 3173 1271 3240 cuiusdam
1316 3174 1628 3257 epistolae
1669 3195 1854 3240 meae
1879 3180 1931 3253 ¹)
1975 3185 2208 3241 contra
2249 3186 2434 3240 tuam
2474 3181 2544 3240 et

571 3260 785 3326 nostri
837 3257 1050 3325 Besae
1111 3259 1678 3326 existimationem.
1781 3261 2059 3327 Memini
2158 3258 2380 3326 uidem
2434 3279 2542 3327 me

571 3346 818 3411 iratum
876 3343 1157 3410 scribere
1212 3345 1610 3411 acerbiorem
1674 3345 2019 3430 epistolam
2211 3344 2542 3430 quendam

573 3430 731 3496 olim
789 3430 980 3496 nobis
1036 3449 1454 3497 communem
1496 3431 1804 3509 amicum,
1843 3439 1924 3498 ut
1965 3452 2118 3497 eum
2160 3432 2232 3496 in
2277 3432 2434 3497 fidei
2479 3438 2547 3496 et

573 3515 900 3582 amicitiae
956 3516 1130 3582 viam
1197 3536 1591 3583 revocarem.
1696 3516 1835 3584 Sed
1877 3519 2097 3583 Deum
2154 3525 2382 3597 testor,
2438 3537 2546 3582 me

572 3601 746 3667 nihil
797 3622 1088 3684 unquam
1142 3602 1270 3668 scri
1319 3603 1480 3668 sisse
1524 3602 1696 3687 quod
1754 3602 1871 3667 tibi
1916 3610 1983 3668 et
2024 3602 2236 3669 Besae
2278 3623 2413 3668 non
2458 3602 2548 3666 sit

573 3686 1027 3753 honorificum.
1113 3686 1247 3768 Qui
1337 3687 1419 3754 de
1461 3696 1529 3753 te
1564 3688 1844 3753 sentiam
1880 3689 2327 3754 meminerunt
2360 3694 2546 3754 vete·

572 3793 680 3840 res
724 3774 936 3849 amici,
981 3774 1198 3840 sciunt
1239 3774 1412 3839 novi.
1462 3772 1710 3840 Bezam
1743 3781 2013 3859 propter
2053 3774 2544 3841 conversionem

573 3858 733 3925 novi
773 3858 1180 3924 Testamenti
1234 3867 1301 3924 et
1358 3859 1504 3924 illos
1546 3858 2067 3939 commentarios,
2113 3861 2312 3925 etiam
2355 3865 2544 3923 ante-

573 3963 770 4029 quam
823 3964 1103 4022 nossem,
1164 3964 1387 4010 amare
1429 3966 1789 4030 coeperam.
1876 3945 2099 4011 Velim
2141 3945 2547 4011 Balduinum

572 4030 643 4095 iu
689 4029 860 4096 hanc
910 4050 1182 4095 arenam
1226 4051 1359 4096 non
1405 4029 1835 4109 descendisse,
1872 4031 2264 4115 praesertim
2300 4031 2375 4095 in
2417 4029 2545 4095 hac

573 4135 773 4182 causa
816 4114 1154 4200 religionis
1207 4114 1527 4182 adversus
1568 4124 1636 4181 te
1679 4116 2001 4182 athletam
2042 4116 2334 4195 Domini,
2373 4136 2543 4179 non-

574 4199 734 4266 dum
767 4200 922 4267 fixis
970 4200 1174 4265 armis
1229 4221 1446 4285 neque
1501 4201 1701 4268 ullius
1755 4223 1795 4267 o
1841 4202 1899 4268 is
1956 4200 2096 4267 iudi
2260 4254 2276 4281 ,
2333 4222 2543 4285 quum

574 4308 616 4353 a
653 4294 718 4353 te
757 4296 897 4352 tam
940 4285 1150 4352 multa
1195 4284 1528 4367 beneficia,
1586 4293 1664 4353 ut
1706 4309 1790 4354 au
1840 4288 1900 4354 'o
1941 4309 2028 4353 ex
2069 4223 2257 4368 affl
2282 4308 2544 4370 accepe-

573 4372 683 4438 rit.
783 4373 1100 4438 Miseram
1158 4372 1596 4439 conditionem
1673 4372 2082 4439 eruditorum
2148 4382 2216 4439 et
2278 4375 2541 4458 piorum

574 4457 937 4536 hominum,
981 4458 1220 4541 quibus
1254 4457 1462 4525 doctis
1505 4467 1571 4525 et
1612 4460 1800 4526 bonis
1841 4480 1985 4525 esse
2025 4480 2160 4525 non
2202 4460 2375 4539 licet,
2411 4457 2542 4524 nisi

574 4554 1008 4610 exerceantur
1064 4543 1442 4610 inimicitiis.
1546 4543 1855 4631 Oogitare
1897 4545 2094 4612 debes
2135 4565 2243 4611 me
2284 4546 2414 4612 ista
2454 4565 2543 4610 ex

576 4629 796 4696 animo
839 4635 907 4696 et
949 4649 1099 4696 cum
1142 4628 1365 4697 dolore
1408 4630 1708 4712 scribere,
1754 4631 1941 4698 cuius
1995 4632 2093 4698 rei
2137 4630 2254 4698 tibi
2298 4630 2388 4697 sit
2433 4630 2540 4695 in-

576 4920 767 4976 8842.
788 4918 846 4986 1)
881 4920 1156 4991 Loquitur
1201 4920 1269 4975 de
1308 4920 1529 4987 famosa
1574 4921 1673 4976 {aa
1707 4937 1792 4991 cp.
1834 4922 1915 4979 ad
1949 4922 2322 4978 Hotomanus·
2373 4935 2540 4992 quam

577 4988 755 5058 lavisti
798 5004 976 5059 supra
1019 4988 1422 5045 mutuos.
1491 4990 1588 5045 Ea·
1633 5007 1698 5045 ca
1749 4990 2222 5047 &Romus-us
2269 4990 2542 5046 maulia

578 5058 1949 5127 mmmmmwntraoatvinm
2001 5059 2296 5128 ediciam

580 5139 708 5179 vero
749 5127 935 5207 polias
980 5128 1043 5181 in
1078 5126 1448 5211 Hotomanus·
1492 5129 1667 5184 εοῑιιιιι
1710 5129 1998 5210 invehitur.
2047 5128 2226 5197 (Bion
2257 5144 2314 5198 p.
2385 5125 2464 5209 ⁶5.
2491 5132 2543 5182 et

578 5191 728 5257 398.)
807 5194 921 5249 Hac
964 5196 1592 5334 memovffioeam
1623 5196 1773 5321 &aba
1817 5202 1996 5267 potest
2028 5213 2196 5269 quum
2229 5211 2543 5267 κυροῦται

2100 347 2628 417 EPISTOLAE
2674 349 3104 416 3841—3844

4466 353 4576 418 508

2642 537 2888 605 dicium
2931 535 3104 622 quod
3147 536 3232 603 ad
3258 543 3659 621 postremam
3702 542 3883 603 tuam
3926 535 4271 621 epistolam
4292 535 4581 606 Calendis

2639 623 2929 709 Aug-usti
3004 623 3318 708 scriptam
3394 643 3527 688 non
3600 621 4050 707 respondeam,
4114 644 4318 708 quum
4381 631 4581 690 tamen

2637 708 2836 793 plena
2897 709 2988 777 sit
3050 708 3560 789 benevolentiae,
3628 717 3693 775 et
3757 710 4130 794 argumenti
4194 730 4325 776 non
4546 711 4559 724 ⁸

2638 792 2863 860 Audio
2906 794 3237 879 quendam
3282 795 3482 860 alium
3529 793 3948 880 divulgatum
3992 792 4237 860 librum
4280 791 4580 874 ἇνωνυμοι,

2637 879 2710 945 in
2798 901 2882 946 uo
2917 880 3307 946 Ambosiani
3340 881 3654 965 temporis
3689 887 3891 946 autor·
3915 880 4236 958 meminit,
4278 891 4349 945 et
4381 901 4583 946 meum

2639 967 3088 1032 testimonium
3145 964 3331 1034 vobis
3385 967 3693 1032 minatur.
3779 968 3875 1031 At
3931 986 4053 1051 ego
4109 986 4341 1031 rursus
4383 965 4581 1031 Deum

2641 1058 2847 1117 testor
2870 1103 2887 1130 ‚
2955 1073 3063 1118 me
3126 1051 3295 1117 nibil
3361 1073 3650 1134 uuquam
3716 1054 4019 1135 cuiquam
4084 1051 4214 1117 scri
4292 1053 4423 1118 isse
4483 1065 4585 1116 aut

2641 1135 3062 1204 scribendum
3114 1157 3396 1216 curasse,
3452 1137 3623 1220 quod
3681 1135 3765 1201 ad
3822 1136 4111 1203 infelicia
4170 1138 4182 1151 ’
4334 1135 4587 1202 consilia

2642 1221 2977 1307 prodenda
3059 1223 3163 1289 vel
3227 1221 3579 1289 indicanda
3642 1224 4016 1306 pertineret.
4127 1220 4282 1289 Scio
4346 1243 4467 1288 vos
4526 1223 4587 1288 in

2642 1309 3063 1375 concionibus
3126 1310 3365 1375 vestris
3378 1311 3436 1388 2)
3502 1317 3571 1373 et
3632 1315 3810 1374 certo
3867 1308 4072 1373 animi
4136 1306 4379 1375 iudicio
4442 1328 4590 1373 nun·

2642 1415 2839 1477 quam
2888 1394 3016 1461 ista
3070 1393 3395 1477 probasse,
3453 1403 3521 1460 et
3576 1393 3751 1459 illius
3796 1393 4108 1479 temporis
4160 1393 4432 1460 consilia
4486 1414 4591 1459 vos

2644 1479 2855 1545 celata
2910 1480 3115 1545 fuisse
3159 1477 3239 1545 de
3281 1479 3626 1545 industria.
3716 1479 4017 1546 Scribam
4060 1478 4145 1545 ad
4186 1477 4591 1554 Baldm‘mcm,

2642 1570 2712 1630 et
2754 1565 3087 1632 hominem
3133 1565 3493 1631 admonebo
3536 1565 3750 1631 officii.
3817 1565 4030 1631 Video
4072 1564 4249 1630 enim
4296 1585 4431 1628 nou
4464 1563 4629 1630 sins·

2641 1651 2880 1734 probro
2913 1651 2982 1717 in
3022 1652 3168 1716 istis
3201 1652 3472 1717 famosis
3513 1647 3750 1716 libellis
3794 1672 4015 1716 meum
4049 1670 4290 1717 nomen
4334 1651 4596 1734 aspergi.

2642 1737 3073 1822 Argentorati
3118 1740 3218 1802 29.
3265 1738 3559 1820 Augusti
3611 1740 3795 1804 1562.

3552 1874 3838 1939 Ioannes
3880 1872 4216 1940 Sturmius
4262 1883 4442 1938 tuus.

2678 2058 2862 2115 Cede-v
2897 2059 3398 2128 Argentoratensis,
3434 2058 3637 2127 absque
3670 2058 4028 2127 inscriptione
4061 2063 4113 2112 et
4144 2059 4563 2127 κώεα-ὀρείου.-

2778 2144 3149 2199 Vehementer
3183 2144 3342 2198 doleo
3378 2144 3703 2197 Balduinum
3750 2144 4016 2213 epistolae
4050 2160 4205 2198 meae
4241 2145 4428 2198 verbis
4463 2145 4603 2196 abuti

2642 2217 2837 2267 contra
2885 2222 3039 2266 tuam
3092 2219 3150 2265 et
3188 2214 3361 2266 Besae
3414 2213 3890 2266 existimationem.
3980 2211 4043 2265 In
4089 2228 4155 2267 ea
4200 2213 4439 2281 epistola
4482 2213 4607 2266 nibil

2642 2282 2866 2336 memini
2901 2299 2988 2335 me
3023 2298 3229 2350 ponere
3265 2281 3414 2350 quod
3448 2281 3518 2334 de
3554 2287 3789 2349 utroque
3831 2285 4074 2336 vestrum
4108 2282 4271 2336 simul
4307 2289 4407 2335 aut
4440 2282 4506 2335 de
4538 2282 4607 2334 al·

2646 2357 2767 2405 tero
2802 2367 3047 2404 seorsum
3070 2356 3236 2419 queat
3270 2367 3390 2403 esse
3426 2349 3797 2419 suspiciosum.
3846 2349 4051 2419 Scripsi
4085 2366 4204 2403 eam
4239 2350 4313 2402 ad
4349 2351 4607 2404 bominem

2643 2420 2713 2473 de
2758 2436 2867 2488 quo
2919 2420 3148 2472 meritus
3199 2434 3349 2472 eram
3400 2418 3539 2472 bene
3584 2419 3641 2471 in
3693 2435 3888 2487 magna
3931 2425 3989 2471 et
4022 2419 4369 2486 iniquissima
4404 2419 4613 2480 iniuria,

2643 2506 2755 2542 non
2801 2493 2865 2543 ut
2912 2488 3199 2556 perderem
3248 2487 3401 2540 illum
3449 2487 3546 2540 sed
3592 2502 3905 2541 revocarem
3949 2487 4007 2539 in
4050 2487 4193 2539 viam
4242 2487 4516 2542 amicitiae
4557 2497 4607 2539 et

2644 2557 2791 2612 fidei.
2860 2556 2971 2610 Sed
3013 2556 3083 2609 de
3128 2556 3233 2609 hoc
3275 2556 3382 2608 alio
3418 2561 3683 2624 tempore.
3758 2557 3837 2609 De
3873 2571 3959 2608 me
3998 2570 4126 2608 vero
4161 2555 4242 2609 sic
4276 2563 4493 2609 statuas
4523 2571 4611 2610 ne·

2686 2642 2754 2679 ue
2804 2625 2863 2677 in
2915 2624 3019 2678 hac
3064 2624 3299 2694 epistola
3344 2624 3643 2694 quidquam
3679 2641 3766 2677 me
3811 2623 4094 2692 scripsisse
4141 2624 4407 2678 adversus
4460 2633 4515 2678 te
4557 2635 4609 2676 et

2692 2711 2859 2757 etam,
2907 2709 3086 2761 neque
3131 2709 3436 2761 quaequam
3482 2709 3721 2761 unquam
3769 2693 3839 2745 ad
3873 2693 4043 2745 ullum
4077 2691 4355 2746 hominem
4392 2692 4607 2747 antebac

2644 2762 2926 2831 scripsisse
2962 2761 3108 2841 quod
3141 2762 3247 2815 tibi
3281 2762 3456 2830 possit
3490 2761 3706 2815 officere
3741 2765 3839 2814 aut
3873 2760 4019 2829 qnod
4052 2760 4156 2813 tibi
4192 2777 4303 2814 non
4342 2762 4421 2814 ait
4454 2762 4609 2815 bono-

2644 2832 2874 2886 rificum.
2918 2830 3059 2894 de
3095 2868 3315 2884 .....
3354 2829 3499 2883 novi.
3548 2830 3748 2883 Exstat
3782 2829 3947 2883 etiam
3981 2829 4038 2881 in
4062 2829 4349 2883 veteribus
4386 2839 4610 2899 quatuor

2645 2900 2803 2953 novis
2826 2899 2926 2967 (sic
2951 2897 3174 2962 Solem]
3194 2915 3372 2952 meum
3391 2898 3460 2951 de
3495 2905 3550 2951 te
3571 2897 3845 2951 iudicium.
3882 2897 4061 2952 Velim
4095 2936 4325 2954 .....
4360 2899 4609 2969 indigum.

2645 2969 2905 3022 Miseram
2941 3004 3160 3021 .....
3196 2965 3264 3020 ad
3299 2975 3631 3035 postremam
3650 2973 3801 3019 tuam
3836 2967 4066 3046 plenam.
4077 2965 4497 3021 benevolentiae
4530 2984 4609 3036 ep.

2644 3054 2757 3118 non
2791 3035 3149 3106 respondeam
3196 3052 3364 3117 quum
3411 3043 3591 3117 tamen
3624 3051 3713 3089 me
3761 3034 3964 3089 iniuria
3978 3035 4304 3115 ‘ahquqrum
4340 3035 4611 3090 bominum

2644 3106 3086 3253 ᾏἯᾌῖιιῗῖιῗςῖἷὲιῗ.
3106 3105 3343 3253 (ἒῖᾞῷ
3378 3103 4609 3253 ξὲῗοέῑὲἓέἒᾱὲῒιωΐὲἓὲιοῗιῗῗεᾞιῗΐὲ

2649 3258 2829 3295 meum
2874 3244 3115 3294 minatur
3160 3247 3547 3294 testimouium.
3615 3241 3809 3296 Vereri
3857 3241 3993 3295 nilnl
4027 3241 4221 3295 debes:
4257 3258 4443 3312 neque
4478 3242 4613 3311 quod

2648 3327 2815 3379 supra
2858 3311 3015 3378 posui
3061 3325 3172 3362 non
3216 3325 3353 3378 opus
3401 3316 3488 3363 est
3528 3309 3618 3362 hic
3662 3325 3723 3362 re
3763 3316 3931 3363 etere.
4002 3308 4158 3362 Istud
4203 3310 4379 3365 addo:
4416 3312 4529 3367 seio
4559 3312 4611 3365 in

2646 3379 2995 3433 concionibus
3044 3377 3156 3431 tuis
3206 3377 3543 3446 improbasse
3597 3386 3654 3431 te
3709 3377 3723 3389 “
3769 3378 3841 3430 ud
3894 3378 4098 3431 facinus
4144 3382 4204 3431 et
4249 3379 4359 3433 tibi
4406 3396 4611 3450 semper

2647 3446 2988 3516 displicuisse
3032 3451 3260 3499 cruenta
3303 3447 3527 3500 consilia
3570 3452 3629 3498 et
3672 3446 3819 3499 illius
3864 3452 3975 3500 tem
4018 3447 4128 3500 oris
4164 3447 4399 3501 consilia
4446 3454 4503 3503 te
4534 3464 4612 3501 ce-

2647 3517 2762 3569 lata
2807 3515 2987 3568 fuisse.
3058 3515 3306 3568 Scribam
3351 3515 3420 3568 ad
3466 3515 3810 3579 Balduinum,
3854 3531 3989 3583 roga
4104 3519 4168 3568 ut
4211 3517 4463 3585 amicum,
4510 3532 4613 3571 mo-

2648 3584 2790 3637 nebo
2826 3591 2888 3637 ut
2920 3583 3292 3651 christianum,
3328 3592 3390 3636 ut
3424 3599 3511 3636 me
3534 3583 3777 3652 patiatur
3810 3599 3920 3637 non
3943 3584 4117 3637 solum
4153 3601 4188 3637 a
4220 3600 4283 3638 se
4318 3586 4425 3639 sed
4458 3588 4613 3640 etiam

2648 3654 2718 3706 ab
2755 3653 2876 3705 aliis
2911 3652 3101 3705 amari.
3160 3653 3209 3704 A
3246 3668 3355 3721 quo
3389 3653 3483 3705 ille
3517 3652 3803 3721 epistolam
3839 3652 3990 3705 illam
4024 3652 4226 3705 habeat
4262 3655 4485 3708 nescio:

2648 3722 2858 3802 duobus
2894 3721 3068 3802 solum
3104 3720 3441 3774 concredidi:
3489 3720 3805 3801 Malerbiae,
3843 3737 4005 3789 quem
4040 3721 4245 3802 novisti
4281 3730 4417 3777 ante
4453 3740 4613 3777 nne·

2648 3806 2941 3912 edm?
2958 3793 3381 3927 mmm
3415 3787 4323 3938 zzss‘zaassessfflssfffizff
4338 3808 4477 3915 ,εἲς
4502 3808 4611 3914 2²:2⁸.

2648 3927 3010 3980 vulneratum.
3102 3925 3212 3980 Sed
3256 3933 3442 3979 tamen
3493 3943 3552 3979 m
3595 3925 3701 3980 hac
3755 3925 3894 3979 mh11
3944 3926 4233 3980 adversum
4286 3936 4364 3984 te.
4438 3929 4611 3983 Nolim

2646 4001 2829 4049 tamen
2864 3994 3164 4063 divulgari:
3200 4011 3309 4048 non
3345 4000 3573 4063 propter
3606 3994 3851 4063 iniquum
3884 4011 4085 4056 meum,
4119 3995 4217 4048 sed
4294 4004 4491 4067 ropter
4522 3999 4611 4050 ali·

2646 4080 2783 4133 quos
2826 4079 3050 4134 magnos
3096 4063 3246 4117 viros
3291 4078 3521 4131 quorum
3566 4062 3631 4115 fit
3674 4062 3897 4117 mentio.
3966 4063 4091 4117 Non
4138 4080 4213 4133 qu
4337 4083 4476 4120 vera
4508 4074 4609 4120 ant

2646 4148 2787 4202 quae
2831 4132 2900 4186 de
2950 4132 3064 4187 illis
3114 4131 3333 4184 dixerat
3384 4131 3731 4186 adversarius
3782 4147 3954 4193 mene,
4005 4132 4102 4186 sed
4193 4133 4304 4187 uod
4352 4136 4609 4189 libentio

2644 4201 2891 4256 homines
2925 4200 3076 4254 falsis
3118 4199 3434 4254 criminibus
3483 4217 3647 4270 quam
3693 4200 3841 4255 veris
3875 4200 4123 4256 laudibus
4195 4201 4319 4257 dem
4356 4203 4609 4259 babeant.

2646 4270 2805 4333 Vale,
2840 4269 2916 4322 mi
2950 4268 3187 4324 Calvine.
3240 4269 3607 4338 Argentorati.

2784 4338 2938 4393 Luce
2971 4337 3423 4417 diarvtaclarius
3465 4337 4611 4419 mmmmmpriuamtm’ueepis·

2644 4406 2788 4463 iolas
2821 4406 3308 4469 adu-abraamem,
3342 4422 3483 4475 quae
3512 4412 3703 4474 postea
3734 4406 4094 4472 nulufanam
4124 4413 4345 4463 mutata
4385 4408 4609 4465 Calvino

2643 4475 2817 4531 missa
2863 4475 2977 4540 fuit
3016 4474 3101 4528 ita
3143 4474 3362 4542 quidem
3411 4479 3475 4529 at
3515 4475 3679 4530 sinna
3712 4474 3893 4528 Betae
3934 4474 4339 4532 inscriberetur.
4426 4477 4609 4533 Ham

2642 4545 2776 4669 biens
2812 4541 3654 4668 Βοῑέῗθέἓιιέωατίοωιῒῆικὲωἰᾷω
3698 4558 3811 4667 aba
3840 4543 4119 4681 pota-'aga
4145 4563 4609 4671 Mukram-⁸2⁰⁵

2641 4682 2813 4736 baini
2854 4678 3329 4735 N.290.295.—
3373 4678 4361 4750 Quadefflvacntoetemqaatuor
4422 4684 4435 4696 ’
4564 4684 4575 4697 ‘

2640 4749 3281 4886 1⁰⁶⁰me
3375 4749 3721 4871 ?tuoideas.
3792 4748 4607 4823 Auloquitwrdeelequ'eln·

2848 5057 2906 5123 2)
2944 5055 3019 5113 N.
3055 5055 3209 5112 3374.
