4900 6125
626 397 751 460 ⁷19

625 584 850 650 iurias.
934 582 1040 648 De
1082 587 1503 649 controversa
1556 581 1855 650 doctrina
1898 581 2086 663 nihil,
2140 581 2377 666 inquit,
2422 580 2585 648 mihi

628 669 835 736 dicas:
882 689 959 734 ea
1003 689 1134 734 non
1180 677 1278 734 est
1321 668 1626 748 iudicata,
1675 688 1888 753 neque
1924 666 2010 734 ad
2055 688 2175 734 nos
2256 669 2585 735 ertinebat

626 776 771 822 eam
817 751 1136 820 iudicare:
1183 753 1302 820 sed
1344 755 1427 820 ad
1470 754 1796 840 synodum
1841 752 2146 838 aliquam.
2282 753 2380 819 uit
2420 754 2586 819 mihi

628 853 958 924 utcunque
1010 839 1440 907 satisfactum.
1514 840 1666 906 Non
1728 840 1908 925 potui
1969 847 2191 906 tamen
2248 839 2586 906 continere

626 947 754 1006 me,
808 946 1008 1009 quum
1055 925 1330 992 daturus
1373 947 1583 992 essem
1639 926 1945 992 dexteras
1990 924 2377 1005 zum-bachio,
2424 925 2585 1010 quin

626 1011 819 1078 illum
862 1011 1371 1096 interrogarem:
1428 1032 1513 1078 an
1562 1012 1844 1096 amplius
1890 1021 2275 1095 agnosceret
2317 1033 2423 1078 me
2468 1031 2585 1095 pro

628 1097 977 1176 haeretico,
1037 1105 1104 1163 et
1158 1095 1523 1165 doctrinam
1567 1118 1765 1181 quam
1803 1096 1994 1162 docui
2038 1117 2160 1180 pro
2208 1096 2584 1163 haeretica?

626 1183 761 1250 Hic
817 1183 1012 1249 homo
1069 1205 1141 1249 se
1195 1192 1520 1267 torquere,
1577 1191 1642 1249 et
1685 1183 1906 1251 nescio
1951 1202 2116 1266 quae
2161 1183 2471 1249 coniectis
2516 1183 2587 1247 in

628 1267 1095 1352 compositores
1129 1269 1353 1348 oculis,
1393 1267 1596 1335 verba
1630 1268 1864 1335 dicere.
1926 1269 2097 1333 Tum
2122 1268 2588 1353 compositores

626 1357 962 1424 iusserunt
996 1376 1102 1420 me
1139 1353 1218 1421 (16
1256 1355 1339 1421 iis
1373 1352 1572 1421 rebus
1608 1363 1839 1421 tacere.
1898 1354 2006 1420 Ita
2040 1354 2214 1421 facta
2248 1365 2347 1420 est
2389 1374 2586 1438 quae-

630 1440 782 1506 dam
824 1439 1188 1507 concordia.
1281 1441 1364 1506 In
1409 1438 1831 1508 concionibus
1876 1439 2113 1506 deinde
2159 1439 2446 1523 theologi
2489 1438 2589 1505 illi

631 1536 915 1611 quatuor
958 1526 1419 1611 significarunt
1462 1525 1723 1610 populo,
1768 1546 1997 1592 omnes
2033 1534 2170 1590 tam
2192 1525 2590 1609 professores

631 1633 828 1697 quam
871 1621 1166 1698 pastores
1210 1633 1352 1679 esse
1395 1612 1599 1679 bonos
1643 1620 1711 1677 et
1752 1611 1894 1695 pios
1936 1611 2134 1690 viros,
2191 1613 2590 1695 inventaque

628 1719 774 1849 {sse
826 1698 900 1763 in
956 1718 1185 1764 eorum
1240 1697 1520 1780 scriptis,
1582 1697 1820 1782 quibus
1863 1696 2052 1763 facile
2107 1697 2329 1763 omnia
2372 1696 2589 1765 conci·

660 1784 792 1850 ‘ata
837 1784 991 1850 sint.

801 1869 934 1935 Hic
977 1877 1079 1934 est
1122 1870 1272 1934 finis
1327 1876 1591 1935 nostrae
1649 1867 2044 1954 tragoediae,
2104 1869 2349 1952 optime
2404 1876 2591 1951 pater

634 1953 909 2036 Calvine,
955 1976 1146 2038 quem
1191 1956 1531 2022 verbosius
1574 1954 1908 2038 explicare
1953 1953 2147 2033 volui,
2208 1963 2284 2020 ut
2327 1954 2591 2038 singula

628 2041 867 2107 melius
910 2040 1332 2126 intelligeres,
1393 2049 1459 2106 et
1501 2062 1629 2124 qua
1672 2042 1740 2105 in
1801 2061 1873 2105 re
1916 2051 2030 2105 aut
2090 2047 2428 2124 peccatum
2475 2047 2593 2105 aut

630 2146 767 2192 non
808 2136 1149 2211 peccatum
1204 2127 1291 2193 sit
1346 2125 1635 2194 iudicare
1690 2127 1920 2210 possis.
1995 2127 2098 2191 Ro
2145 2147 2183 2191 o
2226 2134 2468 2204 autem,
2517 2132 2591 2190 ιιι

628 2212 785 2278 boni
843 2212 1150 2280 consulas
1208 2232 1425 2278 meam
1485 2210 1969 2278 verbositatem.
2120 2233 2204 2277 on
2271 2212 2367 2276 ita
2432 2211 2590 2276 felix

630 2318 798 2376 sum,
855 2308 932 2363 ut
983 2306 1058 2364 tu
1112 2307 1178 2364 et
1227 2297 1571 2376 Sturmius‘,
1629 2299 1738 2381 qui
1783 2296 1994 2363 multa
2052 2297 2275 2381 paucis
2321 2305 2388 2364 et
2441 2318 2589 2381 per·

630 2385 854 2469 spicue
896 2384 1227 2468 explicare
1272 2384 1533 2467 possim.

801 2470 997 2536 Nunc
1069 2470 1288 2554 accipe
1365 2470 1660 2536 breviter
1738 2467 2162 2553 appendicem
2240 2467 2590 2552 quandam.

629 2558 991 2640 Postquam
1034 2558 1273 2636 omnia,
1332 2575 1503 2639 quae
1547 2554 1631 2621 ad
1688 2563 2025 2622 narratam
2072 2554 2395 2621 actionem
2440 2575 2588 2637 per-

631 2643 863 2722 tinent,
901 2642 1179 2708 fuissent
1215 2643 1525 2722 confecta,
1564 2660 1921 2725 omnesque
1956 2640 2419 2725 compositores
2454 2639 2590 2704 dis-

630 2730 999 2807 cessissent,
1079 2727 1290 2793 vocati
1357 2726 1601 2793 fuimus
1665 2746 1704 2791 a
1754 2725 2058 2793 Dominis
2124 2726 2363 2793 nostris
2412 2724 2591 2791 Stur-

628 2816 820 2892 miuS,
867 2813 1282 2880 Mar-bachius
1326 2820 1393 2879 et
1427 2834 1567 2897 ego,
1623 2812 1913 2895 iussique
1956 2813 2231 2879 fuimus:
2300 2812 2590 2896 primum

632 2900 875 2978 omnia,
937 2920 1105 2983 quae
1166 2897 1249 2964 ad
1296 2901 1465 2966 Acta
1507 2899 1705 2964 huius
1750 2918 1985 2964 causae
2029 2899 2458 2981 pertinerent,
2518 2898 2588 2961 in

630 2986 1088 3054 cancellariam
1133 2986 1333 3052 ferre:
1392 2982 1461 3049 id
1505 2983 1675 3069 quod
1720 3003 1876 3048 mox
1919 3004 2042 3070 ego
2078 2984 2218 3050 feci.
2308 2981 2589 3061 Deinde,

631 3082 710 3140 ut
743 3095 829 3138 ne
865 3073 946 3138 de
990 3073 1071 3138 iis
1116 3072 1410 3138 articulis
1454 3072 1893 3138 controversis
1935 3072 2008 3137 in
2051 3069 2278 3137 schola
2313 3068 2593 3136 dissera-

631 3181 780 3225 mus
844 3169 959 3224 aut
1010 3157 1434 3242 disputemus.
1512 3158 1878 3237 Postremo,
1937 3166 2016 3221 ut
2073 3177 2288 3239 neque
2344 3154 2594 3239 aliquid

632 3244 713 3311 de
759 3244 839 3311 iis
881 3244 1078 3310 robus
1120 3240 1630 3328 imprimendum
1695 3262 2019 3309 curemus.
2110 3241 2303 3324 Quod
2343 3263 2449 3307 me
2494 3250 2594 3305 at-

633 3331 820 3408 tinet,
880 3331 975 3395 ita
1034 3329 1373 3413 respondi:
1464 3328 1803 3410 Quamdiu
1847 3329 2028 3394 fuero
2072 3336 2295 3394 vester
2329 3327 2490 3394 civis
2526 3334 2595 3392 et

632 3416 960 3501 professor
1001 3416 1072 3482 in
1116 3423 1339 3481 vestra
1382 3414 1607 3481 schola
1662 3413 1995 3481 mandatis
2056 3414 2297 3481 vestris
2341 3414 2595 3479 obtem-

631 3504 903 3587 perabo:
941 3502 1115 3569 sicut
1149 3501 1349 3567 etiam
1386 3501 1705 3568 hactenus
1727 3500 1866 3566 feci.
1936 3500 2063 3565 Die
2096 3500 2486 3583 insequenti,
2514 3501 2597 3575 ¹⁴)

632 3590 838 3672 petita
882 3596 1107 3654 tamen
1150 3588 1345 3653 venia
1389 3588 1471 3654 ab
1516 3608 1649 3653 uno
1694 3584 2096 3653 Scholarcha
2140 3593 2206 3650 et
2251 3607 2292 3651 a
2316 3584 2597 3651 Sturmio

635 3673 1029 3757 decanoque,
1058 3677 1143 3751 ¹⁵)
1203 3673 1471 3740 discessi
1516 3673 1891 3757 Argentina
1936 3672 2216 3754 venique
2274 3670 2358 3736 ad
2418 3670 2596 3735 ther-

634 3779 780 3825 mas
835 3758 1190 3839 Badenses,
1256 3768 1397 3825 tum
1454 3759 1659 3823 animi
1733 3769 1872 3822 tum
1949 3759 2148 3823 etiam
2199 3755 2599 3822 valetudinis

635 3845 870 3931 gratia,
964 3847 1178 3911 iturus
1256 3845 1324 3910 in
1392 3845 1743 3910 Rhaetiam
1826 3842 1909 3909 ad
1986 3850 2294 3927 parentes
2374 3842 2598 3907 uxoris

636 3952 836 3997 meae.
869 3934 950 4010 ¹⁰)
1030 3930 1299 3997 Contuli
1345 3952 1501 3998 vero
1558 3952 1664 3995 me
1720 3936 1865 4014 post
1912 3929 2207 3996 thermas
2251 3928 2597 4012 Tigurum,

638 4026 706 4083 et
749 4018 1228 4083 communicavi
1295 4016 1518 4082 omnia
1562 4037 1714 4081 cum
1773 4024 2005 4081 nostro
2049 4015 2444 4099 Bullinyew,
2491 4034 2602 4096 op-

637 4103 804 4170 timo
867 4103 1075 4169 amico
1133 4112 1203 4168 et
1254 4112 1460 4186 patre.
1563 4104 1752 4167 Aveo
1818 4109 2010 4167 tuum
2062 4121 2322 4185 quoque
2373 4098 2601 4165 audire

636 4189 1006 4269 consilium,
1070 4210 1159 4255 an
1215 4188 1379 4255 mihi
1432 4187 1832 4253 manendum
1890 4188 1977 4253 sit
2024 4190 2123 4253 Ar
2170 4186 2448 4265 entinae,
2517 4185 2602 4250 iis

636 4274 893 4361 legibus
959 4295 1123 4358 quas
1191 4274 1523 4340 audivisti.
1634 4273 1781 4358 Ego
1846 4273 2042 4357 plane
2154 4273 2366 4339 ubito:
2448 4271 2604 4355 quia

637 4370 859 4427 tamen
927 4382 1077 4426 sum
1142 4358 1213 4424 in
1279 4360 1546 4444 propria
1610 4380 1824 4438 causa,
1894 4359 2177 4424 libenter
2234 4359 2491 4443 piorum
2535 4366 2603 4423 et

640 4445 979 4513 doctorum
1021 4447 1321 4513 virorum
1361 4444 1556 4512 audio
1624 4444 1916 4512 consilia.
1997 4445 2233 4511 Altera
2275 4443 2471 4510 etiam
2517 4463 2602 4507 ex

686 4544 845 4612 arte,
891 4533 948 4599 si
984 4530 1337 4616 discedam,
1381 4531 1811 4597 metuendum
1854 4540 1972 4610 est,
2020 4552 2120 4611 ne,
2164 4538 2240 4595 ut
2278 4529 2605 4595 Sturmius

687 4619 915 4698 ‘cebat,
986 4619 1230 4684 ostium
1296 4616 1491 4701 plane
1557 4616 1734 4702 lupis
1799 4639 1839 4682 a
1886 4617 2153 4683 eriatur.
2265 4616 2601 4699 Exspecto

638 4704 861 4789 itaque
906 4703 1255 4772 consilium
1298 4715 1506 4769 tuum.
1575 4704 1659 4770 D.
1706 4702 1817 4769 Bu
1871 4703 2072 4789 inyeri
2107 4702 2437 4769 sententia
2480 4708 2600 4781 est,

819 4975 912 5041 14)
947 4975 1033 5033 20.
1072 4977 1288 5060 plag-tit
1498 5045 1510 5059 ·

729 5183 740 5195 .
817 5043 886 5165 lb
942 5044 1198 5197 gaimus:
1234 5063 1683 5172 (16.6σᾶιὼἀᾶ
1705 5113 1965 5169 Ουηόκιέ
1981 5113 2210 5197 filiunt,-
2243 5113 2470 5168 οῑεενωιι
2504 5111 2602 5167 ha·

642 5184 759 5239 butt
796 5182 1057 5253 Lydum,
1092 5200 1331 5239 sororem
1359 5184 1537 5240 Laut.
1568 5200 1606 5239 a
1644 5183 1900 5253 Lama
1934 5199 2045 5238 vm
2078 5198 2315 5247 tamnu
2346 5198 2408 5236 m
2436 5181 2605 5237 Rure

646 5251 1103 5376 &Pmo;;)iuzaeagio
1156 5253 1395 5309 Tollit-ac
1437 5254 1722 5324 oppidulo,
1768 5268 1935 5323 qm
1980 5268 2033 5308 a.
2084 5250 2217 5308 1557
2260 5252 2371 5309 ab·
2412 5251 2605 5307 natm·-

2134 392 2663 461 EPISTOLAE
2708 400 3133 464 3936—3938

4503 398 4604 463 72⁰

2692 594 2768 652 ut
2808 592 3028 671 petam
3063 606 3105 651 a
3146 584 3471 665 Dominis,
3537 604 3685 652 eam
3737 582 3906 649 mihi
3948 581 4223 650 docendi
4268 582 4606 650 libertatus

2690 670 2977 751 concedi,
3037 692 3238 756 quam
3293 679 3449 737 ante
3494 671 3617 737 hoc
3677 669 4021 736 dissidium
4063 667 4301 735 habui:
4365 667 4527 751 quod
4561 667 4608 736 si

2690 757 2906 822 nolint
2948 766 3171 841 petam
3216 757 3625 823 missionem:
3673 755 3780 822 vel
3815 756 4027 841 primo
4060 775 4317 839 quoque
4349 761 4610 838 tempore

2687 842 2893 910 libere
2946 863 3163 910 meam
3219 844 3291 907 in
3333 841 3555 909 schola
3597 841 3921 925 explicem
3981 841 4401 920 sententiam,
4455 861 4613 924 prae-

2689 930 2917 996 sertim
2963 928 3042 995 de
3085 949 3305 996 coena.
3394 927 3471 995 Si
3517 927 3789 994 Domini
3831 935 4113 1006 taceant,
4157 928 4354 994 bene:
4401 926 4458 992 si
4488 946 4614 1010 pro-

2689 1014 2978 1093 hibeant,
3025 1014 3371 1080 discedam.
3462 1012 3824 1097 Cupiebam
3869 1012 3952 1079 ad
3994 1033 4116 1079 vos
4159 1033 4368 1097 usque
4411 1033 4614 1080 excur-

2689 1121 2855 1180 rere,
2900 1109 3040 1167 tum
3075 1099 3405 1167 invisendi
3458 1101 3715 1177 fratres,
3781 1107 3925 1165 tum
3979 1109 4197 1166 tecum
4255 1097 4406 1164 aliis
4445 1098 4618 1164 etiam

2690 1185 2771 1253 de
2814 1187 3014 1252 rebus
3057 1183 3471 1269 colloquendi
3535 1186 3766 1270 gratia.
3856 1182 3992 1251 Sed
4046 1184 4399 1251 difficultas
4450 1184 4617 1249 itine-

2690 1273 2800 1352 ris,
2857 1271 2981 1338 hac
3047 1269 3458 1338 incommoda
3513 1272 3672 1338 satis
3729 1278 4136 1354 tempestate,
4202 1290 4311 1336 me
4352 1269 4620 1335 retinuit.

2690 1357 3007 1424 Fortasse
3063 1378 3266 1439 quum
3315 1356 3568 1423 rediero
3622 1377 3707 1422 ex
3745 1356 4033 1422 Rhaetia
4076 1355 4221 1423 Deo
4266 1355 4522 1421 volente
4563 1354 4620 1419 id

2691 1444 2992 1510 efficiam.
3051 1444 3240 1528 Rogo
3277 1463 3450 1521 vero,
3487 1462 3679 1508 cures
3709 1451 3786 1509 ut
3820 1442 3933 1509 ille
3968 1441 4290 1522 dominus,
4323 1441 4440 1525 qui
4469 1439 4623 1507 hunc

2692 1528 3108 1596 tabellarium
3174 1529 3396 1595 virum
3458 1529 3706 1595 bonum
3772 1528 3903 1595 huc
3966 1529 4177 1608 misit,
4257 1535 4622 1594 excusatum

2691 1615 2879 1680 illum
2935 1614 3190 1694 habeat,
3256 1614 3432 1698 quod
3498 1634 3635 1679 non
3701 1622 3842 1680 tam
3897 1616 4025 1681 cito
4081 1614 4370 1692 redierit,
4438 1632 4626 1678 unum

2694 1702 2870 1767 enim
2925 1700 3099 1766 diem
3156 1700 3439 1783 amplius
3495 1721 3614 1766 nos
3679 1699 3868 1765 illum
3924 1699 4327 1766 detinuimus
4393 1698 4518 1776 hic,
4569 1705 4632 1762 ιιι

2693 1807 2811 1870 per
2863 1786 3055 1852 illum
3099 1806 3437 1869 possemus
3490 1786 3719 1852 literas
3762 1806 4020 1868 quoque
4073 1785 4157 1852 ad
4203 1806 4322 1852 vos
4361 1785 4630 1850 mittere.

2703 1872 2884 1952 Vale,
2951 1873 3196 1956 optime
3252 1882 3458 1955 pater,
3525 1879 3591 1938 et
3651 1871 3978 1938 Dominus
4031 1872 4219 1938 Iesus
4275 1881 4342 1936 te
4402 1868 4513 1935 diu
4560 1867 4630 1934 ad

2695 1958 3002 2024 ecclesiae
3047 1957 3326 2024 salutem
3385 1966 3454 2023 et
3506 1959 3697 2041 regni
3757 1957 3864 2022 sui
3916 1957 4457 2043 propagationem
4496 1976 4628 2023 οοιι-

2693 2053 2938 2111 servet.
3013 2045 3258 2130 Tiguro
3310 2049 3405 2110 18.
3452 2042 3662 2127 April.
3716 2047 3900 2108 1563.

3575 2588 3779 2659 3⁹37.

3099 2743 3771 2811 BULLINGERUS
3817 2742 4252 2811 OALVINO.

2876 2915 3241 2982 Promiscue
3275 2915 3478 2981 multa
3509 2915 3873 2982 brevissime
3904 2937 3982 2982 ex
4016 2916 4262 3001 Δὴφῐία
4304 2915 4638 2982 Gema-ia

2702 3002 2903 3070 Italia
2951 3002 3239 3081 Pezonia,
3286 3000 3518 3081 bellica,
3563 3000 3891 3087 theoloqica
3932 3008 3989 3069 d
4049 3003 4254 3071 nescio
4309 3001 4476 3086 quid
4515 3019 4636 3067 m

2698 3173 2812 3243 (Ex
2849 3173 3190 3243 autographo
3225 3173 3391 3227 Arch.
3411 3173 3586 3228 Turic.
3625 3174 3769 3227 Plnt.
3806 3174 3910 3228 VI.
3945 3173 4064 3229 Vol.
4084 3172 4202 3240 129,
4238 3174 4376 3229 olim
4400 3173 4570 3229 Sei-in.
4591 3169 4641 3226 B.

2973 3243 3112 3312 Epp.
3149 3242 3300 3298 Tom.
3333 3241 3422 3305 30,
3457 3243 3548 3297 fol.
3582 3240 3702 3296 456.
3743 3270 3803 3281 —
3840 3243 4050 3298 Simler.
4087 3244 4208 3298 Vol.
4244 3241 4400 3309 107.)

2875 3412 3261 3481 Clarissimo
3320 3414 3463 3481 viro
3506 3415 3590 3479 D.
3637 3414 3875 3481 Ioanni
3917 3412 4198 3480 Calvino
4241 3412 4640 3481 Genevemis

2702 3499 3012 3600 ecclesiae
3055 3500 3434 3567 fidelissimo
3475 3502 3720 3584 pastori
3754 3500 4021 3567 domino
4056 3498 4333 3567 colendo
4370 3508 4444 3566 et
4475 3498 4642 3565 fnffi

2702 3607 3038 3653 carissimo
3081 3606 3245 3652 meo.

2873 3840 2944 3908 S.
3001 3841 3086 3906 D.
3194 3841 3384 3923 Quae
3446 3864 3535 3910 ex
3598 3842 3798 3909 Italia
3863 3844 4080 3928 accepi
4144 3840 4229 3908 ab
4293 3843 4530 3909 amicis
4583 3839 4642 3905 in

2746 3929 3029 3994 raesenti
3074 3928 3287 3993 mitto.
3369 3929 3476 3995 Ex
3520 3929 3773 4013 Anglia
3807 3929 4035 3996 scribit
4070 3950 4107 3995 e
4153 3928 4424 4013 iscopus
4449 3924 4644 3995 Saris-

2738 4015 3020 4093 eriensiS,
3089 4034 3194 4079 res
3251 4035 3494 4080 omnes-
3535 4017 3697 4081 satis
3751 4014 3992 4082 habere
4049 4016 4110 4081 fe
4142 4016 4352 4094 iciter,
4399 4022 4472 4080 et
4511 4012 4644 4080 Sco-

2701 4099 2865 4165 tiam
2886 4119 3289 4201 progressus·
3314 4101 3386 4165 in
3429 4101 3774 4200 evangelio
3815 4102 4029 4202 facere
4051 4102 4400 4167 maximos.
4605 4098 4642 4144 '-

2704 4186 3493 4369 ffirpssssnkssgseffimffu
3539 4186 4645 4367 mffiQssQffffiT*

2704 4359 2846 4440 cipe
2891 4356 3165 4423 contulit
3200 4377 3350 4422 cum
3395 4356 3663 4424 Brevttio
3698 4358 3781 4424 de
3814 4377 4035 4425 coena.
4103 4357 4240 4425 Sed
4275 4379 4420 4425 non
4457 4368 4644 4443 potuit

2706 4444 2799 4509 eis
2866 4444 3239 4510 convenire.
3327 4444 3629 4511 Monstra
3685 4444 4067 4529 opinionum
4117 4443 4302 4511 cudit
4359 4442 4644 4510 Bra-fias

2706 4548 2857 4594 cum
2915 4548 3036 4593 suo
3084 4526 3520 4595 Schmidelino.
3607 4530 3758 4611 Hic,
3818 4530 3929 4614 qui
3986 4529 4150 4597 alias
4193 4530 4482 4597 Iacobus
4521 4528 4644 4595 Aa·

2704 4616 2907 4694 dreae,
2952 4614 3053 4679 tui
3095 4613 3247 4679 fecit
3289 4616 3688 4681 mentionem
3730 4622 3798 4682 et
3840 4614 4107 4700 quidem
4142 4637 4280 4682 non
4322 4618 4474 4682 sine
4511 4635 4643 4681 con-

2706 4709 2985 4783 temptu.
3053 4698 3200 4783 Ego
3242 4721 3403 4767 vero
3462 4701 3788 4786 Weyqezio,
3809 4700 3865 4788 ²)
3909 4702 4006 4768 ita
4037 4702 4213 4768 enim
4251 4703 4646 4769 concionator

2706 4785 2821 4851 ille
2866 4783 3253 4870 appellatur,
3298 4784 3380 4852 de
3422 4789 3725 4854 omnibus
3767 4788 4057 4853 institui:
4126 4796 4202 4855 ut
4242 4788 4384 4854 iam
4427 4787 4643 4854 rectius

2708 4870 2791 4937 de
2848 4879 2913 4936 te
2967 4871 3229 4937 sentiat.
3316 4873 3585 4938 Mirifici
3637 4882 3795 4940 sunt
3850 4874 4216 4941 Brentiani.
4305 4871 4642 4941 Absurdis-

2709 4958 2878 5022 sima
2922 4965 3195 5024 tuentur
3239 4957 3563 5044 dogmata.
3631 4961 3723 5026 Et
3760 4958 4101 5027 Palatinus
4144 4959 4341 5027 hodie
4387 4960 4642 5046 penim

2711 5042 2888 5127 apud
2932 5043 3096 5110 istos
3141 5042 3342 5124 audit,
3387 5065 3463 5110 ac
3508 5044 3941 5114 Calvinianus
3985 5046 4382 5131 appellatur,
4425 5047 4508 5114 ab
4545 5044 4641 5111 ds.

2711 5249 4285 5385 sesagffdaeatmeauommtmm.
