4900 6125
626 429 754 492 1⁷1

631 615 882 700 perires
896 610 963 694 ⁴2)
1023 607 1139 676 sed
1182 608 1293 691 qui
1348 605 1759 691 aliquantum
1815 603 2097 672 accedat.
2188 602 2407 686 Quam
2452 625 2601 669 eru·

634 700 968 775 ditionem,
1014 693 1188 778 quod
1230 692 1572 770 iudicium,
1616 712 1816 775 quam
1851 690 2312 756 dexteritatem
2348 689 2604 774 flagitet

632 787 800 852 haec
842 781 1199 867 provincia,
1246 780 1409 844 satis
1452 799 1573 862 per
1616 787 1683 842 te
1727 777 2095 861 cognoscis:
2141 775 2290 840 ideo
2333 796 2603 841 monere

634 868 1047 953 supersedeo.
1148 867 1290 931 Aut
1354 885 1512 949 ergo
1589 861 1909 929 substitue
1972 860 2088 944 qui
2152 859 2348 927 fidem
2416 871 2602 925 tuam

632 956 888 1033 liberet,
950 961 1068 1019 aut
1121 950 1325 1034 (quod
1381 950 1577 1034 longe
1634 950 1849 1033 magis
1905 946 2241 1031 optamus)
2300 954 2369 1011 te
2412 947 2604 1011 nobis

634 1041 931 1107 restitue.
1000 1037 1226 1103 Habes
1315 1037 1508 1103 uibus
1550 1033 1780 1100 literas
1823 1043 1965 1099 tuto
2007 1033 2401 1110 committas,
2449 1053 2602 1096 eum

634 1128 750 1209 qui
813 1124 932 1190 tibi
998 1124 1121 1189 has
1186 1144 1260 1189 re
1307 1122 1418 1187 det
1477 1119 1834 1205 &qm-ium,
1897 1118 2223 1199 capellum
2286 1132 2353 1182 et
2418 1116 2597 1183 alios.

635 1211 827 1292 Vale,
870 1209 1285 1276 ornatissime
1321 1208 1425 1274 vir
1458 1217 1528 1271 et
1561 1205 1727 1270 mihi
1763 1203 2030 1271 colende
2066 1204 2285 1269 frater.
2366 1202 2600 1269 Domi-

635 1319 763 1364 nus
818 1295 938 1363 tibi
996 1314 1257 1379 semper
1312 1292 1502 1372 adsit,
1559 1292 1954 1358 incolumem
2009 1298 2294 1368 tueatur,
2351 1309 2602 1370 suaque

636 1385 887 1451 virtute
925 1382 1263 1448 sustineat.
1331 1377 1644 1445 Salutant
1678 1387 1745 1443 te
1780 1376 2068 1460 collegae
2103 1375 2250 1452 mei,
2299 1396 2375 1440 ac
2409 1394 2601 1458 prae-

638 1470 869 1536 sertim
911 1466 1107 1533 Besa.
1196 1465 1511 1533 Genevae
1564 1468 1657 1529 17.
1706 1461 2013 1529 Octobris
2065 1464 2247 1525 1563.

1509 1599 1840 1666 Iohannes
1882 1598 2209 1665 Calvinus
2253 1607 2424 1662 tuus.

1416 1890 1817 1903 —-

1528 2143 1731 2214 4⁰86.

1133 2298 1644 2368 MERGERUS
1690 2296 2130 2366 GALVINO.

820 2474 907 2539 In
946 2475 1210 2539 statione
1252 2493 1376 2538 sua
1414 2491 1539 2559 pro
1579 2476 1850 2551 tempore
1889 2488 2143 2533 manere
2183 2469 2315 2534 vult
2359 2489 2614 2551 eamque

643 2562 924 2629 deserere
974 2560 1269 2644 reliyioni
1336 2558 1507 2625 ducit
1563 2557 1730 2639 quod
1784 2555 2001 2621 studia
2057 2554 2368 2632 hebraica,
2426 2555 2615 2621 rebus

644 2647 852 2714 sacris
894 2665 1087 2728 quam
1127 2644 1403 2710 maxime
1443 2643 1655 2720 utilia,
1700 2642 1835 2706 iam
1867 2641 2188 2723 plurimos
2230 2640 2532 2707 alliciant.

648 2818 762 2885 (Ex
795 2816 1134 2887 autographo
1171 2815 1304 2870 Ood.
1332 2814 1493 2868 Goth.
1529 2812 1652 2880 405,
1686 2812 1780 2866 sol.
1816 2810 1900 2864 22.
1939 2837 2005 2848 —
2042 2810 2234 2864 Edidit
2255 2812 2424 2865 Liebe
2462 2829 2513 2881 p.
2544 2810 2616 2865 58

1039 2901 1110 2938 ex
1143 2901 1250 2954 qno
1287 2882 1579 2951 descripsit
1615 2881 1877 2936 Simlerus
1914 2879 2035 2934 Vol.
2075 2878 2220 2945 108.)

964 3057 1030 3123 A
1073 3054 1433 3133 Monsieur,
1479 3053 1823 3121 Monsieur
1867 3050 2288 3137 d’Espeville.

820 3228 1159 3312 Rescripsi
1215 3227 1299 3292 ad
1355 3236 1420 3292 te
1480 3223 1857 3302 novissime,
1883 3226 1935 3301 ¹)
2000 3221 2407 3290 observande
2452 3222 2614 3289 mihi

649 3317 723 3383 in
765 3316 997 3399 primis
1031 3315 1255 3391 frater,
1292 3333 1368 3379 ac
1410 3310 1627 3378 fusius
1665 3318 1869 3376 totam
1907 3310 2196 3376 instituti
2230 3310 2617 3393 consiliique

649 3402 782 3470 mei
825 3401 1146 3467 rationem
1191 3397 1482 3482 exposui.
1572 3395 1760 3478 Quae
1816 3417 1922 3462 res
1979 3396 2045 3460 in
2107 3415 2308 3462 causa
2349 3395 2494 3473 erit,
2540 3402 2618 3460 ut

652 3508 834 3554 nunc
875 3485 1139 3553 brevior
1181 3484 1326 3550 sim.
1404 3485 1506 3548 Ac
1548 3481 1847 3565 equidem
1896 3480 2111 3547 denuo
2151 3490 2218 3547 te
2261 3482 2426 3546 meis
2469 3480 2619 3546 lite-

652 3574 748 3640 ris
803 3594 936 3639 non
992 3591 1174 3637 eram
1232 3567 1793 3652 interpellaturus,
1852 3567 1982 3632 nisi
2035 3568 2093 3633 is
2136 3568 2242 3633 cui
2300 3566 2422 3632 has
2466 3564 2618 3631 dedi

650 3659 901 3736 literas,
943 3658 1048 3724 vir
1091 3654 1257 3721 mihi
1302 3654 1738 3721 amicissimus
1780 3662 1848 3719 et
1889 3664 2377 3730 conterraneus,
2422 3653 2618 3718 insti·

652 3745 848 3811 tisset
887 3764 958 3809 se
1000 3741 1245 3825 absque
1288 3740 1457 3807 meis
1499 3739 1583 3805 ad
1628 3748 1695 3805 te
1736 3739 1949 3805 literis
1994 3760 2262 3821 prorsus
2303 3759 2440 3802 non
2486 3737 2617 3804 dis·

654 3849 1011 3898 cessurum.
1097 3826 1225 3892 Est
1267 3838 1336 3892 et
1378 3827 1537 3910 ipse,
1583 3826 1832 3908 opinor,
1890 3824 2008 3889 tibi
2054 3825 2458 3902 notissimus,
2505 3823 2618 3907 qui

653 3915 803 3982 istic
845 3914 1056 3999 egerit
1110 3920 1245 3978 toto
1300 3912 1440 3977 fere
1497 3911 1736 3976 harum
1793 3920 2258 3994 tempestatum
2303 3919 2615 3992 tempore.

655 4000 796 4069 Nec
829 3999 1055 4065 dubito
1095 3997 1257 4081 quin
1302 3997 1411 4063 ubi
1456 4018 1607 4062 eum
1653 3995 1958 4074 audieris,
2003 4017 2225 4061 meum
2268 3994 2618 4062 consilium

655 4087 749 4154 sis
804 4083 1219 4169 probaturus.
1307 4082 1625 4148 Interfuit
1680 4081 1792 4147 ille
1848 4082 2036 4149 novis
2093 4084 2407 4165 repetitae
2465 4103 2618 4165 pro-

656 4170 961 4241 fessionis
1024 4178 1289 4236 nostrae
1355 4167 1582 4233 initiis.
1694 4167 1764 4233 Is
1842 4169 2032 4233 testis
2095 4169 2219 4233 erit-
2295 4167 2616 4245 oculatus,

654 4264 901 4343 quanta
957 4253 1335 4322 auditorum
1390 4253 1765 4336 frequentia
1820 4252 1976 4319 huic
2033 4253 2303 4337 linguae
2347 4273 2618 4336 operam

655 4363 904 4411 navare
947 4340 1190 4425 cupiat,
1246 4360 1444 4422 quam
1490 4338 1657 4405 duce
1700 4337 1985 4417 destitui,
2044 4359 2191 4403 mea
2245 4337 2377 4403 illis
2420 4359 2621 4422 opera

656 4427 997 4513 denegata,
1041 4426 1319 4507 impium
1362 4445 1575 4509 paene
1619 4420 1903 4490 dixerim
1960 4424 2176 4489 fixerit.
2265 4424 2619 4489 Excuden-

657 4513 777 4581 dos
831 4533 1041 4580 novos
1099 4511 1298 4577 libros
1358 4510 1695 4577 hebraicos
1750 4529 1929 4593 paro,
1971 4531 2132 4593 quos
2190 4509 2324 4575 illis
2367 4509 2619 4593 praele-

656 4620 842 4684 gam:
891 4598 1063 4664 inter
1107 4596 1268 4663 alios
1312 4595 1608 4662 libellum
1632 4595 1822 4660 Ruth
1865 4616 2014 4661 cum
2040 4595 2296 4661 Masora
2339 4608 2406 4661 et
2440 4617 2620 4663 com-

656 4684 984 4750 mentario
1067 4682 1305 4749 Kimhi
1389 4680 1669 4748 antehac
1759 4701 1892 4747 non
1958 4681 2269 4747 mandato
2349 4684 2543 4767 typis.
2564 4685 2620 4760 ²)

656 4771 803 4847 Est,
849 4778 926 4835 ut
966 4768 1185 4848 video,
1229 4768 1461 4835 messis
1504 4766 1928 4850 amplissima,
1980 4789 2057 4834 ac
2098 4788 2374 4853 magnos
2418 4769 2616 4834 etiam

662 5059 926 5142 md)
965 5056 1331 5140 maujos
1364 5063 1600 5120 anone,
1634 5056 1716 5112 ad
1745 5072 1842 5112 sas
1870 5055 2219 5138 respondisse
2254 5054 2471 5112 videtur
2497 5055 2621 5112 Gal·

704 5264 717 5276 ι
855 5140 1200 5277 {yffi-bellus
1218 5128 1656 5276 Buth‘sssnioo
1690 5125 2065 5277 eumz-,baiis
2090 5140 2337 5274 assotae
2373 5193 2441 5274 ad
2476 5211 2618 5248 mar·

664 5278 861 5385 ἓιισιιι,
894 5269 976 5317 its
1007 5281 1064 5317 in
1099 5263 1330 5317 eundem
1363 5272 1638 5317 succincta
1672 5270 1946 5333 expositio
1980 5263 2048 5317 B.
2074 5262 2209 5316 Dav.
2246 5262 2452 5315 Kimlu.
2489 5263 2614 5316 Par.

768 5331 1027 5401 stephan.
1066 5330 1217 5386 1563.
1252 5330 1303 5385 4.
1369 5330 1567 5400 (Haaq
1600 5331 1720 5386 vn.
1755 5330 1875 5386 829.
1915 5330 2113 5386 Macelo
2146 5332 2195 5386 1.
2235 5330 2382 5395 131.)

2148 413 2675 482 EPIS'POLAE
2718 419 3147 483 4035—4038

4524 419 4610 481 172

2704 605 2886 670 viros
2926 625 3064 670 non
3119 604 3215 670 ita
3258 625 3503 689 paucos
3546 603 3958 684 audio‚velle
4013 604 4187 670 serio
4229 603 4392 670 haee
4445 602 4619 670 studia

2702 708 3043 839 οᾳὲοεῗοω
3059 741 3130 841 ,oe
3159 709 3330 840 quat}
3401 689 3770 841 {erflffibffl
3849 689 4192 774 religionis
4267 688 4620 756 deti-imm

2704 797 2771 842 v1
2817 797 2898 840 en
2975 796 3063 841 an
3174 797 3219 839 n
3331 796 3406 840 ec
3593 796 3743 842 isse.

2877 861 3140 926 Turbae
3199 797 3308 927 iffi
3362 862 3537 943 regis
3592 861 3884 927 adventu
3925 881 4168 945 magna
4207 883 4292 927 ex
4337 871 4512 943 parts
4543 882 4624 926 so-

2703 946 2882 1029 pitae
2925 956 3100 1011 sunt.
3179 946 3388 1012 Faxit
3429 946 3616 1014 Deus
3660 946 3815 1029 Opt.
3862 946 4043 1011 Max.
4090 968 4177 1013 ne
4218 967 4448 1012 rursus
4485 961 4624 1030 post-

2704 1031 2830 1098 hac
2872 1033 3262 1098 excitentur.
3349 1032 3866 1116 Impetravimus
3924 1043 3994 1097 et
4051 1031 4158 1097 his
4203 1032 4451 1110 diebus,
4501 1030 4628 1097 dun

2702 1116 2812 1184 hic
2856 1117 3008 1183 aula
3052 1125 3171 1195 est,
3230 1129 3488 1202 partem
3533 1118 3841 1202 aliquam,
3898 1118 4023 1183 etsi
4064 1119 4504 1201 perexiguam,
4541 1117 4627 1183 ds·

2704 1202 2988 1268 bitorum
3034 1203 3223 1270 nobis
3266 1202 3768 1288 stipendiorum,
3812 1205 4079 1288 signum
4123 1203 4388 1287 aliquod
4431 1205 4630 1270 favoris

2701 1288 3067 1365 literarum,
3121 1290 3511 1372 praesertim
3556 1291 3627 1354 in
3680 1297 3866 1355 tanta
3909 1310 4336 1355 nummorum
4377 1291 4630 1372 penuria.

2704 1383 2772 1440 et
2815 1374 2986 1440 aeris
3031 1375 3229 1440 alieni
3275 1376 3494 1454 (cuius
3539 1375 3806 1441 nomine
3851 1396 3892 1440 a
3934 1396 4064 1458 quo
4106 1396 4242 1440 non
4285 1395 4410 1440 rex
4451 1385 4634 1440 noste

2705 1459 3168 1543 interpellatur
3186 1460 3252 1540 ⁴2)
3297 1471 3488 1526 tanta
3531 1459 4007 1545 magnitudine.

2877 1546 3085 1612 Invisi
3130 1544 3216 1611 D.
3262 1546 3687 1613 Gaucherium
3733 1545 4050 1630 principis
4093 1545 4442 1611 Navarrae
4481 1566 4636 1628 prse-

2706 1640 3055 1714 ceptorem,
3100 1632 3214 1714 qui
3260 1652 3521 1700 mecum
3565 1631 4035 1715 benignissime
4074 1645 4228 1696 tuas
4261 1641 4334 1695 et
4356 1630 4444 1694 D.
4465 1631 4640 1696 Bm

2707 1716 2931 1783 literas
2977 1718 3506 1798 communicavit,
3552 1738 3629 1783 ac
3672 1737 3792 1802 ego
3828 1717 4121 1784 vicissim
4164 1737 4318 1783 cum
4357 1715 4475 1781 illo

2709 1811 2781 1867 tu
2826 1802 2909 1867 ad
2955 1824 3061 1868 me
3104 1803 3481 1886 scripseras.
3569 1802 3711 1868 Nec
3755 1824 3912 1868 vero
3956 1801 4120 1867 mihi
4162 1810 4357 1867 autor
4411 1803 4549 1878 fuit,
4583 1815 4642 1865 ut

2709 1888 2868 1954 hinc
2933 1889 3200 1953 abirem.
3286 1889 3521 1971 Itaque
3585 1901 3654 1953 te
3711 1909 3842 1971 qua
3905 1909 3977 1953 es
4042 1887 4461 1953 humanitate
4521 1889 4642 1952 boni

2709 1972 3165 2040 consulturum
3207 1974 3481 2052 confido,
3537 1984 3609 2040 et
3647 1995 3839 2058 spero
3884 1972 4200 2057 quidquid
4251 1985 4358 2039 est
4405 1973 4644 2039 huiusce

2710 2060 2826 2124 rei.
2916 2058 3170 2125 Offeret
3225 2059 3389 2125 alias
3444 2061 3669 2126 forsan
3713 2060 4038 2126 Dominus
4092 2060 4503 2125 occasionem
4551 2058 4644 2123 ali·

2710 2164 2906 2227 quam
2960 2164 3076 2211 vos
3134 2145 3481 2210 invisendi.
3565 2144 3784 2227 Quam
3840 2166 4005 2211 sane
4047 2145 4276 2222 etiam,
4323 2145 4496 2211 citra
4533 2157 4644 2208 un·-

2711 2230 2864 2294 bam
2907 2239 3133 2295 tamen
3175 2230 3390 2313 qualis
3446 2251 3623 2297 anno
3678 2232 4000 2314 superiori
4023 2231 4182 2304 fuit,
4239 2231 4418 2296 mihi
4457 2231 4648 2296 offerri

2711 2314 3050 2399 pervelim,
3089 2316 3193 2380 vel
3228 2316 3354 2382 hoc
3389 2316 3672 2395 nomine,
3714 2315 3889 2401 quod
3925 2337 4071 2383 mea
4114 2316 4233 2382 tibi
4267 2316 4443 2382 fides
4475 2337 4648 2399 usque

2714 2399 2875 2466 adeo
2940 2410 3243 2483 suspecta
3307 2413 3425 2483 est,
3491 2422 3688 2485 quam
3755 2402 4060 2469 omnibus
4116 2402 4330 2468 modis
4399 2402 4650 2468 liberare

2714 2487 2992 2568 cupiam,
3038 2486 3097 2552 si
3139 2488 3388 2569 possim
3431 2487 3786 2555 commode.
3853 2487 4042 2554 Bene
4084 2488 4253 2567 vale,
4301 2488 4416 2554 vir
4457 2488 4650 2554 elaris·

2715 2573 2882 2638 sime
2926 2583 2997 2638 et
3029 2571 3386 2655 plurimum
3429 2572 3699 2640 colende
3740 2572 3969 2640 frater.
4039 2573 4358 2640 Lutetiae
4404 2578 4499 2639 19.
4533 2571 4650 2640 oa

2716 2678 2890 2723 anno
2933 2657 3165 2723 salutis
3215 2663 3398 2724 1563.

4074 2795 4365 2863 munel.
4414 2798 4510 2864 M.

2889 3001 3322 3068 Admonitum
3367 3009 3435 3069 te
3469 3002 3690 3082 velim,
3735 3003 3794 3070 si
3833 3002 4092 3087 quando
4135 3024 4243 3070 me
4287 3003 4433 3071 tuis
4475 3004 4652 3071 limis
4789 3070 4790 3073 ,

2718 3086 3115 3171 dignaberis,
3159 3089 3367 3154 satius
3410 3087 3715 3173 deinceps
3757 3089 3917 3167 fore,
3961 3110 4047 3154 ne
4091 3089 4374 3157 Mercu-i
4417 3090 4652 3176 posthc

2718 3174 3007 3252 nomine,
3053 3172 3169 3239 sed
3202 3172 3475 3254 Ferrati,
3513 3174 3686 3258 quod
3721 3174 3952 3241 domus
3987 3186 4250 3242 nostrae
4286 3176 4477 3262 apud
4507 3196 4656 3243 meos

2720 3279 3086 3343 cognomen
3121 3271 3239 3337 est,
3276 3256 3508 3326 dones:
3557 3260 3710 3343 quia
3744 3261 3917 3344 apud
3951 3259 4372 3331 adversarios
4407 3261 4654 3329 invidio-

2721 3363 2872 3408 sum
2938 3345 3159 3410 forsan
3224 3344 3573 3428 aliquando
3637 3366 3779 3411 esse
3843 3347 4067 3429 possit.
4155 3347 4450 3415 Interim
4511 3346 4656 3415 solin'

2721 3430 2852 3494 mei
2919 3431 3207 3496 nominis
3271 3452 3423 3496 eum
3489 3432 3601 3515 qui
3678 3431 3902 3499 literas
3979 3434 4228 3515 perfert
4299 3432 4656 3501 admone&

2721 3515 3149 3582 extrinsecus.

3487 3805 3882 3815 -——————.

3598 4062 3798 4133 4087.

3136 4216 3601 4285 OALVINUS
3647 4218 4280 4286 BULLINGERO.

2894 4388 3056 4455 Acta
3088 4389 3431 4455 novissima
3471 4389 3740 4468 Gallica,
3784 4391 4064 4456 mazime
4095 4391 4169 4456 in
4197 4391 4604 4473 parta-nm

2721 4561 2829 4623 (Ex
2882 4561 3082 4613 scheda
3133 4558 3416 4614 lenvillaei
3461 4560 3590 4617 Ood.
3639 4561 3842 4615 Gener.
3880 4559 4027 4627 1072,
4068 4561 4161 4614 fol.
4198 4559 4307 4615 274
4343 4579 4417 4627 v„
4468 4562 4582 4617 0011.
4621 4578 4656 4611 e-

2722 4628 2850 4684 Cod.
2889 4628 3105 4683 Turret.
3145 4626 3260 4695 108,
3310 4630 3403 4685 fol.
3443 4628 3560 4684 155.
3634 4632 3799 4684 Bern.
3849 4630 3934 4700 Ep
3976 4670 3988 4683 .
4036 4629 4132 4683 VI.
4183 4629 4319 4684 1128
4363 4640 4426 4686 et
4465 4632 4656 4687 sir-lm

3180 4698 3305 4753 Vol.
3354 4698 3472 4753 108.
3543 4700 3739 4755 Venio
3772 4700 3917 4770 angl.
4028 4738 4042 4751 .
4078 4696 4229 4765 389.)

2893 4870 2977 4935 In
3028 4878 3203 4935 statu
3249 4869 3506 4936 Galliae
3561 4870 3728 4936 nihil
3783 4880 4112 4937 mutatum
4167 4891 4256 4937 ex
4297 4892 4433 4956 quo
4489 4870 4570 4937 ad
4605 4880 4656 4933 u

2722 4955 2976 5038 scripsi,
3030 4956 3159 5020 nisi
3206 4954 3381 5039 quod
3428 4956 3832 5023 Parisieuses
3875 4957 4087 5041 magis
4143 4977 4220 5024 ac
4262 4958 4482 5042 magis
4519 4976 4654 5040 quo-

2720 5040 2880 5106 tidie
2922 5041 3092 5107 altos
3135 5041 3281 5106 illos
3321 5041 3594 5125 spiritus
3637 5042 4009 5108 demittunt.
4039 5044 4086 5125 Ι)
4149 5043 4460 5109 Primum
4497 5042 4656 5109 surh

2720 5262 3116 5389 4087.ἓοοᾗ
3153 5261 3233 5319 Ν.
3269 5262 3422 5318 4019.
3464 5264 3700 5333 Mera
3733 5281 3826 5334 ap.
3866 5264 4120 5333 Latum
4155 5263 4224 5319 11.
4260 5264 4368 5319 2⁶5
4402 5265 4462 5320 δ.
4495 5264 4548 5319 d.
4577 5262 4648 5317 8

2723 5331 2867 5403 Sept.
2884 5355 2896 5367 ·
3021 5350 3058 5386 x
3104 5333 3323 5387 tandem
3371 5339 3654 5403 pertaesus
3689 5333 4076 5388 Parisiensium
4109 5336 4488 5391 conum-dne
4515 5334 4650 5387 h

4163 5946 4786 6108 41
