4900 6125
585 402 720 468 m

583 606 722 672 que
966 587 982 601 ‘
1031 586 1166 651 inm
1223 583 1306 650 ad
1351 582 1775 652 declinandas
1831 583 2244 650 inimicorum
2285 582 2550 666 petitio·

589 695 712 740 nes
839 673 856 686 ’
1015 669 1482 739 recordabitur.
1585 670 1734 770 Ego
1779 670 2000 754 itaque
2057 670 2172 754 qui
2213 669 2422 753 Regis
2486 675 2554 735 et

587 758 926 844 religionis
975 777 1233 841 semper
1289 757 1906 823 observantissimus
1961 755 2076 836 fui,
2132 762 2204 821 et
2260 754 2344 821 ab
2399 754 2547 836 ista,

585 863 780 929 qm
823 844 1044 910 neseio
1085 842 1200 926 qui
1247 841 1652 908 meditantur
1686 840 2123 918 introducere,
2167 861 2388 906 rerum
2426 840 2549 907 ho-

585 931 976 1013 minumque
1283 928 1430 994 ione
1505 926 1975 1012 propemodum
2055 926 2330 1007 alienus,
2394 946 2549 993 cum

589 1013 876 1099 aliqum
917 1013 1234 1081 adversus
1277 1013 1426 1080 illos
1459 1012 1946 1081 contentionem
1992 1011 2157 1079 mihi
2203 1032 2288 1078 ex
2331 1011 2548 1079 officio

585 1098 1064 1185 suscipiendam
1098 1101 1518 1184 putavissem,
1554 1105 1623 1165 et
1656 1099 2004 1165 historiam
2040 1098 2549 1164 nefandissimae

773 1185 996 1252 orbem
1039 1185 1373 1253 conditum
1432 1185 1948 1270 conspirationis,
2015 1193 2377 1268 cunctaque
2420 1184 2546 1249 im-

583 1273 692 1356 pie
735 1283 802 1338 et
843 1268 1194 1338 crudeliter
1393 1271 1477 1336 'm
1515 1279 1651 1338 teto
1693 1271 1973 1355 imperio
2011 1269 2271 1337 Gallico
2315 1289 2546 1354 perpe-

583 1365 762 1424 trata
815 1356 1152 1442 sigillatim
1223 1292 1590 1424 describere
1646 1355 1894 1442 aliquot
1951 1355 2354 1423 orationibus
2409 1363 2542 1422 sta-

585 1443 882 1521 tuissem
939 1442 1108 1510 hanc
1167 1442 1611 1527 prolusionem
1666 1449 1732 1508 et
1776 1441 1980 1510 veluti
2021 1442 2233 1508 iustae
2277 1441 2546 1508 dimica·

583 1529 782 1596 tionis
885 1528 1242 1594 rooemium
1301 1528 1674 1596 existimavi
1738 1529 2088 1612 praecipue
2146 1528 2226 1594 iis
2291 1526 2546 1594 civibus

584 1635 728 1681 esse
771 1613 852 1680 de
896 1614 1082 1693 itum,
1169 1615 1255 1693 ui,
1298 1615 1471 1679 sicut
1511 1615 1642 1680 iam
1677 1612 1836 1693 dixi,
1880 1613 1946 1680 in
1974 1613 2181 1698 Regis
2268 1620 2547 1697 erpetua

582 1699 1018 1800 observantia,
1053 1635 1504 1785 athligionis
1538 1701 1750 1766 veteri
1786 1698 2134 1784 disciplina
2167 1699 2213 1764 fi
2259 1698 2546 1765 elissime

583 1793 1116 1871 permansissent.

583 1954 720 2044 [sol.
767 1953 838 2045 8]
905 1955 1276 2042 Religionis
1319 1963 1389 2022 et
1421 1956 1630 2041 Regis
1674 1953 1994 2023 adversus
2037 1955 2350 2023 exitiosas
2387 1956 2543 2024 Cal·

753 2091 772 2108 .
907 2041 1066 2122 vini,
1113 2041 1342 2122 Bezae,
1386 2050 1455 2108 et
1489 2041 1832 2108 Ottomani
1877 2043 2366 2108 coniuratorum
2411 2042 2544 2108 fac-

905 2127 1121 2194 tiones
1176 2126 1469 2194 defensio
1528 2128 1763 2212 prima,
1808 2128 1918 2194 Ad
1961 2127 2287 2195 Senatum
2332 2147 2543 2212 popu·

1329 2213 1596 2298 lumque
1638 2214 2099 2281 Parisiensem.

747 2348 1246 2433 Rempublicam
1308 2349 1656 2427 Gallinam,
1727 2370 1895 2434 quae
1951 2351 2141 2418 bellis
2207 2350 2543 2417 diuturnis

576 2435 882 2503 defuncta
943 2435 1016 2501 in
1082 2456 1343 2502 summa
1397 2439 1574 2520 pacis
1630 2445 1828 2520 atque
1885 2438 2000 2502 otii
2058 2434 2541 2521 tranquillitate

575 2522 708 2588 iam
764 2529 935 2588 totos
993 2531 1126 2588 tres
1185 2543 1394 2589 annos
1415 2525 1469 2605 ¹)
1514 2525 1997 2605 conquieverat,
2043 2519 2240 2590 hodie
2284 2521 2541 2587 domes-

573 2608 722 2674 ticis
774 2605 1201 2673 seditionibus
1264 2605 1708 2692 intestinoque
1770 2607 2064 2691 periculo
2129 2607 2539 2674 laborantem

573 2691 871 2778 plerique
928 2692 1297 2759 intuemur:
1354 2691 1470 2760 sed
1513 2700 1736 2759 tamen
1779 2694 1909 2759 nisi
1952 2693 2150 2759 altius
2193 2714 2301 2760 res
2341 2694 2539 2776 ipsas,

572 2788 641 2846 et
683 2777 935 2845 scelera
973 2778 1392 2845 consiliorum
1435 2780 1826 2864 cogitatione
1868 2799 2271 2855 revocamus,
2316 2785 2543 2844 tantae

571 2864 1086 2950 perturbationis
1161 2884 1429 2931 causam
1490 2865 1682 2948 pauci
1738 2866 2009 2930 omnino
2073 2862 2542 2930 animadverti-

571 2971 741 3018 mus.
833 2949 939 3015 Ita
993 2951 1070 3015 fit
1113 2959 1206 3030 ut,
1261 2951 1319 3017 si
1377 2950 1524 3034 quis
1582 2956 1700 3015 aut
1755 2960 2021 3033 propter
2063 2949 2286 3015 iudicii
2329 2949 2541 3014 imbe-

572 3035 934 3115 cillitatem,
989 3043 1109 3101 aut
1163 3035 1506 3103 literarum
1561 3043 1755 3120 atque
1814 3036 2230 3121 antiquitatis
2272 3034 2542 3120 imperi·

572 3125 756 3201 tiam,
801 3121 882 3188 de
924 3132 1294 3206 temporum
1332 3143 1409 3189 ac
1448 3142 1671 3189 rerum
1714 3129 1917 3200 statu,
1963 3144 2046 3188 ex
2083 3124 2357 3199 eventis,
2401 3140 2539 3186 non

573 3230 660 3275 ex
704 3207 1004 3285 veritate,
1064 3207 1227 3273 velit
1279 3208 1646 3285 aestimare,
1700 3208 1760 3272 is
1812 3208 2089 3274 fortasse
2145 3209 2538 3284 coniuratos,

570 3294 811 3381 quibus
854 3293 1075 3361 omnia
1132 3294 1295 3359 satis
1333 3294 1650 3361 foeliciter
1694 3292 2015 3360 hactenus
2056 3299 2538 3378 processerunt,

573 3380 861 3448 multum
919 3377 1306 3464 providisse,
1370 3380 1591 3460 bonos,
1702 3398 1940 3445 uorum
1986 3386 2259 3446 conatus
2324 3378 2543 3462 frangi

574 3486 652 3534 ac
713 3464 1044 3533 debilitari
1099 3462 1466 3545 videantur,
1523 3400 1700 3530 nihii
1752 3465 2051 3543 sensisse,
2111 3471 2226 3530 aut
2284 3464 2339 3529 si
2384 3462 2544 3548 quid

573 3552 744 3621 bene
786 3550 1133 3631 senserint,
1169 3571 1303 3617 non
1348 3551 1660 3630 effecisse,
1726 3548 2058 3616 interdum
2102 3558 2373 3635 cogatur
2406 3569 2547 3615 sus·

573 3638 798 3726 picari.
889 3636 1034 3721 Ego
1079 3644 1254 3703 certe
1308 3648 1384 3702 ut
1437 3636 1587 3703 illos
1639 3637 1852 3702 fatear
1895 3634 2110 3701 studio
2343 3633 2545 3699 uendi

575 3746 654 3792 ac
696 3722 1033 3788 obtinendi
1079 3722 1250 3807 quod
1297 3722 1751 3799 moliebantur,
1797 3721 2171 3806 vigilantes,
2337 3730 2544 3797 entes,

577 3820 1130 3895 praeparatosque
1152 3808 1372 3883 fuisse,
1399 3810 1587 3874 nobis
1622 3817 1845 3873 autem
1890 3826 2086 3889 saepe
2108 3804 2546 3882 concordiam,

576 3912 1051 3977 nonnunquam
1116 3895 1432 3971 animum,
1504 3914 1764 3976 semper
1827 3891 2168 3959 audaciam
2228 3890 2543 3956 defuisse:

579 3992 802 4047 tamen
848 3999 981 4044 non
1027 3988 1371 4064 propterea
1419 3979 1571 4046 ullis
1613 3979 1976 4045 rationibus
2018 3975 2252 4043 adduci
2296 3986 2544 4059 potero,

580 4078 660 4134 ut
693 4066 977 4151 Regiam
1012 4085 1279 4131 causam
1316 4066 1804 4132 coniuratorum
1845 4062 2240 4130 factionibus
2275 4070 2395 4127 aut
2428 4063 2547 4125 im-

581 4153 982 4220 becilliorem
1022 4151 1240 4217 adhuc
1292 4151 1512 4227 fuisse,
1559 4160 1677 4216 aut
1717 4151 1787 4214 in
1832 4159 2166 4231 posterum
2210 4167 2543 4213 cessuram

579 4262 740 4313 esse.
789 4249 904 4303 aut
946 4236 1302 4320 aliquando
1339 4238 1514 4303 vinci
1556 4256 1748 4320 posse
1790 4235 2163 4302 concedam.
2237 4230 2549 4298 Vidimus

578 4328 753 4393 enim
799 4334 864 4390 et
900 4324 1028 4406 ipsi
1071 4322 1234 4389 alias
1277 4322 1711 4406 petulantiam
1757 4341 1906 4387 cum
1950 4319 2218 4403 pudore,
2262 4320 2549 4400 turpitu-

582 4414 802 4477 dinem
861 4430 1012 4476 cum
1070 4408 1430 4485 honestate,
1491 4406 1972 4473 fraudationem
2027 4425 2181 4470 cum
2229 4403 2377 4478 fide,
2423 4404 2548 4467 ini·

579 4500 897 4583 quitatem
943 4515 1091 4561 cum
1117 4494 1387 4571 iustitia,
1432 4492 1956 4576 desperationem
2003 4510 2152 4555 cum
2197 4491 2369 4557 bona
2411 4509 2548 4572 spe,

584 4584 938 4650 amentiam
984 4600 1134 4645 cum
1181 4579 1507 4663 sapientia
1552 4586 1822 4655 certare,
1865 4576 2196 4662 improbos
2237 4595 2390 4641 cum
2435 4576 2550 4639 bo·

586 4673 708 4749 nis,
755 4680 1028 4751 egentes
1084 4687 1235 4732 cum
1280 4664 1810 4748 locupletioribus
1854 4664 2226 4747 confligere,
2267 4660 2550 4743 denique

588 4756 1019 4841 magistratus
1065 4772 1104 4815 a
1151 4753 1474 4818 concitata
1531 4750 1936 4833 plebeiorum
1979 4769 2201 4819 manu,
2245 4746 2469 4831 Reges
2512 4766 2553 4809 a

585 4840 948 4925 transfugis
1040 4852 1106 4903 et
1180 4836 1621 4921 proditoribus
1699 4838 2080 4919 frequenter
2150 4833 2550 4917 oppugnari:

587 4946 914 5011 nusquam
971 4936 1196 4990 tamen
1255 4923 1621 5007 expugnari
1671 4919 1975 4999 vidimus,
2019 4919 2319 5005 lefflmus,
2365 4914 2552 4983 audi-

593 5250 780 5304 ³³0⁶.
809 5248 864 5313 1)
911 5248 1040 5303 inde
1085 5266 1122 5303 e
1166 5263 1304 5318 paee
1347 5264 1416 5300 u.
1477 5247 1639 5302 Febr.
1685 5244 1821 5299 1559
1885 5245 1946 5299 iu
1991 5241 2555 5299 catam-Contrua

591 5320 829 5373 marite.
864 5318 958 5385 (ds
1005 5316 1158 5373 nou
1195 5317 1263 5372 11.
1294 5314 1436 5377 660.)

2263 392 2733 462 EPISTULA
2776 395 2944 460 3805

4480 397 4587 462 440

2659 582 2889 649 vimus.
2988 581 3091 648 Ex
3146 603 3274 667 quo
3328 583 3619 649 maxima
3675 602 3825 666 spes
3871 581 4258 667 iampridem
4314 581 4471 648 mihi
4508 584 4589 650 af-

2653 667 2855 748 fulsit,
2924 668 3118 736 istam
3187 668 3681 735 coniuratorum
3747 669 4095 746 sentinam,
4161 669 4417 734 tametsi
4476 669 4591 736 alte

2652 752 3158 821 fundamentum
3199 762 3268 821 et
3309 754 3561 822 radices
3715 753 3821 834 rit,
3868 753 3971 819 dei
4009 753 4161 837 Opt.
4200 754 4381 820 Max.
4424 763 4589 832 nutu,

2653 847 2722 905 et
2762 841 3140 907 firmissimo
3184 840 3361 925 regis
3403 839 3972 920 christianissimi,
4017 840 4319 925 Reginae
4362 841 4589 920 matris,

2651 933 2720 991 et
2770 927 2949 1012 regis
2989 926 3055 992 N
3056 946 3329 992 avarrae
3380 925 3709 1010 praesidio
3763 925 3869 992 vel
3922 926 4191 1010 penitus
4234 945 4591 1010 oppressam

2650 1032 2728 1078 ac
2783 1020 3150 1096 protratam
3200 1011 3305 1092 iri,
3369 1011 3471 1078 vel
3529 1019 3708 1078 certe
3762 1012 3838 1077 in
3880 1032 4078 1078 suum
4123 1011 4403 1098 asylum,
4428 1014 4483 1093 ²)
4519 1032 4591 1078 ex

2650 1117 2779 1182 quo
2823 1105 3143 1183 tanquam
3187 1118 3271 1163 ex
3315 1096 3655 1164 teterrimo
3697 1116 3896 1182 specu
3925 1095 4190 1181 prodiit,
4233 1095 4593 1181 propediem

2650 1204 2772 1250 sua
2827 1192 3059 1267 sponte
3114 1182 3495 1249 redituram.
3580 1182 3728 1248 Iam
3788 1183 3964 1248 enim
4023 1202 4144 1248 sua
4196 1191 4423 1267 patere
4462 1204 4593 1249 con·

2650 1268 2801 1336 silia
2855 1270 3168 1348 sentiunt,
3227 1270 3359 1335 iam
3417 1269 3700 1335 nefarios
3747 1288 3903 1335 suos
3957 1275 4229 1335 conatus
4272 1267 4593 1346 illustrari,

2647 1355 2780 1420 iam
2848 1353 3251 1438 deprehendi
3302 1353 3822 1422 coniurationem
3874 1353 4285 1439 intelligunt:
4332 1361 4403 1420 et
4440 1354 4593 1438 quod

2651 1438 2787 1526 [fol.
2830 1444 2902 1521 4]
2949 1441 3251 1507 homines
3303 1440 3541 1524 impios
3582 1440 3798 1525 magis
3842 1447 4066 1516 terret,
4112 1460 4438 1507 summam
4478 1440 4595 1506 Re-

2649 1526 2753 1610 gis
2797 1536 2867 1592 et
2906 1525 3282 1611 principum
3341 1547 3417 1592 ac
3460 1526 3706 1592 civium
3761 1526 4161 1608 optimorum
4203 1523 4595 1592 concordiam

2648 1611 2940 1697 quotidie
2998 1613 3254 1763 mageo
3265 1631 3343 1677 ac
3385 1611 3599 1696 magis
3643 1609 4195 1691 exardescentem,
4248 1619 4319 1676 et
4360 1632 4441 1677 eu
4487 1608 4596 1676 idi-

2646 1705 2787 1763 tate
2855 1698 3025 1765 tanti
3256 1697 3349 1763 ris
3413 1696 3756 1763 coercendi
3820 1696 4299 1763 inflammatam
4364 1697 4433 1762 vi
4478 1707 4595 1762 ent.

2646 1782 2811 1850 Fuit
2862 1792 3139 1867 tempus,
3206 1801 3357 1849 cum
3420 1781 3638 1866 specie
3697 1782 3916 1849 nescio
3970 1803 4103 1865 qua
4144 1781 4501 1867 religionis,
4539 1791 4598 1848 et

2647 1867 3089 1954 simplicitatis
3146 1868 3583 1944 simulatione,
3644 1889 3788 1933 sese
3846 1867 3918 1932 in
3972 1866 4317 1933 hominum
4359 1869 4597 1933 animos

2645 1974 2723 2022 ac
2780 1953 3307 2021 benevolentiam
3364 1954 3460 2018 ita
3516 1952 3750 2020 callide
3792 1953 4229 2032 insinuarent,
4274 1961 4352 2019 ut
4394 1973 4597 2020 errore

2647 2060 2761 2106 eos
2804 2041 3038 2118 teneri,
3083 2059 3219 2105 non
3262 2039 3485 2104 furore
3520 2039 3757 2124 agitari
3800 2047 4218 2123 putaremus:
4260 2047 4341 2103 ut
4383 2059 4597 2104 eorum

2648 2126 2861 2193 vicem
2905 2126 3125 2210 potius
3180 2124 3419 2204 dolere,
3463 2145 3659 2207 quam
3703 2124 4021 2190 factiones
4066 2124 4295 2192 ulcisci
4336 2145 4595 2208 cupere·

2646 2232 2828 2277 mus:
2890 2220 2966 2277 ut
3022 2210 3301 2294 denique
3356 2231 3489 2275 non
3546 2207 3742 2276 modo
3785 2231 3897 2275 eos
3941 2211 4185 2288 vivere,
4231 2208 4349 2275 sed
4395 2208 4597 2275 nobis-

2646 2318 2801 2364 cum
2882 2296 3151 2373 versari,
3218 2294 3334 2362 sed
3401 2304 3659 2361 nostros
3726 2315 4147 2379 corrumpere
4211 2305 4598 2377 pateremur.

2647 2381 2842 2463 Quod
2898 2403 3049 2449 cum
3108 2391 3335 2446 nostra
3390 2382 3661 2465 ignavia
3714 2399 3790 2446 ac
3832 2380 4297 2466 imprudentia,
4343 2392 4485 2447 tum
4526 2383 4601 2446 is·

2646 2479 2865 2534 torum
2932 2467 3193 2533 technis
3257 2480 3327 2532 et
3390 2465 3676 2532 mirabili
3743 2467 4039 2544 artificio,
4105 2466 4277 2550 quod
4341 2466 4470 2533 sibi
4528 2465 4603 2532 ad

2646 2553 2890 2637 vulgus
2948 2549 3407 2635 decipiendum
3463 2552 3759 2636 apposite
3816 2553 4256 2632 confixerunt,
4300 2551 4603 2619 accidisse

2648 2638 2963 2706 debemus
3005 2638 3305 2704 ominari.
3370 2637 3431 2703 N
3434 2658 3543 2704 am
3586 2636 3697 2703 ubi
3737 2637 4026 2721 primum
4070 2635 4396 2704 calvinus
4430 2659 4603 2705 suam

2645 2725 2830 2791 illam
2874 2723 3321 2807 impudentiae
3364 2743 3441 2790 ac
3495 2724 3849 2806 impietatis
3892 2722 4183 2789 scholam
4229 2725 4605 2806 operuisset.

2648 2819 2719 2876 et
2774 2809 2859 2878 ad
2918 2807 3211 2875 eiusdem
3269 2808 3533 2876 sceleris
3591 2810 3971 2875 societatem
4025 2809 4401 2886 nonnullos,
4456 2828 4606 2893 quos

2646 2899 2786 2962 fore
2843 2895 3041 2961 utiles
3093 2893 3220 2960 sibi
3272 2916 3349 2961 ac
3405 2893 3675 2959 idoneos
3736 2893 4199 2972 arbitrabatur,
4260 2895 4603 2962 verborum

2645 2980 2999 3059 blanditiis,
3046 2979 3546 3065 magnificisque
3599 2977 4177 3063 pollicitationibus
4219 2979 4609 3064 pellexisset.

2649 3078 2812 3134 tunc
2865 3066 3061 3134 homo
3107 3066 3290 3133 vafer
3332 3074 3402 3132 et
3444 3073 3721 3145 astutus,
3765 3068 3880 3148 qui
3924 3063 4314 3132 nobilitandi
4359 3068 4469 3134 sui
4502 3088 4607 3132 no-

2646 3154 2849 3219 minis
2891 3163 2959 3218 et
2992 3150 3455 3237 propagandae
3496 3151 3799 3217 factioms
3842 3151 4077 3218 ardore
4119 3151 4607 3229 incendebatur,

2646 3238 2916 3322 laqueos
2950 3239 3318 3325 complures
3352 3238 3616 3315 struxit,
3660 3236 3896 3320 quibus
3938 3237 4210 3315 incauti,
4253 3239 4607 3315 semidocti,

2648 3340 2716 3390 et
2777 3323 2903 3391 sibi
2981 3324 3205 3391 minus
3271 3331 3584 3390 caventes
3644 3322 3834 3388 facile
3898 3323 4137 3389 irretiti
4205 3336 4605 3406 caperentur.

2648 3411 3018 3477 Audiverat
3060 3407 3438 3477 Lutherum
3494 3408 3943 3491 superioribus
3978 3410 4173 3474 annis
4216 3410 4291 3473 in
4333 3408 4609 3476 Germa—

2647 3498 2765 3562 nia
2835 3504 3065 3562 contra
3127 3494 3468 3562 Pontificis
3546 3503 3615 3559 et
3676 3494 4153 3578 Episcoporum
4219 3492 4609 3579 depravatos

2647 3601 2866 3648 mores
2919 3581 3220 3647 acerbius
3276 3577 3770 3657 debacchatum
3827 3577 4021 3662 idque
4073 3600 4207 3644 non
4249 3581 4455 3647 modo
4496 3583 4608 3645 im·

2646 3688 2844 3751 pune,
2902 3664 3019 3732 sed
3073 3668 3270 3732 etiam
3323 3685 3475 3731 cum
3518 3663 3799 3748 quadam
3843 3663 4073 3748 gloria,
4118 3672 4188 3729 et
4229 3686 4463 3732 eorum
4506 3688 4611 3750 ap-

2649 3752 3045 3836 probatione,
3090 3753 3203 3835 qui
3249 3749 3507 3816 fastidio
3553 3750 3798 3817 veteris
3832 3749 4239 3833 disciplinae,
4282 3772 4359 3818 ac
4408 3773 4611 3818 novae

2649 3836 2867 3905 studio
2925 3838 3338 3904 tenebantur.
3427 3835 3715 3902 Videbat
3779 3835 3979 3901 etiam
4046 3844 4205 3903 tunc
4259 3857 4413 3902 eam
4480 3858 4613 3904 esse

2649 3924 2858 4009 plebis
2899 3942 3145 4008 magna
3185 3944 3269 3989 ex
3305 3930 3494 4006 parte
3536 3930 3808 4005 propter
3849 3919 4265 3987 sacerdotum
4308 3923 4483 3989 vitia
4522 3922 4610 3989 of·

2647 4008 3029 4087 sensionem,
3087 4029 3236 4074 eam
3293 4007 3651 4073 multorum
3709 4009 3779 4072 in
3835 4007 4110 4073 veritate
4152 4008 4609 4092 oppugnanda,

2650 4107 2721 4160 et
2751 4092 3033 4177 Reipub.
3072 4103 3250 4160 statu
3285 4092 3721 4177 pervertendo
3756 4093 3895 4157 fore
3932 4096 4446 4173 contentionem,
4482 4114 4615 4160 eam

2651 4180 2934 4263 denique
2991 4200 3213 4245 rerum
3270 4200 3414 4244 esse
3474 4177 3687 4244 solere
3745 4177 4266 4244 vicissitudinem
4325 4199 4407 4246 ae
4454 4200 4613 4246 com·

2650 4265 3107 4343 mutationem,
3169 4274 3243 4330 ut
3302 4284 3434 4329 non
3479 4263 3741 4329 difficile
3784 4264 4083 4329 futurum
4118 4264 4444 4348 cogitaret
4486 4280 4613 4331 tan-

2652 4350 2800 4417 dem
2860 4351 3115 4432 assequi
3165 4347 3339 4434 quod
3393 4349 3795 4427 instituebat,
3849 4356 3966 4414 aut
4020 4349 4254 4415 saltem
4298 4350 4613 4417 obsistere

2653 4459 2738 4502 ne
2780 4437 2980 4520 Resp.
3020 4435 3403 4501 Christiana
3447 4443 3581 4500 tam
3618 4433 3823 4499 libera
3867 4455 3943 4499 ac
3987 4436 4207 4517 quieta
4240 4456 4405 4518 pace
4448 4436 4613 4501 frue-

2653 4532 2854 4597 retur.
2967 4521 3198 4604 Itaque
3266 4520 3434 4586 urbe
3488 4520 3768 4587 Geneva
3832 4529 4164 4603 occupata,
4231 4541 4613 4605 summaque

2653 4605 3001 4675 sacerdotii
3056 4616 3378 4691 potestate
3431 4625 3473 4671 a
3514 4605 3653 4672 suis
3697 4606 4067 4688 impetrata,
4113 4626 4367 4671 memor
4410 4610 4611 4674 consi·

2653 4694 2890 4759 liorum
2946 4693 3183 4775 quibus
3244 4691 3539 4757 seditiosi
3592 4692 3663 4755 in
3706 4691 4225 4757 Atheniensium
4269 4701 4337 4757 et
4378 4692 4613 4758 Roma-

2656 4800 2890 4844 norum
2926 4778 3221 4861 imperiis
3254 4778 3433 4844 cives
3469 4778 3834 4861 viguerant,
3879 4778 4189 4843 continuo
4225 4776 4609 4851 exclamare,

2654 4865 2964 4949 profiteri,
3024 4863 3426 4929 denunciare
3479 4863 3708 4946 coepit,
3754 4882 3979 4928 veram
4037 4864 4349 4946 pietatem
4398 4864 4611 4928 hacte-

2655 4972 2780 5016 nus
2858 4950 3249 5034 ignoratam,
3319 4948 3445 5014 sibi
3511 4948 3925 5032 patefactam,
3995 4956 4253 5014 nostros
4323 4949 4609 5013 homines

2654 5056 2845 5104 caeco
2890 5056 3111 5101 errore
3154 5034 3569 5118 tenebrisque
3622 5034 3892 5110 involvi,
3938 5054 4010 5099 se
4053 5033 4227 5100 hanc
4270 5034 4609 5119 caliginem

2657 5121 2825 5189 velle
2869 5120 2952 5186 ab
2995 5119 3261 5186 illorum
3302 5119 3507 5186 oculis
3552 5118 3899 5197 discutere,
3945 5140 4016 5184 se
4064 5140 4273 5185 unum
4316 5140 4461 5186 esse
4504 5120 4605 5203 qui

2862 5308 2923 5375 2)
2960 5308 3247 5364 Genavam
