4900 6125
264 342 388 405 345

270 548 477 628 „spes‚
549 526 714 592 haec
758 525 1037 604 veritas,
1084 524 1225 604 via,
1274 526 1432 593 vita.
1521 525 1676 592 Non
1718 525 2110 592 calumniari
2154 524 2235 592 de

271 612 664 696 „virtutibus
706 611 847 678 suis
891 612 1064 690 Deo,
1117 632 1243 679 nec
1286 631 1408 696 per
1449 617 1778 678 secretum
1824 631 1901 677 ae
1945 618 2234 694 potesta-

269 708 442 779 „tem
479 697 848 764 nativitatis
881 697 1250 763 obtrectare
1294 695 1462 762 filio:
1507 697 1682 782 patri
1726 696 2025 783 ingenito
2067 695 2232 763 nihil

270 805 691 869 „comparare
706 833 723 865 ,
779 784 1198 870 unigenitum
1253 783 1336 850 ab
1381 804 1492 863 eo,
1550 804 1672 851 nec
1728 792 2053 868 tempore,
2113 803 2237 849 neo

270 872 563 950 „virtute
608 869 1013 938 discernere:
1071 870 1292 936 Deum
1338 867 1572 950 filium,
1616 869 1772 954 quia
1814 891 1902 934 ex
1946 870 2091 936 Deo
2135 877 2239 935 est

273 956 665 1040 „confiteri.“
762 955 858 1021 Et
910 955 1023 1021 lib.
1071 954 1230 1023 VII.
1288 953 1371 1021 de
1431 956 1638 1021 trinit.
1698 955 1873 1020 idem
1935 955 2237 1020 Hilarius

265 1042 552 1127 explicat
609 1042 827 1109 locum
869 1062 1001 1126 quo
1044 1041 1237 1107 modo
1281 1048 1470 1124 pater
1521 1042 1592 1106 in
1635 1040 1773 1107 filio
1818 1050 1887 1107 et
1928 1040 2110 1107 filius
2165 1041 2237 1106 in

270 1139 486 1214 patre,
557 1127 663 1193 his
705 1127 959 1194 verbis:
1036 1127 1275 1207 „Pater
1320 1127 1392 1193 iu
1436 1126 1570 1193 filio
1625 1136 1758 1206 est,
1813 1142 1880 1192 et
1933 1127 2110 1193 filius
2165 1126 2237 1192 in

273 1224 522 1299 „patre,
567 1214 755 1280 Deus
799 1213 868 1277 in
910 1213 1076 1292 Deo,
1121 1233 1256 1278 non
1300 1235 1423 1298 per
1465 1211 1793 1299 duplicem
1840 1212 2236 1281 convenien-

277 1301 482 1382 „tium
564 1319 838 1365 onerum
883 1299 1435 1378 coniunctionem,
1481 1320 1696 1383 neque
1739 1320 1859 1383 per
1900 1299 2236 1366 insitivam

277 1384 673 1470 „capacioris
727 1384 1136 1451 substantiae
1179 1394 1483 1451 naturam
1503 1435 1518 1461 ,
1579 1384 1733 1469 quia
1776 1406 1893 1468 per
1935 1405 2237 1468 corpora·

278 1471 448 1552 „lem
489 1471 955 1538 necessitatem
1011 1471 1341 1536 exteriora
1398 1472 1542 1537 fieri
1603 1471 1709 1537 his
1751 1470 1988 1555 quibus
2031 1472 2238 1538 eonti-

277 1564 558 1638 „nentur
599 1557 917 1622 interiora
958 1578 1088 1621 non
1131 1563 1438 1639 possunt:
1494 1556 1613 1623 sed
1654 1578 1776 1640 per
1819 1557 2237 1622 nativitatem

276 1643 608 1722 „viventis
651 1664 738 1708 ex
781 1644 1052 1710 vivente
1096 1653 1371 1721 natura,
1434 1642 1589 1709 dum
1637 1664 1742 1709 res
1799 1664 1936 1708 non
1994 1641 2237 1720 differt,

276 1728 474 1810 „dum
533 1737 840 1794 naturam
887 1727 1015 1794 Dei
1071 1749 1202 1793 non
1248 1728 1612 1813 degenerat
1668 1729 2021 1808 nativitas,
2081 1728 2239 1793 dum

277 1836 453 1896 „non
510 1814 688 1880 aliud
748 1813 993 1898 aliquid
1052 1835 1249 1898 quam
1310 1815 1376 1880 in
1438 1815 1662 1881 Deum
1717 1836 1801 1880 ex
1860 1813 2005 1880 Deo
2051 1813 2240 1880 Deus

275 1902 637 1980 „nascitur,
697 1899 855 1965 dum
901 1899 1071 1965 nihil
1116 1901 1186 1965 in
1233 1900 1339 1966 his
1383 1921 1629 1966 novum
1674 1909 1803 1978 est,
1865 1900 2034 1966 nihil
2079 1900 2238 1966 alie-

276 2007 506 2068 „num,
568 1985 740 2052 nihil
800 1985 1197 2068 separabile,
1253 1985 1411 2051 dum
1456 1987 1531 2051 in
1578 1995 1766 2069 patre
1810 1993 1879 2052 et
1919 1986 2055 2051 filio
2098 2005 2240 2050 ore·

277 2071 473 2153 „dere
515 2072 681 2138 duos
701 2070 887 2137 Deos
930 2072 1207 2155 impium
1256 2080 1376 2150 est,
1421 2071 1579 2138 dum
1616 2081 1874 2156 patrem
1916 2080 1987 2137 et
2026 2072 2239 2136 filium

275 2157 719 2244 „singularem
757 2158 978 2224 Deum
1023 2156 1404 2240 praedicare
1447 2159 1868 2243 sacrilegium
1913 2166 2035 2236 est,
2080 2158 2238 2223 dum

275 2244 535 2324 „Deum
582 2265 668 2309 ex
703 2242 869 2322 Deo,
914 2243 1086 2327 quod
1131 2245 1202 2308 in
1247 2243 1682 2310 similitudine
1725 2244 1985 2328 generis
2029 2263 2239 2309 unum

273 2332 452 2408 „sint
506 2351 750 2414 negare
805 2328 1266 2412 blasphemum
1325 2337 1484 2395 est.“
1578 2328 1800 2410 Quam
1845 2351 2034 2394 suam
2089 2350 2238 2394 sen·

269 2417 547 2482 tentiam
592 2427 665 2481 et
702 2437 784 2480 ex
834 2414 1209 2481 linationem
1265 2413 1509 2481 clarius
1563 2413 1782 2481 adhuc
1835 2414 2076 2482 ibidem
2123 2436 2237 2480 ex-

268 2502 499 2588 plicat,
546 2522 630 2566 ex
676 2522 798 2567 ver
842 2502 898 2567 is
941 2500 1226 2567 Christi:
1289 2499 1584 2580 „Verba‚
1630 2522 1798 2585 quae
1842 2522 1964 2586 ego
2007 2501 2241 2584 loquor

275 2587 536 2668 „vobis,
596 2607 731 2651 nou
787 2606 828 2651 a
884 2607 992 2652 me
1046 2586 1310 2669 loquor,
1371 2607 1504 2653 non
1559 2588 1808 2654 exemit
1865 2607 2234 2670 personam,

276 2694 527 2756 „neque
573 2694 644 2739 se
687 2672 901 2737 filium
948 2672 1325 2755 denegavit,
1370 2695 1492 2738 nec
1536 2681 1845 2739 naturam
1890 2674 1961 2738 in
2005 2694 2076 2739 se
2120 2695 2237 2757 pa,-

273 2769 542 2839 „ternae
607 2759 881 2825 virtutis
938 2756 1366 2825 abscondidit.
1470 2759 1643 2824 Nam
1704 2758 1859 2825 dum
1925 2759 2236 2842 loquitur,

275 2846 458 2929 „ipse
516 2845 583 2909 in
651 2844 1019 2910 substantia
1076 2865 1353 2909 manens
1408 2844 1728 2928 loquitur:
1794 2843 1952 2909 dum
2013 2853 2235 2910 autem

275 2953 452 3010 „non
495 2931 577 2995 ab
622 2951 692 2995 se
737 2928 1053 3011 loquitur,
1099 2930 1516 2995 nativitatem
1561 2931 1630 2994 in
1676 2950 1750 2995 se
1796 2930 1918 2995 Dei
1962 2952 2044 2996 ex
2091 2931 2236 2997 Deo

273 3070 304 3097 „
400 3027 502 3082 tre
549 3025 835 3082 testatur
892 3016 1063 3099 ipse,
1126 3015 1581 3099 inseparabilis
1633 3016 1715 3083 ab
1769 3036 1850 3083 eo
1894 3025 2090 3101 atque
2133 3018 2236 3081 in·

275 3158 306 3183 ,,
361 3101 656 3169 issimilis
720 3101 976 3167 unitate
1042 3110 1336 3167 naturae.
1427 3100 1607 3183 Quia
1661 3103 1965 3186 quamvis
2022 3103 2105 3168 ab
2161 3123 2238 3168 eo

275 3190 642 3272 „loquatur,
687 3187 831 3271 ipse
875 3196 1101 3253 tamen
1144 3185 1452 3270 loquitur.
1522 3188 1697 3253 Nam
1740 3188 1857 3271 qui
1899 3209 2033 3254 non
2081 3210 2123 3253 a
2165 3209 2238 3254 se

279 3274 638 3357 „loquitur,
699 3281 768 3338 et
821 3281 1045 3338 tamen
1093 3273 1412 3357 loquitur,
1473 3294 1606 3338 non
1652 3283 1873 3357 potest
1913 3295 2048 3340 non
2091 3295 2236 3340 esse

275 3359 476 3439 „dum
517 3358 835 3442 loquitur:
893 3369 962 3425 et
1004 3358 1161 3424 dum
1207 3380 1342 3423 non
1386 3380 1426 3424 a
1468 3380 1539 3425 se
1581 3360 1904 3442 loquitur,
1950 3359 2240 3427 ostendit

275 3467 450 3527 „nou
507 3466 700 3510 suum
765 3452 1030 3510 tantum
1090 3466 1269 3523 esse,
1334 3444 1508 3528 quod
1574 3445 1894 3528 loquitur:
1964 3446 2240 3513 subiecit

275 3532 522 3613 „enimz
567 3530 683 3596 sed
719 3538 928 3615 pater,
971 3530 1084 3614 qui
1127 3531 1197 3595 iu
1232 3551 1339 3595 me
1374 3540 1617 3611 manet,
1661 3532 1804 3614 ipse
1846 3531 2007 3598 facit
2038 3553 2240 3616 opera

273 3640 455 3699 „sua
543 3617 821 3682 Manere
886 3616 956 3681 iu
1021 3615 1156 3681 filio
1213 3624 1468 3699 patrem
1527 3636 1660 3683 non
1715 3626 1817 3683 est
1876 3618 2236 3701 singularis

273 3714 513 3788 „atque
555 3702 766 3768 unici:
827 3703 1089 3784 operari
1133 3722 1292 3767 vero
1336 3723 1456 3785 per
1499 3702 1709 3768 filium
1755 3713 2043 3786 patrem,
2102 3724 2235 3768 non

272 3798 419 3871 „est
459 3788 828 3854 differentis
861 3798 983 3852 aut
1022 3788 1254 3867 exteri,
1298 3788 1491 3854 sicuti
1529 3809 1659 3854 non
1698 3789 1896 3855 unius
1937 3798 2056 3867 est,
2101 3810 2237 3854 non

273 3876 399 3955 „ab
442 3896 515 3941 se
559 3875 754 3974 loqui,
800 3894 965 3957 quae
1008 3872 1333 3957 loquitur:
1382 3894 1594 3957 neque
1638 3895 1871 3941 rursus
1916 3875 2115 3940 alieni
2160 3894 2238 3941 ao

273 3959 704 4045 „separabilis
748 3960 864 4039 sit,
909 3958 1089 4043 loqui
1134 3980 1255 4043 per
1295 3958 1692 4042 loquentem.
1779 3957 1916 4027 Sed
1959 3960 2084 4027 hoo
2128 3982 2236 4026 eo·

275 4068 464 4127 „rum
507 4055 996 4113 sacramentum
1041 4054 1174 4123 est,
1230 4045 1340 4128 qui
1388 4066 1595 4110 unum
1651 4055 1843 4127 sunt,
1895 4048 2008 4130 qui
2054 4056 2235 4113 uter-

273 4153 446 4217 „que
487 4153 617 4198 non
661 4129 844 4196 aliud
887 4138 1072 4208 sunt,
1119 4130 1234 4214 qui
1280 4151 1399 4213 per
1442 4139 1719 4197 naturae
1760 4133 2234 4218 proprietatem

278 4218 391 4297 „in
447 4240 520 4285 se
575 4224 765 4294 sunt,
834 4237 1111 4300 quorum
1157 4215 1322 4282 haec
1363 4216 1589 4283 unitas
1631 4227 1762 4296 est,
1830 4226 1909 4284 ut
1959 4218 2236 4302 loquens

277 4324 451 4381 „non
497 4325 536 4368 a
579 4324 651 4368 se
705 4302 1046 4386 loquatur,
1108 4322 1326 4386 neque
1368 4303 1482 4385 qui
1534 4323 1669 4368 non
1713 4324 1755 4369 a
1796 4325 1867 4371 se
1921 4303 2233 4388 loquitur,

279 4410 452 4472 „non
494 4389 817 4473 loquatur.
906 4387 999 4453 Et
1055 4389 1210 4469 quia
1261 4387 1331 4451 in
1390 4409 1463 4454 se
1516 4397 1768 4471 patrem
1815 4398 1883 4455 et
1933 4389 2108 4473 loqui
2166 4398 2236 4456 et

281 4476 580 4559 „operari
641 4474 954 4540 docuerat
973 4525 989 4552 ,
1057 4472 1388 4556 perfectae
1446 4473 1648 4539 huius
1702 4474 1979 4541 unitatis
2033 4476 2232 4541 fidem

277 4561 589 4643 „statuit,
637 4559 888 4625 dicens:
935 4557 1070 4625 Sed
1113 4566 1335 4642 pater,
1379 4560 1491 4641 qui
1536 4560 1607 4625 in
1649 4580 1757 4626 me
1791 4568 2045 4641 manet,
2090 4562 2233 4646 ipse

277 4647 478 4728 „facit
517 4667 719 4731 opera
761 4667 899 4711 sua.
990 4643 1257 4710 Credite
1302 4645 1502 4724 mihi,
1546 4646 1704 4730 quia
1745 4667 1868 4733 ego
1911 4648 1981 4713 in
2022 4658 2231 4731 patre,

279 4742 393 4813 „et
517 4742 621 4798 ter
664 4733 734 4796 iu
778 4752 886 4796 me
895 4754 914 4811 ;
959 4731 1067 4795 sin
1109 4736 1349 4810 autem,
1394 4730 1501 4797 vel
1545 4740 1815 4884 pergcfoer
1847 4754 2047 4817 opera
2089 4734 2234 4817 ipsa

278 4840 431 4899 „cre
480 4819 581 4883 'te.
661 4818 869 4883 Pater
908 4824 1219 4902 operatur
1261 4816 1335 4881 in
1377 4816 1536 4893 filio,
1739 4827 1809 4883 et
1850 4819 2026 4885 filius
2069 4839 2233 4902 opus

275 4904 529 4989 „patris
570 4912 905 4988 operatur.
971 4902 1032 4967 N
1037 4922 1076 4967 e
1118 4923 1277 4986 ergo
1319 4922 1440 4985 per
1477 4903 1744 4970 virtutis
1788 4904 2232 4986 efficientiam,

277 4998 392 5069 „et
432 5011 565 5055 nou
621 5010 741 5074 per
800 4996 1106 5066 naturae,
1166 5008 1334 5072 quae
1390 4990 1759 5054 secundum
1818 4990 2233 5056 nativitatem

277 5082 440 5155 „est,
483 5075 970 5225 proprietatem,
1012 5082 1203 5159 pater
1242 5073 1317 5138 in
1352 5074 1489 5141 filio
1533 5083 1603 5141 et
1634 5077 1891 5158 operari
1935 5076 2233 5142 credere-

277 5178 430 5241 „tur
482 5174 550 5228 et
626 5161 809 5245 oqui,
867 5161 993 5225 ait:
1059 5158 1331 5226 Cmdite
1371 5159 1571 5242 mihi,
1637 5161 1948 5245 quoniam
1993 5183 2117 5247 ego
2159 5162 2231 5227 in

273 5256 507 5333 „patre
557 5256 627 5314 et
675 5254 869 5330 pater
917 5247 992 5311 in
1049 5265 1158 5310 me
1213 5252 1372 5312 est.“
1463 5245 1556 5313 Et
1610 5246 1864 5331 reliqua
1906 5268 2076 5332 quae
2127 5268 2231 5314 se·

2098 339 2264 402 1564
2307 336 2494 402 IUL.

4176 343 4307 408 846

2338 534 2634 609 quuntur
2676 523 2760 589 ad
2804 525 3006 589 finem
3051 522 3249 590 huius
3293 524 3464 605 libri,
3509 547 3707 610 quem
3750 526 4080 596 concludit
4121 530 4306 599 hisce

2336 609 2591 678 verbis:
2647 609 2774 691 „Et
2815 607 3057 677 idcirco
3100 631 3233 676 non
3279 611 3350 676 in
3384 612 3567 678 Deos
3611 611 3774 679 duos
3817 613 4146 700 unigeniti
4188 638 4303 703 ge-

2342 696 2637 774 „neratio
2698 694 3081 779 deputatur,
3146 697 3301 780 quia
3355 697 3429 761 in
3474 698 3693 764 Deum
3740 697 3915 766 filius
3959 701 4089 766 Dei
4149 724 4303 769 nas-

2342 802 2540 859 „cens
2611 788 2919 847 naturam
2977 783 3045 847 in
3112 803 3184 848 se
3229 781 3361 848 Dei
3415 784 3750 868 gignentis
3804 806 3876 851 se
3934 786 4299 854 exhibuit.“

2335 868 2431 934 Et
2473 867 2772 934 infinitas
2828 866 2991 935 alias
3034 889 3179 934 esse
3221 866 3399 952 apud
3441 879 3666 954 patres
3709 872 4105 954 sententias,
4160 876 4305 958 qui-

2337 954 2465 1020 bus
2508 954 2624 1020 isti
2667 951 2938 1032 docent,
2984 954 3446 1038 antiquitatem
3493 976 3754 1039 semper
3797 977 3875 1023 eo
3917 957 4112 1024 modo
4155 982 4303 1026 sen·

2337 1040 2503 1107 sisse
2547 1048 2609 1105 et
2655 1037 2970 1106 docuisse.
3061 1040 3352 1107 Basilius
3394 1041 3745 1108 manifeste
3801 1041 3993 1121 dicit,
4058 1066 4192 1111 non
4233 1067 4306 1113 se

2340 1125 2505 1192 duos
2559 1126 2740 1192 Deos
2804 1124 3217 1210 praedicare,
3283 1127 3438 1210 quia
3482 1148 3615 1193 nou
3659 1127 3823 1195 duos
3876 1137 4114 1213 patres.
4206 1133 4307 1198 Ac

2339 1212 2519 1277 idem
2562 1213 2705 1296 ipse
2762 1211 2953 1278 docet
2986 1212 3095 1295 qui
3154 1212 3375 1296 plures
3406 1213 3588 1279 Deos
3625 1213 4023 1298 praedicent,
4069 1237 4308 1301 nempe

2346 1318 2499 1376 „eos
2563 1298 2679 1380 qui
2743 1298 2936 1381 plura
3002 1297 3326 1381 principia
3390 1299 3462 1364 in
3525 1298 3876 1367 divinitate
3959 1301 4305 1382 inducunt,

2348 1382 2624 1464 „deinde
2668 1403 2782 1449 eos
2824 1383 2940 1466 qui
2982 1383 3258 1449 alterius
3301 1385 3629 1451 essentiae
3671 1389 3970 1470 genitum
4016 1408 4161 1454 esse
4205 1388 4305 1454 di-

2346 1479 2547 1549 „cunt
2581 1489 2621 1533 a
2667 1469 2986 1553 genitore,
3023 1479 3296 1554 propter
3330 1471 3656 1536 essentiae
3687 1471 4306 1552 dissimilitudinem,

2346 1555 2444 1635 „si
2488 1555 2790 1640 genitum
2834 1556 3131 1638 ingenito
3168 1557 3572 1622 contrarium
3610 1565 3726 1622 aut
3760 1556 4097 1624 diversum
4132 1558 4310 1626 dieat

2346 1650 2505 1720 „aut
2548 1641 2763 1706 faeiat.
2835 1639 2968 1707 Ubi
3011 1661 3169 1707 vero
3213 1662 3423 1708 unum
3469 1643 3864 1727 principium
3911 1651 3979 1708 et
4021 1666 4157 1710 una
4198 1666 4304 1711 ra-

2348 1726 2502 1806 „dix
2547 1724 2813 1792 deitatis
2854 1725 2994 1791 filio
3032 1737 3101 1792 et
3143 1727 3406 1810 spiritui
3449 1735 3677 1794 sancto
3721 1730 3790 1795 in
3827 1737 4014 1813 patre
4046 1729 4306 1814 praedi-

2346 1820 2596 1893 „catur,
2632 1833 2708 1878 ac
2750 1834 2957 1878 unum
2996 1813 3423 1898 archetypon‚
3464 1836 3598 1879 una
3620 1816 3820 1881 etiam
3856 1815 4035 1882 illius
4076 1815 4307 1882 arche-

2347 1900 2531 1984 „typi
2590 1898 2879 1999 traditur
2944 1900 3189 1984 image,
3261 1899 3351 1966 ibi
3410 1901 3688 1966 unitatis
3752 1901 4114 1968 doctrinam
4170 1923 4306 1968 non

2347 1991 2778 2068 „corrump1.“

2516 2069 2710 2152 Quod
2756 2091 2915 2136 vero
2957 2072 3159 2136 etiam
3213 2071 3362 2135 istis
3413 2071 3746 2151 obiicitur,
3809 2072 3890 2140 de
3934 2074 4310 2141 maioritate

2341 2157 2552 2241 patris
2609 2166 2675 2221 et
2740 2157 3121 2222 minoritate
3166 2156 3313 2236 filii,
3368 2164 3681 2241 tanquam
3726 2158 3936 2224 filium
3982 2160 4310 2226 minorem

2340 2253 2528 2327 patre
2573 2241 2972 2326 praedicent,
3020 2241 3309 2308 breviter
3343 2244 3746 2326 respondent
3778 2266 3929 2311 cum
3963 2244 4230 2312 Hilario
4254 2248 4311 2330 ⁵)

2342 2351 2428 2396 ex
2474 2327 2693 2396 verbis
2738 2328 3025 2393 Christi:
3082 2329 3286 2394 Pater
3327 2328 3538 2394 maior
3582 2350 3688 2396 me
3731 2339 3857 2396 est:
3918 2339 3988 2397 et
4042 2353 4310 2399 rursus:

2349 2416 2536 2499 „Ego
2579 2424 2647 2480 et
2711 2424 2897 2498 pater
2942 2435 3147 2480 unum
3213 2434 3475 2480 sumus:
3543 2424 3640 2495 at,
3698 2416 3813 2500 qui
3841 2417 3900 2501 ⁶)
3955 2438 4063 2483 me
4110 2419 4317 2498 videt,

2350 2501 2573 2579 „videt
2619 2509 2688 2566 et
2719 2511 2996 2584 patrem.
3066 2500 3176 2578 Et,
3221 2521 3344 2584 ego
3379 2500 3448 2565 in
3485 2510 3695 2584 patre,
3740 2511 3811 2567 et
3841 2510 4032 2585 pater
4076 2503 4153 2568 in
4191 2526 4321 2571 me.

2349 2587 2728 2666 „Honorem
2796 2585 3077 2651 donatae
3149 2586 3575 2653 confessionis
3636 2588 3908 2670 (iuquit)
3988 2589 4323 2677 intellige,

2347 2674 2543 2756 „quia
2565 2670 2870 2737 dominus
2892 2672 3084 2737 Iesus
3117 2672 3185 2736 in
3212 2671 3425 2757 gloria
3460 2682 3561 2737 est
3582 2673 3711 2739 Dei
3735 2673 3965 2756 patris.
4028 2673 4328 2757 Quando

2347 2759 2592 2842 „igitur
2634 2754 2799 2823 illud
2842 2770 2960 2834 est,
3007 2767 3197 2840 pater
3231 2759 3442 2824 maior
3476 2779 3583 2824 me
3627 2757 3774 2824 est?
3821 2780 4067 2844 nempe
4114 2783 4333 2847 quum

2348 2845 2675 2923 „donatur
2716 2843 2777 2907 ei
2824 2864 3064 2909 nomen
3110 2864 3311 2928 super
3353 2864 3551 2909 omne
3591 2865 3852 2910 nomen.
3921 2847 4017 2910 At
4062 2861 4336 2931 contra,

2348 2930 2651 3014 „quando
2705 2937 2835 3006 est,
2904 2950 3027 3015 ego
3084 2939 3152 2995 et
3208 2938 3396 3013 pater
3454 2951 3663 2995 unum
3723 2930 4004 2997 sumus?
4079 2956 4341 3023 nempe

2347 3036 2594 3100 „quum
2631 3017 2846 3082 omnis
2881 3013 3110 3101 lingua
3160 3016 3543 3095 confitetur,
3603 3017 3759 3101 quia
3796 3015 4112 3085 dominus
4137 3021 4347 3093 Iesus

2347 3103 2696 3181 „Christus
2746 3110 2850 3168 est
2902 3102 2974 3166 in
3038 3101 3248 3186 gloria
3291 3103 3418 3167 Dei
3480 3103 3706 3185 patris.
3800 3102 3878 3169 Si
3933 3103 4158 3188 igitur
4222 3112 4348 3178 do-

2346 3190 2613 3270 „nantis
2657 3187 3044 3254 auctoritate
3098 3198 3290 3271 pater
3332 3187 3542 3252 maior
3585 3196 3726 3268 est,
3789 3211 3953 3255 num
3999 3193 4171 3273 quid

2347 3275 2545 3353 „doni
2588 3273 3073 3340 concessionem
3115 3273 3337 3338 minor
3380 3273 3563 3339 filius
3618 3273 3766 3341 est?
3836 3275 4061 3341 Maior
4106 3278 4359 3367 itaque

2347 3360 2640 3441 „donans
2684 3369 2812 3425 est:
2861 3360 2975 3425 sed
3011 3359 3227 3423 minor
3260 3359 3395 3423 iam
3431 3379 3568 3424 non
3606 3368 3734 3439 est,
3778 3362 3891 3427 cui
3926 3383 4147 3429 unum
4196 3389 4361 3436 6886

2345 3446 2689 3525 „donatur.
2764 3443 2842 3511 Si
2888 3466 3019 3510 non
3064 3444 3187 3511 hoe
3232 3441 3517 3509 donatur
3558 3443 3745 3525 Iesu,
3789 3456 3872 3513 ut
3914 3449 4366 3521 confitendus

2345 3534 2471 3611 „sit
2514 3535 2583 3598 in
2619 3531 2832 3616 gloria
2856 3530 2976 3596 Dei
3012 3530 3240 3614 patris,
3286 3530 3507 3595 minor
3552 3543 3753 3614 patre
3797 3542 3921 3600 est.
3989 3531 4072 3599 Si
4108 3545 4367 3603 autem

2345 3619 2456 3697 „iu
2499 3639 2577 3684 ea
2664 3617 2829 3682 loria
2873 3615 3157 3681 donatur
3200 3615 3263 3681 ei
3306 3634 3482 3693 esse,
3531 3636 3672 3699 qua
3718 3627 3913 3703 pater
3956 3626 4087 3698 est,
4132 3619 4372 3689 habes

2344 3715 2454 3783 „et
2505 3705 2574 3769 in
2665 3703 2928 3768 ouantis
2994 3701 3420 3779 auctoritate,
3489 3702 3657 3785 quia
3717 3724 3919 3790 pater
3959 3703 4181 3770 maior
4230 3717 4373 3785 est,

2344 3798 2452 3869 „et
2491 3789 2565 3854 in
2609 3788 2834 3853 donati
2875 3785 3318 3863 confessione,
3377 3789 3538 3869 quia
3580 3809 3811 3856 unum
3857 3798 4033 3857 sunt.
4122 3787 4378 3856 Maior

2345 3879 2606 3959 „itaque
2648 3882 2839 3958 pater
2883 3872 3018 3938 filio
3063 3882 3197 3950 est,
3242 3882 3312 3936 et
3357 3873 3564 3955 plane
3611 3877 3874 3957 maior,
3933 3875 4040 3942 cui
4082 3878 4379 3938 tautum

2344 3962 2592 4039 „donat
2632 3980 2808 4037 esse,
2874 3968 3163 4042 quantus
3220 3957 3366 4040 ipse
3423 3967 3562 4035 est,
3635 3963 3754 4026 oui
3816 3955 4380 4027 innascibilitatis

2342 4068 2529 4129 „esse
2550 4045 2909 4129 imaginem
2934 4054 3360 4109 sacramento
3383 4044 3789 4113 nativitatis
3812 4043 4129 4130 impertit,
4159 4060 4379 4121 quem

2343 4155 2464 4212 „ex
2500 4153 2574 4199 se
2610 4133 2683 4196 in
2717 4132 2930 4196 forma
2964 4150 3088 4194 sua
3124 4138 3432 4214 generat,
3469 4148 3687 4212 quem
3724 4152 4001 4198 sursum
4033 4124 4383 4222 d⁰.f⁰¹'¹¹²⁸

2342 4220 2557 4298 „servi
2601 4218 2674 4283 iu
2717 4218 2927 4282 forma
2973 4214 3102 4280 Dei
3162 4222 3494 4292 renovat,
3609 4237 3783 4281 uem
3845 4219 3920 4283 in
3978 4211 4191 4298 gloria
4246 4226 4383 4269 sna

2343 4304 2744 4385 „secundum
2805 4300 3115 4384 spiritum
3162 4297 3538 4364 Christum
3562 4235 3836 4367 ‘heum
3890 4307 4124 4366 natum
4165 4287 4383 4353 donat

2341 4410 2646 4470 „rursum
2692 4408 2836 4455 esse
2895 4389 2963 4452 in
3020 4384 3240 4469 gloria
3300 4405 3435 4449 sua
3506 4387 3907 4453 seeundum
3964 4393 4229 4450 caruem

2341 4498 2528 4554 „sum
2553 4475 2919 4551 Christum,
2957 4472 3187 4537 Deum
3228 4480 3508 4549 natum,
3547 4476 3974 4537 mortuum)⁸
4046 4462 4142 4529 Et·
4180 4454 4387 4539 P⁸¹fl⁰

2335 4562 2515 4628 infra
2555 4562 2627 4626 in
2670 4559 2903 4625 eodem
2947 4557 3153 4622 libro:
3221 4551 3419 4632 „Qui
3467 4575 3593 4618 me
3642 4556 3878 4634 videt,
3932 4548 4117 4621 videt
4158 4550 4227 4606 Β*
4266 4556 4385 4619 1¹⁸·

2341 4659 2585 4725 „trem2
2638 4646 2827 4711 Haeo
2871 4641 3082 4710 verba
3126 4657 3307 4721 quae
3354 4658 3498 4720 ego
3546 4638 3843 4721 loquor,
3890 4658 4025 4703 non
4064 4650 4118 4723 ο,
4144 4644 4251 4689 ¹¹¹0
4290 4622 4387 4683 b·

2341 4753 2563 4816 „quor,
2609 4730 2728 4798 sed
2765 4738 2973 4813 pater,
3019 4724 3139 4807 qui
3186 4723 3261 4786 in
3311 4742 3440 4785 me
3491 4736 3769 4801 manet,
3812 4725 3958 4806 ipse
3998 4718 4157 4783 (aaa
4196 4724 4393 4817 ομ.

2344 4839 2518 4900 ¹,sua.
2604 4818 2697 4883 Et
2754 4812 3003 4880 credite
3062 4805 3277 4881 mihi,
3342 4807 3719 4888 quoniam
3778 4828 3905 4892 ego
3962 4805 4031 4869 iu
4088 4802 4271 4877 1⁸²ss
4320 4806 4389 4847 θ·

2341 4914 2569 4988 „pater
2611 4903 2683 4967 in
2724 4921 2833 4966 me
2876 4906 2996 4963 est.
3088 4891 3191 4957 Et
3253 4896 3343 4955 ut
3410 4900 3959 4957 sacramentum
4014 4884 4377 4951 ndum

2546 5190 2582 5245 5
2636 5190 2781 5313 ἔξω
2816 5185 2931 5243 lx.
2969 5184 3043 5238 de
3078 5182 3219 5235 triv·-
