4900 6125
302 416 400 478 597

299 619 418 664 rum
466 617 591 663 non
650 596 1048 680 dubitamus,
1092 600 1520 683 quantumvis
1578 609 1642 667 te
1685 608 1755 666 et
1796 599 2103 685 plurimis
2147 607 2214 664 et

296 682 660 769 gravissimis
718 686 997 770 negotiis
1057 684 1339 752 distrahi
1393 688 1612 770 potius
1669 706 1865 770 quam
1909 687 2214 769 occupari

295 790 403 836 non
450 770 825 836 nesciamus.
914 770 1266 838 Caeterum
1321 779 1390 839 te
1433 773 1632 839 etiam
1686 772 1900 838 obiter
1939 793 2215 838 monen-

294 855 424 920 dum
462 853 781 932 duximus,
840 878 962 923 nos
1006 859 1317 924 certiores
1360 880 1503 924 esse
1555 861 1778 934 factos,
1826 858 2218 924 Hasna-sium

292 961 515 1006 rursum
555 962 697 1008 esse
737 940 1192 1029 Magdeburgo
1234 944 1585 1028 pulsum,⁴)
1617 944 1816 1029 idque
1849 943 2059 1009 multo
2093 943 2215 1009 du·

290 1027 405 1091 rius
473 1033 537 1090 et
613 1048 765 1093 cum
845 1030 1093 1096 maiore
1172 1029 1410 1114 probro
1485 1050 1683 1114 quam
1750 1029 2075 1096 Heidelbe

290 1112 536 1177 Causam
593 1133 738 1179 esse
794 1115 982 1179 aiunt
1036 1114 1380 1183 seditiosas
1445 1117 1789 1184 conciones
1842 1126 1910 1181 et
1962 1136 2118 1182 occu
2148 1123 2217 1181 ta

289 1196 526 1262 consilia
577 1198 808 1265 eodem
867 1201 1288 1285 pertinentia.
1389 1202 1729 1287 Respondi
1784 1202 2039 1267 homini
2095 1222 2216 1285 pro

287 1303 409 1347 mea
447 1283 901 1364 mediocritate,
948 1286 1062 1353 sed
1100 1288 1263 1353 mihi
1299 1287 1483 1355 deest
1513 1288 1988 1373 typographus.
2044 1287 2214 1353 Nos-

286 1379 373 1433 tra
409 1375 470 1434 et
509 1370 735 1437 schola
792 1381 862 1436 et
914 1373 1190 1439 ecclesia
1247 1395 1380 1439 non
1422 1376 1690 1440 omnino
1729 1374 1977 1441 habent
2019 1372 2213 1450 male,

283 1476 485 1520 verum
551 1478 685 1521 non
762 1457 859 1523 ita
928 1458 1097 1524 bene
1152 1466 1352 1542 atque
1402 1469 1721 1544 optamus.
1812 1460 2035 1525 Deum
2079 1466 2212 1542 opt.

284 1562 430 1606 max.
479 1563 823 1625 precamur
892 1551 969 1608 ut
1022 1544 1144 1610 tibi
1199 1567 1317 1628 per
1370 1567 1563 1612 suum
1619 1548 1921 1630 spiritum
1988 1544 2215 1611 adesse

283 1627 417 1692 velit
454 1639 519 1692 et
561 1635 629 1693 te
673 1631 1093 1697 corroborare
1138 1631 1454 1698 adversus
1497 1639 1599 1697 tot
1633 1641 1982 1715 tantosque
2017 1629 2214 1698 Sata·

281 1733 385 1777 nae
442 1715 722 1779 insultus
788 1714 1023 1798 quibus
1079 1724 1144 1782 te
1210 1718 1469 1783 assidue
1535 1719 1824 1784 exerceri
1892 1716 2214 1783 audimus.

280 1799 401 1883 Ego
441 1813 504 1865 et
543 1800 830 1883 collegae
873 1802 993 1868 tibi
1036 1803 1257 1868 omnia
1299 1805 1519 1869 fausta
1553 1813 1877 1887 optamus,
1924 1813 1989 1868 et
2025 1810 2104 1867 ut
2145 1809 2215 1868 te

278 1884 454 1961 Deus,
509 1884 781 1951 Domini
826 1887 1037 1952 nostri
1078 1888 1233 1955 Iesu
1281 1888 1530 1956 Christi
1587 1897 1795 1974 pater,
1864 1897 1931 1953 te
1954 1891 1993 1928 ⁶
2055 1909 2214 1954 suae

277 1969 554 2038 ecclesiae
606 1971 1004 2038 incolumem
1062 1983 1283 2041 servet
1334 1996 1697 2061 precamur.
1801 1975 1985 2042 Bene
2045 1973 2212 2042 vale.

277 2056 567 2141 Heydelb.
623 2063 721 2123 14.
770 2059 1111 2128 Decembr.

1455 2199 1642 2265 'l'uus
1688 2219 1771 2265 ex
1817 2198 2039 2265 animo

1576 2285 1944 2369 Boquinus.

1022 2594 1416 2609 ψ

1141 2826 1351 2898 3884.

869 2965 1111 3032 BEZA
1154 2963 1594 3032 CALVINO.

422 3135 677 3203 Relatio
732 3158 947 3202 rerum
995 3142 1314 3223 yestarum
1373 3158 1416 3201 α
1463 3137 1673 3203 Nonis
1719 3135 2088 3203 Novembris
2129 3137 2218 3203 ad

270 3218 413 3285 Idus
451 3222 834 3290 Decembris.

266 3390 397 3473 (Duo
468 3399 696 3449 exstant
760 3393 922 3476 huius
988 3394 1253 3464 epistolae
1322 3392 1639 3517 apographa
1700 3411 1865 3447 manu
1932 3393 2214 3477 Ipnvillaei

265 3465 754 3586 fftsspffffss‘w.
775 3463 1265 3613 ’ξωῗοῖᾱτθξῖῗὼ
1278 3460 1919 3613 ¹5¹..2195‘tf‘3ffip‘3f0ffi
1954 3463 2215 3599 ¹2⁷5&

262 3594 355 3650 859
395 3616 511 3654 cum
560 3606 923 3671 post-scripto
958 3600 1169 3654 Calvmi
1217 3600 1366 3670 quod
1412 3601 1555 3653 infra
1597 3607 1893 3670 separatim
1938 3601 2216 3655 addemus.

399 3670 507 3723 ries
550 3670 865 3725 recentiora
908 3686 1063 3724 exem
1104 3670 1243 3722 laria
1289 3670 1347 3722 in
1394 3669 1527 3723 Cod.
1574 3669 1781 3725 Genev.
1827 3667 1945 3738 119,
1991 3669 2087 3724 fol.
2131 3669 2218 3737 65,

263 3732 506 3793 Bemensi
544 3740 641 3795 VI.
680 3756 732 3808 p.
763 3737 899 3792 1030
933 3744 990 3793 et
1026 3738 1350 3793 S1mleriano
1389 3737 1506 3792 106.
1542 3737 1733 3791 Edidit
1766 3738 1936 3792 Baum
1974 3738 2048 3793 11.
2086 3756 2243 3809 app.⁸

1116 3824 1169 3873 p.
1208 3805 1352 3873 196.)

414 3975 487 4044 S.
557 3979 817 4044 Ternas
883 3976 969 4044 ad
1032 3985 1098 4044 te
1142 3977 1312 4056 dedi,
1371 3976 1487 4043 sed
1530 3978 1775 4062 primas
1835 3980 1968 4045 scio
2011 3979 2214 4044 inter-

259 4068 485 4145 ceptas,
545 4063 630 4130 de
668 4063 892 4130 alteris
928 4066 974 4143 ¹)
1032 4063 1273 4131 dubito.
1362 4064 1509 4129 Has
1552 4071 1775 4129 autem
1832 4063 1916 4129 ad
1960 4072 2025 4129 te
2070 4085 2215 4148 per-

257 4156 564 4216 venturas
619 4171 832 4234 spero.
921 4150 1130 4215 Valeo
1194 4158 1392 4233 prout
1447 4162 1709 4233 tempus
1767 4158 1835 4215 et
1895 4149 2076 4216 locus
2121 4151 2217 4215 fe-

257 4242 418 4299 runt.
505 4235 766 4302 Omnes
808 4234 976 4302 salvi
1033 4245 1101 4301 et
1141 4235 1521 4314 incolumes,
1577 4237 1721 4301 sine
1764 4235 1900 4301 ullo
1945 4257 2217 4321 prorsus

254 4315 660 4388 incommodo
703 4321 1051 4388 Pulverios
1069 4324 1127 4401 ⁶²)
1178 4321 1626 4404 pervenimus,
1683 4319 1857 4405 quod
1899 4320 2215 4406 oppidum

433 4645 511 4727 fi)
563 4663 624 4703 a.
662 4647 715 4701 d.
755 4646 883 4702 111.
923 4647 1082 4729 ‘Nom
1132 4646 1249 4703 Oct.
1298 4645 1434 4700 1562
1474 4652 1764 4728 postquam
1808 4648 1993 4729 urbem
2040 4647 2218 4703 turbis

252 4711 981 4852 mrngzwgstwm.
984 4725 1164 4771 ratum
1192 4719 1694 4771 amantem.
1730 4714 1917 4786 (Saluo
1950 4716 2047 4772 111.
2068 4714 2220 4784 935.)

443 4852 508 4915 2)
548 4855 860 4910 Pululerios
910 4852 1026 4908 11¹2.
1075 4853 1382 4908 Pulvierios
1437 4853 1569 4910 Tur.
1604 4855 1755 4909 Hist.
1792 4855 1914 4908 eccl.
1960 4854 2032 4908 11.
2078 4853 2220 4909 190.-

252 4916 324 4998 130
357 4917 404 4973 7.
440 4931 500 4977 et
534 4921 589 4977 8.
627 4922 773 4979 Now.
811 4923 1029 4977 l'armee
1066 4923 1227 4977 sortit
1255 4921 1605 4990 (d'Orleans)
1642 4930 1701 4977 et
1733 4924 1787 4978 le
1807 4922 2003 4976 Prince
2039 4940 2218 4992 apres,

252 4994 412 5043 urant
444 4990 485 5045 ὶ
517 4992 576 5045 la
626 4993 758 5047 ville
800 4992 870 5046 de
907 4992 1206 5046 Pithiviers
1243 4991 1530 5062 (Pyvo‘en)
1563 4991 1635 5046 oni
1668 4993 1708 5045 il
1744 5010 1782 5063 5
1817 4992 1970 5045 avoit
2003 4990 2041 5043 4
2071 5008 2217 5046 com·

389 5058 466 5113 ‘es
510 5061 585 5115 de
624 5078 760 5143 gens
809 5062 879 5115 de
916 5061 1043 5131 pied
1079 5061 1173 5130 qui
1223 5061 1594 5142 delibererent
1626 5061 1933 5140 d'attendre
1980 5061 2034 5114 le
2068 5062 2217 5130 siege

252 5192 353 5247 a...
373 5146 685 5252 ”wa
694 5131 1330 5254 ¹2”‘.⁸.:⁰¹¹.·;¹.’?‘:.2‘.33
1333 5131 1853 5254 ⁸¹¹⁸a2¹¹¹02113ss⁰¹¹121⁸
1868 5130 2218 5254 xxxxi:

249 5214 491 5322 20⁸1.er
528 5217 863 5350 breschepils
899 5217 959 5323 :g
994 5216 1279 5350 retrlidirent
1309 5217 1671 5325 felium-otios
1712 5217 1776 5324 lg
1799 5268 2109 5322 lendemain
2142 5267 2218 5351 dn

251 5347 407 5404 nege,
454 5353 555 5406 qm
607 5336 694 5391 fut
736 5337 789 5392 le
836 5337 921 5393 11.
991 5337 1071 5393 Le
1105 5353 1293 5408 prince
1327 5338 1470 5393 donc
1503 5356 1541 5409 5
1577 5343 1738 5392 entra
1770 5353 1905 5392 avec
1937 5336 1975 5391 4
2007 5353 2217 5406 enseig-

1960 413 2122 477 1562
2166 408 2579 477 DEOEMB.

4159 415 4286 478 598

2318 598 2593 664 Aurelia
2650 597 2854 664 distat
2908 596 3136 664 decem
3193 596 3606 666 milliaribus.
3694 596 3799 663 Ibi
3856 598 4077 684 copias
4137 619 4287 668 con-

2316 684 2677 750 iunximus.
2765 683 2843 749 In
2899 703 3158 749 summa
3210 684 3506 767 equitum
3549 682 3760 750 millia
3803 704 3942 764 sex,
3985 684 4286 768 peditum

2316 790 2588 836 novem:
2634 768 2748 836 sed
2771 768 2994 835 nullae
3019 790 3314 852 unquam
3339 770 3521 835 visae
3557 776 3714 836 sunt
3746 770 3970 853 copiae
4005 772 4287 840 instruc-

2318 856 2523 922 tiores
2566 854 2679 922 vel
2719 854 3086 922 alacriores.
3154 853 3490 939 Oppidum
3514 877 3664 923 cum
3709 866 3961 940 septem
3985 856 4285 941 peditum

2318 942 2528 1026 signis
2580 963 2652 1007 se
2696 940 2945 1006 dedidit
2987 949 3136 1023 post
3177 962 3298 1007 sex
3340 940 3653 1006 horarum
3708 943 4290 1027 oppugnationem,

2317 1027 2565 1093 milites
2620 1027 2909 1093 inermes
2977 1026 3248 1105 dimissi,
3317 1026 3446 1092 duo
3511 1047 3596 1093 ex
3653 1026 3927 1094 ducibus
3982 1030 4289 1112 suspensi

2318 1122 2589 1263 propter
2631 1114 2894 1178 infinita
2935 1113 3213 1179 scelera:
3234 1117 3293 1186 ⁸)
3339 1113 3636 1192 sacrifici,
3694 1121 4012 1196 quotquot
4054 1112 4134 1180 de
4183 1135 4289 1182 re-

2367 1200 2513 1264 ensi
2558 1208 2732 1278 sunt,
2777 1197 3125 1263 interfecti.
3207 1199 3317 1264 Ex
3354 1199 3596 1265 nostris
3630 1207 3767 1265 tres
3811 1207 4070 1265 tantum
4161 1200 4289 1268 esi·

2318 1283 2550 1364 derati,
2593 1285 2901 1368 quoniam
2945 1285 3288 1350 tormentis
3332 1283 3652 1350 duntaxat
3697 1286 4101 1369 pugnabant.
4165 1285 4291 1353 Se-

2317 1381 2526 1453 quuta
2567 1392 2726 1436 mox
2769 1377 2871 1435 est
2913 1369 3426 1452 Stamparum,⁴)
3470 1377 3539 1435 et
3581 1370 3876 1435 omnium
3922 1370 4292 1438 vicinorum

2317 1456 2710 1606 opgidorum
2756 1453 3019 1521 deditio.
3110 1455 3436 1523 Carnutes
3485 1457 3708 1520 statim
3753 1456 3901 1541 capi
3942 1466 4288 1541 poterant:

2318 1563 2390 1609 se
2471 1543 2632 1607 vicit
2677 1561 2904 1607 eorum
2940 1542 3287 1620 sententia,
3335 1542 3447 1624 qui
3483 1541 3795 1609 Corbellii
3839 1553 4109 1626 pontem
4142 1565 4294 1609 cen-

2317 1636 2599 1694 suerunt
2661 1627 2876 1711 potius
2941 1628 3416 1709 occupandum.
3433 1629 3493 1706 ⁵)
3578 1627 3815 1710 Itaque
3884 1649 3960 1693 eo
4018 1628 4294 1694 deflexi-

2316 1734 2467 1779 mus
2529 1712 2612 1779 ad
2678 1713 2956 1791 laevam,
3025 1713 3140 1779 sed
3203 1711 3575 1779 infelicibus
3632 1713 3958 1797 auspiciis.
4062 1713 4289 1797 Quum

2317 1799 2497 1865 enim
2557 1798 2715 1865 urbs
2769 1799 3112 1881 repentino
3157 1800 3409 1883 impetu
3463 1797 3652 1865 facile
3705 1801 3850 1883 capi
3893 1810 4134 1884 posset,
4179 1821 4289 1870 ao·

2316 1893 2506 1969 cepto
2551 1886 2794 1950 nuncio
2839 1885 2919 1949 de
2963 1885 3333 1950 Navarreni
3376 1884 3562 1951 obitu
3593 1886 3648 1968 ο)
3699 1892 3766 1950 et
3807 1886 4026 1952 missis
4069 1908 4112 1953 a
4152 1886 4290 1953 Re-

2317 1971 2475 2056 gina
2519 1971 2953 2036 internunciis
2995 1978 3355 2054 coeperunt
3389 1971 3602 2036 nostri
3644 1969 3843 2037 duces
3885 1970 3966 2037 de
4011 1992 4187 2056 pace,
4223 1980 4293 2038 et

2316 2056 2529 2123 nostri
2573 2056 2904 2139 Principis
2962 2055 3303 2141 dignitate,
3365 2057 3587 2122 nescio
3687 2057 3882 2123 uibus
3923 2058 4291 2126 rationibus

2315 2141 2691 2220 obtinenda,
2751 2142 3107 2207 somniare:
3154 2141 3478 2207 militibus
3532 2142 3644 2226 qui
3693 2164 3799 2208 em
3856 2144 4291 2212 frementibus

2317 2236 2385 2294 et
2427 2227 2617 2294 nobis
2660 2226 3197 2294 reclamantibus:
3245 2227 3361 2293 sed
3405 2229 3666 2294 frustra.
3736 2228 3850 2294 Sic
3894 2229 4098 2312 elapsi
4133 2238 4292 2297 sunt

2317 2313 2457 2380 dies
2491 2324 2791 2396 quatuor,
2837 2322 2906 2379 et
2938 2314 3188 2396 optima
3230 2314 3474 2379 omissa
3516 2315 3787 2391 occasio,
3834 2322 4064 2381 autore
4099 2335 4293 2399 prae·

2316 2401 2545 2467 sertim
2587 2400 2780 2466 istius
2822 2399 2981 2464 mali
3029 2398 3319 2481 Gentiffl)
3363 2399 3894 2483 perfidiosissimo
3938 2399 4293 2484 proditore.

2316 2486 2553 2569 Itaque
2606 2485 2984 2550 intromisso
3034 2483 3437 2551 validissimo
3494 2485 3783 2551 hostium
3837 2485 4180 2569 praesidio,
4225 2496 4295 2554 et

2318 2572 2558 2639 crassis
2603 2571 2951 2637 tormentis
2993 2590 3072 2636 eo
3117 2571 3468 2648 convectis,
3535 2570 3766 2637 urbem
3833 2580 4093 2637 tentare
4157 2595 4293 2640 non

2318 2656 2586 2741 placuit.
2672 2656 2841 2721 Inde
2887 2656 3094 2741 igitur
3134 2657 3477 2722 Lutetiam
3535 2657 3725 2735 itum,
3785 2657 3903 2723 sed
3961 2657 4139 2725 lento
4183 2659 4292 2724 iti-

2317 2764 2495 2822 nere,
2563 2749 2631 2809 et
2693 2743 2941 2826 passim
3007 2743 3501 2809 occurrentibus
3564 2741 3801 2827 legatis
3865 2744 3976 2826 qui
4039 2744 4296 2812 obiecta

2317 2850 2433 2912 spe
2477 2829 2656 2912 pacis
2699 2848 2821 2893 nos
2865 2827 3292 2894 retardarent.
3380 2827 3520 2892 Vix
3561 2826 3830 2894 tandem
3870 2828 3969 2894 ita
4012 2839 4295 2914 quatuor

2320 2914 2569 2992 diebus,
2616 2913 2861 2979 omissa
2915 2934 3032 2997 spe
3074 2914 3272 2997 pacis,
3310 2912 3416 2981 vel
3460 2913 3574 2979 illo
3609 2914 3828 2997 potius
3862 2916 4116 2981 somnio
4160 2914 4292 2984 dis·

2319 3020 2528 3080 cusso,
2587 3000 2660 3067 in
2718 2999 3027 3067 Lutetiae
3090 3009 3514 3085 conspectum
3561 3000 3885 3081 venimus,
3940 3002 4174 3069 castris
4220 3003 4295 3069 in

2319 3291 2418 3328 nes
2451 3274 2522 3327 de
2542 3273 2783 3328 Gascons
2817 3274 3065 3328 donnant
3097 3274 3152 3327 la
3187 3273 3386 3342 charge
3420 3273 3458 3329 a
3491 3273 3679 3329 Genlis
3715 3278 3775 3328 et
3808 3273 3842 3327 ὁ
3877 3273 4185 3330 Granmont
4219 3276 4291 3330 de

2318 3359 2379 3397 se
2432 3344 2595 3396 saisir
2649 3343 2748 3396 des
2802 3344 3098 3397 munitione
3154 3347 3213 3397 et
3265 3343 3447 3398 vivres
3500 3343 3595 3412 qni
3651 3358 3685 3409 y
3720 3342 3906 3397 surent
3951 3344 4173 3398 trouves
4223 3362 4291 3399 en

2316 3412 2525 3480 grande
2560 3410 2809 3481 quantite
2811 3451 3029 3467 .....

2523 3479 2585 3547 3)
2621 3480 2767 3537 lbid.
2837 3481 3020 3546 Quant
3064 3497 3170 3533 aux
3225 3479 3430 3535 soldats
3478 3479 3637 3548 qu’on
3686 3497 3725 3549 y
3759 3484 3958 3534 trouva
4000 3497 4072 3534 on
4109 3482 4191 3536 les
4226 3482 4293 3536 et

2318 3564 2594 3602 resserrer
2628 3549 2764 3603 dans
2797 3549 2851 3602 le
2897 3548 3101 3617 temple
3136 3546 3206 3602 ou
3239 3549 3307 3604 ils
3342 3550 3529 3602 furent
3561 3554 3687 3602 tous
3720 3548 4019 3603 desvalises
4054 3567 4289 3605 mesmes

2316 3617 2386 3671 de
2420 3617 2619 3687 l'espee
2667 3622 2726 3670 et
2776 3617 2846 3671 de
2881 3618 2936 3671 la
2970 3618 3005 3671 d
3079 3634 3161 3684 ue,
3196 3633 3329 3670 avec
3363 3624 3607 3670 serment
3653 3617 3722 3670 de
3759 3633 3826 3669 ne
3875 3627 4063 3687 porter
4098 3620 4291 3674 iamais

2316 3687 2397 3740 les
2434 3702 2613 3739 armes
2647 3694 2837 3740 contre
2873 3688 2925 3740 le
2960 3686 3155 3740 Pnnce
3189 3692 3249 3740 et
3281 3687 3336 3738 la
3372 3686 3618 3754 religion.
3672 3687 3853 3751 Quant
3887 3704 3992 3740 aux
4029 3694 4296 3757 premes.

2317 3771 2389 3810 on
2435 3771 2503 3808 en
2549 3760 2646 3808 tua
2688 3762 2884 3810 autaut
2927 3755 3088 3824 qn'on
3126 3771 3194 3808 en
3238 3761 3340 3823 put
3386 3762 3709 3809 rencontrer
3743 3755 3988 3809 d’antant
4021 3773 4295 3813 nommee·

2316 3828 2471 3878 ment
2514 3824 2671 3893 qu’ils
2715 3825 2939 3878 avoient
2984 3822 3101 3877 este
3147 3828 3291 3877 sculs
3345 3840 3505 3877 cause
3553 3841 3660 3892 que
3714 3822 3769 3876 la
3805 3824 3931 3877 ville
3968 3842 4036 3878 ne
4085 3826 4295 3881 s'estoit

2317 3893 2523 3947 rendue
2559 3892 2594 3946 a
2637 3893 2692 3945 la
2739 3892 3011 3962 premiere
3055 3892 3396 3945 sommation.
3471 3892 3624 3945 Deux
3671 3892 3987 3961 capitaines,
4042 3893 4079 3947 a
4112 3895 4296 3950 savoir

2316 3979 2388 4015 un
2428 3962 2628 4015 ltalien
2662 3963 2878 4016 nomme
2897 3961 3230 4030 Francisque
3252 3961 3457 4030 (lequel
3475 3978 3508 4013 a
3615 3965 3641 4014 t
3674 3960 3791 4015 este'
3825 3961 3942 4031 pris
3958 3970 4299 4031 anper-avant

2318 4036 2375 4084 et
2408 4030 2601 4084 amend
2655 4033 2690 4085 a
2724 4030 2951 4084 Orleans
2988 4030 3140 4084 avoit
3173 4030 3290 4083 este
3324 4031 3502 4084 relasc
3541 4029 3571 4082 e
3607 4046 3735 4084 sous
3787 4047 4066 4099 promesse
4102 4033 4170 4086 de
4221 4050 4291 4089 ne

2316 4108 2509 4223 &orte-r
2543 4101 2666 4169 plus
2691 4099 2782 4181 ‚les-
2817 4114 2996 4152 armes
3044 4115 3111 4152 en
3149 4105 3296 4152 ceste
3407 4102 3556 4179 erre)
3594 4104 3653 4151 et
3686 4116 3758 4150 un
3796 4100 4010 4153 nomme
4047 4102 4291 4157 Maturin

2317 4167 4293 4317 ..223351⁰⁸.¹z¹‘2¹3².3.2253⁸32¹¹3.3¹5¹1.‚2‚P.33{z.202.⁹¹35.;¹.¹322¹²232.3{

2316 4306 2528 4376 pendus
2565 4310 2624 4359 et
2658 4306 2958 4373 estrangles
2992 4306 3044 4358 le
3080 4305 3388 4359 lendemain
3426 4321 3494 4357 en
3531 4306 3586 4358 la
3619 4305 3772 4373 place
3809 4305 3882 4358 du
3917 4306 4154 4363 marche'.

2524 4373 2587 4437 4)
2626 4374 2771 4429 leid.
2827 4373 2959 4427 191.·
3011 4374 3089 4428 Le
3124 4372 3428 4428 mareschal
3475 4373 3544 4428 de
3591 4373 3648 4426 S.
3699 4373 3908 4437 Andre,
3983 4375 4039 4427 ui
4076 4375 4290 4430 s'estoit

2318 4443 2486 4497 retire
2523 4444 2591 4496 de
2628 4443 2766 4497 Sens
2818 4442 2852 4496 a
2886 4443 3177 4511 Estampes
3214 4459 3282 4496 en
3329 4443 3602 4496 intention
3650 4441 3738 4512 d’y
3775 4442 3911 4495 faire
3978 4460 4008 4496 e
4042 4444 4288 4513 magasin

2316 4512 2391 4566 du
2436 4529 2593 4580 camp
2642 4513 2714 4566 du
2751 4512 3103 4574 Triumvirat‚
3148 4528 3208 4565 se
3255 4512 3426 4564 retira
3462 4527 3529 4564 en
3566 4516 3720 4564 toute
3756 4510 4024 4579 diligence
4061 4513 4290 4569 lsissant

2314 4580 2351 4634 2
2386 4582 2671 4649 ense-ignes
2700 4581 2833 4635 dans
2869 4582 2923 4634 la
2957 4581 3087 4634 ville
3123 4579 3370 4649 laquelle,
3408 4597 3444 4648 y
3481 4585 3665 4633 estant
3699 4579 3915 4633 arrivee
3951 4580 4004 4633 la
4021 4582 4290 4638 cavalerie

2316 4651 2500 4719 legere
2548 4650 2620 4703 du
2657 4650 2870 4713 Prinos,
2918 4649 3009 4719 luy
3061 4650 3246 4703 ouvrit
3291 4651 3372 4704 les
3421 4654 3625 4718 portes,
3671 4647 3896 4702 s'estans
3930 4649 4011 4703 les
4045 4667 4180 4720 gens
4217 4651 4288 4706 de

2318 4719 2445 4789 pied
2485 4717 2683 4772 retires
2717 4736 2787 4771 an
2822 4717 3081 4771 chasteau
3115 4724 3173 4771 et
3208 4717 3408 4771 rendus
3444 4718 3496 4770 le
3532 4716 3856 4770 lendemain.

2523 4786 2585 4854 5)
2608 4786 2750 4841 leid.
2773 4785 2903 4840 1922
2955 4786 3015 4841 Si
3051 4803 3119 4840 on
3158 4787 3271 4840 fust
3304 4786 3409 4840 alle
3445 4785 3593 4839 droit
3623 4784 3660 4839 a
3678 4785 3836 4838 Paris
3872 4785 4081 4840 distant
4115 4787 4289 4843 seule·

2317 4862 2473 4909 ment
2515 4857 2584 4909 de
2635 4854 2701 4909 14
2748 4856 2951 4925 petites
3003 4855 3191 4923 lienes,
3239 4856 3291 4909 le
3329 4854 3526 4909 Prince
3578 4871 3717 4924 pour
3764 4853 3814 4907 le
3851 4856 4027 4909 moins
4102 4858 4291 4913 ouvoit

2316 4926 2649 4994 sui-prendre
2683 4930 2808 4978 tous
2844 4926 2923 4977 les
2957 4925 3289 4994 fauxbourgs
3325 4924 3394 4977 de
3422 4922 3573 4992 deca,
3610 4924 3857 4976 donnant
3891 4940 3963 4976 un
4000 4930 4055 4978 te
4114 4926 4286 4997 effroy

2317 5010 2427 5049 aux
2465 4994 2744 5047 Parisiens
2781 4994 2938 5063 qu’ils
2974 5000 3196 5048 eussent
3229 4991 3460 5062 appot-te
3496 4992 3550 5044 la
3585 4996 3734 5044 carte
3769 4990 4002 5045 blanche
4054 5009 4124 5046 ou
4160 4994 4288 5049 bien

2317 5070 2541 5116 eussent
2576 5062 2802 5116 souffert
2847 5079 2953 5116 une
3006 5068 3163 5131 perte
3199 5059 3559 5117 inestimable.
3631 5060 3769 5113 Mais
3815 5061 3856 5113 il
3930 5060 4046 5114 lent
4080 5061 4114 5115 a
4146 5063 4287 5117 Dieu

2316 5131 2387 5184 de
2421 5131 2631 5186 bander
2664 5132 2745 5185 les
2780 5147 2919 5201 yeux
2954 5132 2986 5186 a
3023 5136 3148 5185 tant
3182 5131 3251 5184 de
3281 5129 3578 5199 capitaines
3615 5133 3673 5182 et
3717 5145 3852 5210 gens
3925 5129 3998 5184 'es
4039 5131 4112 5184 rit
4146 5149 4288 5214 pour

2319 5201 2559 5270 prendre
2595 5200 2644 5254 le
2680 5199 2895 5253 chemin
2932 5202 2967 5255 a
3000 5198 3150 5253 coste
3184 5216 3286 5269 par
3319 5199 3374 5252 la
3408 5196 3572 5251 Ferte
3607 5199 3769 5252 Alaix
3802 5204 3860 5251 et
3895 5197 3929 5251 a
4045 5201 4197 5256 rbeil.

2526 5269 2589 5333 6)
2623 5268 2757 5323 obiit
2795 5266 2876 5322 1¹2.
2913 5267 3060 5324 Nov-
3097 5271 3159 5322 in
3193 5267 3424 5337 Anady.

2529 5336 2590 5404 7)
2625 5338 2775 5392 Ηίσε.
2806 5339 2931 5394 ecel.
2963 5337 3035 5392 11.
3072 5335 3192 5391 193.

3779 5419 3882 5475 38.
