4900 6125
634 393 765 458 695

636 579 735 680 ab
782 577 891 646 his
947 575 1377 662 blasphemiis
1431 585 1500 645 et
1554 576 2104 663 disputationibus
2159 577 2439 646 istorum
2482 578 2602 644 ho-

642 684 924 732 minum.

819 748 1074 818 Multus
1118 759 1221 815 est
1263 748 1372 816 hic
1414 769 1631 816 sermo
1675 746 1758 814 de
1810 768 1969 834 pace
2012 749 2186 816 facta
2241 748 2313 816 in
2357 747 2600 817 Gallia.

640 837 796 923 Ego
838 856 996 902 vero
1053 842 1201 901 tuae
1253 835 1360 901 vel
1407 835 1748 902 Ionvalaei
1802 835 2012 902 nostri
2069 841 2393 919 exspecto,
2411 836 2474 918 ⁴)
2518 856 2603 901 ex

690 922 886 989 uibus
929 941 1118 1006 spero
1170 941 1277 986 me
1332 925 1749 1006 cogniturum
1801 921 2167 987 certissima
2222 930 2290 987 et
2342 920 2602 986 utinam

642 944 888 1074 felicia.
978 1006 1233 1073 Moscus
1252 1009 1304 1084 ⁸)
1347 1027 1696 1073 numeroso
1739 1007 2030 1073 exercitu
2090 1008 2428 1092 ingressus
2487 1007 2606 1073 Li-

646 1094 947 1161 tuaniam
989 1093 1060 1158 vi
1105 1092 1320 1176 coepit
1362 1092 1612 1159 Plozko
1656 1103 2104 1176 terroremque
2144 1091 2428 1159 incussit
2471 1091 2604 1158 Po-

644 1179 839 1258 lonis‚
884 1179 995 1262 qui
1031 1178 1165 1244 iam
1200 1180 1270 1245 in
1308 1179 1475 1244 armi
1509 1179 1841 1247 suniverei
1879 1199 2024 1246 esee
2059 1178 2387 1245 dicuntur.
2465 1178 2603 1244 Do·

646 1266 872 1331 minus
916 1271 1134 1330 servet
1176 1272 1243 1329 te
1302 1264 1491 1330 nobis
1548 1264 1664 1330 diu
1705 1263 2121 1331 incolumem.
2213 1262 2462 1331 Salvus
2516 1263 2607 1328 sit

648 1351 739 1418 D.
809 1349 1196 1416 Ionvalaeus
1258 1371 1408 1417 cum
1471 1349 1735 1417 Budaoo
1803 1359 1874 1417 et
1936 1350 2205 1435 reliquis
2270 1348 2607 1416 fratribus.

648 1435 969 1504 Salutant
1011 1444 1078 1501 te
1122 1436 1360 1502 fratres
1395 1455 1642 1503 omnes.

825 1522 1059 1608 Tiguri
1112 1526 1206 1590 12.
1255 1521 1506 1606 Aprilis
1556 1525 1737 1589 1563.

1782 1656 2212 1743 Bullingerus
2256 1664 2432 1723 tuus.

1528 2267 1725 2339 3982.

1148 2424 1618 2493 'I'HRE'PIUS
1664 2424 2101 2492 CALVINO.

824 2596 1158 2681 Descripta
1205 2598 1434 2662 misem
1501 2596 1901 2663 ecclesiarum
1957 2596 2031 2661 in
2091 2594 2360 2663 Polonia
2414 2604 2606 2679 statu,

648 2684 1087 2750 controversiis
1128 2683 1204 2748 de
1243 2683 1522 2748 1311111313
1561 2683 1976 2760 turbatorum,
2019 2687 2194 2765 royac
2235 2688 2306 2747 ut
2353 2685 2442 2750 od
2496 2706 2610 2751 vo-

703 2770 716 2782 ‘
1255 2769 1463 2833 'vatim
1504 2767 1751 2844 scribat,
1796 2768 1909 2848 qui
1950 2786 2109 2847 opus
2148 2767 2374 2834 habent
2413 2775 2485 2834 ut
2538 2772 2609 2836 in

651 2874 807 2922 vera
843 2854 969 2940 fide
1010 2874 1119 2920 oon
1168 2859 1463 2920 rmentur.
1534 2853 1881 2934 Despotam
1940 2852 2280 2921 Valachiae
2319 2875 2475 2922 suae
2515 2857 2612 2922 di-

650 2941 849 3008 tiom‘e
888 2941 1352 3025 reformatorem
1382 2940 1717 3021 praedicat
1748 2950 1804 3005 31
1837 2940 2231 3006 commendat.

776 3112 893 3177 (Ex
925 3111 1243 3182 apographo
1277 3110 1411 3168 eod.
1444 3110 1618 3166 Paris.
1652 3110 1853 3183 Dupuy
1888 3113 2011 3167 Vol.
2049 3111 2166 3181 102,
2200 3112 2297 3169 fol.
2330 3111 2484 3182 166.)

826 3281 899 3351 S.
944 3284 1025 3351 P.
1085 3283 1150 3350 N
1152 3303 1239 3349 on
1276 3282 1583 3349 auderem
1604 3283 1917 3367 profecto,
1962 3283 2323 3352 clarissime
2345 3284 2610 3353 domine

651 3391 734 3437 ac
773 3377 964 3455 pater
1005 3367 1472 3445 colendissimo,
1530 3369 1654 3435 hoc
1696 3379 1991 3453 tempore
2032 3369 2240 3435 literis
2282 3373 2444 3439 meis
2490 3372 2612 3438 tibi

649 3477 799 3524 esse
841 3454 1176 3535 molestus,
1212 3455 1755 3540 gravissimarum
1795 3457 2298 3538 occupationum
2342 3466 2611 3524 tuarum

649 3543 978 3609 rationem
1013 3540 1280 3620 habens,
1326 3541 1452 3607 nisi
1497 3561 1604 3606 me
1652 3542 2087 3625 pauperculae
2131 3541 2442 3610 ecclesiae
2488 3544 2612 3610 Po·

649 3628 905 3695 lonicae
947 3647 1207 3693 summa
1250 3636 1518 3711 urgeret
1561 3629 1939 3692 necessitas:
2000 3648 2167 3711 quae
2211 3628 2614 3695 nebulonum

655 3713 1148 3780 seductionibus
1184 3712 1505 3779 hactenus
1528 3713 1829 3795 exposita
1867 3734 2003 3779 non
2045 3713 2261 3779 solum
2304 3724 2424 3779 tua
2466 3736 2614 3783 ves-

658 3812 1045 3884 trarumque
1124 3798 1551 3865 ecclesiarum
1638 3798 1992 3864 autoritate
2068 3820 2205 3865 non
2285 3808 2612 3880 movetur,

656 3884 778 3952 sed
820 3885 1016 3969 plane
1059 3885 1505 3950 confirmatur.
1586 3883 1732 3949 Iam
1775 3884 1952 3950 enim
1994 3884 2322 3952 seditiosis
2365 3888 2613 3970 spiriti-

655 3970 782 4037 bus
821 3971 1044 4037 omnia
1085 3991 1350 4037 sursum
1385 3970 1688 4035 deorsum
1711 3972 2260 4055 permiscentibus
2280 3972 2613 4040 confiden-

655 4057 793 4124 tius
836 4055 1287 4123 tumultuandi
1329 4055 1580 4122 occasio
1622 4055 2107 4123 intercluditur.
2168 4057 2315 4122 Iam
2357 4057 2616 4126 iustitia

650 4142 786 4210 Dei
830 4144 902 4207 in
945 4143 1202 4209 reiectis
1244 4141 1579 4208 Iscariotis
1632 4145 2028 4226 agnoscitur,
2087 4141 2267 4208 unde
2321 4143 2616 4209 maxima

650 4229 906 4296 utilitas
949 4227 1032 4293 ad
1076 4247 1311 4311 puram
1355 4225 1603 4292 Christi
1659 4226 1999 4294 ecclesiam
2041 4236 2448 4312 perventura
2492 4238 2611 4296 est.

652 4313 858 4383 Modo
901 4324 974 4380 tu
1018 4336 1152 4380 non
1196 4312 1574 4397 defatigeris
1596 4333 1796 4396 opera
1817 4312 2192 4397 auxilioque
2233 4335 2370 4379 non
2415 4313 2613 4394 desis,

654 4399 1046 4468 excidentur
1109 4399 1350 4482 absque
1428 4396 1627 4465 dubio
1693 4399 1820 4464 hae
1884 4398 2192 4466 ecclesiae
2259 4401 2615 4468 universae

654 4494 897 4571 pestes,
953 4506 1120 4570 quae
1177 4506 1311 4550 non
1354 4504 1627 4567 parvam
1685 4492 1943 4568 partem
1986 4484 2303 4552 Poloniae
2367 4488 2614 4570 impos-

656 4571 828 4639 turis
871 4574 1006 4637 suis
1049 4578 1531 4647 concusserant,
1589 4571 1833 4636 multoe
1868 4570 2069 4636 etiam
2104 4571 2317 4639 dubiis
2374 4573 2616 4639 animis

654 4659 965 4724 fluctuari
1022 4664 1391 4742 coegerant.
1500 4653 1580 4720 Id
1647 4664 1870 4722 autem
1935 4657 2136 4723 fiebat
2239 4657 2368 4724 uod
2440 4658 2616 4743 apud

657 4745 1044 4830 praecipuos
1085 4762 1386 4827 proceres
1566 4742 1634 4807 ni
1677 4742 1873 4808 fidem
1917 4744 2012 4808 eis
2055 4741 2222 4810 facie
2268 4752 2340 4809 at
2389 4754 2617 4811 vestra

656 4831 981 4897 autoritas
1024 4850 1156 4913 qua
1195 4848 1341 4895 sese
1385 4836 1532 4913 tege
1579 4835 1713 4893 ant.
1804 4828 2252 4896 [Amr-aninum
2275 4834 2325 4909 ¹)
2361 4829 2507 4898 dico
2550 4839 2618 4897 et

867 5102 931 5163 4)
971 5102 1127 5173 erqo
1166 5101 1240 5157 Ν.
1275 5101 1416 5157 3333
1449 5101 1694 5158 nonam
1738 5101 1999 5158 Μία..
2291 5108 2367 5160 αι.

871 5171 1178 5296 erm
1227 5170 1705 5296 &uzei-933³.
1752 5170 1808 5227 a.
1871 5170 1953 5228 16.
1998 5118 2333 5243 m.
2380 5171 2619 5231 11339.

656 5239 942 5378 Q
973 5309 1057 5377 of.
1095 5309 1150 5361 zv
1182 5278 1354 5366 ’3333
1386 5280 1541 5363 seii
1613 5281 1703 5367 'Do
1726 5308 2123 5380 merione-‘n
2155 5310 2274 5366 aas
2303 5309 2444 5379 ma
2475 5310 2624 5368 „aa

2158 386 2691 459 EPIS'POLAE
2727 388 3156 458 8931—3933

4519 392 4622 458 696

2704 599 2816 646 eos
2858 599 3023 663 quos
3063 575 3427 662 patrocinio
3484 596 3606 643 suo
3649 574 3824 642 texit
3880 575 4036 661 ipse.
4135 576 4392 644 Verum
4443 580 4620 644 mani·

2704 664 2960 731 festatis
3003 661 3294 731 subdolis
3336 663 3599 729 astutiis
3641 682 3870 729 eorum
3910 683 4067 729 mox
4110 660 4384 746 plurimi
4415 684 4494 730 ex
4522 665 4622 730 mi·

2702 750 2931 818 3131313
2974 749 3056 816 ad
3100 748 3456 833 pristinum
3500 747 3796 814 ordinem
3842 755 3911 814 31
3954 747 4330 816 13311131313
4373 751 4624 816 revocati

2705 843 2884 917 sunt,
2927 843 3453 919 revocantur-que
3507 832 3806 912 subinde,
3862 834 3973 918 qui
4028 842 4401 900 vestrarum
4453 836 4626 902 eecle-

2704 922 2955 989 siarum
3007 920 3326 989 iudicium
3381 918 3686 986 omnibus
3731 920 3935 986 totius
3978 919 4157 985 orbis
4208 921 4541 987 sententiis
4574 931 4626 986 et

2703 1007 3123 1093 opinionibus
3156 1013 3585 1090 praeponunt.
3668 1004 3972 1091 Vigilant
4013 1015 4083 1071 et
4124 1003 4209 1070 ad
4253 1013 4436 1072 tuam
4475 1027 4628 1072 eane-

2706 1101 2844 1158 tam
2890 1091 3400 1159 admonitionem
3454 1090 3699 1157 muniti
3741 1092 4112 1157 constantia
4153 1101 4331 1170 sunt,
4388 1113 4506 1159 333
4553 1093 4632 1158 fa·

2706 1179 2830 1247 3113
2872 1199 2945 1244 33
2987 1199 3028 1243 3
3068 1179 3310 1244 vestris
3352 1177 3643 1244 ecelesiis
3685 1176 3922 1243 abduci
3965 1178 4322 1260 patientur.
4399 1177 4634 1244 Habent

2703 1273 3046 1349 praeterea
3083 1271 3392 1348 patronos
3425 1283 3692 1330 suorum
3728 1271 4033 1329 coetuum
4057 1263 4291 1329 heroes
4329 1264 4634 1347 quosdam,

2707 1350 3089 1436 praecipuos
3142 1349 3332 1435 regni
3387 1369 3708 1432 proceres,
3763 1349 3876 1432 qui
3933 1346 4252 1414 adversus
4309 1349 4470 1416 istos
4521 1371 4634 1416 ser·

2709 1444 2941 1522 pentes
2985 1434 3430 1515 decertabant,
3488 1443 3553 1499 et
3598 1435 3906 1499 instructi
3962 1434 4277 1518 panoplia
4319 1435 4634 1519 spirituali,

2707 1529 2973 1607 praeter
3037 1542 3184 1587 eam
3247 1520 3668 1586 autoritatem
3731 1541 3928 1604 quam
3995 1521 4067 1584 in
4130 1541 4340 1605 regno
4405 1520 4636 1596 habent,

2711 1608 2987 1674 astutias
3040 1606 3300 1673 illorum
3359 1605 3643 1683 vincent,
3703 1619 3898 1690 atque
3951 1626 4071 1689 pro
4127 1607 4414 1671 veritate
4461 1627 4636 1690 33333

2712 1692 2796 1760 ad
2849 1699 3129 1758 mortem
3186 1692 3510 1758 resistent.
3616 1691 3753 1757 Eos
3825 1710 3865 1756 a
3921 1698 3989 1757 te
4042 1689 4255 1758 literis
4311 1692 4577 1775 privatis
4595 1697 4638 1768 ²)

2710 1780 3108 1857 confirmari,
3154 1785 3231 1844 31
3284 1799 3321 1843 3
3378 1798 3450 1843 33
3494 1776 3807 1842 ecclesiae
3849 1778 4135 1842 maxime
4186 1777 4330 1843 fore
4381 1778 4640 1843 ministri

2712 1865 3116 1937 existimant,
3159 1864 3254 1928 ita
3297 1883 3339 1927 a
3375 1870 3443 1928 te
3487 1862 3813 1947 supplices
3857 1870 3929 1927 ut
3965 1862 4165 1928 facias
4198 1871 4453 1946 petunt.
4493 1862 4640 1946 Ipsis

2712 1951 2889 2017 enim
2933 1947 3308 2033 proceribus
3350 1947 3589 2014 iudicio
3633 1957 3701 2012 et
3743 1947 4093 2013 autoritate
4116 1957 4231 2013 tua
4252 1948 4426 2014 nihil
4455 1949 4642 2033 magis

2713 2035 2999 2120 optabile
3041 2043 3161 2115 eet,
3216 2055 3348 2118 qua
3388 2032 3685 2113 stabiliti,
3732 2054 3810 2100 ac
3854 2031 4124 2099 tandem
4167 2055 4252 2099 ex
4297 2035 4437 2100 istis
4477 2034 4642 2118 laby-

2711 2121 2953 2187 rinthis
2997 2121 3472 2186 haereticorum
3532 2120 3789 2198 emersi,
3843 2119 3914 2183 in
3975 2129 4156 2186 recta
4208 2119 4339 2186 fide
4396 2142 4472 2187 ac
4509 2139 4644 2184 con·

2711 2208 2999 2273 sessione
3041 2206 3383 2274 vobiscum
3449 2205 3829 2284 unanimes,
3897 2205 4138 2287 quietis
4201 2205 4528 2272 mentibus
4579 2206 4646 2269 in

2710 2301 3052 2378 posterum
3112 2292 3331 2357 Deum
3396 2290 3627 2356 colent.
3737 2291 4035 2374 Apparet
4095 2291 4228 2356 iam
4291 2290 4528 2375 liquido
4579 2291 4648 2355 in

2713 2379 2959 2444 nostris
3003 2376 3294 2444 ecclesiis
3336 2375 3550 2442 locum
3609 2375 3852 2441 habere
3912 2374 4160 2441 dictum
4222 2376 4389 2443 illud
4442 2375 4647 2442 Pauli:

2712 2463 3132 2531 Necessariae
3154 2472 3365 2529 sectas
3384 2460 3469 2527 ad
3490 2461 3848 2528 electorum
3870 2461 4344 2545 probationem.
4403 2461 4650 2544 Quanto

2715 2551 2891 2616 enim
2937 2549 3160 2633 plures
3203 2547 3427 2632 paleae
3480 2546 3747 2613 evolant
3802 2556 3986 2613 tanto
4031 2548 4329 2615 triticum
4382 2550 4502 2613 erit
4539 2568 4648 2632 pu·

2715 2637 2887 2714 rius,
2969 2641 3038 2700 et
3115 2632 3270 2698 dum
3335 2631 3693 2717 purulenta
3754 2632 3978 2698 ulcera
4043 2634 4298 2699 saniem
4364 2635 4648 2700 eiecerint

2715 2741 2953 2804 corpus
2996 2718 3268 2785 habebit
3308 2718 3562 2786 melius.
3630 2717 3825 2800 Quod
3859 2720 3917 2783 si
3960 2719 4184 2803 itaque
4227 2731 4302 2785 tu
4343 2718 4508 2785 hanc
4543 2721 4649 2782 Ar·

2716 2808 2972 2872 3133313
3027 2815 3092 2870 31
3148 2802 3583 2871 Servetanam
3653 2804 3979 2870 haeresim
4048 2804 4252 2872 semel
4313 2804 4522 2871 adhuc
4578 2824 4650 2868 ex

2715 2892 2992 2959 Polonia
3034 2888 3377 2974 depuleris,
3438 2889 3834 2973 persuadeas
3890 2889 4030 2968 tibi,
4088 2892 4180 2955 mi
4236 2901 4443 2975 pater,
4494 2888 4649 2975 quod

2717 2998 2915 3045 verus
2958 2976 3169 3042 Israel
3210 2975 3486 3061 posthac
3527 2976 3748 3042 minue
3790 2973 4054 3041 errabit.

2888 3065 2988 3129 Ac
3030 3071 3106 3128 ut
3149 3063 3392 3130 rectius
3435 3063 3771 3147 negotium
3815 3060 4168 3147 intelligas,
4227 3061 4650 3128 narrationum

2715 3150 2813 3216 rei
2855 3157 3078 3235 gestae
3121 3148 3287 3214 mihi
3310 3170 3393 3214 ex
3415 3147 3692 3214 Polonia
3723 3148 4156 3231 perscriptam
4191 3147 4278 3212 ad
4299 3156 4365 3213 te
4386 3149 4589 3227 mitto,
4607 3150 4652 3213 ⁸)

2715 3257 2800 3301 ex
2842 3256 2972 3319 qua
3014 3233 3173 3318 quid
3218 3235 3386 3301 facto
3428 3254 3595 3317 opus
3636 3235 3726 3300 sit
3758 3232 3949 3299 facile
3986 3231 4450 3316 deprehendes.
4489 3231 4654 3299 Illud

2716 3342 2922 3387 unum
2967 3341 3008 3385 a
3050 3329 3134 3399 te,
3179 3319 3647 3405 benignissime
3690 3328 3895 3401 pater,
3937 3327 4110 3402 pet0,
4167 3326 4244 3384 ut
4295 3320 4377 3384 iis
4420 3317 4654 3384 dnobus

2716 3407 2901 3473 verbi
2946 3405 3071 3471 Dei
3116 3406 3534 3487 ministrie,⁴)
3592 3404 3721 3488 piis
3767 3425 3842 3471 ac
3884 3404 4296 3488 simplicibus
4351 3405 4508 3471 viris
4561 3424 4653 3469 re-

2717 3491 3060 3576 spondeas.
3121 3490 3182 3556 Ii
3226 3499 3382 3556 sunt
3425 3510 3589 3573 quos
3631 3490 3700 3555 in
3746 3488 3968 3555 odium
4014 3488 4099 3555 ad
4142 3499 4208 3556 te
4253 3490 4656 3556 Lis-sanim

2716 3577 3028 3644 inducere
3072 3575 3346 3657 studuit,
3404 3584 3478 3641 ut
3529 3576 3754 3641 miseri
3809 3575 3904 3640 ita
3954 3578 4248 3658 oppressi
4294 3597 4428 3641 non
4472 3576 4655 3641 habe-

2717 3671 2869 3730 rent
2910 3683 3039 3746 quo
3080 3683 3199 3746 pro
3243 3661 3684 3728 consolatione
3726 3661 4184 3746 confugerent:
4244 3682 4376 3744 qua
4418 3662 4656 3726 ratione

2717 3748 2988 3833 putabat
3024 3748 3283 3815 facilius
3332 3766 3525 3830 posse
3580 3745 3834 3814 radices
3877 3748 4080 3898 fiffiere
4123 3747 4530 3830 impietatem
4571 3756 4656 3810 av

2718 3856 2845 3918 que
2888 3834 3240 3901 factionem
3300 3831 3751 3899 Gribaldicam
3803 3839 3872 3897 et
3997 3830 4452 3912 landratieam,
4505 3852 4656 3916 quae

2717 3942 2800 3985 ex
2845 3918 2951 3986 hie
2991 3919 3293 4004 partibus
3334 3926 3479 3983 tota
3529 3918 3610 3983 ad
3664 3916 3855 3982 illum
3901 3918 3973 3982 in
4026 3919 4340 3983 miseram
4549 3919 4562 3932 '

2717 4017 3009 4072 nostram
3075 4005 3431 4083 confluxit,
3495 4005 3886 4088 vineamque
3951 4001 4225 4069 Domini
4289 4004 4407 4071 ubi
4467 4014 4667 4088 potest

2718 4091 2987 4158 arrodit.
3034 4089 3170 4158 Sed
3214 4091 3388 4157 hanc
3425 4087 3747 4155 tumidam
3785 4091 4226 4174 arrogantiam
4272 4098 4342 4155 et
4377 4086 4662 4155 fraudem

2717 4177 2904 4243 brevi
2960 4175 3394 4260 depressuros
3451 4185 3554 4240 est
3609 4175 3936 4241 Dominus
4002 4196 4120 4258 per
4183 4174 4308 4240 hos
4374 4194 4660 4259 proceres

2717 4263 2830 4348 qui
2874 4283 3018 4328 sese
3076 4262 3298 4327 hostes
3349 4259 3620 4326 illorum
3673 4261 3807 4326 iam
3862 4258 4304 4340 declararunt,
4365 4260 4558 4326 modo
4597 4270 4662 4321 tn

2716 4370 2828 4415 eos
2883 4348 3080 4415 officii
3141 4346 3493 4412 admonere
3536 4367 3669 4411 non
3727 4343 4122 4430 dedigneris.
4213 4345 4276 4410 Ii
4321 4348 4504 4413 enim
4555 4344 4662 4409 tibi

2714 4455 2910 4501 omne
2973 4433 3355 4516 obsequium
3420 4452 3812 4516 omnemque
3874 4431 4366 4497 observantiam
4440 4431 4663 4497 debere

2717 4541 2978 4604 semper
3020 4519 3298 4602 professi
3342 4526 3499 4584 sunt
3540 4538 3617 4584 33
3659 4517 4072 4601 profitentur,
4117 4528 4184 4583 et
4231 4539 4304 4584 se
4358 4539 4400 4584 a
4455 4514 4666 4603 probis

2717 4617 2787 4672 et
2826 4605 3130 4672 fidelibus
3176 4603 3428 4673 Christi
3461 4603 3782 4669 ministris
3817 4603 3959 4687 regi
3993 4603 4366 4687 patiuntur,
4401 4603 4664 4669 3331313·

2719 4713 2845 4776 333
2899 4689 3189 4759 ecclesiis
3239 4711 3357 4774 per
3413 4690 3635 4755 omnia
3689 4688 4128 4756 subscribunt.
4241 4689 4513 4755 Primus
4573 4696 4664 4753 est

2719 4963 3535 5034 aerumpnas-ulmeam.
3617 4960 4662 5018 &wammam-mmm·-

2721 5030 3814 5167 “swa-..arar
3844 5031 4664 5101 amm-*⁶³*

2720 5119 2889 5161 Μ.
2926 5171 2990 5236 2)
3027 5108 3758 5253 Μαιξιρᾶραὸζίοεεαϋσσ.
3831 5167 4398 5238 Ῠίάιρνσεοεᾰηᾱ.
4433 5168 4488 5223 2.

2926 5239 2990 5377 23
3025 5238 3595 5380 mm
3630 5305 3803 5377 (ορ...
3840 5304 3952 5361 ιχ.
3987 5304 4138 5374 645).
