4900 6125
647 417 780 479 343

649 603 897 670 vinitas
940 622 1074 669 non
1118 602 1397 687 patitur,
1443 603 1540 667 ita
1581 623 1705 670 nec
1749 603 2128 671 humanitas
2170 626 2456 689 quoque,
2504 605 2620 672 sed

650 689 869 755 homo.
958 688 1095 756 Sed
1137 690 1323 755 Deus
1378 688 1574 755 homo
1633 690 1844 757 factus
1899 691 2400 776 ipsissimusque
2454 691 2620 757 adeo

651 775 782 840 Dei
826 774 1004 841 filius
1049 775 1244 842 homo
1286 774 1536 854 factus,
1580 795 1781 842 carne
1824 798 1943 858 pro
1986 776 2362 844 carnalibus
2406 777 2620 843 homi·

651 859 850 925 nibus
895 869 1114 939 natus,
1158 882 1392 945 passus
1436 869 1502 926 et
1544 870 1846 927 mortuus
1888 869 2009 943 est,
2052 883 2235 930 more
2272 863 2616 929 hominum

649 966 773 1030 per
816 947 1075 1012 animae
1111 968 1151 1012 a
1186 966 1457 1029 corpore
1502 946 1938 1013 divulsionem
1983 949 2614 1033 separationemque.

655 1029 995 1110 „Verbum
1041 1033 1247 1114 enim,
1306 1031 1478 1115 quod
1526 1053 1678 1099 caro
1724 1034 1966 1099 factum
2014 1043 2147 1112 est,
2192 1042 2272 1100 ut
2317 1035 2620 1101 Hilarius

655 1116 888 1197 „dicit,
953 1117 1108 1184 licet
1150 1138 1220 1183 se
1263 1118 1550 1202 passioni
1597 1119 1996 1199 subdiderit,
2056 1141 2190 1186 non
2236 1129 2459 1186 tamen
2506 1121 2619 1186 de-

655 1211 1024 1282 „mutatum
1093 1225 1235 1270 esse
1314 1204 1746 1287 passibilitate
1813 1205 2126 1288 patiendi.
2237 1206 2411 1272 Nam
2481 1208 2620 1291 pati

655 1289 961 1372 „quidem
1009 1291 1226 1374 potuit
1267 1290 1606 1374 passione,
1653 1287 1767 1356 sed
1811 1291 2243 1374 passibilitate
2285 1293 2618 1377 passibilis

655 1396 840 1454 „esse
883 1396 1016 1440 non
1064 1376 1309 1460 potuit,
1370 1375 1525 1459 quia
1570 1377 1970 1460 passibilitas
2027 1387 2307 1443 naturae
2366 1379 2618 1444 infirmi

657 1460 1092 1545 „significatio
1136 1471 1255 1543 est,
1301 1463 1514 1545 passio
1560 1471 1783 1527 autem
1829 1470 1930 1528 est
1975 1483 2197 1529 eorum
2246 1486 2414 1546 quae
2461 1472 2620 1531 sunt

654 1546 879 1624 „illata
943 1548 1295 1631 perpessio,
1408 1546 1644 1630 Itaque
1709 1549 1865 1633 quia
1941 1546 2435 1615 indemutabilis
2517 1559 2621 1616 est

654 1630 900 1711 „Deus,
936 1654 1140 1715 quum
1178 1643 1398 1697 tamen
1435 1635 1708 1699 verbum
1746 1654 1897 1699 caro
1939 1634 2186 1700 factum
2223 1635 2328 1716 sit,
2366 1635 2615 1702 habue-

654 1727 856 1796 „runt
897 1718 969 1783 in
1014 1718 1157 1800 ipso
1200 1719 1537 1802 passiones
1580 1720 1929 1785 materiam
1975 1721 2118 1785 sine
2160 1720 2618 1804 passibilitatis

655 1803 1097 1882 „infirmitate.
1182 1805 1414 1870 Manet
1473 1805 1696 1888 itaque
1761 1804 2257 1872 indemutabilis
2301 1808 2502 1873 etiam
2547 1808 2617 1873 in

659 1891 1002 1973 „passione
1047 1899 1283 1955 natura
1326 1892 1539 1955 autori
1599 1912 1717 1955 sno
1761 1913 1893 1956 non
1954 1891 2339 1959 indifferens
2384 1906 2452 1958 et
2497 1895 2617 1958 ἰω-

660 1975 1030 2059 „passibilis
1089 1976 1412 2041 esseutiae
1456 1984 1615 2042 nata
1672 1975 2102 2042 substantia.“
2195 1979 2381 2045 Haec
2424 1979 2618 2044 Hila-

653 2062 812 2126 rius.
894 2061 1290 2126 Exiuanivit
1330 2063 1579 2128 scilicet
1635 2063 2079 2145 semetipsum,
2126 2066 2403 2130 formam
2441 2066 2618 2130 servi

656 2146 1014 2229 accipiens:
1079 2168 1245 2230 quae
1301 2147 1479 2213 enim
1538 2149 1899 2213 exinanitio
1943 2149 2155 2214 maior
2209 2171 2350 2216 esse
2406 2152 2623 2234 potuit

654 2252 851 2316 qnam
907 2234 974 2297 in
1036 2233 1338 2317 passione
1395 2241 1462 2298 et
1514 2245 1727 2298 morte
1783 2233 1968 2300 eius?
2055 2233 2192 2301 Sed
2237 2247 2459 2301 tumen
2504 2258 2619 2301 ex·

651 2318 944 2384 inanivit
999 2319 1261 2399 volens,
1329 2319 1586 2384 oblatus
1649 2319 1896 2385 scilicet
1963 2321 2120 2403 quia
2174 2321 2418 2401 voluit,
2488 2342 2619 2388 non

653 2413 886 2487 raptus
946 2413 1049 2470 est
1107 2404 1336 2469 nolens
1394 2401 1477 2469 ad
1534 2405 1962 2489 supplicium,
2029 2406 2142 2472 sed
2204 2418 2441 2490 sponte
2501 2429 2621 2473 sua

650 2490 964 2556 obediens
1008 2491 1136 2555 fuit
1181 2489 1261 2556 ad
1308 2499 1589 2556 mortem
1634 2493 1863 2557 crucis.

827 2576 906 2640 In
978 2576 1081 2641 bis
1147 2586 1367 2642 autem
1434 2577 1899 2643 controversiis
1971 2577 2136 2643 illud
2203 2578 2619 2662 potissimum

651 2661 1390 2746 Evangelico·papistae
1444 2683 1685 2746 urgere
1741 2673 1810 2727 et
1866 2663 2313 2729 amarulenter
2379 2684 2616 2747 expro-

651 2746 879 2824 brare,
963 2755 1104 2812 tum
1168 2747 1490 2813 insultare
1555 2769 1714 2832 erga
1779 2749 2306 2815 Antitrinitarios
2382 2750 2617 2827 solent,

652 2832 1102 2983 gluralitatem
1127 2832 1445 2912 Deorum,
1492 2854 1607 2898 seu
1648 2834 1810 2898 alias
1850 2844 1985 2901 tres
2015 2837 2189 2902 Deos
2232 2837 2393 2901 istos
2429 2855 2616 2919 prae-

703 2920 889 2985 'care.
980 2916 1204 3000 Quum
1253 2919 1429 2985 enim
1476 2940 1818 3003 expresse,
1863 2920 2174 2986 distincte
2219 2929 2289 2986 et
2330 2920 2619 2987 resolute

653 3007 1109 3085 confiteantur,
1153 3015 1410 3089 patrem
1445 3026 1589 3071 esse
1612 3004 1856 3086 Deum,
1901 3006 2109 3072 filium
2136 3007 2375 3085 Deum,
2420 3006 2616 3091 spiri-

654 3098 796 3157 tum
842 3113 1097 3175 quoque
1141 3104 1443 3157 sanctum
1489 3090 1741 3168 Deum,
1799 3115 1921 3159 nec
1965 3102 2184 3159 tamen
2229 3093 2424 3158 istam
2472 3114 2619 3176 per-

656 3198 968 3243 sonarum
1013 3177 1379 3242 trinitatem
1424 3177 1507 3242 ad
1543 3180 1865 3243 unitatem
1901 3180 2102 3244 unius
2134 3179 2265 3244 Dei
2308 3180 2618 3245 coniunc-

655 3264 781 3328 tim
840 3263 1061 3328 reduci
1119 3263 1491 3346 patiantur,
1555 3263 1726 3347 quod
1787 3264 2038 3329 scilicet
2095 3264 2494 3330 abhorreant
2538 3263 2620 3330 ab

657 3350 788 3414 ista
851 3348 1109 3432 phrasi,
1177 3360 1396 3432 pater,
1467 3348 1641 3415 filius
1687 3358 1755 3413 et
1814 3351 2085 3433 spiritus
2142 3362 2409 3416 sanctus
2463 3362 2621 3416 sunt

657 3456 830 3499 unus
895 3434 1109 3499 Deus:
1181 3446 1315 3499 tres
1378 3435 1557 3499 Deos
1623 3435 1786 3501 istos
1851 3436 2122 3500 omnino
2188 3436 2421 3501 colere.
2515 3435 2619 3500 Ad

657 3540 856 3604 quam
922 3518 1496 3603 exprobrationem
1566 3520 2190 3605 insultationemque
2254 3523 2347 3587 ita
2412 3521 2624 3586 altera

699 3626 807 3671 ars
852 3606 1249 3691 respondere
1293 3605 1486 3670 solita
1530 3616 1647 3671 est.
1719 3607 2059 3690 Principio
2096 3616 2174 3671 ut
2215 3615 2432 3672 taceat
2476 3628 2621 3671 mu-

650 3628 776 3757 lier
820 3693 891 3756 in
937 3691 1239 3768 ecclesia,
1298 3691 1791 3776 philosophicae
1835 3692 2086 3759 scilicet
2128 3701 2196 3756 et
2240 3691 2622 3759 dialecticae

652 3779 946 3843 rationes
991 3777 1081 3842 ibi
1126 3788 1402 3854 cessent,
1450 3779 1564 3843 ubi
1608 3780 1934 3861 scriptura
1969 3778 2143 3844 clare
2183 3778 2494 3861 loquitur,
2542 3778 2624 3844 de

659 3885 791 3928 uno
837 3864 980 3928 Deo
1035 3872 1254 3946 patre,
1323 3862 1404 3929 de
1463 3885 1595 3928 uno
1638 3864 1770 3930 Dei
1816 3864 1984 3943 filio,
2053 3863 2136 3929 de
2190 3884 2323 3929 uno
2382 3864 2620 3948 spiritu

658 3960 904 4014 sancto.
973 3949 1201 4033 Neque
1245 3950 1423 4013 enim
1468 3950 1760 4015 subiecta
1804 3959 1907 4015 est
1944 3950 2126 4014 verbi
2161 3950 2285 4014 Dei
2329 3950 2623 4032 potentia

656 4035 1001 4119 principiis
1054 4046 1120 4100 et
1178 4035 1786 4101 ratiocinationibus
1841 4034 2343 4119 philosophicis:
2400 4036 2619 4101 stulti-

658 4121 824 4187 tiam
903 4119 1209 4185 videlicet
1296 4121 1795 4203 praedicationis
1883 4121 2210 4205 evangelii
2295 4122 2623 4206 sapientia

659 4204 894 4273 mnndi
938 4206 1211 4290 respuit,
1256 4206 1428 4272 hanc
1473 4219 1694 4271 autem
1735 4206 1980 4271 iterum
2017 4205 2234 4290 perdit
2269 4215 2335 4271 et
2369 4208 2623 4289 respuit

659 4294 864 4359 Deus.
956 4293 1176 4373 Quam
1219 4291 1481 4375 quidem
1540 4312 1730 4358 suam
1789 4293 2281 4376 responsionem
2335 4292 2622 4358 fulciunt

662 4387 731 4444 et
773 4380 1171 4445 confirmant
1212 4378 1907 4443 accommodatissimis
1949 4388 2210 4461 patrum
2258 4379 2623 4445 sententiis.

658 4464 1176 4550 Ohrysostomus
1219 4464 1394 4531 clare
1449 4463 1697 4547 inquit:
1770 4463 2002 4541 „Unus
2045 4462 2232 4530 Deus
2276 4475 2493 4548 pater,
2553 4472 2622 4530 et

665 4572 874 4629 „unus
930 4550 1236 4616 dominus
1290 4558 1518 4614 noster
1573 4549 1762 4615 Iesus
1808 4548 2133 4616 Christus.
2222 4550 2330 4615 Ita
2373 4560 2441 4615 et
2494 4550 2622 4630 hic,

667 4657 877 4713 „unus
921 4645 990 4700 et
1034 4658 1206 4702 unus
1252 4656 1383 4700 non
1409 4636 1597 4719 ponit
1618 4634 1797 4700 duos.
1868 4636 2044 4718 Quia
2087 4636 2262 4701 enim
2302 4637 2622 4702 adversus

666 4722 1065 4801 „multorum
1133 4722 1425 4786 Deorum
1492 4719 1898 4805 disceptabat
1960 4742 2246 4800 errores,
2324 4744 2410 4788 ne
2474 4723 2623 4805 quis

666 4807 981 4887 „duorum
1022 4828 1299 4873 numero
1335 4808 1628 4872 Deorum
1665 4806 2157 4872 multitudinem
2194 4815 2462 4891 putaret
2518 4808 2620 4873 in-

667 4894 883 4973 „ferri,
929 4914 1102 4958 uuus
1145 4893 1364 4978 inquit
1405 4902 1470 4958 et
1514 4913 1709 4958 unus.
1803 4893 2008 4958 Vides
2050 4903 2299 4975 quanta
2342 4893 2618 4977 diligen-

666 4982 800 5058 „tia
854 4988 1232 5063 quantaque
1275 4978 1625 5063 vigilantia
1678 4979 2003 5063 scriptura
2066 4978 2444 5043 huiusmodi
2487 4979 2623 5046 col-

669 5066 876 5146 „locet
916 5062 1152 5130 verba:
1207 5064 1398 5130 Unus
1439 5065 1709 5148 quippe,
1754 5074 1823 5129 et
1865 5086 2073 5143 unus,
2130 5063 2261 5128 duo
2304 5073 2492 5130 sunt:
2553 5074 2623 5130 at

666 5172 836 5228 „non
881 5150 1060 5217 istud
1108 5149 1417 5229 dicimus,
1461 5151 1660 5215 etiam
1707 5150 1764 5215 si
1808 5150 1977 5214 ratio
2021 5148 2200 5215 istud
2240 5158 2616 5235 suggerat.“

661 5236 943 5302 ancam
986 5237 1208 5319 itaque
1264 5236 1375 5301 isti
1428 5234 1657 5302 dicunt
1709 5235 2031 5301 rationem
2075 5234 2435 5301 humanam
2478 5256 2622 5301 esse

657 5322 736 5387 in
778 5322 976 5388 rebus
1020 5320 1301 5387 divinis:
1366 5320 1676 5388 standum
1732 5342 1889 5405 ergo
1948 5328 2016 5386 et
2071 5320 2620 5405 acquiescendum

627 5754 1446 6108 1

2323 416 2793 484 EPISTOLA
2834 421 3030 505 4125,
3153 420 3167 503 j
4524 425 4607 486 34⁴

2722 613 2827 672 est
2881 607 2954 672 in
3012 605 3251 686 verbo,
3311 607 3481 690 quod
3536 605 3726 672 nobis
3781 630 3988 675 unum
4036 609 4292 684 Denm’‚
4347 619 4413 674 et
4460 631 4615 677 anun

2722 691 3149 758 mediatorem
3193 694 3519 776 proponit.

2895 777 3156 844 Deinde
3189 779 3594 862 respondent
3635 800 3786 846 cum
3823 780 4106 860 Hilario,
4151 802 4537 866 nequaquam
4568 806 4618 848 nc

2722 863 2883 928 duos
2920 865 3099 929 Deos
3143 863 3376 941 colere,
3424 864 3581 947 quia
3623 886 3753 931 non
3800 865 3965 932 dnos
4008 876 4251 950 patres,
4295 888 4415 933 nec
4450 868 4620 934 innas-

2720 948 2947 1016 cibiles
2990 971 3110 1015 seu
3165 950 3498 1035 ingenitos
3543 948 3734 1028 duos,
3792 953 3947 1034 quia
3989 954 4346 1019 autoritate
4397 954 4622 1019 innasci·

2720 1036 2994 1102 bilitatis
3051 1046 3122 1101 et
3175 1035 3580 1102 innascibilis
3638 1037 4045 1104 substantiae
4090 1039 4276 1105 Deus
4330 1060 4492 1105 unns
4537 1051 4624 1104 est.

2722 1120 2985 1187 Deinde
3044 1120 3212 1205 quod
3270 1143 3404 1187 una
3459 1121 3830 1188 substantia
3889 1144 4020 1189 non
4078 1124 4393 1191 differens
4449 1127 4626 1208 patris.

2720 1207 2844 1273 filii
2889 1215 2956 1273 et
2998 1208 3270 1291 spiritus
3315 1209 3551 1283 sancti,
3600 1208 3760 1275 haec
3802 1218 4026 1275 tamen
4071 1230 4202 1275 non
4242 1210 4495 1275 aliunde
4528 1213 4627 1275 nisi

2722 1313 2762 1357 a
2804 1305 3022 1376 patre:
3084 1292 3230 1358 ideo
3274 1303 3464 1375 pater
3504 1293 3682 1359 solus
3724 1293 3940 1374 Deus,
4000 1297 4155 1379 quia
4206 1296 4629 1362 innascibilitas

2721 1379 2861 1443 sola
2903 1400 3106 1462 penes
3164 1388 3420 1462 patrem
3466 1401 3672 1444 unum
3736 1381 3855 1446 sit:
3924 1381 4099 1447 filius
4158 1395 4383 1447 autem
4439 1380 4627 1448 idcireo

2722 1465 2936 1544 Deus,
3001 1465 3153 1548 quia
3195 1486 3280 1530 ex
3338 1465 3708 1530 innascibili
3765 1466 4138 1533 substantia
4182 1476 4379 1534 natus
4418 1468 4629 1533 existat

2719 1550 3057 1615 Formalia
3110 1562 3329 1615 autem
3392 1550 3595 1616 verba
3652 1551 3896 1617 Hilarii
3950 1551 4059 1618 lib.
4107 1552 4231 1619 IV.
4278 1565 4433 1618 sunt
4480 1553 4627 1618 haec:

2728 1635 2991 1714 „Unum
3038 1657 3180 1702 esse
3223 1634 3478 1715 Deum,
3525 1658 3610 1702 ex
3654 1658 3782 1720 quo
3826 1637 4075 1716 omnia,
4123 1660 4323 1704 unam
4370 1639 4633 1704 virtutem

2731 1721 3239 1801 „innascibilem,
3286 1731 3353 1788 et
3396 1744 3599 1787 unam
3644 1722 3815 1789 hanc
3861 1745 4004 1789 esse
4048 1724 4193 1789 sine
4234 1726 4425 1790 initio
4466 1737 4633 1808 potes-

2728 1817 3007 1885 „tatem‚
3066 1808 3179 1873 sed
3227 1829 3357 1873 non
3402 1829 3521 1891 per
3563 1807 3659 1887 id,
3702 1807 3875 1892 quod
3922 1811 4109 1876 Deus
4151 1832 4329 1877 unus
4372 1821 4493 1884 est,
4538 1809 4635 1875 Dei

2728 1893 2903 1971 „filio
2949 1891 3215 1970 accidit,
3278 1895 3508 1977 negari
3554 1915 3744 1976 posse
3787 1894 3958 1978 quod
4004 1896 4190 1961 Deus
4233 1905 4354 1962 est.
4440 1897 4637 1962 Mose·

2728 1999 3068 2061 „namque,
3114 1980 3219 2044 vel
3265 1980 3483 2063 potius
3529 1980 3714 2044 Deus
3759 2002 3876 2063 per
3896 1982 4177 2060 Moisen,
4224 1982 4464 2066 populo
4498 1993 4557 2047 et
4586 1985 4637 2046 in

2728 2067 3075 2149 „Aegypto
3118 2075 3187 2130 et
3229 2065 3299 2129 in
3344 2065 3602 2131 deserto
3657 2066 3851 2131 idolis
3894 2075 3963 2132 et
4006 2067 4312 2146 deorum,
4378 2079 4449 2133 ut
4488 2081 4639 2150 puta·

2729 2149 2959 2229 „bant-0,
3019 2150 3442 2234 religionibus
3507 2162 3822 2234 occupato
3876 2152 4001 2219 hoc
4058 2154 4408 2218 constituit
4445 2153 4639 2237 princi·

2729 2236 2915 2319 „pale
2959 2236 3365 2312 mandatum,
3412 2245 3487 2300 ut
3528 2257 3737 2301 unum
3785 2238 4002 2302 Deum
4048 2238 4380 2318 crederet,
4424 2249 4486 2304 et
4526 2260 4641 2302 vere

2728 2342 2845 2400 „ac
2887 2324 3122 2386 merito
3166 2322 3529 2400 constituit,
3575 2323 3770 2389 Unus
3815 2332 3918 2388 est
3960 2325 4135 2388 enim
4186 2325 4393 2402 Deus,
4437 2347 4513 2391 ex
4548 2346 4641 2406 quo

2730 2409 3005 2484 „omnia.
3087 2405 3221 2474 Sed
3269 2408 3633 2484 videamus,
3680 2428 3766 2473 an
3811 2408 3983 2473 idem
4022 2411 4288 2489 Moises‚
4336 2433 4485 2476 eum
4523 2432 4643 2493 quo·

2730 2514 2895 2575 „que
2940 2513 3059 2576 per
3114 2514 3309 2575 quem
3355 2495 3577 2558 omnia
3620 2504 3809 2573 sunt,
3870 2495 4086 2561 Deum
4150 2517 4297 2561 esse
4356 2497 4641 2566 consessus

2727 2579 2873 2659 „sit.
2963 2578 3116 2643 Non
3175 2578 3354 2643 enim
3412 2580 3587 2661 patri
3646 2580 3986 2658 adimitur,
4042 2581 4220 2664 qnod
4276 2581 4465 2648 Deus
4514 2603 4645 2646 unus

2729 2680 2897 2743 „est,
2954 2668 3108 2746 quia
3162 2674 3231 2730 et
3283 2665 3458 2729 filius
3516 2665 3701 2730 Deus
3758 2665 3863 2732 sit.
3954 2667 4080 2731 Est
4138 2667 4317 2732 enim
4367 2670 4539 2733 Deus
4586 2689 4643 2730 er

2732 2750 2945 2831 „De0,
3007 2771 3181 2815 unus
3226 2771 3311 2814 ex
3355 2771 3518 2828 uno,
3580 2750 3662 2816 ob
3709 2750 3775 2815 id
3822 2773 3997 2816 unus
4042 2753 4245 2832 Deus,
4292 2755 4449 2836 quia
4489 2776 4563 2819 ex
4596 2773 4643 2816 ee

2729 2836 2971 2914 „Deus.
3053 2835 3301 2900 Contra
3343 2857 3505 2900 vero
3549 2857 3679 2900 non
3726 2837 3950 2902 minus
3994 2858 4111 2920 per
4152 2838 4219 2901 id
4266 2840 4446 2904 filius
4488 2841 4643 2904 Deus

2729 2923 2923 3003 „quia
2977 2928 3166 3004 pater
3208 2921 3395 2988 Deus
3454 2942 3628 2987 unus
3687 2922 3792 2987 sit.
3881 2923 4009 2988 Est
4064 2923 4245 2988 enim
4306 2925 4643 3010 unigenitus

2729 3007 2944 3085 „filius
2989 3007 3113 3072 Dei
3163 3028 3298 3072 non
3355 3007 3793 3087 innascibilis,
3854 3017 3929 3073 ut
3980 3009 4156 3093 patri
4213 3008 4469 3077 adimat
4516 3007 4645 3095 quod

2728 3099 2956 3176 „pater
2998 3093 3187 3158 Deus
3232 3114 3407 3158 unus
3450 3095 3541 3159 sit
3584 3115 3798 3177 neque
3840 3094 4019 3159 aliud
4060 3096 4200 3178 ipse
4242 3118 4448 3179 quam
4484 3096 4643 3163 Dm

2732 3181 2924 3262 „quia
2966 3200 3049 3243 ex
3094 3177 3242 3243 Deo
3296 3188 3499 3245 natus
3553 3188 3713 3245 est.“
3805 3180 3898 3245 Et
3940 3180 4052 3246 lib.
4098 3180 4227 3246 III.
4274 3182 4458 3249 idem
4498 3181 4647 3247 Hila-

2724 3266 2892 3330 rius:
2962 3264 3218 3348 „Igitur
3258 3265 3535 3346 perfecti
3576 3265 3787 3349 patris
3832 3266 4162 3349 perfectus
4209 3267 4423 3345 filius,
4480 3282 4543 3333 et
4576 3269 4647 3330 in·

2729 3350 2974 3434 „geniti
3000 3348 3128 3414 Dei
3165 3351 3508 3433 unigenita
3545 3350 3911 3434 progenies,
3947 3353 4062 3434 qui
4097 3352 4178 3418 ab
4214 3374 4313 3427 eo,
4354 3356 4467 3437 qui
4496 3353 4649 3419 habet

2728 3435 3008 3515 „omnia,
3056 3437 3310 3518 accepit
3353 3437 3595 3514 omnia,
3643 3438 3827 3502 Deus
3869 3457 3910 3501 a
3947 3437 4114 3516 Deo,
4157 3438 4439 3520 spiritus
4480 3462 4517 3502 a
4550 3440 4649 3520 spi-

2731 3523 2934 3601 „ritu,
2994 3521 3219 3586 lumen
3266 3542 3306 3585 a
3348 3520 3611 3587 lumine.
3701 3522 4129 3588 Confidenter
4172 3525 4299 3590 ait:
4376 3527 4567 3591 Pater
4600 3526 4649 3587 ἰι

2728 3628 2891 3686 „me,
2937 3616 3006 3672 et
3049 3628 3172 3691 ego
3216 3608 3288 3671 in
3332 3616 3550 3690 patre,
3596 3608 3754 3690 quia
3798 3618 3874 3673 ut
3915 3608 4187 3691 spiritus
4230 3620 4444 3692 pater,
4488 3613 4571 3676 ita
4602 3622 4649 3673 ct

2728 3692 2942 3770 „filius
2997 3693 3301 3776 spiritus:
3367 3703 3444 3756 ut
3486 3693 3673 3758 Deus
3718 3704 3939 3775 pater,
4000 3696 4095 3758 ita
4137 3703 4207 3760 et
4251 3696 4433 3763 filius
4476 3698 4647 3762 Deus:

2729 3788 2844 3856 „ut
2897 3778 3119 3844 lumen
3165 3789 3379 3862 pater,
3436 3779 3532 3843 ita
3576 3786 3643 3843 et
3685 3779 3862 3843 filius
3916 3779 4161 3844 lumen.
4254 3782 4367 3847 Ex
4414 3784 4493 3847 iis
4530 3801 4649 3864 ergo

2729 3885 2935 3948 „quae
2977 3865 3050 3928 in
3093 3875 3278 3947 patre
3321 3874 3508 3941 sunt,
3556 3885 3636 3930 ea
3678 3865 3749 3929 in
3792 3865 4029 3948 quibus
4073 3875 4174 3930 est
4221 3865 4436 3943 filius.
4481 3867 4541 3932 id
4576 3878 4645 3929 est

2727 3970 2850 4028 „ex
2894 3959 3033 4015 toto
3076 3959 3268 4033 patre
3325 3958 3503 4015 totus
3547 3950 3723 4015 filius
3768 3959 3960 4016 natus
4014 3959 4148 4028 est,
4207 3973 4345 4018 non
4404 3954 4645 4018 aliunde.

2728 4037 2921 4119 „quia
2962 4036 3132 4101 nihil
3177 4044 3531 4118 antequam
3573 4035 3769 4101 filius.
3838 4035 3987 4100 Non
4033 4058 4115 4101 ex
4152 4037 4373 4105 nihilo
4411 4043 4555 4123 quia
4588 4058 4647 4099 ex

2731 4122 2912 4201 „Deo
2954 4122 3159 4187 filius:
3207 4142 3339 4186 non
3385 4120 3456 4185 in
3501 4131 3691 4205 patre
3735 4132 4050 4204 tanquam
4094 4123 4355 4190 scilicet
4396 4125 4563 4191 alind
4599 4124 4647 4186 in

2729 4207 2923 4285 „alio,
2981 4207 3329 4273 continens
3386 4207 3455 4270 iu
3512 4216 3850 4286 contento,
3909 4215 3986 4272 ut
4037 4207 4104 4272 in
4152 4209 4287 4274 fine
4330 4210 4487 4275 libri
4530 4208 4647 4272 VII.

2728 4292 2942 4370 „idem
2996 4292 3297 4357 Hilarius
3355 4289 3559 4358 addit.
3651 4290 3828 4374 Quia
3882 4289 4225 4376 plenitudo
4292 4295 4550 4363 deitatis
4600 4296 4647 4359 in

2728 4377 2901 4455 „filio
2945 4398 3154 4462 neque
3197 4379 3267 4442 in
3313 4377 3664 4460 aliquibus,
3725 4378 3883 4461 quia
3938 4380 4003 4443 in
4050 4380 4399 4459 omnibus,
4458 4382 4561 4447 sed
4594 4394 4647 4443 uz

2728 4463 3006 4541 „voluit,
3070 4464 3184 4547 qui
3248 4463 3461 4547 potuit
3513 4483 3590 4528 eo
3655 4464 3904 4529 scilicet
3960 4464 4182 4541 modo,
4250 4480 4335 4531 ut
4398 4468 4519 4535 scit
4566 4464 4647 4549 qui

2732 4550 3012 4634 „genuit
3099 4547 3291 4630 Quod
3335 4550 3406 4613 in
3453 4559 3641 4631 patre
3684 4558 3802 4627 est,
3849 4550 3973 4615 hoo
4016 4551 4087 4615 in
4134 4550 4276 4616 filio
4326 4564 4455 4618 est:
4509 4550 4645 4635 quod

2730 4637 2839 4713 „in
2873 4635 3188 4719 ingenito,
3224 4633 3351 4699 hoo
3384 4642 3453 4699 et
3484 4634 3558 4699 in
3595 4637 3934 4721 unigenito
3970 4645 4104 4702 est:
4149 4636 4331 4702 alter
4352 4640 4435 4705 ab
4463 4639 4645 4705 altem.

2729 4732 2833 4797 „et
2868 4730 3145 4804 uterque
3180 4742 3407 4797 unum,
3454 4741 3589 4785 non
3634 4721 3762 4786 duo
3797 4742 4004 4786 unus:
4050 4721 4165 4786 sed
4204 4723 4384 4790 alins
4426 4728 4491 4790 in
4530 4724 4643 4791 alin.

2726 4807 2920 4891 „quia
2963 4828 3095 4872 non
3139 4804 3318 4872 aliud
3362 4807 3432 4871 in
3477 4816 3790 4891 utroque:
3845 4817 4032 4890 pater
4076 4809 4145 4872 in
4190 4809 4366 4887 filio,
4409 4811 4551 4895 quia
4582 4828 4643 4871 ex

2730 4914 2844 4973 „eo
2899 4891 3106 4958 filius:
3172 4892 3349 4957 filius
3407 4894 3477 4956 in
3535 4903 3722 4975 patre
3779 4893 3932 4976 qnia
3985 4914 4117 4958 non
4185 4895 4459 4961 aliunde
4505 4892 4641 4978 quod

2725 4978 2971 5057 „filiusz
3038 4978 3416 5062 unigenitus
3480 4977 3546 5042 iu
3614 4979 3950 5064 ingenito:
4016 4980 4173 5063 quia
4236 4982 4327 5047 ab
4394 4982 4641 5066 ingenito

2726 5065 3180 5148 „unigenitum
3241 5064 3334 5128 ita
3389 5065 3458 5128 in
3513 5086 3585 5129 se
3643 5066 3959 5131 invicem:
4022 5067 4178 5148 quia
4222 5077 4304 5131 nt
4348 5069 4557 5134 omnia
4588 5068 4639 5129 ia

2727 5149 3062 5235 „ingenito
3104 5158 3294 5233 patre
3349 5148 3643 5233 perfecta
3684 5160 3870 5228 sunt,
3930 5151 4023 5216 ita
4067 5152 4295 5216 omnia
4338 5156 4405 5219 in
4448 5154 4635 5235 nn'go·

2730 5237 2909 5316 „nito
2972 5235 3109 5300 filio
3174 5236 3462 5318 perfecta
3522 5243 3699 5301 sunt.
3788 5235 3972 5301 Haec
4037 5238 4111 5301 in
4168 5246 4367 5320 patre
4420 5250 4483 5306 et
4528 5236 4635 5303 ab

2727 5322 3012 5401 „unitas,
3053 5320 3216 5387 haec
3258 5322 3502 5401 virtus,
3547 5321 3709 5388 haec
3752 5323 4023 5402 caritas,
4072 5322 4236 5389 haec
4286 5324 4475 5403 fido,
4510 5322 4633 5388 ha
