4900 6125
284 375 381 434 141

431 554 756 635 Madame,
793 575 986 640 apres
1007 560 1253 621 mestre
1268 552 1734 621 humblement
1752 553 2215 623 recommande

278 664 315 708 a
373 648 587 710 vostre
663 640 883 708 bonne
959 660 1174 727 grace,
1244 641 1317 725 je
1391 638 1772 727 supplieray
1815 646 2042 708 nostre
2083 639 2215 707 bon

277 727 439 795 Dieu
485 747 653 794 vous
693 726 998 794 fcrtiffier
1040 726 1122 793 de
1170 745 1248 793 sa
1300 733 1515 806 vertu,
1570 746 1735 793 vous
1785 726 1972 796 avoir
2011 747 2099 793 eu
2141 745 2219 794 sa

273 813 638 900 protection,
702 819 772 880 et
809 833 979 880 vous
1020 811 1371 880 accroistre
1413 833 1497 878 en
1543 819 1686 878 tout
1727 811 1882 880 bien
1918 818 1988 880 et
2027 831 2218 897 pros-

274 900 485 986 perite.
559 899 666 966 De
701 897 994 980 Geneve,
1037 917 1114 966 ce
1149 902 1307 964 28¹³·
1348 896 1606 965 d’aoust
1651 901 1835 964 1563.

1145 1462 1338 1534 4⁰14.

780 1631 1255 1703 GALVINUS
1300 1631 1701 1701 ZANCHO.

430 1803 808 1873 Diues-eum
862 1806 2219 1890 eiuspraevidensquomodopueromi-

263 1890 1348 1976 damsibicouoreditoproepioer
1346 1892 2216 1977 eminoepoteriteqaonit.

527 2080 642 2151 (Ex
678 2079 852 2137 Temo
888 2079 1041 2137 vm.
1077 2080 1217 2152 Opp.
1254 2081 1458 2137 Zanchi
1502 2082 1562 2137 Ρ.
1596 2081 1671 2138 11.
1704 2099 1763 2153 p.
1798 2079 1944 2150 154.)

423 2251 851 2337 'tempestive
904 2252 1145 2321 accidit
1186 2262 1263 2320 ut
1315 2264 1383 2320 te
1427 2253 1659 2321 balbus
1702 2252 2024 2321 disertum
2065 2253 2216 2322 red·

252 2335 453 2404 deret.
484 2343 541 2415 ¹)
629 2338 918 2406 Necesse
970 2339 1150 2406 enim
1202 2340 1333 2405 fuit
1390 2340 1565 2424 quod
1632 2338 1753 2407 tibi
1795 2341 2078 2407 extorsit
2116 2340 2218 2407 in-

249 2442 466 2508 genue
509 2424 717 2491 semel
749 2426 1065 2509 profiteri.
1137 2424 1633 2510 Qualiscunque
1782 2434 1977 2492 uetur
2010 2446 2214 2493 even-

248 2517 372 2588 tus,
435 2531 577 2577 non
622 2517 726 2575 est
782 2518 1008 2578 tamen
1064 2532 1186 2579 cur
1241 2521 1310 2577 te
1348 2513 1712 2596 importuni
1813 2512 2054 2579 ominis
2102 2511 2213 2579 vel

288 2596 628 2664 roterviae
671 2595 781 2662 vel
824 2597 1158 2664 versutiae
1198 2599 1462 2665 obviam
1495 2598 1698 2665 ivisse
1730 2599 2080 2682 poeniteat,
2124 2618 2213 2663 ne

365 2701 691 2765 oppressa
745 2682 1029 2749 veritate
1080 2683 1501 2769 triumphum
1667 2693 1790 2764 ret,
1853 2683 2028 2768 quod
2069 2703 2211 2751 cer-

240 2773 389 2832 tum
431 2777 543 2834 est
584 2789 675 2834 ex
716 2767 980 2835 silentio
1035 2778 1153 2836 tuo
1195 2778 1512 2854 captasse.
1667 2776 1852 2836 terea
1902 2770 1961 2838 si
1992 2769 2211 2837 infeli-

241 2852 407 2919 citer
462 2855 880 2934 successerit,
934 2855 1199 2922 scholae
1253 2855 1411 2922 olim
1468 2856 1974 2922 florentissimae
2016 2854 2209 2923 dissi-

236 2939 420 3020 patio
483 2959 599 3006 me
652 2940 855 3025 angit
926 2938 1064 3007 Sed
1106 2949 1410 3008 nostrum
1456 2951 1577 3020 est,
1636 2943 1747 3008 ubi
1802 2941 2016 3008 officio
2141 2962 2207 3006 r·

236 3023 455 3094 functi
500 3045 754 3105 sumus,
798 3026 929 3092 Dei
971 3026 1239 3094 consilio
1278 3027 1707 3111 acquiescere.
1788 2962 2212 3094 Hobmcffim

234 3110 445 3177 etiam
492 3119 800 3179 nostrum
842 3110 1016 3195 quod
1060 3112 1259 3178 simul
1388 3132 1658 3197 gressus
1699 3120 1819 3192 est,
1863 3133 1993 3197 quo
2033 3114 2210 3180 inso-

232 3195 489 3263 lentius
552 3218 627 3264 se
682 3197 902 3275 iactat,
960 3218 1083 3265 sua
1141 3219 1340 3282 super
1382 3199 1468 3280 ia,
1525 3206 1600 3264 ut
1640 3219 1851 3282 spero,
1894 3219 2211 3284 praeceps

356 3290 493 3349 tur.
597 3282 793 3364 Quod
848 3282 971 3349 tibi
1025 3282 1449 3369 migrandum
1528 3284 1672 3363 erit,
1753 3305 1959 3369 puero
2013 3305 2211 3369 quem

308 3390 503 3447 ucas,
567 3389 691 3453 ego
748 3375 818 3435 et
856 3367 1034 3436 Besa
1092 3377 1514 3454 prospectum
1556 3371 1986 3438 vehementer
2028 3371 2211 3456 cupi-

227 3474 411 3520 mus:
459 3454 701 3538 loquor
735 3453 818 3521 de
852 3455 988 3520 filio
1007 3455 1094 3522 D.
1120 3455 1367 3535 Mod-eii,
1385 3460 1442 3535 ²)
1483 3478 1681 3540 quem
1722 3463 1913 3540 pater
1953 3464 2211 3524 vestra-

224 3561 381 3606 rum
444 3539 807 3607 turbarum
863 3542 1139 3626 ignarus
1195 3562 1408 3626 nuper
1461 3541 1653 3608 nobis
1707 3542 2208 3610 commendavit.

227 3625 323 3691 Et
378 3628 544 3693 eius
607 3635 859 3711 rogatu,
920 3627 1227 3711 quamvis
1290 3648 1398 3694 res
1442 3627 1620 3713 apud
1666 3649 1779 3695 vos
1819 3628 2213 3713 tranquillae

224 3722 481 3793 essent,
538 3712 1416 3799 eramusadtescripturi.
1503 3713 1633 3780 Vir
1689 3715 1903 3781 estin
2058 3737 2213 3783 rac

225 3798 580 3877 cordatus,
635 3818 955 3883 generoso
1015 3800 1238 3865 animo
1301 3808 1370 3865 et
1402 3820 1524 3883 pro
1566 3799 1705 3867 suis
1754 3801 1826 3866 in
1867 3822 1979 3869 ecc
2006 3801 2212 3868 esiam

222 3884 475 3952 officiis
526 3883 775 3969 dignus
830 3884 937 3950 cui
974 3883 1195 3952 studia
1236 3906 1362 3951 sua
1403 3886 1497 3970 pii
1539 3905 1769 3953 omnes
1806 3886 2208 3971 impendant.

219 3969 415 4055 Ergo
452 3970 521 4037 si
559 3969 807 4036 isthinc
840 3968 1155 4052 discedas,
1199 3991 1478 4053 puerum
1508 3971 1847 4057 negligere
1867 3972 2054 4039 nefas
2087 3992 2209 4038 no·

220 4055 326 4123 bis
380 4063 596 4123 esset.
675 4053 865 4121 Nihil
921 4064 1141 4122 autem
1184 4055 1426 4122 melius
1460 4058 1846 4141 reperimus,
1891 4079 2089 4142 quam
2134 4066 2212 4124 ut

216 4141 609 4209 Heidelber
819 4142 1044 4209 mittas
1086 4142 1171 4207 ad
1216 4142 1688 4224 Immanuelem,
1731 4143 1842 4210 vel
1948 4144 1961 4157 '

216 4236 455 4296 tecum
478 4232 547 4303 ⁸)
637 4227 898 4307 educas,
943 4235 1012 4294 et
1054 4227 1229 4312 apud
1277 4228 1695 4296 Gualthemm
1753 4236 2053 4296 nostrum
2096 4229 2211 4296 de-

213 4334 460 4396 ponas,
536 4314 651 4397 qui
713 4312 999 4380 libenter
1054 4314 1227 4381 hanc
1302 4333 1534 4380 curam
1591 4314 1922 4401 suscipiet.
2024 4314 2211 4382 Nihil

212 4401 401 4482 patri
437 4400 711 4485 gratius
743 4400 887 4465 fore
920 4397 1319 4484 spondemus
1352 4420 1549 4485 quam
1582 4401 1642 4467 si
1673 4400 1947 4468 consilio
1980 4409 2210 4468 nostro

211 4484 674 4569 obtemperes.
746 4483 938 4562 Vale,
975 4485 1217 4553 eximie
1249 4487 1357 4553 vir
1391 4494 1460 4552 et
1492 4484 1659 4553 mihi
1691 4485 1961 4554 colende
1980 4486 2206 4554 frater.

212 4571 302 4636 D.
357 4570 666 4638 &samio
726 4580 797 4636 et
852 4570 1207 4639 Holbraoho
1267 4571 1550 4639 multam
1612 4572 1893 4639 salutem
1954 4593 2207 4658 precor.

210 4655 405 4739 Quia
468 4655 748 4723 videtur
804 4657 1039 4742 regina
1091 4656 1175 4723 ad
1239 4656 1556 4725 fovendas
1599 4666 1863 4725 nostras
1904 4659 2211 4727 ecclesias

204 4945 893 5071 malgmdlhddtad
943 4948 1485 5073 “ffi-W.Z·
1542 4954 1874 5007 nmo-nat
1916 4948 1998 5005 N.
2048 4948 2205 5004 39⁷1.

196 5014 510 5142 ἔξω
577 5056 588 5067 ⁰
667 5013 1228 5142 &summas-‘ussa
1318 5016 2208 5087 doeoe’mmm

200 5152 2202 5349 „jssffiwawm„mm

1965 368 2132 433 1563
2177 361 2575 435 AUGUST.

2275 1629 2287 1670 l

4159 367 4282 432 142

2317 551 2491 620 serio
2566 551 2864 620 animum
2941 549 3251 619 adiicere:
3335 551 3395 619 si
3789 548 4279 634 respirabimus.

2316 635 2651 706 Dominus
2693 644 2760 704 te
2790 637 3188 705 incolumem
3222 644 3464 717 servet,
3505 635 3747 722 spu-itu
3781 656 3905 704 suo
3938 635 4282 721 gubernet,

2316 724 2565 792 virtute
2607 722 2854 791 faeiat.
2928 722 3246 791 senem
3278 730 3340 789 4.
3377 722 3520 790 eal.
3557 719 3894 807 Septemb.
3947 724 4132 788 1563.

3218 1269 3409 1340 4o15.

2809 1423 3286 1493 CALVINUS
3331 1422 3798 1494 SARNIOIO.

2491 1594 3080 1663 AdBlandratam
3143 1617 3287 1681 erqo
3349 1595 3982 1663 mncLismamms
4043 1616 4280 1681 quoque

2318 1683 2595 1750 transiit.
2702 1681 2897 1765 Quom
2958 1702 3115 1748 novo
3176 1683 3409 1766 scripto
3473 1682 3806 1766 siqalatim
3868 1683 4146 1766 refutare
4215 1685 4280 1751 si

2317 1770 2660 1853 susciperet
2699 1768 3233 1852 operaepretium
3273 1788 3342 1834 se
3379 1768 4107 1852 facturumnonpndat.

2313 1941 2435 2010 (Aa
2482 1956 2672 1995 manus
2720 1945 2882 1995 erant
2924 1947 3151 2011 praeter
3195 1939 3632 2010 antiquissimum
3668 1938 3953 1995 lenvillaei
3998 1940 4280 2010 exemplar

2316 2011 2375 2065 in
2409 2009 2542 2066 cod.
2578 2009 2784 2064 Geuev.
2822 2007 2968 2077 10⁷⁸,
2999 2008 3094 2063 fol.
3129 2006 3251 2077 271,
3285 2009 3591 2064 recentiora
3618 2007 3752 2063 Ood.
3786 2008 3994 2064 Genev.
4029 2008 4149 2080 119,
4181 2009 4277 2064 sol.

2316 2076 2402 2147 58,
2449 2077 2581 2135 Cod.
2625 2078 2801 2134 Paris.
2834 2077 2998 2148 Dupu
3084 2075 3188 2130 102
3241 2077 3335 2131 sol.
3368 2075 3457 2147 26,
3505 2076 3635 2132 Cod.
3675 2078 3971 2133 Bernensis
4019 2078 4162 2149 Epp.
4212 2077 4278 2135 Τ.

2837 2146 2927 2202 VI.
2961 2095 3102 2201 1³19
3137 2153 3195 2200 et
3229 2146 3444 2202 Simleri
3479 2145 3610 2200 Vol.
3652 2145 3796 2213 108.)

2314 2319 2586 2386 Eximio
2629 2326 2697 2385 et
2737 2317 2917 2384 fideli
2960 2316 3216 2385 Christi
3259 2338 3451 2385 servo
3485 2318 3570 2384 D.
3610 2316 3947 2385 Stam'slao
3982 2315 4281 2384 Sarnicio

2655 2405 2848 2470 fratri
2890 2411 2959 2471 et
3000 2413 3408 2489 symmystae
3447 2404 3612 2469 mihi
3656 2402 3945 2471 colendo.

2491 2575 2563 2643 S.
2651 2576 2835 2661 Ergo
2906 2576 3032 2642 hoc
3104 2582 3366 2661 tempus
3425 2584 3528 2643 est
3583 2578 3794 2644 seriae
3851 2574 4251 2661 probationis
4265 2601 4285 2642 .-

2312 2663 2501 2730 Deus
2543 2665 2638 2730 ita
2679 2661 2921 2745 ubique
2955 2659 3248 2728 habenas
3281 2660 3574 2729 Satanae
3609 2664 3810 2731 laxat.
3884 2661 3993 2729 De
4013 2661 4083 2727 lu
4177 2662 4279 2732 bri

2313 2749 2579 2817 Galliae
2620 2756 2889 2814 nostrae
2932 2755 3113 2814 statu
3154 2749 3273 2814 vix
3316 2746 3526 2815 audeo
3562 2749 3764 2816 verba
3797 2749 4030 2815 facere.
4168 2769 4278 2815 am

2311 2843 2462 2920 post
2493 2836 2881 2900 innumeras
2914 2841 3187 2919 strages,
3248 2833 3513 2900 urbium
3572 2834 3971 2919 direptiones
4014 2841 4081 2900 et
4125 2855 4278 2918 pro·

2312 2922 2568 2987 miscua
2608 2919 2958 2985 latrocinia
3000 2919 3225 2986 hostes
3268 2919 3600 3003 evangelii
3640 2941 3776 2986 non
3820 2921 4047 2986 minus
4090 2928 4280 3006 petu-

2311 3006 2532 3074 lanter
2600 3026 2799 3091 quam
2858 3004 2942 3073 ab
2990 3006 3182 3072 initio
3235 3005 3496 3073 saevire
3552 3013 3857 3092 pergunt.
3962 3004 4282 3088 Quaesita

2310 3094 2435 3161 fuit
2477 3090 2867 3178 pacificandi
2929 3092 3118 3172 ratio,
3175 3092 3292 3159 sed
3346 3093 3524 3179 regis
3579 3093 3904 3160 autoritas
3969 3115 4011 3158 a
4050 3091 4280 3159 multis

2312 3179 2669 3265 spernitur,
2742 3199 2864 3246 nec
2933 3178 3090 3244 finis
3148 3187 3422 3262 apparet
3473 3178 3681 3245 donec
3737 3180 3941 3245 armis
3989 3177 4280 3245 cohibita

2311 3265 2516 3332 fuerit
2580 3272 2776 3349 atque
2842 3263 3005 3330 adeo
3069 3264 3340 3332 subacta
3401 3263 3719 3332 adversae
3780 3264 3990 3349 partis
4041 3262 4275 3332 rabies.

2311 3351 2581 3418 Interea
2622 3372 2741 3435 per
2782 3356 2991 3417 totam
3036 3350 3473 3416 Germaniam
3511 3351 3740 3417 turbas
3782 3351 4117 3418 concitant
4158 3350 4278 3418 ho-

2312 3438 2527 3505 mines
2572 3438 2664 3503 im
2753 3436 2935 3503 rtuni
2981 3443 3059 3502 ut
3100 3455 3337 3519 puram
3377 3434 3744 3503 doctrinam
3786 3435 4179 3503 adulterent.

2484 3525 2639 3607 Apu
2758 3542 2899 3601 vos,
2972 3532 3322 3607 postquam
3391 3520 3744 3590 &aucam
3806 3521 4070 3588 nullum
4137 3541 4278 3588 non

2310 3610 2528 3676 movit
2562 3607 2849 3693 lapidem
2871 3615 2946 3674 ut
2979 3609 3203 3673 omnia
3221 3606 3536 3687 turbaret,
3573 3628 3657 3673 ex
3680 3630 3718 3674 o
3765 3609 3974 3692 posito
4009 3608 4281 3674 emersit

2311 3696 2699 3775 Blandrata,
2785 3694 2857 3759 ui
2891 3692 3178 3779 primum
3212 3694 3551 3778 religionis
3584 3694 3704 3759 fun
3750 3705 4088 3760 amentum
4123 3715 4276 3762 con·

2311 3781 2606 3849 velleret.
2785 3801 2859 3847 ee
2931 3800 3093 3845 vero
3157 3779 3438 3847 miratus
3503 3796 3673 3860 sum,
3738 3779 4075 3845 hominem
4138 3801 4277 3846 non

2312 3876 2573 3933 tantum
2615 3868 2634 3949 Ι
2681 3886 2840 3932 ravo
2905 3864 3021 3932 sed
3086 3864 3341 3948 perdito
3404 3865 3675 3951 ingenio
3733 3864 3912 3951 apud
3955 3886 4096 3946 vos,
4159 3865 4276 3932 ubi

2309 3952 2464 4037 plus
2503 3960 2606 4020 est
2676 3952 2969 4032 ‘centiae,
3013 3950 3188 4017 idem
3233 3951 3448 4016 moliri
3483 3951 3658 4035 quod
3688 3951 3798 4018 hie
3832 3971 4093 4036 quoque
4127 3958 4274 4017 ten·

2311 4049 2588 4107 taverat.
2660 4037 2918 4103 Verum
2960 4037 3076 4104 ubi
3111 4058 3194 4104 ex
3229 4037 3442 4104 literis
3476 4037 3610 4104 tuis
3644 4037 3925 4123 cognovi
3960 4057 4275 4123 magnam

2311 4126 2659 4192 hominum
2724 4124 2987 4190 turbam
3053 4121 3138 4189 ab
3201 4122 3318 4189 illa
3380 4122 3557 4190 furia
3618 4132 3891 4207 repente
3933 4123 4273 4208 abreptam

2310 4232 2475 4291 esse,
2519 4210 2945 4280 vehementer
3001 4208 3098 4275 fui
3138 4208 3501 4292 perculsus.
3581 4208 3811 4293 Nuper
3857 4229 4063 4292 quum
4106 4209 4274 4273 mihi

2310 4297 2532 4364 oblata
2566 4303 2741 4364 esset
2769 4293 2996 4362 tabula
3017 4293 3360 4380 quaedam,
3385 4299 3439 4378 ¹)
3473 4295 3548 4361 in
3581 4316 3711 4378 qua
3733 4293 4046 4362 Christus
4074 4294 4274 4360 fiebat

2310 4382 2721 4449 adventitius
2774 4382 2994 4450 nescio
3051 4382 3199 4464 quis
3257 4380 3437 4460 deus,
3473 4380 4008 4447 Admonitionem
4064 4379 4272 4463 scrip·

2310 4489 2547 4549 seram,
2565 4470 2626 4553 2)
2689 4488 2861 4552 quae
2892 4468 3024 4533 iam
3059 4477 3136 4532 ut
3168 4487 3361 4550 spero
3396 4464 3480 4532 ad
3513 4488 3633 4533 vos
3666 4467 3985 4552 pervenit.
4055 4464 4272 4545 Nunc,

2310 4563 2390 4621 ut
2421 4554 2722 4641 gliscenti
2759 4553 2832 4619 in
2867 4552 3006 4619 dies
3060 4551 3237 4617 malo
3281 4551 3529 4636 aliquid
3566 4551 3840 4618 remedii
3876 4552 4114 4618 afferre
4147 4552 4271 4617 ite-

2310 4661 2465 4707 rum
2528 4639 2884 4718 studerem,
2949 4644 3180 4705 sancta
3243 4646 3360 4704 tua
3422 4637 3888 4705 exhortatione
3944 4637 4271 4705 adductus

2310 4747 2480 4793 sum.
2551 4726 2828 4794 Utinam
2860 4743 3000 4791 non
3033 4722 3477 4790 infructuosus
3511 4725 3599 4790 sit
3631 4723 3845 4789 labor!
3920 4722 4119 4805 Quod
4153 4743 4270 4788 au-

2309 4819 2444 4879 tem
2485 4820 2630 4879 tam
2692 4810 2931 4879 acriter
2972 4808 3312 4876 contendis
3354 4818 3430 4875 ut
3471 4809 3701 4875 stilum
3745 4816 3976 4875 contra
4011 4808 4267 4874 Lisma-

2304 4900 2535 4966 ninum
2565 4898 2975 4983 stringam‚⁸)
3009 4896 3291 4980 ignosce,
3327 4894 3596 4963 colende
3629 4895 3850 4974 frater,
3888 4896 3945 4960 si
3968 4901 4122 4960 voto
4152 4900 4268 4959 tuo

2308 5086 2496 5142 4015.
2525 5086 2582 5221 l?
2619 5085 2785 5155 Gna.
2823 5083 2994 5141 Paulo·
3022 5083 3280 5152 (Heberle
3311 5086 3375 5138 in
3419 5081 3552 5165 Tqb.
3587 5081 3697 5139 ΖΒ.
3732 5080 3885 5150 1840,
3897 5098 3971 5205 B.
4007 5080 4154 5148 182).

2513 5154 2549 5208 2
2734 5195 2755 5238 .·
2791 5152 2894 5236 125.
2928 5151 3050 5209 633.
3121 5151 3373 5223 Prolem.
3404 5152 3546 5208 aelw.
3579 5151 3650 5218 q‘.
3689 5151 3756 5205 N.
3792 5150 3897 5206 891
4047 5220 4058 5232 ·
4233 5219 4244 5230 ι

2306 5219 3176 5364 N·3)··⁸}⁸”⁸N‘³⁹⁸⁸
3376 5217 4264 5292 loquuw.Anr-ocmuoralo-
