4900 6125
272 428 397 493 453

273 611 618 690 invideam,
654 612 750 678 ita
782 619 1005 678 tamen
1040 617 1117 677 ut
1136 611 1323 678 vobis
1348 607 1510 676 nihil
1537 610 1908 679 decrescere
1940 613 2219 696 cupiam.

274 697 408 767 Sed
448 718 607 764 sane
648 698 888 765 misere
942 697 1285 764 nobiscum
1330 696 1580 781 agitur,
1638 698 1732 763 ita
1783 698 2056 783 inquam
2098 698 2223 764 mi-

274 805 415 852 sere
478 792 557 848 ut
619 805 749 849 non
814 783 1091 849 habeam
1158 781 1330 866 quod
1395 802 1672 866 sperem.
1782 784 2057 852 Certum
2123 793 2225 850 est

273 871 457 937 nobis
512 870 586 935 in
641 867 891 954 synodo
946 877 1096 956 (nos
1151 865 1437 952 capitula
1482 869 1817 954 vocamus)
1861 871 2081 953 potius
2122 869 2224 935 ul-

273 957 433 1021 tima
489 955 625 1039 pati
688 974 884 1038 quam
941 963 1020 1019 ut
1082 954 1285 1018 istum
1350 963 1650 1036 apertum
1694 955 2224 1039 Epicureismum

271 1043 573 1108 feramus.
641 1039 821 1122 Quid
862 1040 1160 1105 futurum
1202 1039 1293 1103 sit
1332 1047 1519 1122 potes
1553 1041 1942 1124 prospicere,
1986 1062 2225 1125 nempe

273 1135 347 1193 ιιι
386 1125 497 1193 vel
540 1127 868 1193 Dominus
912 1123 1116 1210 (quod
1159 1125 1409 1190 utinam
1454 1125 1599 1211 flat)
1643 1126 1925 1192 istorum
1968 1127 2226 1193 animos

269 1221 538 1296 repente
580 1213 901 1289 immutet,
947 1209 1052 1276 vel
1096 1209 1368 1294 impleta
1401 1230 1715 1276 mensura
1747 1213 1917 1278 iram
1951 1212 2226 1279 Domini

273 1299 644 1365 subeamus.
746 1295 1036 1362 Habebis
1099 1317 1219 1361 nos
1280 1295 1488 1380 igitur
1542 1317 1693 1362 cum
1752 1306 1891 1363 tota
1954 1297 2228 1365 ecclesia

270 1382 758 1450 commendatos
813 1385 885 1447 in
941 1381 1074 1447 tuis
1127 1381 1458 1465 precibus,
1512 1382 1725 1448 multo
1776 1404 1844 1449 m
1934 1384 1987 1449 's
2030 1404 2227 1467 quam

267 1490 563 1553 unquam
606 1476 834 1547 antea,
894 1476 969 1532 ut
1015 1475 1084 1533 et
1124 1467 1312 1534 nobis
1355 1469 1727 1533 const-antia
1769 1481 1835 1535 et
1878 1470 1902 1533 i
1959 1470 2012 1535 ’s
2057 1469 2228 1535 bona

269 1575 456 1621 mens
496 1553 795 1621 donetur.

437 1640 523 1705 In
580 1640 726 1706 istis
784 1638 1281 1724 cogitationibus
1328 1639 1622 1704 nondum
1668 1641 1881 1723 potuit
1922 1641 2228 1707 invenire

267 1725 486 1792 locum
528 1734 753 1792 noster
792 1725 1282 1792 Passavantius.
1301 1728 1350 1802 ¹)
1417 1723 1780 1808 Sperabam
1824 1737 2045 1793 tamen
2090 1728 2229 1792 fore

267 1820 342 1877 ut
395 1812 597 1897 legati
642 1811 850 1877 vestri
904 1810 1077 1875 laeto
1133 1809 1353 1893 aliquo
1398 1811 1642 1877 nuncio
1687 1833 1809 1877 nos
1861 1813 1958 1878 ita
2000 1814 2227 1879 refice-

270 1906 417 1962 rent
463 1908 541 1963 ut
595 1898 887 1981 gestiens
941 1896 1201 1962 animus
1258 1894 1507 1978 aliquid
1561 1906 1946 1982 suggereret
1987 1899 2228 1964 Passa-

267 1983 492 2048 vantio
547 2004 679 2048 non
744 1982 1110 2067 indignum.
1198 1980 1336 2047 Sed
1399 2002 1614 2063 neque
1680 1983 1805 2049 hac
1869 1984 2228 2068 praeterire

264 2068 640 2148 voluerunt,
683 2088 915 2151 neque,
951 2066 1123 2151 quod
1156 2066 1394 2132 saltem
1423 2087 1464 2131 a
1488 2067 1737 2144 Ross.2)
1779 2091 1813 2134 s
1861 2070 2226 2148 orabamus,

265 2154 378 2237 qui
421 2153 570 2220 aliis
615 2152 696 2219 de
752 2151 949 2219 rebus
1006 2152 1170 2219 satis
1227 2153 1488 2237 copiose
1531 2152 1615 2219 ad
1662 2154 1712 2218 I
1978 2158 2033 2232 ³)
2077 2175 2228 2221 nos-

269 2249 449 2304 trum
507 2239 805 2322 scripsit,
864 2237 1116 2322 dignati
1173 2248 1330 2303 sunt
1381 2238 1614 2304 saltem
1674 2261 1804 2306 uno
1849 2242 2048 2307 verbo
2107 2261 2228 2308 nos

270 2345 585 2391 recreare.
673 2325 783 2388 Ita
847 2323 1197 2390 haeremus
1262 2324 1563 2407 suspensi
1632 2337 1730 2401 et,
1796 2326 1987 2391 sicuti
2054 2328 2226 2392 nosti

266 2411 620 2477 sollicitum
675 2431 819 2475 esse
877 2418 946 2475 et
1000 2409 1452 2476 meticulosum
1510 2431 1801 2477 amorem
1818 2462 1834 2490 ,
1895 2413 2228 2478 interdum

265 2497 466 2562 etiam
530 2497 601 2560 in
668 2496 1009 2561 sinistram
1068 2495 1567 2579 propendemus.
1657 2496 1830 2562 Vide
1887 2518 2075 2582 erge,
2135 2499 2227 2564 mi

266 2590 485 2666 pater,
544 2590 620 2646 ut
658 2579 973 2665 quidquid
1016 2581 1204 2647 nobis
1248 2579 1763 2664 exspectandum
1807 2592 1908 2650 est
1963 2583 2226 2651 tandem

265 2669 711 2734 resciscamus.
793 2666 1039 2732 Vestra
1081 2667 1257 2731 enim
1301 2674 1525 2732 nostra
1568 2676 1743 2746 sunt,
1790 2677 1865 2734 ut
1907 2669 2026 2735 tibi
2066 2669 2227 2736 satis

267 2774 408 2819 esse
475 2773 864 2836 persuasum
931 2753 1082 2818 scio.
1192 2751 1577 2828 Rabannae
1645 2762 1869 2820 noster
1930 2754 2227 2821 nondum

264 2840 428 2905 mihi
489 2837 894 2923 significavit
936 2837 1093 2920 quid
1136 2837 1439 2903 Basileae
1481 2839 1571 2902 sit
1615 2848 1856 2906 actum.
1944 2838 2230 2924 Scripsit

265 2925 385 2992 sibi
429 2924 692 3009 placere
734 2931 811 2989 ut
844 2924 1163 2988 Antonius
1193 2927 1246 3000 ⁸)
1294 2930 1519 2988 noster
1559 2925 1805 2991 veteris
1849 2928 2227 2992 testamenti

265 3009 765 3077 translationem
787 3010 1082 3076 conferat
1103 3016 1169 3074 et
1190 3029 1312 3094 ego
1328 3009 1618 3075 vicissim
1642 3012 1816 3076 novi.
1856 3010 2227 3096 Utrumque

266 3097 633 3175 curabitur,
692 3094 809 3162 sed
851 3116 930 3161 ea
986 3095 1130 3179 lege
1173 3094 1347 3178 quod
1406 3094 1490 3160 ad
1531 3117 1639 3161 me
1695 3099 2080 3179 praesertim
2128 3107 2227 3163 at-

267 3183 467 3259 tinet,
526 3191 634 3259 ιιι,
696 3179 868 3264 quod
924 3180 995 3245 in
1040 3180 1258 3264 priore
1304 3190 1678 3247 nostrarum
1723 3185 2225 3249 annotationum

266 3267 624 3344 editione⁶)
681 3287 817 3332 non
882 3266 1150 3349 potuisti
1219 3274 1588 3349 praestare,
1648 3266 1718 3332 id
1775 3270 1992 3353 ipsum
2048 3292 2228 3336 nunc

265 3353 760 3438 diligentissime
804 3360 1118 3434 praestes,
1163 3371 1248 3416 ne
1293 3352 1393 3416 bis
1435 3354 1590 3417 fiam
1635 3354 2086 3436 Epimetheus.

435 3437 574 3504 Sed
618 3458 785 3514 ecce,
831 3457 1038 3520 paene
1081 3438 1548 3519 praeterieram
1585 3439 1758 3523 quod
1802 3442 2228 3526 praecipuum

266 3531 424 3590 erat.
539 3524 647 3588 Ex
717 3522 1034 3589 Hobrachi
1061 3526 1115 3600 ⁶²)
1181 3522 1392 3588 literis
1458 3525 2002 3592 animadvertisse
2063 3527 2230 3592 mibi

265 3610 526 3688 videor,
592 3608 862 3674 omnino
927 3609 1184 3692 placere
1251 3610 1394 3674 Deo
1461 3618 1689 3676 nostro
1753 3620 1825 3676 ut
1893 3612 2050 3678 felix
2114 3613 2231 3678 illa

263 3698 508 3778 pax‚⁸)
566 3697 751 3760 cuius
808 3694 949 3759 sola
1002 3695 1312 3778 cogitatio
1370 3716 1476 3760 me
1535 3697 1780 3780 gestire
1837 3699 2041 3782 cogit,
2109 3719 2228 3781 per

265 3781 426 3847 alios
485 3780 896 3865 transigatur
950 3799 1145 3863 quam
1201 3800 1321 3863 per
1377 3782 1539 3846 istas
1598 3782 1942 3848 hominum
2007 3784 2227 3850 larvas

265 3887 428 3949 quae
473 3888 595 3932 nos
639 3865 840 3931 nimis
884 3864 997 3931 diu
1052 3866 1410 3931 eluserunt.
1501 3865 1614 3932 Sic
1658 3867 1874 3951 placet
1915 3868 2224 3946 Domino,

264 3951 525 4017 infimos
590 3952 885 4016 omnium
952 3950 1294 4017 hominum
1362 3950 1676 4037 deligere,
1743 3953 1901 4020 dum
1969 3967 2229 4021 cessant

265 4037 361 4102 illi
419 4041 490 4103 in
546 4057 824 4121 quorum
882 4044 1205 4119 potestate
1261 4038 1484 4102 omnia
1541 4039 1757 4120 posita
1811 4038 2225 4106 videbantur.

261 4122 469 4190 Nobis
528 4124 733 4208 igitur
777 4122 957 4187 nullo
999 4121 1193 4187 modo
1237 4120 1628 4189 cessandum
1674 4134 1852 4208 puto.
1945 4127 2048 4193 'Pu
2092 4128 2225 4212 sig-

265 4229 424 4274 num
459 4209 616 4274 dato
650 4215 721 4273 et
752 4207 1099 4273 stationem
1137 4217 1432 4274 nostram
1462 4209 1654 4275 nobis
1689 4211 1974 4278 attribue
2009 4233 2224 4296 quam,

268 4303 342 4358 ut
385 4316 576 4379 spero
591 4346 608 4372 ,
655 4291 740 4358 ad
783 4300 1153 4359 extremum
1201 4314 1405 4377 usque
1447 4294 1754 4377 spiritum
1797 4297 2225 4364 servabimus.

436 4381 542 4446 De
585 4379 818 4463 legatis
855 4388 1015 4462 puto
1058 4387 1124 4444 te
1158 4400 1352 4446 nosse
1387 4379 1770 4448 Helveticos
1802 4383 1934 4448 iam
1970 4383 2225 4467 pridem

265 4464 335 4530 in
375 4465 592 4530 aulam
641 4463 916 4530 venisse.
985 4464 1196 4530 Miror
1238 4464 1397 4549 quid
1440 4464 1813 4534 Germanos
1858 4470 2225 4549 retinuerit,

268 4571 470 4633 quum
529 4550 1043 4635 Wirteberyensis
1099 4560 1238 4616 tam
1280 4552 1535 4636 prolixe
1579 4554 1765 4621 nobis
1809 4554 2030 4621 omnia
2073 4576 2224 4640 pro-

267 4857 452 4913 4184.
478 4857 532 4921 1)
567 4856 768 4913 Banu.
804 4856 848 4910 1.
887 4855 992 4912 194
1027 4872 1099 4912 u.

474 5268 535 5339 7)
567 5276 698 5326 tunc
729 5271 988 5339 temporis
1026 5269 1549 5337 Franeot'ordiemiae
1581 5271 1843 5326 ministri.

472 5338 535 5407 8)
569 5337 659 5394 De
686 5352 827 5409 pace
859 5348 979 5395 σιιιι
1018 5340 1354 5396 Lmen-ie
1385 5337 1516 5409 ayit.

1888 423 2676 493 SUPPLEMRNTUM„

4156 427 4294 490 454

2324 612 2631 679 misisset.
2700 609 2949 678 Audivi
2989 632 3078 678 ex
3119 609 3400 694 quodam
3444 610 3842 688 rumusculo,
3888 612 4104 695 ipsum
4146 631 4295 679 esse

2326 698 2395 763 in
2420 697 2712 765 Galliam
2747 696 3113 781 profectum
3148 717 3234 762 ex
3255 695 3835 763 Franeofordiensi
3869 703 4222 776 conventu,
4231 701 4291 775 ⁹)

2324 783 2499 867 quod
2557 782 2720 851 mihi
2779 782 3079 849 nondum
3143 782 3346 867 potui·
3382 782 3795 866 persuadere.
3885 781 3964 848 Si
4020 782 4117 848 ita
4172 789 4294 865 est,

2325 890 2462 935 non
2506 868 2732 934 dubito
2775 869 2938 951 quin
2978 869 3123 952 ipse
3164 887 3431 935 causam
3474 876 3728 951 urgeat.
3797 866 3972 933 Nam
4013 876 4133 933 aut
4168 889 4294 955 ego

2325 955 2753 1021 vehementer
2795 954 3018 1032 fallor,
3077 962 3195 1020 aut
3235 955 3308 1018 in
3352 954 3476 1021 hoc
3517 953 3816 1038 principe
3856 953 4146 1020 multum
4188 975 4295 1022 re-

2325 1040 2499 1107 sidet
2556 1040 2817 1123 pietatis
2831 1091 2846 1119 ,
2906 1048 3223 1124 quantum
3267 1038 3530 1123 quidem
3588 1060 3674 1105 ex
3728 1040 3939 1121 ipsius
3997 1040 4294 1106 oratione

2325 1135 2392 1191 et
2451 1134 2590 1191 toto
2645 1126 2836 1192 vultu
2888 1127 3258 1210 perspicere
3313 1125 3516 1208 potui.
3605 1123 3712 1189 De
3758 1125 4168 1191 humanitate
4226 1132 4296 1191 et

2327 1212 2635 1311 comitate
2692 1210 2862 1277 nihil
2919 1209 3094 1291 dico,
3152 1210 3307 1308 quia
3364 1212 3497 1275 iam
3550 1209 3805 1310 pridem
3865 1209 4062 1310 didici
4105 1210 4297 1312 prin-

2329 1317 2543 1449 3233.
2571 1297 3708 1450 ffinaetffzfflmffiffl
3704 1296 4297 1449 ”nae‘ffihffiffi

2329 1468 2572 1534 fratres
2608 1477 2865 1535 nostros
2900 1467 3386 1552 aliquantulum
3421 1467 3659 1534 saltem
3693 1475 3921 1534 nostra
3941 1468 4066 1533 hac
4094 1488 4300 1553 opera

2330 1562 2691 1621 recreatos:
2738 1564 2806 1619 et
2848 1561 3026 1620 certe
3067 1554 3127 1620 is
3169 1563 3271 1619 est
3313 1574 3538 1620 rerum
3581 1554 3792 1619 nostri
3815 1554 4117 1639 Tyranni
4159 1561 4296 1621 sta-

2329 1646 2441 1706 tus
2484 1648 2562 1705 ut
2603 1661 2644 1705 a
2686 1640 2974 1706 Domino
3015 1639 3385 1724 cogendum
3429 1660 3572 1705 esse
3619 1660 3957 1724 speremus
4000 1638 4086 1705 ad
4128 1637 4297 1705 illud

2332 1726 2548 1810 ipsum
2593 1724 2844 1793 Christi
2902 1746 3179 1809 regnum
3234 1724 3706 1791 stabiliendum
3762 1724 3937 1809 quod
3996 1732 4296 1792 evertere

2331 1811 2742 1877 moliebatur.
2828 1810 3037 1878 Vides
3080 1831 3208 1895 quo
3252 1831 3357 1876 me
3400 1811 3619 1877 nescio
3661 1812 3807 1894 quis
3854 1819 4075 1878 aestus
4120 1810 4298 1878 abri-

2329 1897 2567 1980 puerit,
2612 1896 3137 1981 quandoquidem
3173 1905 3392 1963 tecum
3434 1897 3697 1963 nonnisi
3731 1918 3852 1982 per
3893 1897 4120 1963 literas
4164 1895 4300 1963 col-

2329 1982 2506 2066 loqui
2549 2003 2834 2065 possum.
2891 1983 3079 2048 Bene
3122 1981 3287 2059 vale,
3331 1983 3424 2046 mi
3464 1989 3676 2066 pater.
3740 1983 4070 2049 Dominus
4103 1983 4304 2050 Iesus

2330 2068 2578 2135 sanctis
2642 2070 2774 2135 tuis
2836 2068 3171 2136 laboribus
3236 2069 3446 2153 magis
3512 2089 3589 2135 ac
3654 2068 3866 2153 magis
3931 2068 4296 2135 benedicat.

2332 2154 2537 2221 Laus.
2589 2159 2686 2220 15.
2733 2154 2908 2221 Iulii.
2937 2158 3023 2234 ¹⁰)

3468 2289 3593 2355 Th.
3637 2289 3817 2356 Beza

2962 2376 3137 2443 filius
3181 2377 3301 2443 tibi
3346 2378 3417 2441 in
3462 2375 3745 2442 Domino
3788 2374 4295 2442 addictissimus.

3098 2668 3521 2678 ψη

3225 2918 3421 2990 4185.

2419 3079 2544 3145 LE
2589 3060 2895 3144 sunu·
2938 3077 3066 3143 DE
3117 3059 3507 3246 {ssffgffi
3549 3075 3682 3143 Au
3726 3057 4034 3143 sima*
4077 3074 4207 3140 nn

2511 3353 2563 3416 I
2563 3352 2588 3417 l
2630 3351 2884 3419 sollicite
2923 3351 2981 3415 le
3021 3349 3205 3434 6οηρὲ
3246 3351 3322 3416 de
3382 3349 3681 3434 Vermiqli
3724 3349 4029 3416 demand&
4071 3368 4301 3416 comme

2323 3443 2590 3521 pasteur
2622 3459 2752 3520 par
2792 3436 3026 3521 Peylise
3064 3436 3364 3502 &alienae
3408 3436 3484 3501 do
3537 3435 3795 3502 Genbve.
3826 3440 3877 3515 ι)

2333 3608 2632 3674 (At-obires
2665 3609 2735 3663 de
2770 3608 3002 3664 Geneve.
3074 3607 3297 3661 Lettres
3339 3607 3410 3660 de
3456 3608 3510 3659 la
3545 3606 3880 3676 seigneurie.
3951 3605 4117 3673 Copie
4164 3604 4302 3660 faite

3077 3693 3181 3746 par
3212 3676 3549 3743 Jonvillier.)

2330 3848 2745 3915 Prothocolle
2781 3848 2862 3914 de
2897 3848 3161 3914 missive
3205 3867 3376 3914 envo
3424 3868 3500 3913 ee
3541 3867 3627 3912 au
3662 3847 4188 3931 burguemaister
4229 3852 4299 3911 et

2989 3933 3202 4000 Senat
3245 3933 3327 3999 de
3369 3871 3635 3999 {tn-ioh.

2369 4193 2382 4206 ι
2504 4106 2948 4190 Magnifiques
3000 4190 3014 4203 ⁶
3270 4111 3597 4171 vertueux
3662 4112 3729 4170 et
3767 4110 3929 4204 'tres
4004 4102 4292 4203 honorez

2328 4212 2635 4344 2:³53?
2666 4188 4293 4375 riggiziesfflxbnbeusfflffimgrdlglsffistaffargsmb?

2328 4362 2547 4429 bitans
2603 4384 2687 4429 en
2742 4370 2967 4429 nostre
3012 4362 3170 4428 ville
3226 4362 3311 4428 de
3369 4383 3533 4428 vous
3588 4361 3885 4446 suppher
3925 4369 3995 4426 et
4050 4361 4133 4427 sil
4190 4369 4295 4427 est

2329 4449 2613 4533 possible
2658 4448 2738 4513 de
2796 4449 2959 4514 faire
3018 4457 3164 4513 tant
3218 4469 3459 4515 envers
3502 4469 3671 4513 vous
3721 4468 3848 4530 que
3905 4447 3969 4513 le
4022 4446 4295 4514 docteur

2535 4720 2599 4781 9)
2635 4721 2718 4775 M.
2760 4720 2928 4775 Iunio
2965 4719 3100 4776 1557
3135 4721 3418 4776 celebrato.

2504 4789 2597 4858 10)
2632 4790 2767 4845 Non
2800 4789 3207 4845 ominium
3239 4806 3269 4844 e
3321 4790 3471 4845 'tola
3503 4788 3853 4844 beidam
3917 4789 4116 4844 Verum
4148 4804 4293 4860 quae

2327 4858 2395 4914 de
2433 4857 2933 4940 Fraaeofordu'enei
2962 4866 3230 4940 concentu
3262 4805 3539 4941 manet
3564 4858 3641 4940 ‚de
3667 4859 3858 4939 priore
3890 4857 4126 4914 editione
4159 4874 4293 4941 sao-

2325 4943 2452 4983 nm
2498 4933 2918 5010 ᾳιιηρωιαοπιιιιι
2962 4928 3121 4983 nobas
3163 4944 3218 4981 α.
3267 4925 3399 5009 ξὸὃῖ
3446 4926 3700 5009 mdpeare
3742 4925 4016 4982 cudentur.
4205 4932 4289 5009 aa

2324 5012 2719 5127 {ggf'ffisai
2790 4996 3261 5149 quast-{01:¹⁸
3258 5013 3397 5118 iim
3437 5063 3623 5120 adm
3672 5012 3980 5133 εἶ’ἶιηιεα
4023 4998 4142 5119 mi
4177 5002 4290 5131 (⁸151

2324 5132 2513 5202 2044),
2534 5150 2600 5190 a.
2621 5132 2759 5188 1553
2790 5150 2906 5189 m
2939 5133 3146 5189 dudu-
3180 5133 3359 5189 redu-v
3376 5132 3482 5200 (N.
3499 5131 3680 5201 2944).
3727 5132 4110 5189 Romamn.
4130 5131 4289 5189 155⁷.

2802 5206 3007 5260 mm
3038 5203 3231 5259 werno
3262 5204 3403 5260 ιάω
3435 5218 3506 5258 ex
3527 5201 3833 5258 Germania
3865 5203 4152 5272 mpsim
4179 5218 4289 5273 pu·

2324 5271 2762 5413 ὲΕΒῦΜὟΙςὼΒη.
2798 5342 2875 5398 d«
2908 5340 3130 5398 Ocnos-‘l
3162 5355 3239 5396 au
3272 5338 3359 5394 27.
3396 5336 3549 5399 Δοῦί
3582 5337 3721 5395 155⁷
3754 5337 3931 5457 42.Ιί
3963 5334 4119 5394 2694.
