4900 6125
297 405 377 472 69
2014 398 2175 460 1561
2225 390 2557 462 ΟΟΤΟΒ.

292 587 374 657 D.
428 586 711 655 Calvino
766 588 1011 670 pastori
1066 585 1443 739 Ἢωέι
1494 584 1759 653 domino
1812 604 1958 652 meo
2014 581 2238 649 colen-

461 843 1079 912 Observandissime
1117 840 1398 922 domine,

462 930 692 1013 Quum
768 930 1142 995 existimem
1219 929 1522 1012 precibus
1598 930 1733 994 tuis
1786 928 2110 1012 ,inprimis
2174 935 2244 992 et

291 1017 589 1094 aliorum,
624 1017 735 1099 qui
778 1015 1003 1080 Iesum
1047 1013 1386 1081 Christum
1430 1015 1624 1082 unice
1667 1024 1911 1094 amant,
1958 1035 2064 1079 me
2098 1033 2243 1079 esse

290 1102 611 1180 adiutum,
673 1122 802 1185 quo
857 1101 1206 1168 incolumis
1259 1119 1410 1167 cum
1464 1101 1717 1168 familia
1771 1109 1840 1166 et
1892 1097 2241 1165 comitibus

292 1191 361 1255 in
420 1209 636 1254 meam
702 1186 1043 1254 ecclesiam
1100 1206 1142 1251 a
1192 1186 1337 1252 Deo
1400 1194 1469 1252 et
1509 1186 2017 1254 clementissimo
2059 1191 2246 1267 patre

291 1284 519 1341 nostro
584 1273 966 1339 deducerer:
1055 1271 1237 1372 nolui
1301 1273 1827 1372 praetermittere
1900 1271 2062 1354 quin
2124 1270 2246 1336 tibi

290 1381 493 1512 mm.
457 1380 571 1510 ,τ
596 1358 2249 1527 fisffiffiffiffiamwsfflm

292 1539 412 1598 tan
525 1552 610 1597 ue
644 1550 797 1596 cum
838 1529 1181 1614 diligentia
1214 1549 1399 1595 meae
1433 1529 1744 1597 ecclesiae
1781 1550 1885 1595 me
1919 1548 2248 1595 commen-

292 1616 559 1683 davens
590 1624 671 1681 ut
703 1617 1034 1682 amantius
1071 1613 1533 1700 diligentiusve
1565 1616 1711 1682 fieri
1749 1614 2021 1680 minime
2054 1622 2249 1695 potu-

292 1704 441 1770 erit.
526 1702 775 1769 Precor
816 1700 1042 1767 Deum
1085 1698 1241 1785 Opt.
1284 1702 1467 1767 Max.
1503 1711 1580 1767 nt
1610 1721 1730 1785 per
1763 1700 1987 1767 Iesum
2021 1698 2251 1765 Chris-

294 1798 446 1855 tum
490 1809 599 1866 me
637 1789 735 1854 ita
776 1787 1017 1871 spiritu
1054 1807 1173 1852 suo
1218 1795 1426 1872 regat,
1493 1807 1623 1872 quo
1666 1786 1869 1871 digna
1909 1785 2081 1851 tanti
2123 1784 2253 1850 viri

292 1893 375 1940 ae
409 1873 531 1940 tali
564 1871 1130 1942 commendatione
1151 1893 1383 1957 gerere
1405 1874 1681 1950 valeam,
1726 1884 1920 1953 teque
1941 1870 2252 1938 ecclesiae

292 1979 457 2028 suae
500 1959 871 2025 diutissime
910 1966 1150 2037 servet,
1206 1979 1402 2041 quem
1447 1958 1808 2024 habeamus
1851 1978 2049 2024 verae
2091 1956 2256 2024 cari·

294 2047 459 2112 tatis
492 2045 890 2113 christianae
922 2045 1273 2145 specimen.
1348 2043 1707 2126 Stephanus
1739 2053 1965 2110 noster
1996 2042 2254 2128 publice

294 2131 729 2200 concionatur
769 2131 1018 2209 Cheru,
1081 2129 1274 2197 cuius
1331 2131 1626 2197 concioni
1692 2129 1978 2196 adfuisse
2021 2129 2253 2206 fertur,

292 2217 483 2284 mille
525 2226 595 2283 et
674 2216 979 2301 ningenti
1019 2215 1367 2282 auditores.
1393 2216 1446 2302 ¹)
1524 2215 1752 2296 Quare
1792 2235 2138 2299 speramus
2185 2214 2254 2278 in

294 2301 436 2368 illis
480 2304 628 2387 opp'
683 2303 755 2381 's,
799 2303 1037 2387 quibus
1074 2301 1297 2368 Gallia
1338 2301 1731 2380 dominatur,
1778 2301 2068 2385 amplum
2113 2320 2256 2366 esse

294 2388 686 2458 habiturum
730 2389 948 2454 locum
992 2388 1145 2454 Iesu
1190 2386 1447 2453 Christi
1489 2387 1928 2472 evangelium,
1969 2386 2030 2453 si
2069 2385 2255 2452 Deus

296 2494 421 2559 pro
475 2495 600 2541 sua
640 2475 965 2540 immensa
1010 2473 1300 2541 bonitate
1342 2473 1722 2558 dignabitur
1753 2491 1924 2557 quae
1966 2472 2256 2555 coeperit

292 2561 632 2645 perficere.
741 2563 836 2626 At
897 2568 1122 2626 noster
1183 2557 1390 2643 Ἅρχός
1454 2567 1732 2643 utraque
1791 2579 1953 2626 aure
2019 2556 2251 2640 lupum

294 2655 484 2712 tenet
558 2645 899 2723 hactenus,
976 2656 1135 2729 puto
1188 2645 1358 2711 nihil
1424 2645 1636 2712 solum
1695 2666 1837 2712 esse
1901 2662 2251 2710 ausurum:

334 2731 604 2798 usunvis
644 2730 815 2796 nihil
856 2732 1071 2815 magis
1114 2739 1398 2815 exoptat,
1477 2752 1673 2816 quam
1716 2729 1989 2814 perdere
2032 2727 2252 2795 bonos.

293 2753 437 2884 Ros
494 2837 651 2884 vero
701 2816 986 2883 fruimur
1036 2837 1220 2901 pace,
1298 2838 1497 2901 quam
1558 2816 1844 2901 largitur
1904 2815 2251 2895 Dominus,

294 2902 467 2969 nihil
523 2909 860 2969 morantes
911 2902 1216 2970 homines
1268 2910 1419 2971 utut
1475 2903 1610 2971 sint
1660 2903 1731 2968 in
1788 2922 1907 2968 nos
1958 2900 2251 2967 animati.

292 2989 630 3056 Dominus
669 2988 859 3054 Iesus
901 2988 1213 3056 Christus
1255 2995 1324 3055 te
1377 3000 1615 3069 servet,
1680 2987 1926 3074 optime
1968 2985 2247 3053 domine.

469 3076 582 3143 Ex
622 3075 844 3141 Pratis
888 3079 989 3141 22.
1035 3074 1342 3145 Octobris
1393 3082 1574 3143 1561.

1396 3213 1526 3279 Tui
1568 3211 2006 3279 studiosissim‘
1916 3212 1930 3227 “
2006 3233 2086 3279 us

1431 3297 1657 3384 Scipio
1698 3297 2047 3365 Lentulus.

1174 3811 1379 3883 3582.

515 3948 952 4034 L‘ssmss
995 3966 1125 4031 DE
1168 3964 1519 4034 msuss
1564 3967 1630 4032 A
1671 3963 2046 4033 estvm.

475 4135 1012 4205 &micam
1060 4136 1149 4202 du
1198 4135 1354 4203 risit
1401 4136 1526 4218 fait
1567 4157 1698 4219 par
1737 4155 1894 4203 cm
1931 4135 2008 4201 de
2051 4133 2257 4200 Mont-

438 4225 451 4238 '
472 4223 764 4394 ”fingas
837 4222 1163 4307 sanglante
1237 4221 1704 4323 bchauffourreie
1779 4221 2029 4288 arv-ivae
2090 4221 2257 4287 dans

307 4477 694 4551 (Λαυρ-813116
728 4478 797 4532 de
832 4478 888 4532 la
922 4475 1302 4549 Bibliotheque
1336 4478 1405 4534 de
1435 4477 1654 4535 Geneve
1689 4478 1804 4534 MS.
1841 4476 1960 4546 196,
1993 4478 2084 4533 fol.
2112 4475 2261 4545 209.)

474 4653 540 4718 A
581 4648 924 4719 Monsieur
963 4648 1221 4718 Calvin.

1682 4738 1748 4803 A
1791 4734 2083 4804 Geneve.

302 4908 594 4977 Liatoire
645 4907 729 4974 de
778 4907 1221 4992 lentreprinse
1286 4908 1482 4977 faicte
1548 4916 1778 4977 contre
1838 4905 1939 4974 les
2004 4906 2257 4976 fidelles

305 4994 387 5062 de
439 4994 512 5063 la
566 4992 729 5062 ville
780 4992 863 5059 de
903 4993 1329 5080 Montpellier
1390 5015 1515 5080 par
1576 4994 1676 5062 les
1737 4992 2087 5062 meschans
2143 4993 2256 5061 de-

4207 388 4306 458 ’ἴα

2341 582 2584 665 scripte
2660 602 2782 666 par
2856 580 3088 648 lesdits
3160 576 3416 644 fidelles
3478 596 3521 643 a
3581 575 3834 663 l’eglise
3897 576 3980 643 de
4042 574 4300 644 Nisme.

2340 667 2697 734 Ensemble
2740 667 2823 733 de
2877 666 2947 734 la
2986 665 3482 817 victoirtla5gtlien
3522 669 3644 731 ont
3683 682 3806 732 sue
3863 660 3954 729 dn
3997 664 4100 728 22.
4144 659 4297 729 Oct.

2650 874 3029 940 Messieurs.

2513 1012 2577 1078 11
2619 1033 2668 1096 y
2710 1031 2751 1075 a
2792 1031 3096 1096 envyron
3152 1009 3267 1076 dix
3311 1015 3502 1097 jours
3544 1030 3671 1095 que
3711 1031 3835 1077 noz
3889 1010 4301 1078 adver-saites

2345 1098 2636 1165 advertis
2679 1097 2770 1163 du
2811 1116 3137 1164 massacre
3179 1097 3262 1164 de
3296 1099 3565 1165 Beziers
3608 1115 3682 1162 se
3723 1097 3972 1164 mirent
4011 1116 4100 1163 en
4143 1093 4304 1161 deb—

2346 1185 2496 1251 voir
2539 1183 2621 1249 de
2675 1204 2843 1250 nous
2896 1204 2978 1249 en
3037 1184 3202 1250 faire
3254 1191 3488 1250 autaut
3529 1190 3598 1251 et
3640 1204 3683 1249 a
3722 1204 3831 1250 ces
3885 1183 4017 1248 fins
4053 1181 4304 1248 mirent

2348 1271 2694 1354 garnisons
2750 1291 2789 1335 a
2845 1268 2991 1336 leur
3046 1270 3397 1337 forteresse
3453 1270 3708 1355 appelle
3765 1269 3848 1335 de
3907 1269 4010 1335 St..
4064 1267 4303 1335 Pierre

2348 1377 2510 1423 avec
2568 1375 2609 1420 a
2665 1357 2840 1422 force
2897 1377 3113 1422 armes
3167 1358 3391 1424 vivres
3447 1368 3517 1424 et
3557 1357 3922 1425 munitions
3975 1367 4045 1424 et
4081 1378 4171 1424 ne
4228 1373 4304 1420 se

2348 1449 2741 1507 contentane
2785 1441 2868 1507 de
2909 1442 3050 1509 cela
3091 1444 3425 1528 saysirent
3464 1443 3535 1510 la
3574 1455 3727 1513 tour
3766 1447 3914 1515 dela
3954 1458 4143 1534 porte
4187 1449 4305 1530 des

2350 1547 2627 1680 m.
2647 1529 2904 1698 Ἥ
2925 1528 3202 1697 &¹33
3243 1531 3940 1686 semim&
3981 1536 4198 1688 {aas
4221 1535 4308 1688 ἐς

2351 1700 2517 1765 faire
2581 1706 2730 1765 tout
2779 1720 2854 1766 ce
2905 1721 3033 1783 que
3090 1701 3220 1767 bon
3285 1701 3429 1769 leur
3485 1704 3812 1770 sembloit.
3896 1707 4126 1775 Joinct
4220 1727 4306 1775 ue

2354 1794 2536 1851 toute
2587 1785 2654 1850 la
2716 1805 2839 1852 rue
2902 1785 3167 1870 despuis
3220 1787 3286 1853 le
3348 1790 3594 1874 temple
3647 1793 3923 1876 jusques
3965 1812 4005 1857 a
4061 1792 4126 1860 la
4216 1794 4308 1859 'te

2354 1879 2543 1955 porte
2599 1873 2881 1938 estoient
2933 1873 3222 2023 papistes
3274 1882 3343 1940 et
3400 1876 3482 1941 de
3535 1876 3681 1942 leur
3732 1877 4082 1946 forteresse
4121 1900 4309 1946 mon·

2354 1958 2570 2024 toient
2624 1958 2799 2024 aussi
2857 1977 2974 2023 sur
3050 1980 3122 2025 es
3163 1961 3523 2028 murailhes
3565 1961 3659 2028 de
3714 1962 3779 2028 la
3820 1963 3997 2044 ville,
4057 1965 4310 2033 davan-

2354 2044 2533 2128 taige
2572 2043 2658 2109 ilz
2692 2065 2764 2109 se
2806 2043 3095 2110 seroient
3134 2047 3346 2131 saysis
3367 2047 3451 2112 de
3473 2047 3651 2114 deux
3689 2050 3906 2132 pisces
3948 2049 4309 2118 dartillerie

2355 2150 2483 2212 que
2525 2128 2595 2196 la
2636 2128 2794 2195 ville
2834 2129 3017 2196 avait
3054 2134 3184 2196 mis
3226 2129 3392 2197 dans
3434 2134 3502 2198 la
3541 2134 3798 2200 maison
3842 2134 3925 2201 de
3946 2137 4197 2204 Monsr.
4243 2138 4309 2202 le

2440 2235 2791 2294 uvernenr,
2855 2214 3202 2298 lesquelles
3253 2218 3500 2284 mirent
3561 2238 3650 2284 an
3714 2219 3907 2287 hault
3969 2221 4161 2289 d'nne
4226 2221 4310 2290 de

2382 2321 2538 2367 eurs
2581 2310 2767 2366 tours
2807 2300 3124 2384 braquees
3167 2311 3396 2370 contre
3437 2304 3505 2370 la
3547 2305 3720 2371 ville.
3799 2305 3879 2373 Si
3922 2328 4088 2374 nous
4129 2309 4308 2375 feus-

2356 2407 2497 2453 mes
2553 2387 2687 2453 lors
2739 2406 2826 2451 en
2880 2388 3132 2454 crainte
3174 2410 3339 2454 vouz
3405 2390 3469 2455 le
3510 2411 3760 2476 pouves
3864 2413 4075 2474 enser,
4133 2394 4310 2479 Joint

2355 2493 2483 2556 que
2515 2473 2712 2572 ‚nuict
2763 2482 2831 2538 et
2879 2475 3036 2557 jour
3076 2473 3379 2540 sembloit
3419 2496 3549 2560 que
3589 2477 3653 2543 le
3709 2413 3967 2544 fouldm
4008 2480 4182 2546 feust
4222 2499 4310 2546 en

2355 2560 2422 2624 la
2467 2558 2643 2637 ville,
2686 2557 2804 2624 des
2845 2578 3044 2642 coups
3080 2559 3162 2626 de
3203 2581 3465 2642 canons,
3511 2564 3949 2646 arquebouses
3983 2572 4052 2630 et
4085 2574 4310 2633 autres

2402 2646 2573 2712 ieces
2608 2666 2650 2711 a
2683 2643 2794 2710 feu
2835 2645 3006 2729 quils
3046 2645 3374 2713 lachoient
3416 2655 3487 2713 et
3527 2648 3779 2717 aultres
3823 2647 3905 2716 de
3948 2649 4093 2716 leur
4133 2658 4313 2718 secte

2355 2666 2476 2797 ges
2528 2738 2752 2796 autres
2809 2730 3089 2814 temples
3129 2733 3534 2817 respondans
3590 2734 3658 2800 lu
3797 2756 3839 2801 a
3879 2735 4121 2803 laultre
4162 2743 4314 2803 tant

2355 2837 2525 2883 ceux
2590 2815 2673 2882 (16
2735 2815 2982 2883 dedans
3046 2838 3173 2901 que
3235 2818 3432 2885 ceulx
3486 2819 3569 2886 de
3634 2819 3715 2888 de
3765 2842 3894 2902 ors,
3958 2823 4071 2906 qui
4133 2823 4314 2889 feust

2356 2922 2555 2968 cause
2593 2899 2770 2989 [que]
2809 2922 2980 2969 nous
3013 2904 3393 2971 retirasmes
3434 2925 3518 2971 au
3553 2907 3920 2991 magistrat,
3963 2915 4033 2975 et
4069 2926 4157 2993 ap
4205 2927 4312 2975 res

2356 2987 2504 3054 leur
2565 2988 2755 3054 avoir
2817 2989 2974 3055 faict
3037 2989 3361 3074 plusieurs
3420 2991 3648 3072 offres,
3713 3012 3998 3061 mesmes
4061 3014 4103 3059 a
4158 2929 4314 3061 l’eur

2358 3074 2615 3141 bailher
2656 3076 2973 3155 cautione,
3010 3078 3287 3160 jusques
3331 3099 3373 3144 a
3412 3078 3570 3144 telle
3612 3099 3865 3146 somme
3950 3080 4081 3147 uilz
4120 3081 4315 3148 voul-

2358 3161 2638 3239 droient,
2681 3160 2820 3244 quil
2861 3183 2947 3227 ne
2987 3161 3134 3228 leur
3190 3164 3396 3228 seroit
3435 3164 3592 3231 faict
3635 3165 3876 3233 aulcun
3964 3169 4309 3253 ommaige.

2360 3245 2635 3313 Oomme
2676 3247 2927 3314 n’avoit
2966 3255 3105 3314 este
3137 3248 3312 3331 quila
3352 3269 3437 3315 ne
3477 3251 3764 3317 seroient
3803 3253 4187 3337 empesches
4228 3271 4314 3319 en

2356 3332 2504 3398 leur
2546 3332 2797 3399 service
2838 3353 2924 3398 ne
2966 3355 3049 3399 en
3091 3354 3305 3400 aucun
3360 3335 3576 3402 aultre
3633 3338 3881 3424 temple
3922 3358 4053 3422 qua
4093 3340 4314 3427 celluy

2357 3438 2485 3501 que
2526 3438 2695 3484 nouz
2738 3420 2988 3497 avions,
3033 3420 3178 3485 ains
3219 3421 3468 3504 promis
3502 3421 3584 3488 de
3617 3423 3805 3490 vivre
3849 3427 4182 3494 ensemble
4225 3446 4312 3493 en

2357 3502 2578 3569 bonne
2599 3503 2758 3587 paix
2795 3505 2889 3569 Et
2908 3504 3084 3589 quilz
3122 3506 3427 3573 auroient
3458 3508 3706 3594 refuge.
3747 3510 4314 3601 ‚eommonomes

2358 3589 2655 3655 chacune
2697 3590 2887 3657 nuict
2926 3591 3090 3656 faire
3130 3598 3293 3675 guet
3333 3590 3415 3658 de
3458 3600 3640 3659 toute
3681 3616 3814 3661 une
3853 3598 4313 3666 surveilhance

2358 3695 2443 3740 en
2509 3694 2744 3742 armes.
2832 3676 2939 3741 La
2996 3676 3151 3742 ville
3215 3676 3510 3746 reduicte
3563 3701 3648 3746 en
3705 3690 3969 3765 quattre
4032 3683 4316 3752 sui-veil-

2359 3759 2620 3826 hances.
2722 3760 2860 3827 Les
2934 3762 3150 3844 princi
3197 3763 3353 3829 aulx
3430 3765 3735 3833 habitans
3812 3788 4183 3854 prevoyans
4246 3770 4313 3837 le

2359 3845 2615 3930 danger
2655 3867 2777 3930 par
2819 3847 2886 3912 la
2929 3847 3134 3913 brava
3180 3869 3218 3914 e
3259 3858 3329 3915 et
3383 3851 3683 3917 temerite
3725 3852 3840 3920 des
3883 3853 4311 3935 adversaires,

2358 3940 2843 4016 moyennarent
2886 3933 2968 3998 de
3010 3953 3177 4001 nous
3232 3934 3397 4001 faire
3438 3935 3885 4020 parlamenter
3927 3948 4190 4025 quattre
4226 3942 4310 4009 de

2358 4036 2529 4083 nous
2572 4037 2732 4085 avec
2775 4026 3040 4101 quattre
3074 4018 3191 4086 des
3230 4019 3428 4087 leurs.
3499 4021 3595 4088 Oe
3628 4025 3741 4107 qui
3782 4023 3958 4091 feust
4001 4026 4123 4094 fait
4163 4029 4312 4096 sab-

2357 4102 2561 4185 medy
2604 4101 2868 4170 dernier
2907 4123 3099 4188 apres
3142 4104 3353 4191 dyner
3395 4127 3437 4172 a
3473 4106 3544 4174 la
3584 4111 3842 4175 maison
3886 4119 3956 4177 et
3997 4134 4312 4198 presence

2360 4186 2442 4254 de
2485 4188 2738 4254 Monsr.
2780 4189 2846 4255 le
2902 4190 3170 4274 general
3228 4189 3343 4257 des
3400 4193 3707 4273 finances,
3750 4197 4004 4264 Monsr.
4204 4201 4312 4268 de—

2358 4273 2501 4340 ὀίω(
2538 4295 2813 4358 presens
2875 4274 2973 4341 les
3033 4277 3299 4342 consula
3350 4286 3420 4344 et
3462 4278 3710 4347 aultres
3762 4301 3929 4367 gens
3986 4293 4170 4351 notta
4214 4287 4311 4354 les

2362 4359 2443 4425 de
2484 4359 2552 4425 la
2595 4359 2772 4427 ville.
2861 4362 3037 4428 Mais
3077 4383 3244 4446 pour
3293 4363 3361 4429 la
3402 4364 3691 4433 bravade
3733 4366 3849 4433 des
3901 4368 4310 4439 adversaires

2360 4465 2447 4511 ne
2501 4446 2677 4512 feust
2731 4447 2880 4513 rien
2934 4448 3209 4515 accorde
3259 4450 3319 4516 si
3360 4460 3512 4517 nest
3551 4471 3678 4536 que
3730 4452 4059 4522 chascune
4100 4458 4312 4540 partie

2360 4531 2700 4598 esliroient
2741 4553 2882 4617 ung
2919 4532 3185 4600 homme
3227 4543 3298 4601 et
3337 4554 3502 4602 avec
3540 4536 3705 4605 ledit
3724 4537 3803 4605 St
3829 4540 4100 4626 general
4125 4541 4311 4628 (1⁷71ss-

2360 4616 2576 4683 debiat
2617 4618 2733 4701 qui
2785 4618 2986 4685 seroit
3028 4620 3246 4700 tierce,
3302 4623 3506 4688 seroit
3557 4623 3681 4690 fait
3733 4626 3994 4692 accord:
4051 4646 4093 4691 a
4134 4647 4310 4715 quoy

2358 4702 2444 4769 ila
2499 4703 2994 4784 s’accordarent,
3048 4725 3242 4790 parce
3296 4727 3423 4792 que
3476 4708 3641 4776 ledit
3682 4709 3760 4785 S.
3805 4709 4165 4794 Ghefdebo'en
4207 4722 4309 4781 est

2360 4789 2575 4873 grand
2618 4790 2891 4874 papiste,
2944 4798 3013 4858 et
3053 4812 3176 4875 par
3218 4813 3292 4859 ce
3336 4795 3552 4862 auroit
3594 4796 3769 4863 deux
3813 4796 3895 4863 de
3949 4796 4096 4862 leur
4135 4811 4303 4881 part.

2356 4874 2422 4941 N
2422 4896 2509 4940 on
2560 4875 2826 4943 obstant
2864 4884 3006 4943 cest
3045 4877 3279 4945 accord
3326 4880 3421 4964 jlz
3472 4883 3830 4968 saysissent
3876 4901 4010 4946 une
4051 4884 4307 4967 grande

2357 4968 2428 5025 et
2470 4960 2697 5028 haulte
2737 4970 2891 5029 tour
2911 4962 3028 5030 des
3063 4965 3426 5033 murailhes
3468 4967 3637 5035 dela
3670 4968 3825 5035 ville
3865 4965 3930 5031 le
3972 4968 4144 5034 seoir
4183 4970 4307 5037 dn-

2356 5044 2457 5111 dit
2512 5047 2764 5115 ποθι-(1.
2858 5048 3008 5130 Qus
3065 5051 3236 5118 feust
3286 5073 3479 5119 cause
3537 5073 3665 5136 que
3720 5052 3788 5118 la
3840 5050 4024 5120 nuict
4075 5065 4306 5124 nostre

2355 5138 2518 5217 guet
2559 5134 2690 5200 mis
2733 5155 2818 5200 en
2861 5133 3058 5203 ordre
3100 5137 3434 5205 L’assault
3486 5139 3659 5204 feust
3701 5137 3914 5203 donne
3955 5158 3998 5205 a
4038 5137 4106 5204 la
4146 5149 4308 5208 tour

2357 5226 2427 5284 et
2467 5218 2809 5287 tellement
2929 5242 3226 5309 ursuyvy
3258 5243 3388 5308 que
3428 5224 3496 5289 la
3533 5221 3720 5306 place
3760 5222 3931 5289 feust
3972 5227 4192 5310 saysie
4235 5238 4308 5294 et

2356 5316 2758 5375 reconverte.
2829 5242 2928 5375 gg
2967 5308 3124 5376 faict
3174 5307 3473 5376 daultant
3521 5328 3649 5393 que
3703 5308 3772 5375 la
3813 5307 3948 5375 dite
4003 5316 4158 5378 tour
4198 5320 4310 5380 est
