4900 6125
606 383 734 444 403
2133 373 2657 445 EPIS'POLAB
2694 376 3117 443 8781—3784
4462 375 4561 437 404

613 565 779 633 61118.
847 564 1059 632 Audio
1093 587 1134 631 a
1173 565 1336 632 viris
1370 563 1825 650 prudentibus,
1861 571 2158 632 metuere
2180 563 2216 594 ⁴*
2255 584 2341 629 ne
2361 563 2574 630 nostri

613 651 1015 718 occasionem
1076 651 1322 717 iustam
1384 651 1742 737 negligant,
1809 650 2088 717 nimium
2133 647 2575 717 cunctabundi

611 737 896 822 spatium
963 735 1124 803 dent
1187 735 1586 804 adversariis
1650 734 2025 803 instruendi
2091 757 2161 801 se
2216 744 2283 800 et
2334 734 2573 801 confir-

609 821 836 888 mandi
895 843 1002 888 res
1055 842 1231 900 suas,
1297 843 1635 908 quumque
1693 822 1904 888 nostri
2067 821 2228 887 unia
2283 827 2351 886 et
2406 819 2574 885 forte

611 917 978 975 commeatu
1024 906 1474 974 destituantur
1528 918 1599 974 et
1653 909 1790 974 suis
1917 907 1932 921 '
1966 906 2138 972 ‘tent
2178 905 2570 990 sumptibus,

611 1014 697 1058 ne
741 991 957 1059 taedio
1001 993 1250 1060 fractus
1293 1001 1473 1060 totus
1517 992 1773 1059 diffluat
1816 991 2160 1059 exercitus.
2249 990 2573 1058 Memine-

607 1087 768 1146 runt
810 1078 921 1146 isti
963 1078 1124 1162 quid
1168 1079 1356 1147 nobis
1398 1079 1473 1144 in
1516 1087 1741 1145 nostro
1783 1076 2028 1144 infelici
2070 1076 2242 1144 bello
2276 1075 2572 1143 evenerit

607 1163 898 1245 tandem,
941 1163 1099 1248 quid
1133 1165 1293 1231 item
1331 1161 1850 1249 protestantibus
1887 1164 1959 1230 in
1983 1162 2156 1231 bello
2175 1162 2566 1247 germanico.

611 1247 750 1316 Sed
794 1250 854 1317 si
898 1247 1227 1317 Dominus
1275 1249 1560 1317 voluerit
1597 1249 1900 1316 misereri
1943 1248 2368 1316 ecclesiarum
2412 1245 2570 1313 diri-

609 1343 728 1421 get
768 1343 837 1401 et
879 1333 1240 1403 fortunabit
1283 1336 1570 1404 consilia.
1655 1336 1790 1402 Pro
1830 1355 1964 1418 qua
2009 1356 2079 1400 re
2121 1332 2384 1401 assidue
2427 1353 2569 1398 ora-

611 1441 761 1488 mus
801 1420 1188 1487 Dominum.

783 1506 1022 1574 Restat
1055 1514 1130 1572 ut
1163 1506 1511 1591 aliquando
1546 1506 1686 1585 tibi,
1729 1506 1936 1573 stater
1969 1506 2323 1587 carissime,
2369 1525 2569 1589 expo-

609 1612 766 1743 ith
830 1612 960 1692 quo
1008 1592 1481 1762 {2¹⁰¹m‘v0rii)
1510 1591 1806 1744 taggaeffiin
1842 1603 2112 1762 melam
2176 1591 2290 1743 ililie
2319 1590 2568 1691 ‘nobilis

713 1699 791 1745 us
835 1699 964 1743 vm
1131 1673 1404 1763 Hauvyl.
1871 1698 1912 1743 a
1983 1700 2066 1744 ue
2113 1698 2200 1742 au
2271 1699 2338 1743 vi
2387 1676 2567 1760 Gay-

603 1763 868 1830 6168661
946 1764 1016 1829 111
1082 1766 1284 1831 armis
1349 1785 1490 1832 esse
1555 1773 1622 1830 et
1663 1764 2006 1831 Lutetiam
2073 1762 2274 1829 etiam
2341 1769 2569 1829 contra

2671 565 3135 651 propemodum
3193 564 3276 630 ad
3339 563 3614 630 verbum
3656 559 3886 629 scribit
3926 559 4039 625 ille
4081 579 4165 625 ex
4210 558 4354 625 aula
4389 560 4567 626 cuius·

2673 651 2820 716 dam
2864 650 3180 735 principis
3222 651 3326 716 26.
3366 646 3629 733 Aprilis,
3673 644 3757 713 ad
3800 644 4085 712 nobilem
4129 667 4171 712 a
4208 643 4445 729 Hclvyl,
4480 647 4573 729 qui

2669 736 2793 804 1166
2836 737 3100 803 1161111116
3133 736 3522 822 gravissime
3554 754 3678 801 con
3723 732 3999 809 ueritur,
4044 738 4116 797 et
4146 729 4267 797 sibi
4302 730 4575 815 bonisque

2669 822 3024 889 maximam
3088 822 3400 887 iniuriam
3467 820 3612 886 fieri
3837 827 3924 883 at.
4013 816 4197 883 Petit
4265 822 4337 882 ut
4392 816 4577 901 ipsum

2670 907 2842 992 apud
2886 915 2953 973 te
2996 916 3063 975 et
3106 908 3435 992 principes
3477 925 3808 973 excusem.
3898 901 3990 969 Se
4032 902 4142 971 1116
4195 901 4361 967 1111111
4400 902 4579 986 egisse

2669 1016 2751 1060 ex
2807 994 3153 1078 semetipso
3206 1003 3323 1060 aut
3404 990 3551 1058 dolo
3606 990 3796 1058 malo.
3884 989 4031 1075 Ego
4084 1008 4244 1055 vero
4302 987 4371 1052 111
4427 986 4581 1053 hisee

2668 1077 3156 1147 difficultatibus
3190 1100 3325 1146 non
3360 1077 3645 1145 arbitror
3676 1075 4071 1154 consultum,
4105 1082 4182 1140 ut
4215 1072 4584 1158 principibus

2668 1165 2830 1233 haec
2866 1164 3139 1250 perfidia
3171 1162 3537 1316 detegatur,
3574 1163 3689 1230 sed
3723 1160 3888 1228 alias
3925 1182 4045 1245 per
4078 1159 4467 1227 occasionem
4498 1158 4584 1223 in·

2667 1251 2937 1329 dicetur,
2998 1251 3127 1318 nisi
3170 1250 3304 1317 aliu
3394 1248 3514 1315 tibi
3557 1249 3756 1315 fuerit
3798 1248 4034 1314 visum.
4309 1244 4587 1329 suspicor,

2664 1338 2798 1404 imo
2842 1336 3064 1403 videre
3106 1357 3214 1403 me
3256 1335 3555 1413 arbitror,
3596 1337 3762 1401 istos
3797 1333 4096 1399 homines
4218 1331 4277 1396 'o
4312 1330 4589 1396 611166116-

2668 1424 2759 1490 ris
2803 1421 3136 1490 doctrinae
3178 1422 3389 1488 multa
3430 1421 3705 1507 indigua
3744 1419 3976 1486 faeere.
4058 1416 4249 1501 Quae
4294 1414 4591 1481 Dominus

2666 1527 2786 1575 suo
2848 1515 3143 1593 tempore
3206 1508 3513 1593 requiret
3604 1505 3680 1573 Si
3747 1503 4131 1589 simpliciter
4184 1502 4591 1586 reciperemus

2666 1593 3137 1661 confessionem
3179 1597 3661 1680 Augustanam,
3705 1591 3875 1657 forte
3919 1612 4003 1655 ne
4048 1599 4205 1656 tunc
4240 1586 4493 1672 quidem
4530 1586 4591 1650 fl·

2668 1679 2898 1746 deliter
2938 1679 3247 1747 iuvarent
3308 1700 3447 1747 nos.
3536 1678 3869 1745 Dominus
3921 1697 4053 1742 non
4111 1674 4257 1741 vult
4303 1695 4419 1740 nos
4456 1691 4597 1757 pen·

2666 1764 2821 1832 dere
2864 1766 2945 1832 ab
2991 1765 3385 1844 hominibus,
3448 1764 3565 1832 sed
3609 1786 3649 1830 a
3693 1784 3766 1831 se
3810 1762 3966 1830 solo.
4059 1761 4247 1826 Adsit
4286 1760 4393 1826 1116
4432 1757 4595 1824 nobis

611 1848 818 1934 Regis
862 1847 1146 1916 edictum
1193 1849 1520 1929 festinare,
1565 1849 1706 1916 ursi
1746 1848 2163 1917 creberrimis
2206 1847 2466 1915 nunciis
2501 1855 2570 1912 et
2615 1869 2621 1936 Ι
2667 1861 2735 1917 et
2776 1861 2998 1918 servet
3038 1873 3174 1918 nos.
3236 1850 3451 1917 Valde
3486 1873 3593 1917 me
3628 1852 3757 1916 ista
3792 1849 4079 1927 turbant,
4124 1845 4240 1913 sed
4260 1843 4597 1911 Dominum

609 1934 820 2001 literis
859 1934 1319 2020 Hellvylerum,
1385 1936 1583 2001 rebus
1624 1932 1968 2019 provideat
2022 1945 2302 2032 mature,
2370 1945 2447 1998 ut
2511 1934 2567 1998 si
2615 1949 2621 2008 i
2666 1957 2783 2004 oro
2827 1946 2905 2003 ut
2947 1938 3157 2005 nostri
3201 1937 3612 2004 misereatur.
3701 1934 3899 2001 Nolui
3960 1941 4183 1999 tamen
4228 1931 4392 1997 11866
4434 1931 4597 2029 igno-

609 2021 940 2104 principes
994 2031 1221 2104 petant
1273 2019 1402 2087 sibi
1466 2022 1644 2087 mitti
1717 2021 1965 2104 equites
2021 2033 2089 2086 et
2227 2019 2413 2097 dites,
2480 2040 2568 2084 116
2614 2029 2621 2114 ᾖ
2666 2043 2865 2090 rares.
2954 2023 3059 2089 'Pu
3112 2023 3195 2090 iis
3251 2024 3419 2090 bene
3473 2031 3661 2088 utere
3716 2022 3800 2102 (si
3868 2017 4060 2085 modo
4122 2019 4339 2084 bonus
4392 2014 4601 2098 aliquis

611 2105 749 2172 ulla
813 2126 997 2172 mora
1051 2107 1384 2172 iniiciatur
1439 2119 1507 2172 et
1558 2115 1809 2175 noceat.
1897 2105 2088 2174 Fecit
2135 2106 2148 2118 '
2205 2127 2242 2171 6
2284 2103 2568 2172 fideliter

612 2200 679 2256 et
743 2191 984 2258 acriter
1046 2190 1220 2275 quod
1286 2193 1517 2277 potuit,
1585 2214 1708 2261 nec
1771 2193 1914 2258 sine
1983 2191 2122 2257 suis
2174 2191 2565 2275 sumptibus.

610 2275 906 2344 'l'andem
952 2297 1125 2358 vero,
1170 2300 1253 2343 116
1298 2278 1521 2344 multis
1577 2277 1962 2363 ambmbus
2021 2291 2088 2343 te
2143 2279 2429 2362 fatigem,
2467 2275 2568 2342 ul-

607 2363 770 2428 timo
813 2361 1065 2463 Aprilis
1105 2363 1314 2463 literis
1352 2363 1437 2429 ad
1479 2386 1587 2431 me
1629 2363 1909 2449 scriptis,
1976 2383 2112 2429 non
2177 2364 2344 2462 citra
2385 2361 2567 2428 dolo-

607 2458 882 2686 Ξῗαὲἑ
915 2447 2566 2618 ’ἲὲέᾞὲἕῖθῗ’ωξῗὲἒε“ἳιεέξὲξωέῗ“ἕοῗοςᾝῗᾷ

2615 2125 2623 2304 l
2667 2130 2893 2175 eorum
2936 2131 3097 2175 usus
3140 2117 3267 2185 est)
3312 2131 3431 2195 pro
3477 2119 3593 2174 tua
3632 2108 3877 2192 pietate
3920 2116 3987 2171 et
4030 2102 4399 2189 prudentia.

2836 2194 3412 2261 Festinantissime
3458 2195 3620 2260 haec
3662 2192 3915 2276 scripsi,
3960 2188 4236 2276 proinde
4280 2187 4434 2254 boni
4466 2206 4601 2253 con·

2666 2281 2826 2347 sule.
2915 2280 3008 2345 Et
3048 2281 3106 2347 si
3161 2280 3317 2364 quid
3375 2280 3535 2346 certi
3583 2278 3911 2362 acceperis
3976 2276 4059 2341 de
4101 2274 4301 2341 rebus
4345 2270 4603 2346 9811116,

2668 2365 2857 2433 nobis
2900 2367 3381 2433 communicare
3427 2387 3644 2451 perge.
3714 2364 3891 2430 Miro
3935 2364 4111 2428 enim
4151 2360 4263 2427 1116
4310 2356 4605 2454 desiderio

2669 2464 2994 2528 tenemur,
3037 2452 3303 2519 solliciti
3337 2472 3565 2518 sumus
3610 2460 3676 2516 et
3711 2449 4038 2533 angimur,
4084 2453 4353 2513 orantes
4398 2442 4607 2540 D⁰¹¹¹.¹‘

2671 2558 2832 2604 num
2869 2559 2954 2603 ne
2976 2545 3075 2604 tot
3107 2538 3439 2620 tantisque
3460 2535 3631 2603 desit
3652 2534 3964 2610 ecclesiis,
3988 2554 4154 2600 neve
4175 2552 4300 2598 nos
4323 2528 4531 2596 tradat
4548 2547 4607 2592 m

866 2619 880 2635 “
973 2641 1033 2696 6,
1092 2641 1223 2704 quo
1271 2620 1581 2688 Guisiani
1623 2642 1773 2688 cum
1825 2619 2362 2704 Wirtemberqensi
2397 2618 2566 2687 duce
2614 2637 2621 2704 ε
2670 2643 2909 2689 11181166
2965 2622 3255 2690 hostium
3310 2633 3706 2700 nostrorum,
3813 2621 3883 2686 ui
3926 2618 4296 2686 Dominum
4354 2616 4611 2682 oderunt

605 2704 1042 2784 contulerunt,
1088 2707 1339 2774 animos
1381 2708 1753 2794 principum
1794 2707 1992 2791 plane
2038 2706 2356 2773 alienatos
2399 2726 2563 2772 6666.
2615 2707 2621 2778 :
2670 2715 2737 2775 et
2792 2709 3136 2776 veritatem
3189 2708 3638 2777 conculcatam
3698 2728 3781 2774 vo
3807 2716 3946 2772 unt.
4032 2703 4223 2784 Vale,
4288 2723 4425 2768 una
4476 2718 4609 2765 cum

607 2793 785 2858 Ante
850 2791 975 2857 hoc
1037 2791 1436 2876 colloquium
1499 2815 1580 2860 ea
1652 2813 1912 2859 mecum
1979 2802 2125 2859 acta
2189 2799 2342 2858 sunt
2398 2811 2566 2874 quae
2614 2789 2621 2876 ἔ
2668 2794 2985 2862 fratribus
3039 2804 3110 2861 et
3165 2795 3555 2881 symmystis
3606 2792 3931 2860 omnibus.
4021 2789 4247 2857 Nostri
4290 2807 4517 2854 omnes
4555 2793 4612 2848 te

605 2876 954 2961 postulavi,
999 2878 1408 2962 principibus
1431 2877 1688 2944 Galliae
1731 2878 2156 2964 significares.
2237 2876 2376 2942 Nec
2399 2877 2563 2942 finxi

607 3314 829 3371 autem
873 3307 1205 3389 praecipui
1249 3308 1587 3374 cuiusdam
1629 3308 1854 3373 literas
1887 3327 2052 3392 quae
2092 3308 2162 3371 in
2201 3306 2374 3372 hanc
2408 3326 2563 3389 pro-

607 3390 954 3474 pemodum
997 3394 1398 3460 sententiam
1461 3404 1616 3460 sunt
1659 3395 1972 3478 scriptae:
2045 3391 2221 3469 „Diu
2267 3391 2446 3458 abfui
2490 3392 2563 3457 111

605 3475 888 3562 negotiis
954 3477 1298 3562 principis,
1385 3478 1530 3545 ideo
1598 3500 1775 3545 nunc
1853 3478 2120 3545 demum
2175 3476 2560 3563 respondeo.

606 3561 984 3630 Ludovicus
1029 3585 1070 3628 a
1115 3563 1278 3643 Bar,
1309 3566 1361 3649 ¹)
1435 3566 1676 3632 missus
1720 3586 1761 3631 a
1810 3563 2134 3643 Condensi,
2203 3585 2332 3629 non
2377 3564 2567 3628 venit
2614 3556 2619 3633 ἶ

605 3648 1063 3713 Bruchsellam
1109 3647 1193 3715 ad
1237 3650 1586 3735 principes,
1639 3650 1768 3717 nisi
1810 3651 1979 3716 forte
2023 3649 2191 3716 clam
2235 3669 2564 3716 convene-
2614 3642 2619 3697 ἶ

608 3734 695 3798 rit
741 3733 1220 3819 Rhinyraviwn.
1243 3740 1299 3813 ⁶)
1384 3737 1618 3821 Itaque
1676 3736 1842 3802 nihil
1899 3735 2297 3819 postulatum
2357 3744 2461 3800 est
2524 3755 2566 3798 a
2614 3726 2621 3803 ζ

655 3819 1027 3903 rincipibus.
1085 3819 1344 3888 Deinde
1377 3821 1739 3889 indicatum
1773 3836 1874 3888 est
1909 3822 2191 3905 principi
2214 3841 2360 3886 meo
2381 3821 2566 3887 111666

659 3905 858 3985 'ebus,
927 3906 1178 3991 Regem
1225 3928 1266 3974 a
1307 3907 1651 3975 Guisianis
1695 3907 1903 3975 veluti
1947 3908 2286 3991 captivum
2329 3906 2563 3972 teneri.

613 3994 697 4056 At
742 3991 936 4057 rebus
975 3994 1069 4059 sic
1110 3994 1439 4060 stantibus
1480 4001 1549 4059 et
1591 3995 1777 4078 Rege
1818 3994 1888 4058 in
1925 3993 2229 4059 manibus
2270 3992 2567 4056 inimico-

607 4098 758 4143 rum
803 4078 1179 4157 exsistente,
1223 4080 1364 4163 ipse
1411 4080 1727 4164 intelligis
1770 4100 1903 4145 non
1946 4079 2084 4144 fore
2130 4088 2348 4143 tutum
2383 4078 2567 4160 prin-

606 4164 735 4247 cipi
780 4183 926 4229 11166
967 4164 1276 4250 colligere
1320 4166 1682 4232 exercitum
1728 4174 1843 4231 aut
1879 4184 1951 4230 66
1993 4166 2269 4230 miscere
2309 4163 2408 4228 rei
2452 4182 2566 4228 ve-
2616 4186 2621 4243 ff

607 4249 736 4315 luti
782 4249 1184 4333 desperatae,
1251 4260 1318 4315 et
1374 4271 1575 4335 quum
1632 4249 2001 4316 fautoribus
2045 4249 2382 4333 religionis
2424 4258 2567 4312 tam
2616 4266 2623 4325 3

608 4334 822 4401 debile
867 4346 933 4400 et
976 4334 1360 4403 destitutum
1423 4338 1512 4403 sit
1575 4348 1791 4420 caput,
1859 4356 2070 4419 neque
2128 4332 2437 4418 possibile
2481 4334 2568 4399 sit
2616 4350 2623 4411 f

611 4420 899 4505 equitem
942 4430 1010 4486 et
1066 4420 1353 4505 peditem
1409 4423 1551 4489 sine
1607 4421 1974 4488 sufficiente
2018 4421 2298 4505 pecunia
2339 4428 2406 4485 et
2447 4418 2566 4484 sti·
2618 4440 2621 4461 ¹

609 4506 848 4590 pendio
890 4505 1216 4591 colligere.
1304 4507 1505 4592 Ergo,
1551 4519 1627 4573 ut
1669 4530 1802 4574 uno
1848 4506 2047 4573 verbo
2091 4505 2324 4582 dicam,
2371 4505 2567 4571 rebus

609 4594 704 4658 616
750 4593 1022 4658 mutatis
1065 4592 1232 4657 nihil
1275 4593 1502 4658 auxilii
1548 4594 1758 4660 ausim
1805 4592 1924 4658 tibi
1962 4590 2310 4675 polliceris·
2382 4591 2568 4656 Haec

2616 2899 2619 2926 =
2670 2902 2803 2948 una
2844 2902 2997 2948 cum
3040 2880 3172 2946 tuis
3216 2879 3524 2947 salutant.
3615 2877 3849 2965 'rigari
3893 2881 3951 2944 3.
3997 2875 4163 2943 Maii
4214 2878 4403 2941 1562.

604 2961 980 3047 quidquam,
1068 2962 1185 3030 sed
1250 2964 1521 3030 fuerunt
1589 2963 2112 3031 vehementiores
2177 2984 2372 3046 quam
2439 2982 2564 3047 ego
2615 2959 2621 3044 Ξ

607 3050 1272 3116 commemoraverim.
1364 3050 1558 3117 Nunc
1622 3059 1863 3131 autem,
1930 3071 2133 3134 quum
2201 3069 2280 3114 ea
2336 3055 2564 3132 repeto
2614 3108 2621 3129 ,

608 3143 677 3199 et
741 3133 976 3200 horum
1044 3135 1220 3219 ipsos
1284 3156 1448 3220 quos
1513 3137 1842 3203 miserunt
1905 3135 1985 3202 ad
2051 3156 2159 3201 me
2223 3133 2564 3213 admoneo,
2614 3132 2620 3189 2

608 3239 880 3304 prorsus
945 3220 1278 3288 immutati
1343 3222 1764 3307 frigidissime
1807 3220 2264 3306 respondent.“
2347 3219 2567 3286 Mittit
2614 3256 2621 3321 Ι

3646 3017 3831 3083 Tuus
3871 3014 3983 3081 ille
4028 3033 4221 3099 quem
4264 3013 4459 3079 nosti.

2841 3221 3178 3310 Significa,
3239 3225 3524 3302 obsecro,
3590 3245 3674 3291 an
3720 3224 3846 3290 hae
3890 3223 4009 3289 tibi

2668 3309 2901 3375 literae
2966 3308 3248 3377 traditae
3310 3312 3444 3377 sint
3514 3320 3790 3376 mature.
3876 3309 4009 3376 Eas

2614 3378 2619 3461 Ε
2670 3417 2805 3463 11611
2849 3396 3033 3462 licuit
3076 3394 3387 3481 relegere.

817 4817 879 4886 4)
919 4814 1073 4886 Quae
1124 4822 1426 4887 emmam
1483 4831 1550 4869 σε
1607 4816 1814 4869 nestris
1863 4815 2118 4884 sontibus
2162 4827 2272 4882 pro
2332 4821 2621 4887 tenpore!

617 4889 898 5009 §nearest-e
919 4900 1365 5008 gmaffimm
1397 4891 1448 4939 et
1478 4899 1580 4952 per
1614 4898 1671 4938 oe
1704 4884 1844 4939 sctis
1876 4884 2110 4938 obscura
2144 4889 2288 4936 eunt.

3130 4263 3474 4331 ERBIUS
3530 4261 4170 4330 BULLINGERO.

2848 4438 3009 4519 spes
3083 4434 4225 4516 caminammoesappouoem·
4288 4434 4623 4515 οριωωιι·

2676 4523 2977 4591 Palatino
3020 4521 3407 4606 evomam
3449 4521 3732 4588 amento
3764 4525 4015 4603 papatu
4055 4520 4453 4587 redeunt-or.

2669 4694 2779 4766 (Ex
2814 4713 2884 4750 au
3042 4693 3153 4765 pbo
3186 4692 3349 4747 Δ1611.
3386 4692 3565 4747 Turic.
3602 4690 3743 4746 Plut.
3784 4690 3881 4756 vl,
3908 4689 4028 4745 Vol.
4049 4687 4167 4756 176,
4204 4690 4337 4745 olim
4358 4690 4533 4747 Seria.
4568 4688 4623 4743 B.

3034 4779 3086 4833 p.
3122 4761 3275 4816 Tem.
3311 4758 3397 4823 37,
3431 4759 3523 4816 fol.
3560 4758 3677 4815 218.
3720 4786 3781 4797 -
3818 4758 4017 4814 Simler
4052 4758 4177 4813 Vol.
4217 4757 4366 4826 106.)

2842 4936 3084 5003 Gratia
3137 4933 3259 4999 filii
3300 4933 3430 5000 Dei
3470 4944 3704 4999 tecum.
3796 4934 3941 4998 Etsi
3985 4930 4207 5007 velim,
4252 4929 4623 4997 doctissime

821 4954 882 5089 ⁶3
915 5022 1272 5078 11⁸⁰oeer
1303 5027 1424 5077 em!
1458 5020 1557 5076 κθ
1588 5020 1881 5075 (ΝΜ
1916 5020 2184 5076 amabat
2213 5024 2268 5074 εἰ
2298 5034 2392 5089 ⁰9·
2439 5017 2565 5072 Dre-
2616 4988 2622 5115 !
2670 5020 3076 5107 Bullingere,
3142 5019 3337 5105 plura
3388 5017 3508 5085 tibi
3561 5019 3865 5097 scribere,
3927 5024 4103 5084 certe
4159 5035 4291 5082 non
4360 5033 4623 5101 pomum

2616 5130 2621 5167 ε
2670 5108 2752 5174 ob
2796 5104 3379 5173 inflammationem
3423 5103 3677 5171 sinistri
3720 5102 3924 5191 pedis,
3991 5123 4157 5187 quae
4198 5100 4369 5167 mihi
4414 5102 4625 5186 priore

617 5107 766 5146 euros
801 5098 852 5146 et
883 5094 945 5173 ὀρ
980 5090 1188 5147 ditibus
1215 5090 1568 5159 Luam-bura
1593 5090 1793 5171 riq-'nm’
1817 5089 2021 5172 veaen‘llq
2045 5088 2383 5172 peditum-ct
2415 5087 2566 5144 ultra

615 5159 760 5282 3⁸22«
967 5175 995 5215 s
1028 5158 1446 5215 comantes-doe
1475 5164 1706 5216 euram
1791 5156 1933 5215 0111
1975 5158 2152 5213 lutens
2192 5172 2362 5280 reguo

828 5244 890 5280 a,
933 5230 1078 5284 m,
1129 5229 1226 5283 „a
1273 5228 1542 5297 ,w„
1591 5228 1732 5283 ΝΜ,
1833 5226 2117 5296 (W
2158 5242 2212 5295 v·
2291 5226 2372 5280 19,
2403 5157 2569 5281 ’232
2616 5208 2621 5257 ;
2671 5191 3081 5260 hebdomada
3120 5190 3398 5276 contigit
3440 5212 3524 5256 οι
3569 5190 3811 5277 herysy

611 5295 769 5357 thola
799 5295 949 5363 375.)

2671 5278 3279 5364 Rappoltsteinensi
3325 5296 3475 5359 spes
3517 5284 3618 5344 est
3664 5286 3736 5343 ut
3771 5186 4623 5359 affizssmmpffluhgffi
