4900 6125
645 466 774 530 547

651 650 946 737 Spiritus
1010 656 1165 718 tuus
1225 651 1435 717 bonus
1501 649 1773 718 reducat
1828 671 1937 718 me
2002 649 2073 714 in
2129 656 2380 716 terram
2441 660 2627 716 tuam

698 743 922 821 ropter
955 758 1199 803 nomen
1244 746 1452 803 tuum.
1525 739 1703 803 Area
1748 743 1865 802 tua
1906 757 2034 816 me,
2079 734 2388 815 Domine,
2426 757 2630 819 quam

699 823 1048 889 revissime
1091 823 1389 907 recipiat,
1432 843 1519 888 ne
1564 844 1604 888 a
1648 820 1899 889 diluvio
1939 822 2325 904 intercipiar
2367 832 2435 886 et
2474 842 2627 905 per-

653 930 821 975 eam.
894 909 1041 976 Has
1084 929 1300 987 voces,
1344 907 1756 975 observande
1799 916 2003 990 pater,
2049 907 2224 991 apud
2258 907 2630 973 Dominum

655 1016 805 1061 mea
863 1017 1064 1062 causa
1119 995 1412 1078 suscipe:
1479 1015 1592 1059 eas
1649 994 1828 1059 enim
1874 1016 1914 1060 a
1952 1015 2062 1059 me
2105 1002 2448 1077 peccatore
2493 1003 2630 1059 tar-

655 1080 806 1146 dius
842 1080 1129 1164 excipiet
1162 1081 1291 1146 nisi
1335 1081 1544 1161 iuves,
1588 1101 1711 1145 nec
1746 1078 2054 1163 estquod
2091 1080 2162 1145 in
2196 1078 2322 1146 hoc
2360 1079 2631 1164 negotio

654 1174 842 1232 tuam
888 1186 1155 1249 operam
1201 1165 1506 1250 deneges,
1554 1186 1686 1230 non
1731 1166 1953 1231 minus
1995 1164 2127 1231 tuis
2170 1166 2476 1248 precibus
2511 1186 2629 1230 no·

655 1253 834 1318 mine
872 1251 1030 1318 Iesu
1065 1252 1324 1319 Christi
1365 1252 1529 1317 fusis
1573 1273 1679 1317 me
1723 1260 2030 1335 repetens
2064 1251 2394 1317 Dominus
2429 1271 2630 1334 quam

654 1360 763 1404 me
807 1346 922 1403 tuo
965 1339 1239 1404 consilio
1282 1338 1522 1422 abegit.
1587 1336 1783 1419 Quod
1821 1358 1976 1404 vero
2020 1335 2340 1403 eiusmodi
2384 1335 2630 1403 clamo-

655 1423 840 1490 ribus
885 1423 1059 1507 apud
1116 1432 1183 1488 te
1242 1432 1377 1488 tam
1436 1421 1850 1489 familiariter
1892 1443 2290 1506 conquerar,
2351 1443 2485 1487 non
2530 1429 2633 1487 est

657 1508 833 1594 quod
877 1510 948 1574 in
993 1508 1237 1574 malam
1283 1510 1566 1592 accipias
1605 1516 1880 1592 partem.
1955 1508 2104 1573 Nisi
2149 1508 2325 1573 enim
2360 1507 2631 1590 penitus

657 1597 787 1661 sim
845 1595 1052 1680 stipes
1107 1605 1176 1661 et
1230 1594 1413 1660 omni
1457 1595 1526 1659 vi
1587 1593 1917 1660 sentiendi
1960 1604 2234 1670 exutus,
2295 1606 2397 1658 est
2453 1591 2632 1677 quod

656 1682 939 1747 sentiam
986 1702 1117 1764 qua
1158 1701 1265 1745 me
1320 1680 1390 1745 in
1449 1689 1640 1764 parte
1684 1680 1941 1746 calceus
1985 1690 2233 1764 urgeat.
2323 1679 2481 1745 Mea
2524 1700 2631 1744 res

656 1766 913 1851 agitur:
957 1767 1127 1832 mihi
1169 1780 1287 1831 aut
1328 1767 1400 1830 in
1445 1787 1570 1844 me,
1615 1765 1789 1849 quod
1832 1765 2018 1831 Deus
2064 1773 2341 1844 avertat,
2384 1766 2632 1831 seritur

657 1864 729 1918 et
770 1852 1060 1918 metitur.
1149 1851 1370 1917 Furor
1425 1851 1650 1935 itaque
1694 1862 1762 1917 et
1817 1852 2025 1915 animi
2084 1851 2414 1930 anxietas,
2475 1871 2631 1933 sup-

653 1940 841 2022 plere
886 1947 1155 2022 paratus
1199 1936 1373 2021 quod
1417 1958 1566 2002 mea
1609 1938 1971 2022 denegaret
2029 1935 2292 2005 dicendi
2333 1938 2633 2020 penuria,

653 2024 822 2090 satis
865 2025 1163 2107 amplum
1208 2023 1371 2088 mihi
1417 2024 1804 2103 verborum,
1850 2023 2089 2107 quibus
2135 2031 2200 2089 te
2244 2022 2632 2106 compellem

655 2119 727 2175 et
769 2110 1160 2194 compellam
1207 2118 1285 2174 ιιι
1326 2112 1456 2174 mei
1500 2112 1591 2175 sis
1636 2109 1990 2188 sollicitus,
2051 2110 2266 2193 aperit
2305 2129 2632 2191 campum.

653 2197 909 2262 Verum
956 2218 1159 2279 quum
1205 2205 1269 2261 te
1314 2196 1453 2260 zelo
1500 2193 1778 2260 Domini
1823 2196 2038 2279 tangi,
2096 2194 2332 2261 domus
2375 2195 2521 2259 eius
2566 2202 2635 2259 et

655 2280 1165 2347 domesticorum
1204 2282 1466 2366 negotio
1500 2289 1606 2347 sat
1627 2282 1884 2347 moveri
1920 2292 2312 2364 persuasum
2336 2279 2634 2358 habeam,

655 2387 795 2433 non
839 2379 943 2433 est
987 2368 1160 2452 quod
1206 2377 1273 2432 te
1328 2368 1748 2452 gravioribus
1803 2366 2001 2433 rebus
2059 2365 2435 2432 districtum
2496 2385 2634 2431 ser-

653 2473 929 2519 monum
989 2453 1371 2537 profusione
1429 2475 1739 2518 remorer.
1824 2453 1972 2519 Hoc
2029 2453 2253 2537 itaque
2297 2473 2531 2530 unum,
2578 2452 2635 2516 si

653 2539 902 2622 placet,
949 2541 1067 2605 abs
1113 2551 1180 2604 te
1224 2540 1610 2622 impetrabo,
1656 2549 1732 2604 ut
1773 2560 1894 2622 per
1936 2538 2164 2604 Iesum
2205 2537 2552 2603 Christum
2597 2556 2637 2600 a

657 2626 947 2692 Domino
1019 2627 1161 2690 Deo
1226 2646 1493 2703 exores,
1567 2645 1676 2689 me
1746 2626 1904 2691 hinc
1969 2643 2167 2708 quam
2233 2623 2421 2689 brevi
2492 2623 2634 2688 fieri

655 2713 899 2794 poterit
961 2712 1152 2777 iuxta
1218 2710 1456 2776 bonam
1520 2732 1711 2776 suam
1769 2710 2182 2777 voluntatem
2248 2709 2516 2792 eripiat,
2570 2718 2638 2773 et

654 2796 976 2880 quamdiu
1020 2817 1128 2862 me
1186 2795 1295 2862 hic
1351 2797 1668 2862 detinebit
1723 2794 2045 2862 desiderio
2086 2795 2279 2862 faciei
2336 2816 2496 2860 suae
2538 2815 2638 2859 re-

659 2882 972 2948 visendae
1017 2893 1335 2966 perpetuo
1379 2891 1648 2965 tangat,
1705 2902 1998 2947 amorem
2052 2882 2157 2947 sui
2201 2881 2285 2947 ob
2329 2881 2552 2946 oculos
2595 2901 2637 2945 a

658 2968 979 3035 Sirenum
1024 2969 1303 3033 istarum
1358 2967 1681 3034 illecebris
1725 2988 1996 3034 aversos
2040 2973 2278 3051 ponat,
2331 2965 2636 3032 lectionis

657 3076 887 3122 sacrae
932 3054 1148 3121 studio
1194 3064 1477 3137 pungat,
1535 3076 1642 3119 me
1685 3064 1871 3119 tanta
1911 3053 2305 3121 inerementi
2345 3051 2636 3119 limitum

660 3142 852 3226 regni
898 3140 1154 3206 Christi
1210 3139 1692 3205 dominantium
1736 3139 2013 3205 Domini
2071 3140 2286 3224 rapiat
2331 3138 2637 3218 aviditas,

660 3236 739 3292 ut
781 3227 852 3291 in
899 3227 1081 3291 omni
1127 3227 1465 3309 apertione
1510 3226 1660 3303 oris,
1711 3224 1910 3292 nullis
1946 3225 2290 3291 hominum
2337 3224 2638 3291 evanidis

662 3312 860 3377 minis
927 3312 1340 3395 perterritus,
1409 3324 1475 3376 et
1539 3311 1848 3394 privatim
1914 3319 1984 3379 et
2047 3311 2304 3395 publice
2362 3312 2434 3376 in
2492 3311 2637 3376 eius

661 3397 922 3463 laudem
973 3409 1039 3463 et
1081 3398 1370 3481 proximi
1419 3396 1944 3464 aedificationem
1987 3398 2261 3463 verbum
2307 3397 2449 3462 eius
2495 3397 2637 3462 effi-

662 3506 788 3550 cax
831 3505 953 3566 pro
989 3505 1067 3549 ea
1103 3505 1300 3567 quam
1344 3484 1415 3547 in
1461 3505 1567 3548 me
1610 3483 1902 3549 conferet
1944 3484 2269 3567 sapientia
2307 3484 2636 3566 profitear,

663 3591 1034 3653 nomenque
1082 3571 1224 3635 eius
1283 3571 1387 3634 vel
1447 3568 1761 3653 indignus
1820 3571 2156 3635 confitear.
2247 3567 2441 3650 Quod
2486 3589 2637 3652 pro·

661 3656 836 3722 fecto
881 3677 1219 3739 nunquam
1267 3656 1643 3738 praestabo:
1705 3654 1869 3720 adeo
1909 3678 2056 3722 sum
2101 3656 2347 3721 inscius
2391 3666 2461 3720 et
2502 3674 2640 3719 me·

665 3740 1012 3820 ticulosus,
1079 3741 1204 3807 nisi
1273 3762 1394 3805 sua
1456 3741 1857 3807 sufficientia
1914 3750 1981 3806 et
2039 3741 2365 3823 sapientia
2420 3760 2640 3805 meam

661 3828 1109 3910 ignorantiam
1154 3836 1222 3892 et
1265 3828 1557 3910 inopiam
1605 3828 1931 3906 sublevet,
1976 3847 2324 3910 meamque
2368 3824 2639 3910 pusilla-

666 3913 1036 3978 nimitatem
1084 3935 1205 3978 sua
1227 3914 1478 3979 virtute
1524 3923 1591 3977 et
1625 3913 2015 3978 fortitudine
2050 3914 2122 3977 in
2158 3911 2360 3977 animi
2387 3912 2640 3995 magni·

667 3998 968 4064 tudinem
1027 3999 1431 4082 impavidam
1492 4000 1724 4082 erigat.
1816 3997 2012 4079 Quod
2057 4006 2278 4063 autem
2325 3997 2444 4062 tibi
2488 4018 2641 4080 per-

666 4085 857 4152 doeto
901 4083 1173 4151 rudibus
1217 4085 1430 4150 literis
1473 4086 1849 4167 obstrepere
1909 4086 2036 4150 sim
2093 4105 2324 4162 ausus,
2386 4085 2453 4149 in
2500 4103 2641 4148 cer·-

668 4186 804 4236 tam
845 4180 997 4237 tuae
1031 4170 1466 4236 humanitatis
1503 4171 1916 4253 affabilisque
1950 4169 2329 4247 modestiae,
2375 4170 2643 4234 nativae

669 4257 865 4322 simul
931 4279 1091 4341 erga
1134 4257 1523 4322 domesticos
1578 4256 1729 4321 fidei
1766 4255 2043 4322 afflictos
2079 4256 2533 4323 condolentiae
2577 4262 2645 4319 et

670 4345 917 4425 sperati
962 4343 1215 4408 consilii
1259 4342 1727 4407 confidentiam
1771 4363 2061 4407 errorem
2104 4342 2376 4409 reiicies.
2456 4341 2645 4407 Bene

675 4429 837 4507 vale,
885 4427 1330 4494 eruditissime
1367 4440 1766 4511 praeceptor,
1803 4428 2262 4510 Dominusque
2301 4428 2407 4493 sui
2450 4428 2645 4511 spiri-

673 4530 782 4579 tus
827 4514 1016 4580 donis
1060 4524 1124 4580 te
1176 4514 1390 4599 magis
1442 4536 1519 4580 ac
1563 4514 1776 4598 magis
1825 4514 2143 4592 illustret,
2205 4524 2268 4578 te
2327 4515 2397 4577 in
2444 4512 2645 4597 pedes

673 4610 963 4664 erectum
1033 4601 1390 4678 sustineat,
1470 4600 1879 4683 verbumque
1954 4621 2153 4664 suum
2216 4600 2286 4664 in
2353 4619 2469 4664 ore
2531 4608 2644 4664 tuo

673 4707 924 4767 ponens
970 4706 1048 4750 ea
1083 4687 1363 4768 pectoris
1406 4695 1473 4750 et
1515 4686 1799 4751 laterum
1836 4685 2241 4750 firmitudine
2275 4686 2499 4767 ipsum
2543 4685 2645 4749 in-

675 4789 900 4848 tones‚
954 4782 1030 4836 ut
1072 4772 1270 4837 corda
1315 4772 1658 4837 hominum
1717 4792 1913 4836 saxea
1959 4771 2350 4836 mollescant
2390 4783 2459 4836 et
2501 4792 2645 4836 ear-

675 4880 800 4922 nea
844 4859 1040 4922 fiant:
1085 4857 1546 4941 corpusculum
1591 4868 1934 4939 praeterea
1975 4855 2157 4923 istud
2202 4866 2412 4936 tuum,
2458 4857 2527 4921 in
2573 4878 2645 4923 se

675 4943 941 5025 quidem
987 4944 1496 5027 contemptibile,
1542 4965 1779 5009 verum
1824 4944 2075 5008 virtute
2121 4944 2392 5007 Domini
2436 4942 2644 5008 admi-

679 5029 912 5101 rabile,
958 5029 1245 5111 ipsisque
1291 5028 1714 5106 adversariis,
1760 5027 2249 5112 quantumlibet
2291 5026 2645 5094 audacibus

675 5124 743 5177 et
785 5114 1026 5192 torvis,
1086 5136 1243 5197 prae
1289 5114 1548 5180 dotibus
1604 5116 1890 5198 ingenii,
1950 5114 2090 5179 solo
2133 5115 2332 5179 etiam
2375 5115 2645 5180 nomine

677 5200 1036 5265 terrificum
1082 5222 1215 5266 una
1258 5220 1410 5266 eum
1466 5221 1630 5265 sana
1672 5211 1897 5266 mente
1942 5200 2055 5264 diu
2111 5199 2442 5265 incolume
2486 5222 2645 5265 suae

675 5284 988 5351 ecclesiae
1029 5306 1147 5369 per
1180 5285 1405 5351 Iesum
1443 5284 1787 5351 Christum
1830 5296 2063 5352 servet.
2138 5284 2291 5350 Non
2335 5293 2438 5351 est
2473 5287 2645 5370 quod

673 5369 787 5433 vel
846 5371 1168 5436 elemento
1224 5391 1333 5436 me
1390 5370 1710 5455 digneris:
1779 5393 2015 5437 verum
2060 5371 2118 5437 si
2170 5390 2291 5454 pro
2350 5380 2470 5437 tua
2511 5372 2643 5439 ole-

2183 423 2715 529 EPISTOLAE
2759 464 3188 526 4245—4248
4529 463 4618 524 548

2732 648 2981 715 mentia
3023 669 3160 715 una
3203 655 3324 715 aut
3382 647 3593 714 altera
3644 647 4106 715 exhortatione
4161 649 4378 714 animo
4426 646 4627 716 oednret

2731 755 2839 800 me
2883 734 3082 801 solari
3125 741 3195 801 et
3235 736 3649 814 confirmare,
3692 754 4019 818 quemque
4054 735 4227 801 nosti
4266 735 4542 801 iuvenem
4566 735 4629 800 sd

2730 821 2948 887 maius
3014 820 3279 922 pietatis
3343 820 3638 921 studium
3699 840 3787 886 ex
3851 821 3987 888 tuis
4053 821 4325 888 monitis
4382 823 4633 921 excitare,

2730 927 3009 1059 aar
3064 906 3256 1072 :aa
3291 928 3440 1060 εἰ
3480 926 3780 1079 τςιεῑο.
3806 915 4188 1059 mam:
4216 907 4634 1078 &wa

2733 1077 3045 1146 Decemb.

3626 1609 3830 1681 4246.

3185 1763 3773 1833 HOTOMANUS
3819 1764 4251 1832 OALVINO.

2912 1934 3016 2001 De
3059 1936 3184 2002 loco
3219 1937 3489 2018 quodam
3531 1937 3824 2019 epistolae
3872 1935 4187 2003 Petrinus.

3077 2108 3185 2177 (Ex
3226 2107 3567 2177 autographo
3602 2107 3736 2162 Cod.
3776 2107 3977 2163 Genev.
4018 2109 4137 2176 114,
4165 2109 4259 2164 fol.
4296 2110 4379 2178 5.)

2912 2278 3298 2346 Clarissimo
3335 2281 3481 2346 viro
3516 2280 3788 2346 Domini
3822 2280 4061 2347 Ioanni
4083 2281 4366 2350 Calvino
4400 2280 4661 2347 ecclesiae

2741 2366 3164 2433 Genevensis
3207 2367 3453 2449 pastori
3499 2365 4021 2451 vigilantissimo.
4199 2452 4305 2519 Ge

4308 2473 4529 2518 nevae.

2913 2622 2984 2689 S.
3024 2623 3100 2689 P.
3178 2622 3521 2708 Coynatum
3555 2623 3875 2691 hactenus
3909 2624 4289 2691 avidissime
4332 2623 4665 2708 exspectavi

2742 2729 2935 2792 quem
2981 2729 3021 2773 a
3063 2709 3252 2776 vobis
3303 2729 3616 2776 reversus
3659 2711 3846 2777 oravi
3903 2718 3979 2775 ιιι
4031 2711 4356 2794 optimam
4400 2710 4665 2793 explana·

2743 2797 2988 2860 tionem
3035 2805 3213 2859 tuam
3259 2795 3326 2860 in
3373 2795 3561 2860 Petri
3616 2796 3833 2862 locum
3881 2796 3965 2862 ad
4008 2817 4114 2862 me
4156 2798 4482 2863 mitteret:
4535 2791 4667 2876 quod

2744 2891 2903 2946 tunc
2947 2880 3114 2945 mihi
3169 2880 3432 2964 quidem
3489 2880 3924 2948 libentissime
3978 2884 4163 2949 visus
4220 2893 4325 2950 est
4384 2885 4665 2948 facturum

2743 2967 3096 3049 recepisse:
3141 2987 3227 3031 ex
3268 2986 3397 3050 quo
3439 2966 3692 3035 factum
3737 2979 3841 3034 est
3882 2968 4099 3034 nullas
4141 2979 4216 3034 ut
4260 2992 4303 3035 a
4336 2991 4449 3034 me
4488 2968 4669 3032 litem

2743 3053 2825 3119 iis
2869 3052 2952 3118 de
3010 3051 3206 3118 rebus
3252 3053 3332 3119 de
3385 3053 3623 3137 quibus
3680 3053 3995 3123 iudicium
4053 3068 4240 3121 tuum
4300 3051 4667 3140 postulabas

2741 3138 2824 3204 ad
2863 3138 3041 3205 hunc
3077 3138 3249 3204 diem
3285 3140 3635 3224 acceperis,
3676 3162 3842 3224 quas
3885 3163 4007 3226 ego
4052 3142 4207 3217 (etsi
4251 3162 4377 3225 pro
4419 3152 4532 3207 tua
4565 3139 4669 3203 sin-

2740 3225 2960 3308 gulari
2997 3225 3410 3291 humanitate
3445 3247 3577 3291 non
3602 3228 3874 3292 omnino
3906 3226 4303 3295 iniucundas
4334 3229 4475 3293 fore
4506 3226 4669 3310 signi·

2743 3311 2989 3389 ficaria)
3032 3333 3370 3395 nunquam
3415 3318 3634 3378 tamen
3681 3333 3884 3378 ausus
3927 3334 4140 3379 essem
4176 3312 4262 3379 ad
4306 3322 4379 3380 te
4424 3313 4669 3397 negotio-

2743 3418 2894 3462 rum
2937 3396 3395 3481 magnitudine
3452 3409 3839 3483 occupatum
3899 3399 4217 3479 scribere,
4275 3401 4411 3465 nisi
4469 3400 4521 3465 si
4570 3406 4671 3458 tn-

2743 3483 3070 3549 commodi
3113 3490 3310 3566 atque
3367 3484 3656 3567 expediti
3712 3484 4033 3551 tabellarii
4092 3506 4335 3569 resque
4380 3494 4671 3570 praetem

2744 3568 2941 3634 hodie
2984 3571 3055 3634 in
3100 3590 3402 3635 sermone
3437 3579 3596 3635 nata
3632 3579 3967 3636 verentem
4006 3592 4112 3636 me
4157 3592 4235 3638 ae
4280 3571 4577 3636 timidum
4613 3564 4671 3631 sd

2743 3653 2870 3721 hoo
2915 3656 3033 3719 tibi
3075 3655 3416 3720 literarum
3454 3656 3990 3737 perscribendum
4029 3657 4471 3740 impulissent.
4534 3652 4671 3719 Bur·

2740 3741 2968 3825 yonius
3021 3741 3199 3805 enim
3258 3742 3383 3807 hoc
3440 3742 3583 3825 ipso
3642 3742 3723 3808 de
3780 3742 3922 3809 loco
3965 3743 4151 3808 Petri
4207 3744 4527 3827 epistolae
4574 3738 4671 3803 elo-

2745 3834 2983 3911 ganter
3039 3848 3174 3891 una
3230 3847 3380 3892 cum
3445 3827 3583 3894 suis
3651 3848 4023 3894 samonem
4088 3838 4529 3913 persequutus
4583 3836 4669 3895 est.

2745 3932 2939 3995 quem
2989 3912 3357 3979 Plessiacus
3410 3913 3550 3981 sive
3605 3915 3811 3979 animi
3854 3914 3994 3980 sive
4048 3915 4329 3981 alterius
4376 3916 4473 3980 rei
4521 3930 4673 3979 mun

2744 3999 3152 4079 instituerat,
3210 4000 3282 4063 in
3325 4020 3453 4081 quo
3496 4020 3618 4084 ego
3662 4021 3919 4084 quoque
3963 4021 4093 4065 non
4138 4000 4408 4067 invitus
4456 4008 4671 4066 senteu—

2746 4084 2907 4149 tiam
2952 4105 3167 4149 meam
3214 4084 3487 4168 protuli,
3550 4106 3744 4168 quam
3791 4107 3994 4169 quum
4054 4085 4147 4150 illi
4193 4106 4237 4149 a
4284 4108 4489 4153 sensu
4528 4102 4673 4167 spos-

2746 4170 2863 4235 toli
2907 4191 3040 4235 non
3084 4170 3368 4236 alienam
3412 4170 3836 4249 iudicassent,
3880 4182 4105 4254 utpote
4146 4171 4230 4237 ad
4270 4170 4675 4238 Institutiuu'u

2747 4264 2899 4321 tuae
2944 4257 3336 4321 sententiam
3374 4256 3674 4339 proxime
3712 4255 4149 4336 accedentem,
4192 4259 4397 4342 eique
4434 4256 4557 4341 (uti

2748 4362 2986 4426 urgere
3030 4341 3236 4427 volui)
3278 4344 3714 4423 servientem,
3774 4342 3917 4407 dixi
3958 4364 4065 4408 me
4106 4364 4228 4427 per
4276 4345 4509 4410 literas
4544 4346 4567 4407 i
4638 4342 4649 4351 '

2746 4427 2924 4493 cium
2984 4437 3170 4493 tuum
3216 4428 3611 4510 petiturum,
3680 4449 3954 4511 eamque
3996 4429 4368 4496 clausulam
4415 4430 4497 4495 sd
4534 4429 4671 4493 hm

2748 4514 3018 4578 modum
3063 4535 3260 4596 quam
3304 4515 3670 4581 rectissime
3711 4514 4026 4599 explicari
4070 4536 4303 4598 posse:
4364 4518 4455 4596 si,
4490 4535 4605 4598 qua
4634 4514 4675 4573 ‘¹

2748 4620 2896 4665 cum
2943 4599 3208 4666 afflictis
3243 4598 3621 4667 hominibus
3656 4602 3783 4686 piis
3820 4602 3903 4667 ob
3939 4599 4281 4684 religionis
4318 4602 4673 4669 chx-istime

2747 4685 3297 4767 praedicationem
3342 4687 3649 4752 concione
3706 4687 3942 4767 utitur,
4002 4707 4148 4752 eam
4191 4707 4327 4753 nos
4372 4688 4455 4753 ad
4496 4702 4671 4753 consu

2747 4770 3063 4836 lationem
3106 4772 3663 4837 accommodatam
3707 4773 3776 4837 in
3822 4772 4287 4838 exhortatione
4332 4773 4421 4839 ad
4468 4770 4671 4856 patien-

2746 4860 2909 4922 tiam
2964 4856 3047 4921 ad
3104 4858 3306 4923 finem
3366 4879 3576 4942 usque
3633 4861 3999 4924 sententiae
4056 4859 4573 4933 contineremus.
4620 4866 4671 4915 πί

2746 4944 2832 5007 sit
2875 4941 2984 5008 hic
3026 4942 3154 5009 loci
3196 4964 3461 5010 sensus:
3524 4945 3831 5010 Praestat
3873 4955 3950 5009 ut
3993 4945 4160 5011 bene
4202 4956 4487 5031 agentes
4522 4940 4669 5007 mlh

2746 5029 3127 5095 afficiamini
3183 5051 3381 5114 quam
3425 5031 3596 5096 male
3651 5040 3950 5116 agentes,
4012 5051 4232 5115 neque
4292 5032 4473 5098 enim
4512 5026 4669 5095 mint

2747 5321 2941 5375 4245.
2968 5323 3022 5386 1)
3065 5322 3314 5376 Genuam
3361 5324 3567 5376 nullam
3613 5324 3865 5376 novimus
3904 5327 4133 5391 praetor
4168 5340 4362 5378 man.

2750 5394 2950 5460 recepit
2986 5408 3071 5445 mr
3105 5396 3324 5460 {quotus
3363 5391 3713 5446 Pedemontto
3748 5389 4010 5461 elapsus?

4434 5326 4665 5376 Aaou
