4900 6125
590 453 717 516 707

595 637 793 720 Quod
837 639 956 705 tibi
1001 640 1264 725 ignotus
1313 644 1500 704 4176.

598 723 794 805 Quod
831 725 950 792 tibi
995 726 1236 810 legisse
1280 726 1462 793 visus
1507 746 1578 792 es
1630 729 1815 792 1578.

594 808 790 891 Quod
837 809 956 876 tibi
1000 811 1187 878 nulla
1228 811 1521 877 humana
1567 814 1754 876 2947.

597 895 794 977 Quod
839 897 959 964 tibi
1005 918 1218 983 nuper
1260 919 1336 964 ac
1378 898 1686 963 Musculo
1738 900 1918 961 1428.

596 980 794 1062 Quod
839 982 963 1047 tibi
1008 1004 1224 1068 nuper
1264 984 1517 1048 fueram
1566 987 1711 1046 218.

598 1066 792 1148 Quod
840 1069 960 1134 tibi
1004 1090 1125 1153 per
1210 1077 1577 1135 uaestorem
1627 1074 1770 1132 813.

598 1152 795 1234 Quod
842 1154 960 1220 tibi
1005 1177 1126 1240 per
1225 1155 1500 1222 ecelium
1550 1158 1740 1217 2337.

597 1237 795 1319 Quod
838 1240 957 1305 tibi
1003 1241 1216 1307 serius
1260 1240 1620 1325 respondeo
1671 1243 1850 1305 1958.

596 1323 793 1405 Quod
837 1326 1246 1393 tristissimas
1290 1347 1484 1392 curas
1533 1331 1719 1389 2135.

595 1409 792 1491 Quod
836 1417 985 1479 tuas
1025 1434 1158 1478 non
1202 1414 1611 1498 exspectavit
1657 1416 1801 1478 773.

598 1495 793 1576 Quod
840 1499 972 1564 tuis
1007 1499 1088 1563 ad
1134 1520 1243 1564 me
1286 1499 1495 1565 literis
1551 1504 1686 1562 173.

598 1579 792 1662 Quod
836 1585 969 1648 tuis
1014 1584 1222 1650 literis
1265 1585 1584 1650 hactenus
1633 1589 1819 1649 3870.

598 1669 789 1748 Quod
837 1671 970 1733 tuis
1014 1670 1224 1735 literis
1265 1672 1510 1753 rogasti
1560 1673 1745 1736 2243.

597 1752 794 1833 Quod
839 1755 972 1819 tuis
1016 1756 1225 1822 serius
1267 1755 1628 1840 respondeo
1675 1762 1816 1820 635.

597 1838 793 1920 Quod
836 1840 1013 1905 ultra
1048 1851 1327 1924 quatuor
1370 1845 1558 1906 2299.

597 1922 793 2006 Quod
837 1948 1046 1991 unum
1088 1928 1280 2011 petiit
1320 1928 1572 1992 Hector
1618 1930 1758 1989 623.

594 2009 794 2091 Quod
838 2012 1234 2098 Vergerium
1272 2014 1597 2079 cursitare
1646 2017 1831 2078 3208.

588 2094 783 2177 Quod
827 2118 987 2163 vero
1033 2098 1116 2164 ad
1160 2098 1668 2164 hebdomadaria
1719 2103 1900 2165 1256.

588 2182 961 2263 Quominus
1006 2186 1183 2249 viam
1233 2185 1418 2250 nobis
1465 2191 1606 2248 396.

586 2267 930 2349 Quomodo
974 2291 1187 2353 nuper
1229 2271 1453 2335 Berua
1503 2273 1689 2335 2187.

588 2353 936 2435 Quomodo
981 2377 1087 2421 res
1130 2365 1390 2421 vestrae
1434 2356 1722 2421 habeant
1774 2358 1952 2420 1829.

588 2439 933 2521 Quomodo
979 2441 1329 2507 Bochaeus
1376 2446 1563 2506 2893.

588 2525 917 2606 Quoniam
967 2547 1006 2591 a
1051 2528 1325 2593 Macarii
1373 2530 1560 2592 2597.

587 2612 920 2692 Quoniam
965 2612 1050 2677 ad
1093 2633 1199 2677 me
1243 2615 1554 2697 privatim
1608 2616 1790 2677 2056.

586 2696 917 2778 Quoniam
963 2698 1046 2765 ad
1092 2699 1301 2764 multa
1342 2721 1523 2765 nuno
1577 2703 1721 2764 750.

587 2783 918 2864 Quoniam
967 2783 1336 2851 Andelotus
1385 2788 1569 2848 2892.

588 2868 920 2949 Quoniam
966 2877 1120 2935 ante
1164 2889 1375 2936 annos
1423 2877 1608 2934 3198.

588 2954 921 3036 Quoniam
966 2964 1126 3020 ante
1170 2963 1315 3022 octo
1361 2961 1549 3021 4058.

588 3041 921 3121 Quoniam
968 3041 1195 3108 Berna
1236 3064 1545 3109 reversus
1594 3045 1778 3106 2845.

589 3127 922 3208 Quoniam
967 3128 1146 3193 Beza
1190 3137 1416 3196 noster
1461 3134 1646 3192 4034.

594 3214 930 3294 Quoniam
975 3213 1254 3280 Claudio
1298 3224 1526 3280 nostro
1574 3218 1717 3279 752.

594 3299 926 3379 Quoniam
971 3300 1053 3365 de
1098 3299 1391 3365 adventu
1434 3303 1617 3365 1289.

590 3385 927 3467 Quoniam
972 3385 1077 3450 die
1119 3386 1402 3453 Veneris
1452 3391 1636 3450 1411.

593 3470 925 3552 Quoniam
974 3470 1058 3534 D.
1104 3471 1473 3537 Andelotus
1521 3474 1706 3536 2892.

594 3556 925 3637 Quoniam
976 3577 1053 3622 ea
1098 3557 1594 3624 benevolentiae
1643 3563 1786 3621 311.

596 3642 930 3724 Quoniam
973 3642 1201 3709 eodem
1247 3645 1383 3709 fere
1436 3649 1617 3709 1674.

596 3728 931 3810 Quoniam
971 3736 1039 3794 et
1076 3728 1289 3794 literis
1331 3730 1688 3796 multorum
1737 3732 1923 3793 2851.

596 3814 929 3896 Quoniam
975 3815 1119 3880 heri
1162 3817 1257 3880 ita
1302 3818 1488 3881 2460.

598 3900 932 3982 Quoniam
975 3900 1085 3967 hic
1127 3901 1340 3967 bonus
1380 3902 1484 3966 vir
1543 3906 1725 3965 1176.

599 3985 929 4067 Quoniam
974 3987 1082 4053 hic
1125 3987 1334 4052 frater
1377 3987 1491 4053 diu
1551 3989 1735 4051 1092.

589 4072 933 4152 Quoniam
976 4072 1085 4137 hic
1125 4072 1334 4138 frater
1375 4073 1805 4139 Lausannam
1853 4074 2034 4134 1296.

599 4158 933 4239 Quoniam
977 4157 1087 4224 hie
1130 4158 1238 4223 vir
1280 4157 1516 4224 nobilis
1563 4164 1748 4224 3212.

600 4243 933 4326 Quoniam
978 4243 1103 4311 hoc
1147 4245 1484 4329 negotium
1536 4250 1717 4309 1285.

601 4328 933 4409 Quoniam
980 4331 1048 4395 in
1093 4330 1229 4397 tuis
1272 4330 1485 4396 literis
1530 4334 1715 4393 2969.

601 4415 931 4497 Quoniam
975 4415 1261 4482 Ioannes
1305 4415 1624 4482 Calvinus
1668 4420 1813 4482 479.

599 4502 931 4584 Quoniam
978 4500 1141 4566 mihi
1185 4503 1409 4569 testati
1452 4509 1610 4567 sunt
1653 4504 1839 4566 2978.

603 4587 939 4669 Quoniam
981 4598 1208 4654 nostra
1248 4589 1526 4654 interest
1571 4591 1758 4653 3671.

605 4674 938 4755 Quoniam
981 4694 1244 4739 omnem
1287 4694 1485 4758 quam
1533 4677 1720 4736 4094.

602 4760 933 4842 Quoniam
977 4760 1305 4845 principes
1354 4765 1493 4822 145.

602 4846 933 4929 Quoniam
978 4848 1222 4930 rogasti
1266 4844 1612 4931 postremis
1659 4849 1801 4910 693.

604 4932 937 5014 Quoniam
981 4932 1299 5015 scriptum
1344 4933 1802 5016 consignatum
1851 4938 1993 4997 741.

605 5018 936 5099 Quoniam
980 5018 1255 5085 verebar
1298 5039 1383 5083 ne
1426 5018 1670 5084 Petrus
1715 5022 1860 5083 690.

604 5104 939 5186 Quoniam
984 5103 1261 5169 verebar
1300 5126 1386 5168 ne
1430 5104 1552 5169 tibi
1593 5103 1869 5170 molesta
1918 5109 2054 5168 164.

607 5190 936 5271 Quoniam
983 5188 1249 5255 videbat
1290 5191 1543 5255 Textor
1589 5195 1731 5256 633.

604 5275 933 5357 Quoniam
978 5273 1278 5341 videmus
1320 5276 1652 5341 interdum
1692 5279 1835 5339 866.

606 5362 919 5445 Quotidie
962 5382 1111 5428 cum
1160 5361 1302 5428 Deo
1346 5366 1532 5427 3116.

2057 451 2439 520 INDICES
2486 450 3178 521 EPIS'POLARUM.
4505 457 4612 520 708

2675 641 2953 723 Quoties
2998 663 3120 726 ego
3163 641 3244 706 ad
3290 648 3357 706 te
3405 646 3590 706 3806.

2674 727 2950 808 Quoties
2993 727 3244 794 occasio
3291 727 3554 793 dabitur
3601 732 3786 793 3526.

2672 812 3206 896 Quotiescunque
3247 815 3647 879 mentionem
3694 814 3793 879 tui
3846 818 4026 876 1353.

2671 897 2897 979 Quum
2942 921 2982 964 a
3025 899 3321 965 revelato
3364 903 3552 964 3290.

2668 983 2895 1066 Quum
2938 1007 2978 1050 a
3020 986 3184 1050 viris
3221 986 3443 1069 probis
3489 989 3674 1050 3986.

2672 1070 2898 1150 Quum
2943 1071 3025 1136 ab
3069 1072 3342 1136 ineunte
3397 1076 3494 1134 70.

2717 1178 2895 1236 „uum
2940 1157 3024 1222 ad
3068 1178 3175 1222 me
3216 1177 3432 1240 nuper
3478 1163 3662 1220 4211.

2719 1247 2892 1321 tuum
2940 1242 3023 1307 ad
3068 1264 3174 1307 me
3218 1243 3574 1326 scripsistis
3621 1245 3805 1304 3908.

2719 1331 2894 1406 3uum
2943 1328 3026 1393 ad
3072 1336 3137 1393 te
3177 1329 3699 1412 proficisceretur
3746 1331 3938 1391 1510.

2717 1418 2895 1493 guum
2939 1413 3023 1478 ad
3066 1435 3184 1480 vos
3233 1414 3388 1478 hinc
3437 1417 3622 1476 3042.

2717 1503 2892 1578 tuum
2940 1498 3317 1565 admonitus
3361 1520 3571 1564 essem
3618 1500 3701 1564 ab
3745 1500 3994 1564 Ioanne
4042 1502 4186 1563 821.

2716 1589 2896 1664 fluum
2941 1585 3317 1650 admonitus
3360 1606 3570 1650 essem
3614 1587 3684 1650 in
3731 1605 3990 1651 summo
4030 1587 4216 1650 2532.

2716 1674 2895 1750 guum
2942 1670 3142 1735 allata
3186 1680 3408 1736 essent
3450 1672 3753 1754 exempla
3798 1674 3984 1734 2275.

2716 1760 2896 1835 guum
2939 1755 3180 1821 allatae
3224 1768 3380 1822 sunt
3427 1766 3580 1822 tuae
3628 1760 3770 1820 286.

2715 1846 2895 1921 guum
2939 1841 3617 1908 animadverteremus
3667 1846 3849 1906 1254.

2666 1926 2891 2007 Quum
2936 1929 3156 1993 animo
3198 1928 3532 1994 volverem
3582 1931 3768 1991 3286.

2668 2012 2892 2092 Quum
2936 2033 3112 2079 anno
3155 2015 3493 2098 superiore
3539 2019 3723 2078 3083.

2670 2098 2896 2178 Quum
2941 2100 3223 2165 antehac
3265 2098 3348 2164 ad
3394 2107 3682 2164 vestram
3733 2105 3919 2164 2810.

2665 2183 2890 2264 Quum
2936 2185 3110 2270 apud
3156 2206 3262 2251 me
3299 2187 3671 2251 statuissem
3723 2191 3901 2250 1493.

2666 2269 2890 2350 Quum
2937 2270 3197 2336 audiam
3243 2291 3327 2336 ex
3371 2270 3518 2335 aliis
3565 2275 3752 2335 4029.

2665 2354 2893 2435 Quum
2938 2356 3234 2421 audirem
3281 2356 3627 2421 Sulzerum
3678 2361 3864 2422 3954.

2665 2441 2888 2520 Quum
2939 2442 3315 2509 avidissime
3359 2451 3510 2506 tuas
3559 2445 3746 2506 2598.

2666 2525 2891 2606 Quum
2935 2530 3162 2593 Berna
3202 2548 3507 2594 reversus
3547 2536 3719 2593 esset
3769 2535 3951 2595 1035.

2667 2612 2891 2692 Quum
2937 2614 3090 2678 boni
3131 2614 3245 2678 isti
3285 2615 3412 2678 viri
3463 2620 3644 2678 1951.

2664 2696 2890 2777 Quum
2937 2698 3259 2765 Calvinus
3302 2699 3385 2763 ad
3429 2720 3536 2763 me
3580 2699 3866 2766 misisset
3919 2706 4096 2766 1328.

2664 2782 2892 2863 Quum
2939 2786 3133 2851 certis
3175 2783 3565 2868 quibusdam
3615 2789 3803 2851 3486.

2663 2868 2888 2950 Quum
2929 2878 3150 2936 certus
3194 2871 3475 2937 nuncius
3519 2875 3704 2935 3168.

2664 2954 2889 3035 Quum
2935 2956 3188 3022 Christi
3232 2956 3534 3039 expendo
3578 2960 3720 3017 263.

2663 3038 2889 3120 Quum
2933 3043 3301 3108 communis
3344 3065 3543 3109 causa
3595 3047 3775 3108 1352.

2664 3126 2887 3207 Quum
2935 3128 3015 3193 de
3059 3137 3235 3194 statu
3282 3138 3502 3194 vestro
3549 3133 3737 3194 2745.

2664 3213 2893 3292 Quum
2937 3213 3261 3280 decimum
3308 3216 3437 3279 iam
3487 3212 3659 3279 diem
3713 3219 3894 3280 1927.

2664 3298 2888 3378 Quum
2933 3299 3038 3366 die
3082 3300 3408 3366 dominico
3456 3305 3600 3365 658.

2663 3383 2889 3463 Quum
2936 3386 3047 3451 diu
3093 3386 3512 3468 multumque
3560 3390 3747 3451 3213.

2711 3475 2886 3550 {uum
2932 3472 3124 3537 domo
3167 3473 3441 3556 profecti
3497 3474 3678 3534 1612.

2711 3560 2887 3634 ῑαηω
2935 3557 3201 3622 domum
3246 3556 3586 3623 rediissem
3637 3562 3826 3624 3990.

2712 3647 2888 3720 tuum
2935 3643 3305 3708 dubitarem
3340 3641 3787 3708 intercedatne
3835 3647 4020 3709 2304.

2712 3731 2887 3805 luum
2929 3727 3058 3793 duo
3101 3728 3200 3793 illi
3241 3730 3479 3794 fratres
3526 3733 3668 3792 639.

2663 3810 2889 3891 Quum
2934 3835 2971 3879 e
3016 3815 3401 3881 Pictonibus
3447 3818 3633 3877 3780.

2664 3896 2892 3976 Quum
2938 3900 3165 3965 eadem
3210 3899 3523 3964 mandata
3569 3904 3753 3965 3333.

2664 3982 2890 4062 Quum
2934 3984 3246 4052 Enardus
3287 3986 3496 4050 frater
3540 3989 3686 4046 582.

2666 4067 2890 4147 Quum
2937 4092 3146 4136 essem
3193 4069 3365 4152 apud
3410 4070 3766 4136 Calvinum
3816 4075 4002 4137 2012.

2667 4153 2893 4233 Quum
2936 4177 3148 4222 essem
3194 4156 3511 4222 Genevae
3558 4160 3744 4221 2576.

2667 4238 2895 4319 Quum
2941 4263 3149 4308 essem
3195 4244 3266 4307 in
3310 4251 3642 4308 conventu
3688 4247 3875 4308 2260.

2669 4324 2893 4404 Quum
2940 4349 3024 4393 ex
3068 4349 3145 4394 eo
3191 4337 3488 4411 tempore
3529 4333 3718 4393 4168.

2715 4415 2895 4490 tuum
2940 4433 3024 4478 ex
3070 4414 3290 4479 fratris
3333 4415 3545 4478 nostri
3590 4418 3776 4481 2004.

2715 4500 2892 4575 buum
2937 4520 3021 4564 ex
3064 4499 3275 4565 literis
3320 4500 3451 4564 tuis
3497 4503 3683 4562 2970.

2670 1155 2732 1494 53an

2668 1498 2715 1922 &5353AEAE

2662 3469 2709 3806 nnn&

2668 4410 2714 4575 ΩΔ

2655 4581 2894 4662 Quum
2939 4606 3024 4650 ex
3069 4584 3477 4650 Rhaetorum
3532 4590 3711 4649 1577.

2667 4667 2892 4747 Quum
2937 4671 3310 4737 existimem
3352 4671 3657 4755 precibus
3704 4676 3889 4736 3581.

2715 4760 2892 4835 tuum
2935 4756 3263 4840 expeditio
3305 4758 3435 4822 ista
3481 4761 3666 4822 2070.

2715 4845 2891 4920 tuum
2937 4844 3293 4907 Francisco
3339 4852 3565 4908 nostro
3612 4848 3797 4907 3061.

2714 4933 2892 5008 guum
2941 4929 3449 4994 Francofurtum
3496 4938 3770 4995 vocatus
3818 4932 4006 4996 2533.

2714 5018 2892 5094 guum
2935 5014 3145 5080 frater
3190 5014 3296 5081 hic
3339 5017 3739 5098 propositum
3789 5017 3973 5080 2488.

2715 5105 2892 5179 tuum
2938 5099 3172 5166 Gallos
3212 5110 3473 5166 nostros
3517 5100 3810 5166 viderem
3859 5105 4004 5167 605.

2715 5189 2892 5267 guum
2939 5186 3249 5251 haberem
3293 5186 3375 5251 ad
3421 5196 3487 5252 te
3523 5186 3750 5251 literas
3798 5192 3939 5253 746.

2670 5273 2891 5353 Quum
2937 5273 3063 5338 hac
3104 5276 3424 5338 transiret
3469 5274 3656 5337 2009.

2669 5359 2895 5440 Quum
2942 5359 3086 5424 heri
3131 5367 3277 5443 post
3318 5378 3588 5425 coenam
3643 5363 3821 5425 1124.

2668 4755 2714 5094 nnn&

2668 5100 2714 5267 fil}
