4900 6125
336 455 417 521 13
2074 453 2233 515 1561
2285 445 2612 516 OO'POB.
4269 458 4347 520 14

330 642 532 729 igitur
579 642 848 727 quintae
906 649 976 707 et
1026 647 1251 708 sextae
1292 640 1571 707 actionis
1614 639 1852 706 exitus.
1942 638 2004 705 N
2007 660 2081 706 os
2123 658 2283 705 vero

329 734 784 812 exspectamus
825 725 987 811 quid
1031 725 1296 793 tandem
1343 726 1481 792 sint
1520 727 1696 791 inter
1738 746 1810 792 se
1844 724 2283 802 constituturi,

328 821 406 880 ut
447 823 514 879 et
556 815 685 899 ipsi
728 823 956 899 postea
1004 811 1352 880 consilium
1395 813 1750 895 capiamus.
1840 808 2124 892 Quaeris
2166 830 2285 875 au·

326 909 463 966 tem
503 899 662 984 quid
718 922 752 966 s
871 897 1105 965 emus?
1159 898 1328 963 1111111
1389 898 1545 963 boni
1601 897 1684 963 ab
1730 894 2121 975 hominibus,
2168 893 2284 961 sed

323 985 548 1052 omnia
612 1005 653 1051 a
786 1006 881 1053 eo.
977 987 1074 1071 Τῇ
1134 988 1466 1070 βασιλίσσῃ
1531 982 1699 1049 nihil
1759 982 2159 1061 mutabilius,
2219 989 2286 1047 et

320 1070 492 1137 nihil
536 1070 647 1139 hic
690 1071 827 1137 fere
870 1069 1328 1138 animadverto
1363 1077 1626 1153 praeter
1658 1067 1964 1152 ἀναρχίαν.
2055 1070 2282 1144 Acres,

321 1156 696 1256 diligentes,
738 1158 828 1222 im
877 1156 1162 1224 erterriti
1197 1163 1352 1223 sunt
1392 1155 1635 1221 hostes.
1707 1153 1793 1220 In
1828 1156 2070 1220 nostris
2114 1153 2283 1219 nihil

319 1242 555 1310 simile.
646 1242 783 1310 Sed
897 1264 1014 1310 eus
1057 1242 1253 1327 plane
1341 1242 1443 1307 uis
1505 1241 1595 1307 sit
1629 1238 1930 1308 ostendet
1967 1240 2039 1305 in
2086 1240 2283 1305 rebus

318 1328 883 1412 deploratissimis.
987 1327 1087 1406 Si,
1152 1349 1280 1412 quo
1392 1328 1691 1394 futurum
1756 1326 2060 1406 arbitror,
2126 1345 2283 1390 mox

317 1414 617 1481 solvatur
673 1414 1084 1499 colloquium,
1150 1413 1453 1497 protinus
1501 1434 1609 1479 me
1658 1414 1727 1478 in
1795 1412 1970 1478 viam
2006 1411 2171 1477 dabo
2216 1418 2284 1476 et

316 1500 453 1584 ipse
496 1498 620 1565 tibi
664 1521 888 1567 coram
922 1500 1248 1567 nunciabo
1289 1498 1553 1565 infinita
1595 1518 1762 1582 quae
1829 1497 2115 1565 scribere
2158 1517 2283 1564 nec

314 1605 591 1670 possum
646 1608 771 1653 nee
829 1585 1021 1688 volo..
1082 1584 1209 1653 Sin
1265 1586 1505 1686 minus,
1560 1583 1931 1685 perdurabo
1980 1583 2103 1649 sub
2157 1582 2284 1649 hae

312 1692 511 1825 322⁰
539 1669 2021 1825 sssffxogssffl..sfssnssffimz’tffi’
2046 1667 2281 1838 321*AE

310 1844 572 1911 actione
616 1843 893 1910 habitas.
978 1841 1157 1925 Quid
1212 1842 1309 1908 illi
1355 1863 1438 1908 ex
1482 1842 1760 1908 adverso
1816 1839 2283 1939 responderint

312 1937 379 1994 et
420 1931 728 1996 omnium
768 1929 944 1997 ultro
988 1930 1280 2013 citroque
1315 1928 1641 1995 dictorum
1685 1949 1949 1994 summa
1990 1949 2076 1992 ex
2118 1928 2281 2009 lpsis

310 2016 473 2082 actis
524 2034 897 2100 cognosces,
942 2015 1339 2099 simulatque
1383 2013 1727 2081 absolvere
1770 2022 2060 2097 potuero.

494 2100 726 2183 Quum
767 2101 932 2169 haec
990 2101 1139 2167 heri
1189 2100 1597 2185 scripsissem
1640 2099 1962 2167 nuncium
2013 2118 2282 2181 exspec-

314 2195 485 2267 tans,
549 2208 700 2254 ecce
753 2188 942 2254 nobis
986 2186 1403 2272 gratissimae
1457 2195 1612 2252 tuae
1667 2186 1898 2252 literae
1959 2183 2151 2251 datae
2196 2188 2279 2248 24

313 2271 750 2374 Septembris.
852 2273 1182 2340 Redditae
1246 2280 1405 2339 sunt
1472 2271 1758 2354 reliquae
1833 2272 1915 2338 iis
1978 2268 2281 2336 omnibus

310 2359 557 2443 quibus
635 2359 1048 2443 inscripsisti,
1068 2360 1125 2436 θ’)
1214 2359 1297 2423 D.
1388 2358 1773 2424 Antiraldus
1846 2355 2147 2440 promisit
2210 2377 2282 2422 se

310 2445 492 2511 intra
561 2442 724 2511 duos
789 2443 928 2512 dies
988 2443 1339 2511 Merlinum
1394 2454 1693 2510 nostrum
1750 2442 2208 2510 absoluturum
2224 2444 2280 2522 ⁷)

310 2550 425 2613 per
494 2551 695 2615 quem
762 2533 965 2597 etiam
1022 2529 1460 2616 respondebit.
1552 2531 1866 2597 Gala-eius
1923 2537 2145 2596 noster
2199 2527 2280 2593 de

308 2615 686 2683 invisendis
727 2616 1100 2701 pictonibus
1156 2614 1559 2683 deliberabit.
1649 2614 2041 2683 Acanthium
2081 2633 2278 2698 cupe-

306 2723 447 2769 rem
496 2724 761 2770 meeum
797 2702 1143 2782 abducere,
1188 2702 1306 2769 sed
1350 2714 1453 2768 est
1496 2700 1688 2769 valde
1726 2702 1991 2767 infirma
2022 2700 2278 2769 valetu-

308 2788 482 2856 dine.
577 2788 684 2855 De
748 2797 978 2856 nostro
1037 2788 1320 2855 Chandio
1380 2787 1616 2856 melius
1679 2786 1989 2872 quiddam
2063 2806 2274 2871 spero,

303 2895 529 3028 321⁹&
557 2895 772 3028 {¹2⁰2
807 2875 892 3027 ¹3:3¹
931 2874 1473 3028 sssstffiffimam‘f'm'
1516 2874 1723 3044 {33:31³
1734 2894 1829 3025 ἐξ
1832 2871 2104 3044 {4335
2139 2871 2275 3024 32¹1}

302 3068 600 3132 possum.
689 3045 827 3115 Sed
882 3048 1151 3114 omnino
1208 3045 1292 3112 ad
1349 3059 1591 3132 paucos
1634 3045 1775 3114 dies
1813 3068 1921 3113 me
1965 3043 2274 3112 retinebit

303 3136 458 3218 quia
523 3134 730 3200 vestri
793 3133 1190 3201 desiderium
1245 3134 1419 3200 ferre
1472 3133 1755 3217 amplius
1809 3153 1941 3199 non
1982 3152 2269 3216 possum,

302 3240 517 3372 ‘lifi‘nm
544 3218 2271 3392 ἕᾝᾱῗθέἓῖωοᾞῗῗζἔέᾶὲἰῖῗὲθέἓξῗιῗὲἰὲ

303 3412 511 3476 quam
567 3391 779 3475 possis
828 3392 1112 3459 credere.
1198 3391 1491 3457 Tantum
1536 3412 1769 3457 vereor
1812 3412 1896 3457 ne
1939 3390 2108 3456 clam
2152 3388 2270 3455 ali·

302 3477 488 3562 quid.
515 3480 573 3555 θ)
654 3477 946 3545 Uxorem
991 3498 1208 3544 meam
1263 3498 1423 3562 rogo
1465 3486 1544 3543 ut
1594 3478 1787 3545 sicuti
1830 3476 1992 3542 facis
2035 3495 2271 3560 pergas

302 3562 557 3631 habere
620 3563 1163 3630 commendatam.
1249 3563 1505 3629 Vinum
1562 3563 1824 3646 quando
1872 3561 2094 3628 uidem
2152 3570 2270 3627 tuo

301 3648 585 3716 oonsilio
629 3649 945 3728 vendidit,
1010 3656 1104 3728 tu,
1166 3656 1246 3715 ut
1287 3669 1497 3733 spero,
1542 3649 1803 3733 culpam
1875 3668 2010 3715 ues.
2100 3646 2270 3715 Nor-

300 3736 641 3804 maium
683 3748 984 3802 nostrum
1032 3750 1102 3801 et
1149 3755 1379 3801 omnes
1423 3733 1709 3819 collegas
1752 3745 1820 3800 et
1862 3735 2105 3801 amicos
2147 3754 2269 3818 ego

303 3830 371 3886 et
410 3823 630 3889 nostri
672 3841 902 3888 omnes
946 3821 1245 3905 cupimus
1302 3820 1666 3904 plurimum
1722 3820 1995 3888 salvere.
2083 3818 2270 3886 Bene

301 3906 472 3987 vale,
544 3906 640 3972 mi
703 3906 1061 3992 plurimum
1127 3905 1533 3973 observande
1610 3913 1815 3990 pater.
1902 3904 1989 3972 D.
2079 3905 2268 3973 Iesus

302 3991 424 4058 tibi
480 3993 698 4078 magis
754 4015 830 4061 ac
886 3994 1098 4078 magis
1153 3991 1495 4059 benedicat
1548 4000 1615 4058 et
1670 4001 1817 4059 tuas
1869 4011 2097 4075 preces
2150 4012 2266 4058 ex-

304 4078 554 4146 audiat.
644 4079 756 4145 Ex
798 4077 1257 4163 sangermano
1300 4086 1536 4162 quarto
1580 4098 1785 4145 nonas
1829 4077 2152 4145 Octobris.

1666 4214 1851 4281 Tuus
1893 4214 2090 4281 Beza.

608 4422 687 4477 N.
722 4419 865 4479 8680
897 4430 949 4477 et
981 4436 1124 4493 seqq.

606 4491 734 4548 eide
768 4492 843 4547 N.
878 4490 1034 4547 3550.

451 4631 466 4645 .
513 4420 575 4630 Ξ
607 4560 789 4616 Aliter
824 4559 1105 4683 Lunaque}
1126 4557 1350 4682 113fi145
1362 4579 1413 4682 :d
1433 4558 1821 4681 Audtifiitifsrd.
1854 4556 2266 4682 {gradenses-d

303 4628 1353 4822 fflwmmffssffikkufflwo
1378 4644 1673 4751 v2122=nt
1696 4627 2228 4753 moeqaer‘tffmm‘
2227 4713 2265 4752 a

304 4767 731 4840 mm

3276 638 3469 710 3547.

2863 809 3389 880 VERMILIUS
3436 809 3866 879 CALVINO.

2559 980 2666 1047 De
2706 982 3003 1065 colloquio
3043 984 3179 1050 iam
3219 982 3388 1050 niba
3429 982 3573 1049 boni
3614 986 4108 1066 exspectandum

2388 1152 2500 1218 (Ex
2537 1153 2693 1208 Petri
2727 1155 2782 1208 M
2945 1154 2958 1168 '
3019 1155 3069 1210 E
3109 1172 3164 1225 p.
3199 1155 3480 1226 impressis
3515 1156 3586 1208 ad
3621 1156 3822 1210 calcem
3857 1157 4016 1211 Locc-
4056 1158 4220 1212 theol.
4258 1158 4343 1213 ed.

2785 1163 2990 1291 Ἥ
3022 1172 3116 1279 fol.
3151 1222 3269 1291 581,
3307 1226 3392 1279 ed.
3435 1221 3586 1292 1587,
3622 1240 3676 1292 p.
3714 1223 3895 1292 1141.)

2560 1392 2849 1462 Verebar
2904 1417 3016 1462 eas
3074 1396 3301 1463 literas
3329 1401 3378 1474 ¹)
3433 1396 3843 1464 intercidisse
3901 1419 4063 1482 quas
4128 1396 4213 1464 ad
4277 1407 4342 1466 te

2385 1478 2536 1544 dedi
2579 1500 2782 1563 quum
2825 1483 3113 1565 primum
3162 1483 3294 1549 huc
3339 1482 3591 1567 appuli:
3639 1482 3757 1548 sed
3799 1482 3989 1550 video
4031 1483 4152 1550 tibi
4194 1482 4343 1551 red-

2384 1563 2556 1631 ditas
2618 1586 2817 1649 quum
2875 1567 3344 1635 humanissime
3399 1567 3828 1652 responderis.
3852 1571 3911 1648 ²)
3998 1567 4343 1651 Quomodo

2382 1671 2490 1717 res
2555 1661 2817 1718 nostrae
2881 1653 2991 1719 hic
3050 1654 3355 1732 babeant,
3413 1654 3639 1720 multis
3693 1676 3825 1722 non
3879 1656 4162 1721 arbitror
4217 1656 4341 1722 tibi

2383 1736 2909 1821 significandum,
2954 1739 3126 1823 quod
3173 1739 3353 1806 Beza
3409 1741 3546 1806 suis
3605 1740 3688 1805 ad
3745 1751 3810 1806 te
3868 1740 4078 1807 literis
4117 1744 4340 1808 omnia

2382 1823 2902 1906 comprehendat
2941 1845 3109 1909 quae
3152 1837 3311 1891 sunt
3367 1829 3533 1893 scitu
3578 1824 3798 1910 digna.
3888 1828 3992 1892 De
4034 1848 4339 1894 successu

2384 1916 2605 1974 autem
2658 1910 2730 1974 in
2789 1919 3132 1993 posterum
3189 1910 3346 1995 quid
3406 1912 3561 1977 boni
3615 1911 3782 1977 mihi
3838 1912 4149 1994 pollicear
4203 1934 4337 1979 non

2382 1992 2612 2074 habeo,
2637 1998 2693 2070 8)
2737 1996 2852 2062 sed
2895 2017 3165 2081 prorsus
3209 1997 3483 2081 despero
3516 1996 3936 2065 scholasticos
3970 2009 4038 2065 et
4069 1999 4344 2081 pseudo·

2382 2080 2856 2148 ecclesiasticos
2915 2081 3254 2149 nobiscum
3317 2104 3461 2149 esse
3532 2104 3985 2151 consensuros.
4084 2083 4341 2152 Habui-

2380 2187 2533 2233 mus
2575 2166 3051 2252 colloquutores
3095 2169 3449 2235 admodum
3494 2168 3785 2253 placidos
3828 2179 3912 2250 et,
3949 2177 4027 2235 ut
4064 2191 4225 2254 prae
4267 2192 4339 2238 se

2380 2252 2624 2331 ferunt,
2687 2274 2728 2319 a
2781 2254 2972 2321 nobis
3024 2254 3300 2321 minime
3357 2254 3805 2322 abhorrentes.
3896 2256 4148 2322 Verum
4193 2276 4338 2324 car—

2382 2337 2731 2418 dinalibus,
2778 2342 3097 2424 episcopis
3141 2352 3210 2406 et
3252 2341 3630 2408 doctoribus
3671 2342 3920 2427 ingrati
3954 2349 4113 2409 sunt
4154 2351 4223 2408 et
4260 2351 4341 2409 ut

2380 2425 2665 2507 suspecti
2722 2426 3066 2492 haereseos
3124 2437 3531 2494 accusantur.
3621 2425 3839 2493 Hodie
3897 2429 3964 2493 in
4026 2437 4336 2494 cornuto-

2378 2530 2531 2576 rum
2595 2532 2907 2578 consessu
2931 2513 2992 2594 ⁴)
3059 2512 3388 2597 Poyssiaci
3458 2534 3531 2578 se
3596 2522 3889 2598 purgant
3943 2523 4012 2580 et
4068 2534 4339 2581 oausam

2382 2595 2626 2663 dicunt.
2712 2597 3028 2664 Fratrum
3072 2598 3416 2665 consilium
3460 2608 3561 2665 est
3603 2613 3680 2665 ut
3736 2618 3885 2665 cum
3940 2600 4338 2668 adversariis

2380 2689 2524 2748 tam
2565 2682 2805 2748 leniter
2846 2692 2915 2748 et
2947 2694 3291 2749 mansuete
3347 2705 3624 2770 agamus
3679 2692 3755 2751 ut
3811 2684 4063 2750 nullam
4107 2685 4336 2752 videa-

2378 2789 2533 2833 mur
2592 2789 2858 2835 causam
2922 2769 3356 2853 abrumpendi
3430 2770 3732 2854 colloquii
3800 2769 4075 2837 dedisse.
4104 2774 4158 2852 ⁸)
4244 2773 4339 2837 At

2378 2853 2746 2920 verendum
2790 2863 2893 2921 est
2934 2876 3020 2921 ne
3066 2856 3383 2940 patientia
3426 2877 3509 2922 ex
3551 2856 3826 2922 lenitate
3862 2867 4087 2923 nostra
4120 2858 4337 2942 impu-

2380 2940 2615 3006 denter
2676 2939 3059 3008 abutantur.
3148 2939 3282 3023 Qui
3358 2942 3555 3009 rebus
3619 2949 3935 3025 praesunt
3957 2946 4009 3020 θ)
4071 2941 4337 3027 aliquod

2376 3035 2698 3092 INTERIM
2741 3026 3052 3095 videntur
3093 3025 3420 3106 meditari,
3465 3047 3540 3094 ac
3579 3028 3960 3114 religionem
4004 3049 4209 3113 quum
4252 3050 4336 3096 ex

2376 3112 2697 3197 papistica
2741 3122 2889 3179 tum
2945 3134 3033 3179 ex
3088 3113 3480 3181 Lutherana
3535 3115 3706 3181 velle
3758 3116 4060 3182 conflare.
4148 3116 4336 3183 Faex

2375 3198 2787 3282 papistarum
2833 3199 3038 3266 nollet
3078 3198 3248 3265 illud
3292 3200 3513 3266 subire
3554 3221 3756 3267 onus:
3801 3200 3870 3266 id
3914 3201 4093 3266 enim
4143 3201 4336 3271 unice

2375 3283 2647 3350 student
2688 3306 2772 3351 ne
2816 3285 2897 3352 de
2940 3306 3060 3353 suo
3102 3285 3408 3369 pestifero
3452 3288 3756 3352 instituto
3801 3286 4158 3371 quidquam
4194 3309 4332 3354 mu-

2375 3377 2569 3451 tetur,
2608 3369 2725 3436 sed
2757 3378 3020 3438 nostras
3056 3372 3362 3439 eeclesias
3406 3391 3484 3439 eo
3516 3371 3765 3440 vellent
3807 3374 4093 3458 gravari,
4137 3374 4194 3440 si
4238 3373 4335 3441 eis

2372 3455 2590 3539 aliqua
2625 3454 2894 3524 libertas
2930 3456 3338 3524 concedatur.
3411 3460 3505 3524 At
3537 3458 3770 3543 regina
3803 3466 4146 3542 utramque
4181 3480 4334 3559 par-

2371 3549 2526 3621 tem,
2573 3563 2690 3609 nos
2733 3542 3004 3626 inquam
3028 3551 3096 3609 et
3137 3542 3304 3623 illos,
3341 3543 3576 3609 iisdem
3598 3552 3666 3610 et
3687 3543 3970 3611 decretis
4004 3556 4070 3609 et
4104 3543 4332 3613 edictis

2369 3628 2691 3695 involvet.
2779 3628 2946 3714 Ego,
2990 3650 3195 3713 quum
3240 3629 3586 3697 sinceriter
3628 3652 3706 3697 ac
3749 3652 3913 3714 pure
3952 3631 4332 3696 instauran-

2369 3712 2494 3779 dae
2536 3713 2877 3799 religionis
2918 3714 3190 3782 consilia
3246 3714 3561 3794 dederim,
3617 3715 3902 3800 amplius
3941 3737 4073 3782 non
4117 3736 4334 3783 accer-

2367 3820 2496 3879 sor,
2520 3803 2577 3877 7)
2622 3821 2743 3866 nec
2784 3799 2900 3865 illa
2942 3800 3056 3867 vel
3096 3801 3440 3868 eonsilium
3483 3800 3588 3867 vel
3632 3801 4112 3868 institutionem
4150 3823 4191 3868 a
4223 3822 4331 3869 me

2368 3885 2575 3952 ullam
2619 3885 2927 3970 postulat.
3013 3886 3099 3953 In
3134 3907 3411 3967 summa,
3446 3887 3577 3953 Dei
3611 3887 4028 3972 providentia
4063 3909 4195 3953 una
4228 3895 4331 3956 est

2366 3991 2450 4037 ex
2557 3992 2643 4037 ua
2704 3971 2918 4038 multa
2978 3971 3307 4056 speranda
3370 3982 3555 4040 sunt:
3622 3995 3708 4039 ex
3772 3995 3970 4042 carne
4011 3995 4171 4041 vero
4215 3986 4331 4040 aut

2366 3992 2640 4125 brac‘bio
2708 4068 3053 4141 potentum
3118 4068 3236 4123 aut
3300 4078 3533 4142 parum
3602 4068 3721 4125 aut
3773 4059 3944 4126 1111111
4002 4072 4323 4143 exspecto.

2573 4414 2610 4540 ἓ
2667 4416 2898 4541 galei&
2929 4432 3012 4486 sp.
3049 4432 3164 4470 uon
3198 4422 3392 4472 exsta&
3500 4488 3512 4500 ι

2574 4554 2636 4619 4)
2689 4500 2863 4610 1⁷32„
2896 4484 3051 4541 Boea
3084 4485 3328 4541 hahebat.
3401 4486 3577 4553 (Vnde
3604 4484 4056 4555 ρνωοσᾶεπωπι.)

2362 4622 2916 4760 βωπὲἆθξῆωίω
2961 4625 3046 4680 ⁸⁶oe
3090 4591 4323 4694 adiacebantqmnpmclaticonemm

2575 4760 2639 4826 6)
2679 4759 2899 4829 Rem‘na
2920 4765 3095 4816 mata·
3127 4760 3568 4817 &Naeuam
3598 4762 3840 4831 politicis
3863 4761 4174 4817 ration-ntus
4198 4774 4323 4830 per·

2365 4832 2514 4885 noti·
2583 4830 2676 4884 La
3016 4868 3028 4881 .
3077 4829 3152 4884 11.
3188 4829 3321 4884 141.-
3373 4830 3515 4896 Quid
3566 4830 3636 4884 de
3681 4832 3892 4900 Regina
3935 4829 4096 4883 vidua
4147 4830 4322 4886 dicam

2366 4901 2462 4954 vix
2496 4899 2628 4963 scio,
2671 4899 2780 4952 nisi
2816 4915 2890 4968 qu
2997 4914 3107 4954 non
3140 4898 3349 4964 dubito,
3396 4916 3718 4969 quocunque
3752 4916 3812 4954 se
3846 4899 4063 4953 fortuna
4094 4899 4325 4955 inclinet

2365 4970 2471 5025 hoc
2506 4969 2556 5021 ei
2592 4969 2885 5051 praecipue
2919 4983 3041 5022 esse
3075 4983 3236 5022 curae
3271 4978 3334 5022 ut
3367 4976 3575 5039 regnet,
3623 4985 3725 5023 nec
3766 4976 3901 5038 puto
3935 4984 4054 5023 eam
4074 4976 4322 5095 ,pro-m

2364 4346 2556 4404 8547.
2582 4347 2640 4555 1}
2672 4346 2754 4405 N.
2787 4346 2944 4403 8516.

2366 5037 2676 5120 pontificios
2710 5044 2808 5092 aut
2843 5043 3074 5108 propter
3108 5037 3452 5093 Lutherauos
3497 5038 3743 5093 fortunas
3778 5053 3904 5091 suas
3938 5036 3996 5091 in

2365 5114 2816 5243 ωωωιξὶιῖιῗὲᾱσ
3233 5176 3406 5245 rtyns’
3433 5174 3511 5229 ad
3531 5173 3910 5243 Bulbum·
3931 5189 4123 5230 verm

2368 5246 2631 5314 Lanam
2660 5244 2696 5300 1.
2731 5244 2794 5299 1..-
2847 5244 2910 5298 P.
2945 5245 3163 5314 Martyr
3194 5244 3483 5314 aliquoties
3517 5260 3640 5297 oum
3673 5241 3885 5313 Regina
3916 5250 4005 5325 est
4047 5260 4111 5299 co
4226 5261 4321 5297 uu·

2367 5314 2604 5440 &flul-s
2633 5313 2853 5383 quidem
2891 5321 2977 5366 est
3023 5314 3410 5383 prudentium·
3340 5313 3352 5326 ⁸
3411 5328 3490 5376 us,
3548 5311 3647 5367 sed
3697 5313 3818 5383 ipsa
3862 5318 4026 5367 etiam
4074 5320 4160 5367 est
4242 5313 4318 5367 lo-

3016 5174 3232 5229 anun
