4900 6125
168 1897 183 1914 ·
316 1866 487 1934 loeus
525 1866 765 1951 ferebat
802 1868 1095 1933 ammi.
1173 1865 1378 1934 Porro
1418 1870 1491 1930 ue
1543 1865 1701 1950 129ae

350 396 453 459 121

342 589 512 648 terea
550 588 903 665 emergunt
985 580 1133 647 nasi
1175 597 1213 645 e
1255 581 1407 647 sinu
1459 586 1685 646 nostro
1729 577 2031 646 audaculi
2084 578 2290 662 scrip·

339 675 518 747 tores,
563 667 675 750 qui
717 686 855 732 non
897 686 971 732 so
995 687 1107 732 um
1152 686 1451 732 errorum
1495 664 1757 732 nebulis
1810 683 2007 731 sanae
2052 663 2291 731 doctri-

339 773 455 819 nae
510 751 729 819 lucem
784 750 1152 831 obscurant..
1216 751 1325 818 vel
1381 755 1611 836 pravis
1656 750 1905 817 deliriis
1962 750 2292 834 simplices

337 838 728 916 dementant,
774 858 851 905 ac
894 837 1114 905 minus
1156 838 1586 904 exercitatos:
1632 836 1748 903 sed
1790 836 2066 920 profana
2102 835 2291 902 dubi-

336 923 509 991 tandi
549 923 819 990 licentia
862 931 1063 989 totam
1122 923 1512 1010 religionem
1554 922 1683 989 sibi
1725 921 2096 989 convellere
2138 941 2290 1005 per-

332 1011 621 1076 mittunt.
692 1009 866 1075 Nam
911 1009 1097 1093 quasi
1153 1009 1404 1094 putidis
1457 1009 1597 1075 suis
1649 1008 1882 1075 ironiis
1924 1016 1993 1074 et
2032 1007 2292 1075 cavillis

334 1095 648 1182 genuinos
680 1095 976 1162 Socratis
1020 1095 1374 1179 discipulos
1408 1116 1481 1162 se
1513 1095 1808 1180 probent,
1852 1093 2113 1159 nullum
2156 1092 2291 1159 illis

330 1183 537 1268 magis
593 1181 938 1265 plausibile
994 1190 1097 1247 est
1147 1182 1411 1248 axioma
1451 1201 1642 1264 quam
1688 1179 1884 1245 fidem
1930 1200 2073 1245 esse
2128 1179 2290 1246 libe-

328 1288 485 1345 ram,
544 1275 623 1332 ut
678 1266 875 1334 liceat
916 1267 1153 1351 quavis
1208 1265 1290 1332 de
1333 1287 1407 1332 re
1450 1263 1842 1351 ambigendo
1895 1267 2290 1349 scripturam

326 1354 535 1420 instar
578 1354 722 1419 nasi
764 1353 939 1419 cerei
982 1358 1089 1432 (ut
1130 1352 1519 1437 loquuntur)
1576 1351 1938 1420 flexibilem
1994 1350 2286 1418 reddere.

326 1438 555 1523 Itaque
615 1439 738 1505 hoo
794 1439 1143 1523 proficient
1194 1437 1467 1504 tandem
1525 1440 1637 1521 qui
1693 1437 2019 1503 illecebris
2077 1457 2291 1503 novae

325 1524 520 1592 huius
578 1523 949 1590 academiae
1007 1524 1184 1607 capti
1227 1545 1405 1591 nunc
1465 1523 1678 1590 dubiis
1738 1522 2289 1608 speculationibus

320 1609 691 1695 indulgent,
747 1617 825 1675 ut
879 1630 1142 1695 semper
1199 1607 1507 1676 discendo
1550 1628 1889 1692 nunquam
1933 1609 2015 1674 ad
2075 1610 2288 1675 scien-

320 1697 481 1762 tiam
526 1696 917 1780 perveniant
961 1695 1274 1762 veritatis.
1298 1694 1355 1781 ⁷)

490 1782 815 1848 Hactenus
878 1781 954 1847 de
1017 1781 1320 1847 historiae
1396 1779 1665 1845 utilitate
1739 1778 2004 1845 breviter
2079 1780 2290 1861 quoad

1652 1866 1664 1880 ⁸
1756 1866 2059 1943 doctrina,
2103 1865 2290 1931 cuius

312 1952 667 2020 obscuritas
707 1952 964 2019 antehac
997 1953 1225 2019 multos
1273 1952 1591 2032 deterruit,
1646 1951 2063 2033 familiariter
2105 1951 2285 2015 inno—

310 2043 578 2120 tesceret,
636 2040 843 2104 nescio
884 2058 1076 2120 quam
1119 2039 1350 2116 dextre,
1409 2042 1566 2103 certe
1603 2036 1888 2118 fideliter,
1948 2035 2285 2103 elaboravi.

310 2123 551 2200 Erunt,
607 2145 732 2191 non
773 2124 1007 2204 dubito,
1061 2126 1174 2206 qui
1216 2123 1559 2189 uberiorem
1613 2123 1885 2189 locorum
1926 2122 2286 2205 eoeplicatio-

308 2230 453 2276 nem
518 2211 886 2277 desiderent.
973 2209 1115 2294 Eyo
1165 2230 1322 2284 vero,
1387 2210 1503 2291 qui
1558 2214 1792 2274 natura
1845 2209 2286 2308 prolixitatem

303 2297 508 2447 ‘m’
534 2296 1152 2464 mamm
1183 2316 1333 2447 223..
1341 2293 2287 2479 Ἕωᾮθιοζὲἒώιῖῗῖἔῖωᾌῗ

305 2468 456 2532 dam
492 2468 823 2545 deterrent,
864 2468 1101 2533 veritus
1132 2486 1281 2532 sum
1320 2486 1414 2545 ne,
1457 2485 1521 2531 si
1563 2467 1635 2530 in
1677 2466 1842 2547 ipsis
1885 2465 2285 2531 enucleandis

302 2553 578 2620 liberius
621 2554 767 2619 stilo
808 2554 1215 2637 indulyerern‚
1256 2552 1411 2635 plus
1451 2551 1760 2618 accederet
1794 2551 2070 2635 fastidii.
2153 2551 2282 2616 De-

302 2640 452 2706 inde
495 2660 696 2722 quum
736 2641 807 2703 in
839 2659 1183 2722 proqressu
1214 2639 1291 2704 de
1332 2638 1464 2703 vita
1504 2639 1762 2719 saepius
1800 2637 2278 2720 desperaverim,

298 2727 692 2791 succinctam
753 2725 1191 2807 expositionem
1252 2724 1412 2790 dare
1474 2724 1679 2788 malui
1742 2744 1934 2805 quam
1989 2723 2282 2789 mutilam

296 2812 677 2894 relinquere.
774 2810 1081 2876 Videbunt
1136 2815 1347 2875 tamen
1400 2809 1628 2874 sinceri
1695 2808 1942 2875 lectores
2006 2829 2283 2890 sanoque

294 2897 551 2963 iudicio
581 2896 887 2979 praediti,
930 2894 1146 2960 sedulo
1178 2915 1276 2960 me
1316 2895 1557 2961 cavisse
1588 2915 1665 2959 ne
1697 2894 1852 2976 quid
1878 2893 2278 2976 perplexum,

295 2982 679 3067 ambiquum
733 2981 833 3048 vel
873 2979 1224 3060 obscurum,
1284 2984 1487 3045 astute
1531 2985 1643 3044 aut
1683 2979 2058 3065 neqliyenter
2093 3000 2282 3064 prae-

292 3071 721 3137 termitterem.
801 3068 1010 3150 Quum
1050 3087 1192 3151 erqo
1233 3066 1565 3149 scrupulos
1605 3086 1814 3131 omnes
1846 3067 2152 3132 discutere
2183 3087 2279 3133 co-

290 3160 495 3222 natus
561 3153 821 3237 fuerim
887 3172 1009 3218 non
1065 3153 1244 3218 video
1304 3171 1423 3217 cur
1464 3152 1543 3216 de
1607 3151 1903 3219 brevitate
1957 3153 2281 3234 quispiam

291 3246 632 3326 queratur,
690 3240 825 3306 nisi
876 3239 1034 3321 forte
1087 3243 1329 3303 tantum
1365 3236 1513 3303 velit
1555 3258 1634 3302 ex
1674 3238 2139 3304 commentariis
2179 3258 2276 3303 sa-

278 3346 489 3480 ξῖἇό
558 3328 789 3477 Atquie
820 3325 1350 3476 libentervepatiar
1400 3323 1709 3474 dmi
1737 3323 2078 3473 SihgnminesZ
2125 3343 2281 3473 quens

283 3519 631 3583 quaerere.

484 3584 672 3667 Quod
714 3585 775 3649 si
818 3582 1099 3664 experiri
1140 3580 1346 3660 libeat,
1392 3602 1461 3645 re
1504 3583 1650 3663 ipsa
1693 3600 2009 3665 coquosces
2049 3601 2126 3647 ac
2166 3579 2282 3646 tibi

281 3672 517 3739 credes
561 3670 969 3736 verissimum
1023 3686 1155 3733 esse
1209 3667 1375 3748 quod
1408 3667 1730 3747 praedico.
1812 3665 1991 3733 Puer
2034 3688 2135 3734 es.-
2190 3671 2283 3732 at-

280 3759 406 3840 qui
452 3756 667 3834 Deus,
726 3775 926 3837 quum
983 3773 1155 3837 reyes
1206 3755 1544 3836 proprium
1608 3752 1733 3817 sibi
1787 3752 1945 3836 leqis
2000 3754 2280 3819 volumen

280 3843 577 3910 scribere
643 3841 953 3918 iussisset,
1016 3839 1097 3904 ab
1159 3837 1278 3903 hac
1336 3838 1533 3904 classe
1588 3839 1781 3919 pium
1844 3838 2093 3905 Iosiam
2154 3860 2277 3906 non

279 3930 564 3996 eoeemit:
628 3928 784 4008 quin
836 3927 1081 4009 potius>
1117 3925 1187 3988 in
1244 3944 1445 4005 puero
1505 3923 1968 3990 nobilissimum
2030 3931 2279 3991 exstare

268 4018 444 4097 piae
509 4013 896 4078 eruditionis
950 4009 1261 4091 specimen
1315 4009 1527 4089 voluit,
1585 4010 1752 4092 quod
1810 4031 2027 4075 senum
2080 4032 2278 4076 socor-

276 4102 481 4167 diam
520 4102 900 4182 coarqueret.
972 4096 1062 4161 Et
1100 4100 1280 4160 tuum
1315 4095 1664 4176 exemplum
1698 4097 1867 4162 docet
1903 4101 2277 4180 quantopere

276 4186 565 4251 intersit
622 4204 666 4248 a
718 4184 947 4248 teneris
1001 4200 1371 4248 assuescere.
1448 4181 1624 4246 Nam
1678 4202 1756 4247 ex
1796 4183 2030 4261 radice,
2084 4202 2274 4263 quam

274 4273 353 4338 in
402 4276 467 4337 te
514 4274 777 4354 egerunt
817 4289 979 4351 quae
1018 4266 1323 4332 imbibisti
1379 4267 1710 4351 reliqionis
1755 4269 2103 4349 principia,
2148 4289 2273 4334 non

274 4358 478 4424 modo
521 4374 781 4441 qermen
829 4354 1155 4436 efflorescit
1209 4352 1318 4419 sed
1347 4354 1808 4435 propemodum
1848 4355 2274 4419 maturitatem

271 4443 637 4527 quandam
769 4440 784 4454 ⁶
820 4446 904 4505 at.
976 4439 1152 4523 Eryo
1184 4439 1271 4504 ad
1308 4458 1448 4502 eum
1480 4440 1595 4519 qui
1637 4440 1749 4503 tibi
1779 4439 2151 4520 propositus
2185 4446 2275 4505 est

272 4548 566 4611 scopum
608 4460 996 4610 infflqabdi
1037 4525 1246 4591 studio
1286 4526 1531 4589 enitere.
1608 4524 1823 4606 Neque
1861 4530 1918 4589 te
1956 4530 2274 4592 moreritur

272 4615 383 4681 vel
429 4613 801 4682 conturbent
842 4611 1062 4677 nasuti
1112 4610 1404 4687 homines,
1458 4608 1687 4691 quibus
1726 4610 1988 4676 minime
2026 4612 2274 4679 videtur

272 4699 742 4785 tempestivum
775 4717 1012 4781 pueros
1049 4697 1139 4762 ad
1169 4714 1527 4778 praecocem
1559 4695 1722 4761 hanc
1764 4698 1865 4779 (ut
1904 4697 2270 4779 loquuntur)

270 4786 694 4873 sapientiam
744 4784 978 4850 vocari.
1071 4782 1241 4864 Quid
1294 4781 1459 4846 enim
1510 4781 1853 4847 absurdius
1908 4784 2002 4847 vel
2057 4785 2272 4849 minus

264 4872 643 4957 ferendum
683 4889 892 4953 quam,
948 4869 1058 4934 ubi
1108 4873 1166 4934 te
1213 4868 1653 4933 circumsident
1692 4887 1868 4934 omne
1904 4889 2102 4951 qenus
2143 4888 2268 4935 cor·

266 4958 611 5042 mptelae,
669 4956 778 5022 hoc
828 4955 1098 5021 remedio
1155 4952 1410 5019 arceri?
1487 4954 1694 5035 Quum
1759 4974 1977 5020 servos
2033 4975 2272 5039 quoque

261 5049 541 5112 vestros
602 5049 1006 5125 corrumpant
1066 5040 1308 5105 aidicae
1369 5038 1649 5117 delitiae,
1714 5046 1947 5123 quanto
2008 5042 2273 5106 smnmis

512 5315 582 5383 7)
614 5315 849 5385 Reliqua
884 5330 997 5370 non
1030 5314 1223 5369 ι’ωηηι
1262 5314 1408 5368 edita
1441 5320 1585 5369 sunt.

2139 394 2307 457 1563
2350 389 2537 457 IUL.

4231 398 4356 460 122

2380 578 2792 660 principibus
2857 579 3137 647 insidiae
3191 580 3678 662 periculosiores
3693 631 3711 660 ,
3776 583 3890 664 qui
3953 581 4238 649 omnibus
4300 588 4359 650 et

2393 664 2673 731 lautitiis
2729 670 2786 730 et
2835 664 3076 732 delitiis
3128 665 3224 731 ita
3266 666 3540 749 affluunt
3581 671 3654 732 ut
3691 668 3929 733 mirum
3979 669 4066 733 sit
4114 688 4241 735 non
4280 670 4355 735 in

2392 748 2725 816 lasciviam
2748 770 3025 832 prorsus
3043 751 3381 833 diffluere?
3443 751 3616 818 Nam
3649 758 3806 819 certe
3833 757 4104 819 naturae
4123 772 4355 837 prope-

2391 834 2645 901 modum
2686 841 2996 919 repuqnat
3035 837 3234 920 copiis
3273 837 3654 920 voluptatum
3687 838 3826 904 sine
3864 838 4177 921 voluptate
4208 860 4355 923 per-

2388 920 2549 1004 frui.
2621 919 2804 987 Inter
2842 920 3095 987 delitias
3148 943 3291 989 vero
3342 922 3655 990 illibatam
3709 944 3961 991 manere
4010 925 4355 992 castitatem

2393 1026 2587 1089 quam
2619 1005 2880 1089 difficile
2918 1007 3004 1072 sit
3033 1007 3192 1091 plus
3232 1008 3395 1074 satis
3426 1028 3552 1074 usu
3581 1015 3775 1092 patet.
3839 1010 3943 1075 Tu
3972 1030 4137 1088 vero,
4173 1010 4355 1077 illus-

2393 1093 2674 1157 trissime
2697 1090 3024 1176 Princeps,
3058 1094 3367 1177 quidquid
3399 1095 3486 1160 ad
3519 1095 3905 1179 voluptatum
3938 1097 4354 1164 seminarium

2387 1177 2669 1260 pullulat
2728 1198 3028 1244 venenum
3081 1184 3264 1260 puta.
3339 1179 3514 1245 Nam
3576 1182 3641 1246 si
3701 1186 3757 1246 te
3817 1183 3953 1246 iam
4015 1181 4357 1250 demulceat

2391 1262 2559 1345 quod
2597 1264 3032 1330 continentiam
3073 1269 3129 1331 et
3180 1266 3654 1348 temperantiam
3696 1268 3976 1348 suffocat,
4031 1268 4189 1350 quid
4228 1288 4354 1335 non

2392 1349 2654 1415 adultus
2708 1350 3216 1432 concupisceres?
3285 1351 3601 1431 Asperior
3652 1354 3813 1434 forte
3868 1358 3958 1418 est
4009 1352 4159 1420 haec
4207 1374 4352 1420 sen-

2389 1435 2607 1513 tentia,
2664 1455 2960 1520 maynam
3004 1437 3281 1518 corporis
3320 1456 3543 1502 curam
3585 1457 3720 1503 esse
3759 1458 4056 1522 maqnam
4098 1440 4355 1506 virtutis

2390 1521 2748 1587 incuriam.-
2788 1522 3113 1587 verissime
3153 1527 3358 1587 tamen
3400 1523 3495 1587 ita
3538 1523 3831 1605 lowutus
3863 1529 3952 1589 est
3988 1523 4157 1591 Cato.
4215 1525 4355 1592 Hoc

2390 1626 2629 1758 m
2658 1607 4354 1779 euasismawsm

2389 1778 2520 1844 sim
2579 1780 2866 1859 corporis
2935 1780 3088 1860 mei,
3153 1780 3337 1845 cuius
3398 1785 3774 1863 contemptus
3834 1786 4003 1848 certa
4061 1787 4151 1848 est
4210 1802 4354 1848 mea

2388 1862 2665 1930 libertas.
2741 1863 3042 1931 Facessat
3095 1886 3241 1950 erqo
3305 1865 3675 1932 immodicus
3737 1868 3913 1950 ri90r
3970 1889 4092 1950 quo
4148 1868 4353 1935 omnis

2387 1948 2754 2016 iucunditas
2793 1950 3032 2016 tollitur
3073 1972 3108 2017 e
3147 1953 3314 2016 vita.-
3364 1952 3475 2018 sed
3515 1973 3707 2034 quam
3747 1953 4027 2019 lubricus
4069 1975 4146 2019 ex
4184 1973 4354 2019 secu-

2388 2036 2581 2101 ritate
2622 2040 2679 2100 ct
2720 2036 3117 2120 indulqentia
3151 2037 3238 2102 ad
3263 2038 3698 2120 proterviendi
3740 2038 4056 2105 licentiam
4089 2040 4177 2104 sit
4217 2039 4355 2120 lap-

2386 2141 2521 2200 sus,
2590 2122 2786 2187 nimis
2840 2121 3042 2188 multa
3105 2122 3389 2204 exempla
3453 2123 3889 2190 demonstrant.
3976 2125 4354 2207 Quanquam

2387 2206 2504 2271 tibi
2545 2227 2671 2272 non
2712 2228 2854 2274 cum
2900 2208 3166 2274 luxuria
3198 2210 3376 2274 modo
3417 2210 3527 2274 sed
3560 2230 3700 2274 cum
3734 2208 3890 2276 aliis
3931 2209 4352 2293 compluribus

2386 2293 2567 2358 vitiis
2619 2293 2978 2360 bellandum
3035 2294 3172 2360 erit.
3249 2295 3396 2359 Tua
3450 2296 3748 2374 comitate,
3807 2297 4127 2377 modestia,
4187 2317 4353 2363 vere-

2386 2379 2623 2444 cundia
2663 2379 2829 2445 nihil
2869 2382 3164 2446 suavius:
3218 2381 3330 2446 sed
3371 2380 3613 2445 nullum
3655 2387 3748 2446 est
3786 2387 3918 2448 tam
3958 2386 4352 2448 mansuetum

2386 2466 3270 2632 mmmmm&
3303 2467 4351 2638 Ξῖἕῗαιῖἰῖἓὲΐῗῖξῖηἲῖιωιᾈῒ

2384 2656 2578 2717 quum
2618 2637 2939 2701 innumeri
2972 2637 3332 2703 adulatores
3361 2638 3610 2704 totidem
3650 2640 3780 2704 sint
3819 2640 3906 2704 ad
3945 2640 4350 2720 inflamman-

2384 2722 2541 2786 dum
2583 2722 2789 2802 variis
2843 2722 3209 2790 libidinibus
3249 2730 3427 2788 tuum
3471 2725 3757 2789 animum
3802 2726 4071 2806 flabella,
4115 2731 4350 2808 quanto

2384 2813 2442 2872 te
2483 2809 2572 2874 ad
2613 2808 2954 2873 cavendum
2997 2810 3215 2874 acrius
3257 2809 3575 2875 intendere
3614 2811 3943 2877 convenit?
4013 2812 4144 2877 Nec
4183 2831 4346 2890 vero,

2384 2894 2540 2959 dum
2595 2898 2653 2959 te
2708 2894 3002 2960 admoneo
3059 2896 3134 2960 de
3185 2895 3420 2961 aulicis
3471 2894 3820 2974 blanditiis,
3873 2896 4056 2964 aliud
4095 2896 4349 2979 postulo

2384 2999 2579 3061 quam
2643 2985 2711 3043 ut
2774 2981 3190 3046 moderatione
3266 2982 3607 3047 instructus
3671 2987 3727 3048 te
3802 2982 4350 3068 inexpuqnabilem

2373 3066 2700 3148 praebeas.
2789 3066 2943 3132 Vere
2995 3068 3160 3133 enim
3214 3066 3354 3133 αἶρε
3411 3089 3536 3134 non
3587 3089 3721 3135 esse
3762 3070 3832 3135 in
3888 3069 4076 3136 laude
4107 3090 4348 3153 ponen-

2384 3152 2538 3216 dum
2591 3153 2655 3217 si
2696 3154 2845 3234 quis
2889 3153 3120 3219 Asiam
3160 3174 3483 3235 nunquam
3524 3155 3768 3234 viderit,
3825 3176 4041 3222 verum
4094 3176 4348 3222 summa

2384 3237 2573 3303 laude
2626 3237 2887 3321 diqnum
2937 3239 2999 3305 si
3053 3240 3200 3322 quis
3239 3239 3478 3320 pudice
3528 3244 3584 3304 et
3635 3242 4005 3307 continenter
4059 3241 4130 3306 in
4171 3243 4347 3308 Asia

2382 3324 2632 3389 vixerit.
2705 3321 2793 3389 Id
2832 3344 3025 3405 quum
3066 3326 3325 3408 assequi
3372 3326 3650 3391 maxime
3690 3327 3774 3393 sit
3815 3327 4096 3409 optabile,
4152 3326 4347 3411 facile

2382 3409 2812 3491 compendium
2846 3411 3228 3492 praescribit
3268 3409 3509 3492 David,
3568 3412 3630 3477 si
3670 3413 3853 3480 modo
3897 3414 4166 3480 imiteris
4207 3415 4348 3479 eius

2380 3497 2749 3576 ammplam,
2806 3497 2963 3562 dum
3009 3502 3345 3580 praecepta
3389 3497 3516 3563 Dei
3570 3518 3725 3565 suos
3774 3499 4172 3566 consiliarios
4213 3518 4346 3565 esse

2368 3582 2726 3663 praedicat.
2796 3581 2888 3646 Et
2928 3588 3084 3648 certe
3136 3583 3452 3665 quidquid
3507 3583 3767 3650 aliunde
3821 3585 4067 3650 consilii
4123 3606 4343 3669 suqqe-

2380 3672 2582 3743 ratur,
2626 3668 2757 3733 nisi
2810 3668 2956 3733 binc
3008 3670 3302 3751 sapiendi
3349 3670 3561 3750 facias
3618 3671 3962 3747 exordium,
4007 3674 4341 3737 evanescet.

2385 3752 2682 3836 Superest
2731 3755 2963 3836 itaque,
3015 3755 3487 3838 qenerosissime
3546 3753 3869 3838 Princeps,
3923 3760 3994 3822 ut
4047 3757 4211 3839 quod
4266 3756 4346 3822 de

2379 3844 2593 3905 sancto
2635 3859 2776 3923 reye
2819 3838 3096 3906 Ezecbia
3139 3841 3316 3921 apud
3357 3839 3610 3907 Isaiam
3652 3842 3880 3925 leqitur
3920 3841 4185 3909 subinde
4228 3842 4343 3907 tibi

2378 3926 2451 3989 in
2493 3932 2752 3990 mentem
2793 3932 3095 3992 recurrat.
3173 3925 3555 3994 Praeclaras
3594 3929 3758 3992 enim
3799 3929 3939 3993 eius
3983 3930 4155 3995 dotes
4194 3948 4341 3994 enu-

2376 4032 2637 4078 merans
2679 4012 2987 4095 propbeta
3039 4011 3148 4078 boc
3190 4013 3467 4079 maxime
3517 4014 3713 4097 eloqio
3765 4033 3905 4078 eum
3949 4015 4341 4092 commendat,

2376 4099 2542 4179 quod
2596 4097 2928 4164 thesaurus
2984 4100 3123 4163 eius
3176 4100 3296 4164 erit
3337 4097 3467 4164 Dei
3521 4101 3723 4164 timor.
3814 4099 3986 4179 Vale,
4042 4100 4340 4165 illustris-

2375 4185 2534 4249 sime
2583 4183 2908 4268 Princeps.
2981 4183 3163 4251 Deus
3204 4190 3259 4249 te
3299 4203 3415 4248 suo
3445 4187 3777 4266 praesidio
3819 4191 4068 4251 tueatur
4112 4184 4340 4250 incolu-

2374 4289 2554 4347 niern,
2600 4269 4341 4356 donisspiritualibusmaqisacmaqisexornetom-

2373 4356 2564 4508 gigne
2601 4356 3087 4525 benegfffflm
3168 4355 3718 4508 εὸενῖέῶῧιίῑάεε.
3805 4352 4088 4424 Genevae
4121 4356 4342 4439 pridie
