4900 6125
267 441 379 502 513

259 623 588 692 consilium
650 620 808 689 dare
825 672 842 700 ,
909 628 1261 704 antequam
1328 627 1547 687 tecum
1603 619 2209 686 communicassem.

262 709 575 793 Quoniam
636 716 859 774 tamen
925 708 1020 773 ita
1077 713 1482 774 censuerunt
1544 706 1782 773 fratres
1841 724 2003 790 repu
2099 723 2213 770 are

260 795 430 863 nolui
486 794 649 879 quin
704 791 790 860 ad
848 813 965 862 vos
1023 792 1562 877 proficisceretur.
1651 792 1916 858 Literas
1971 725 2097 855 iffin
2129 788 2212 855 ad

259 903 369 948 vos
409 882 639 948 breves
682 877 865 946 dedi:
927 878 987 945 si
1029 900 1070 944 a
1112 878 1300 945 vobis
1343 877 1665 944 obtinebit
1707 876 1995 961 aliquam
2040 895 2214 942 com·

259 966 753 1046 mendationem,
790 984 984 1049 spero
1020 963 1267 1048 aliquid
1292 964 1552 1030 Bernae
1588 964 1995 1030 effecturum.
2041 961 2213 1027 Nam

259 1052 322 1122 id
364 1052 547 1119 nobis
583 1051 911 1135 persuasit
936 1050 1268 1118 Nicolaus.
1340 1049 1562 1116 Habet
1606 1050 1804 1116 etiam
1842 1067 2024 1114 meas
2066 1046 2214 1113 lite-

259 1159 362 1204 ras
416 1138 498 1204 ad
553 1136 910 1204 Consulem
961 1136 1275 1221 Neylium,
1349 1135 1604 1201 Verum
1671 1143 1748 1200 tu
1813 1141 2022 1200 totum
2090 1133 2215 1199 hoc

257 1246 338 1291 ne
423 1224 587 1290 tium
630 1223 871 1290 melius
915 1231 1028 1289 tuo
1072 1221 1342 1290 oonsilio
1386 1219 1849 1288 moderaberis.
1937 1217 2217 1286 Gaudeo

254 1329 335 1375 ve
382 1320 676 1376 ementer
692 1360 707 1389 ,
774 1307 948 1393 quod
1015 1317 1082 1374 te
1145 1307 1334 1374 brevi
1413 1315 1768 1373 venturum
1849 1305 2213 1389 promittas.

255 1395 396 1481 Ego
430 1416 639 1481 quum
674 1395 836 1462 alias
859 1393 1243 1472 desiderem,
1290 1401 1365 1459 ut
1397 1414 1521 1478 par
1554 1401 1675 1472 est,
1718 1412 1995 1458 uxorem
2032 1398 2216 1456 tuam

253 1481 519 1547 sanitati
573 1501 732 1548 suae
797 1480 1087 1548 restitui:
1156 1487 1298 1545 tum
1343 1480 1506 1545 haec
1549 1480 1749 1545 etiam
1796 1497 1992 1544 causa
2033 1495 2216 1544 acce·

252 1566 373 1646 dit,
431 1587 515 1633 ne
558 1576 624 1633 te
669 1565 946 1633 adversa
1002 1566 1146 1632 eius
1187 1564 1501 1632 valetudo
1546 1564 1792 1631 diutius
1836 1571 2149 1631 moretur.
2166 1567 2217 1639 ι)

257 1652 438 1719 Vale.
512 1653 843 1720 Dominus
877 1651 1000 1718 tibi
1044 1650 1235 1730 adsit,
1280 1671 1558 1718 uxorem
1603 1660 1785 1716 tuam
1820 1648 2012 1716 brevi
2053 1647 2216 1715 libe-

251 1745 352 1804 ret
405 1760 444 1805 a
505 1739 733 1805 morbo
749 1790 765 1816 ,
832 1746 1037 1804 totam
1099 1736 1368 1803 domum
1424 1744 1788 1803 conservet.
1877 1734 2217 1802 Salutabis

247 1845 474 1892 omnes
520 1833 668 1892 tuos
704 1822 1074 1910 diligenter.

1175 1943 1459 2011 Ioannes
1501 1942 1823 2010 Calvinus
1867 1951 2041 2008 tuus.

1143 2456 1333 2526 4219.

705 2707 713 2716 ἢ
785 2610 1263 2680 cALvmus
1308 2609 1682 2677 vntum.

301 2783 829 2940 wammam
904 2783 1207 2849 miserum
1295 2782 1571 2866 aliquem
1658 2780 1915 2867 indignae
1992 2782 2219 2850 exsilio

233 2893 302 2938 m
471 2891 596 2937 um.

229 3046 348 3115 (Ex
400 3041 749 3113 autographo
783 3040 916 3096 Ood.
953 3039 1156 3095 Genev.
1194 3037 1339 3109 10⁸1„
1388 3039 1478 3094 fol.
1515 3038 1635 3095 310.
1707 3040 1906 3094 Exstat
1949 3039 2112 3094 etism
2161 3040 2218 3095 in

467 3113 608 3168 Ood.
642 3110 759 3176 108,
796 3110 890 3164 fol.
933 3107 1031 3163 168
1067 3118 1125 3165 et
1156 3110 1212 3162 iu
1251 3109 1393 3178 Epp.
1430 3109 1589 3163 Bern.
1627 3108 1743 3163 vn.
1788 3110 1881 3165 sol.
1915 3108 2023 3169 ab.)

231 3286 520 3352 Eximio
581 3282 834 3350 Ohristi
892 3301 1085 3347 servo
1140 3281 1342 3348 Petro
1388 3280 1617 3347 Vireto
1670 3280 1982 3349 ecclesiae
2037 3281 2218 3347 Lau-

228 3370 598 3439 sannensis
640 3369 888 3452 pastori
943 3368 1134 3433 fratri
1179 3374 1247 3432 et
1302 3376 1714 3452 symmystae
1772 3369 2215 3454 integer-rimu.

420 3542 500 3609 S.
574 3542 724 3607 Etsi
768 3540 932 3606 haec
969 3560 1116 3604 mea
1157 3538 1636 3606 commendatio
1671 3538 1847 3624 apud
1892 3548 1958 3605 te
2003 3547 2071 3605 et
2113 3561 2217 3606 re·

225 3630 468 3714 liquos
527 3627 765 3692 fratres
823 3645 1314 3709 supervacanea
1357 3625 1517 3703 erit,
1578 3624 1747 3690 bono
1804 3636 2028 3691 tamen
2074 3627 2219 3692 viro

221 3728 296 3781 et
345 3714 600 3780 misere
644 3713 905 3790 afflicto,
951 3732 1035 3777 ne
1079 3711 1409 3777 contemni
1455 3733 1526 3778 se
1567 3720 1864 3795 putaret,
1911 3733 2056 3778 eam
2103 3733 2217 3778 ne·

221 3801 534 3885 gandam
582 3819 712 3866 non
758 3798 1008 3882 putavi.
1084 3796 1189 3862 Ab
1231 3797 1431 3880 impio
1468 3796 1795 3864 nebulone
1830 3806 2113 3864 vexatus
2151 3806 2218 3864 et

216 3887 428 3953 falsis
493 3883 891 3950 testimoniis
934 3903 1315 3967 oppressus,
1372 3903 1575 3965 quum
1633 3883 1760 3950 sibi
1804 3882 2062 3949 videret
2115 3885 2215 3948 in-

217 3982 418 4038 stare
458 3969 787 4049 exsilium,
824 3968 1079 4052 placide
1105 3966 1189 4034 ad
1225 3968 1639 4034 tolerantiam
1677 3978 1746 4035 et
1779 3970 2216 4036 constantiam

217 4080 298 4125 se
349 4057 647 4143 paravit.
723 4054 976 4120 Adduci
1018 4067 1194 4120 certe
1239 4053 1424 4119 nullo
1459 4055 1654 4120 modo
1688 4057 1904 4139 potuit
1946 4065 2022 4121 ut
2065 4077 2214 4122 eum

269 4166 353 4210 ro
407 4145 585 4209 bono
629 4141 776 4206 viro
969 4149 1220 4207 osceret
1261 4141 1374 4223 qui
1418 4139 1637 4224 palam
1695 4142 1765 4206 in
1808 4161 1928 4207 sua
1973 4142 2216 4227 impro-

215 4168 452 4297 Eitate
494 4162 965 4294 exgnlmngagg
1001 4226 1276 4293 ecclesia
1309 4223 1438 4291 Dei
1473 4227 1948 4309 quodammodo
1984 4229 2215 4294 trium-

213 4316 424 4401 phat.
522 4311 748 4394 Quum
797 4312 894 4377 illi
938 4314 1332 4396 permissum
1377 4320 1552 4378 esset
1596 4312 1925 4395 exsilium,
1982 4335 2214 4381 rursus

211 4402 523 4486 indigne
568 4400 638 4464 in
695 4419 1022 4464 carcerem
1070 4398 1268 4463 unius
1311 4397 1602 4465 hominis
1656 4397 1927 4465 libidine
1972 4407 2217 4466 retrac-

211 4498 340 4555 tus
393 4485 786 4565 calumnias,
831 4484 1070 4567 quibus
1114 4503 1394 4568 gravare
1438 4505 1589 4550 eum
1632 4486 1846 4549 conati
1891 4495 2050 4552 sunt
2093 4487 2214 4551 im-

211 4573 466 4658 probi,
513 4571 720 4636 diluit.
811 4571 1015 4647 Eum,
1078 4570 1233 4653 quia
1274 4570 1381 4653 pie
1425 4580 1492 4635 et
1550 4569 1823 4636 honeste
1877 4570 2050 4654 apud
2095 4592 2214 4638 nos

211 4659 454 4737 vixit,
517 4656 753 4721 deinde
796 4655 972 4739 quod
1015 4656 1470 4721 inhumaniter
1514 4656 1583 4721 in
1627 4657 1825 4722 unius
1869 4657 2215 4723 nebulonis

206 4746 534 4831 gratiam
569 4763 608 4805 a
642 4743 870 4826 paucis
904 4741 1294 4825 quibusdam
1330 4740 1579 4826 tibique
1621 4744 1794 4808 notis
1837 4741 2215 4809 hominibus

209 4836 570 4897 tractatus
635 4836 737 4892 est
761 4879 776 4905 ,
856 4827 1044 4894 bonis
1107 4826 1413 4893 omnibus
1479 4827 2007 4895 commendatum
2075 4830 2214 4896 fore

205 4914 526 4986 confido.
595 4912 782 4993 Vale,
819 4913 1068 4997 optime
1112 4922 1180 4978 ct
1216 4914 1641 4999 integerrime
1685 4914 1904 4981 frater.
1977 4913 2215 4982 Saluta

206 5005 489 5069 fratres
533 5020 679 5065 meo
720 4999 988 5066 nomine
1033 5008 1099 5066 et
1141 4999 1476 5067 familiam.
1543 5001 1873 5066 Dominus
1913 5022 2033 5067 vos
2074 5022 2213 5068 ser-

203 5100 384 5167 vet,
465 5086 651 5153 vobis
708 5085 912 5166 adsit,
979 5086 1214 5172 spiritu
1261 5106 1381 5152 suo
1427 5106 1546 5153 vos
1603 5096 1810 5172 regat.
1899 5086 2213 5155 Genevae

205 5180 332 5243 20.
388 5170 806 5239 Decembris.

199 5364 434 5422 4218.
462 5363 520 5431 1)
561 5360 710 5418 Obiit
749 5362 914 5433 prior
962 5361 1138 5417 Vis-eti
1169 5376 1313 5417 umor
1355 5361 1619 5432 postridie
1657 5362 1806 5418 Non.
1847 5362 2022 5421 Mart.
2056 5362 2211 5420 1546.

459 5448 682 5505 deini
712 5462 900 5518 opera.
983 5447 1096 5504 Vol.
1134 5445 1268 5503 XX.

1873 427 2665 499 SUPPLEMENTUM.

4157 436 4285 500 514

3212 618 3418 691 422⁰.

2855 771 3332 840 OALVINUS
3377 772 3749 842 VIRETO.

2493 944 2735 1010 Invitat
2775 963 2917 1010 eum
2959 949 3031 1010 ut
3060 943 3373 1011 Geminam
3404 946 3630 1027 veniat,
3675 966 3859 1031 quem
3891 950 4105 1031 sperat
4135 967 4289 1016 mox

2315 1034 2510 1096 totum
2559 1028 2968 1097 Genevensem
3005 1030 3316 1114 facturum.

2318 1199 2434 1267 (Ex
2471 1199 2813 1271 autographo
2848 1199 2976 1256 Cod.
3012 1200 3219 1257 Genev.
3256 1201 3403 1266 1072,
3437 1202 3532 1259 fol.
3568 1201 3690 1270 295,
3725 1204 3850 1260 coll.
3884 1220 3931 1257 ο.
3966 1203 4101 1258 ood.
4138 1202 4288 1274 111.,

2353 1267 2446 1325 rol.
2484 1268 2555 1323 39
2583 1286 2637 1326 v.
2675 1276 2739 1351 oq
2766 1269 2893 1324 cod.
2934 1268 3051 1338 loe,
3088 1271 3180 1326 fol.
3216 1270 3320 1326 175
3353 1273 3484 1329 item
3522 1272 3688 1327 uem.
3726 1273 3865 1344 upp.
3890 1271 4007 1328 m
4042 1289 4099 1342 p.
4132 1271 4252 1338 45.)

2619 1438 2869 1507 Christi
2949 1461 3142 1507 servo
3215 1442 3416 1508 Petro
3481 1440 3718 1508 Vireto
3784 1442 4287 1512 Lausannensis

2578 1524 2888 1592 ecclesiae
2931 1526 3181 1610 pastori
3222 1527 3417 1594 fratri
3460 1527 3623 1593 mihi
3668 1527 4023 1595 carissimo.

2321 1438 2539 1507 Fideli

2495 1695 2722 1778 Quum
2757 1704 3019 1782 praeter
3057 1717 3244 1782 spem
3285 1696 3598 1766 acciderit
3629 1698 3802 1783 quod
3840 1699 4130 1767 maxime
4172 1720 4288 1785 op-

2323 1783 2545 1850 tabam
2564 1834 2579 1860 ,
2626 1785 2840 1868 magis
2884 1783 3333 1850 festinandum
3378 1783 3495 1849 tibi
3539 1787 3751 1852 sentio
3794 1805 3991 1869 quam
4040 1794 4289 1852 statue-

2320 1889 2449 1936 ras.
2540 1868 2714 1934 Nam
2760 1889 2877 1935 nos
2920 1869 3200 1953 colloqui
3255 1871 3433 1936 inter
3476 1891 3595 1937 nos
3651 1892 3917 1939 necesse
3961 1880 4065 1938 est
4105 1883 4289 1939 ante-

2321 1974 2524 2040 quam
2583 1954 2713 2021 huc
2770 1961 2949 2021 totus
3006 1955 3343 2021 concedas.
3432 1956 3572 2024 Fac
3617 1977 3774 2043 ergo
3818 1966 3894 2023 ut
3949 1965 4017 2023 te
4060 1978 4293 2041 quam-

2320 2041 2615 2126 primum
2660 2039 2769 2106 hic
2812 2039 3202 2120 habeamus,
3266 2062 3397 2125 quo
3440 2041 3769 2125 possimus
3824 2042 4002 2109 inter
4044 2064 4168 2110 nos
4211 2042 4294 2110 de

2323 2126 2633 2194 omnibus
2696 2126 3044 2192 consilinm
3111 2146 3361 2211 capere.
3465 2127 3672 2208 Scies,
3740 2149 3942 2212 quum
4007 2130 4291 2208 veneris,

2323 2233 2457 2279 non
2513 2211 2631 2279 abe
2681 2233 2754 2278 re
2811 2231 2919 2278 me
2976 2212 3294 2280 institisse
3351 2234 3437 2278 ne
3481 2212 3839 2281 adventum
3897 2222 4091 2281 tuum
4146 2214 4293 2282 lon·

2325 2299 2472 2384 gius
2519 2295 2869 2380 differres.⁸
2930 2297 3260 2365 Provideo
3300 2298 3458 2382 quid
3512 2300 3809 2366 futurum
3862 2301 3968 2367 sit.
4055 2300 4294 2368 Recla-

2324 2384 2607 2449 mabunt
2646 2383 2890 2450 iratres
2924 2383 3162 2467 quibus
3204 2385 3434 2451 invitis
3467 2385 3825 2470 quidquam
3870 2393 4128 2453 tentare
4172 2406 4295 2452 nec

2325 2470 2612 2548 deceret,
2680 2489 2806 2535 nec
2861 2468 3068 2535 velles
3085 2520 3101 2547 ‚
3170 2491 3293 2537 nec
3347 2471 3504 2536 boni
3560 2481 3735 2538 esset
3791 2471 4102 2557 exempli,
4169 2492 4295 2538 nec

2326 2555 2612 2639 denique
2669 2554 2770 2620 fas
2814 2563 3003 2621 esset.
3094 2556 3349 2622 Verum
3394 2556 3557 2624 haec
3600 2578 3736 2623 una
3777 2567 3880 2624 est
3934 2577 4133 2625 causa
4175 2579 4296 2625 cur

2325 2649 2393 2707 te
2451 2659 2796 2707 accurrere
2851 2639 3129 2725 cupiam.
3220 2639 3614 2726 Quanquam
3670 2653 3829 2710 sunt
3880 2644 4083 2710 etiam
4125 2643 4295 2710 aliae

2323 2725 2696 2810 complures
2785 2746 2905 2793 uas
2947 2726 3280 2811 intelliges
3322 2727 3437 2793 ubi
3480 2730 3766 2795 veneris.

2496 2812 2695 2878 Pium
2798 2833 2925 2879 unc
2982 2812 3256 2878 fratrem
3314 2812 3619 2881 hortatus
3677 2836 3828 2881 sum
3884 2821 3960 2882 ut
4001 2816 4295 2882 Bernam

2325 2895 2590 2964 rediret.
2678 2897 2911 2981 Neque
2965 2896 3142 2963 enim
3201 2899 3331 2963 alia
3385 2902 3554 2967 ratio
3608 2922 3682 2967 se
3736 2922 3914 2968 nunc
3956 2901 4292 2968 offerebat.

2327 2981 2542 3067 Spero
2607 3002 2741 3048 non
2808 2982 3070 3050 difficile
3148 2984 3507 3070 impetratu
3572 2985 3669 3052 illi
3738 2987 3879 3054 fore
3944 2986 4120 3072 quod
4185 2987 4295 3054 vel

2325 3070 2521 3135 nihili
2578 3068 2959 3136 hominibus
3016 3070 3125 3138 vel
3180 3070 3432 3139 nullius
3492 3074 3853 3139 testimonii
3909 3073 4051 3141 dari
4105 3073 4293 3153 solet,

2319 3165 2402 3221 ut
2486 3156 2638 3221 istic
2722 3154 3002 3238 publicis
3087 3157 3402 3241 impensis
3496 3157 3972 3244 aliquantisper
4056 3159 4292 3226 alatur.

2325 3239 2585 3325 Scripsi
2627 3239 2710 3306 de
2753 3261 2832 3307 ea
2874 3262 2947 3307 re
2988 3240 3071 3307 ad
3098 3240 3449 3310 Suanorum.
3517 3244 3621 3309 'Pu
3664 3244 3855 3311 illum
3897 3246 4097 3312 etiam
4136 3266 4295 3313 con·

2324 3326 2471 3394 silio
2517 3336 2633 3392 tuo
2677 3346 2897 3411 reges,
2956 3335 3278 3411 quantum
3323 3329 3465 3396 eius
3510 3330 3799 3397 rationes
3842 3330 4293 3417 postulabunt.

2322 3412 2551 3564 ‘balbi
2592 3413 2800 3478 frater
2874 3414 3316 3500 integerrime.
3388 3432 3405 3451 ·
3429 3414 3669 3482 Saluta
3732 3437 3961 3484 omnes
4027 3418 4290 3485 amieos.

2330 3503 2355 3562 l
2411 3547 2425 3563 .
2552 3498 2658 3563 aii.
2687 3503 2736 3576 ¹)

3246 3637 3532 3704 Ioannes
3574 3636 3896 3707 Calvinus
3940 3647 4114 3708 tuus.

2319 3920 2590 3989 annal)
2628 3921 2718 3976 De
2769 3938 2921 3979 anno
2965 3930 3023 4005 te·
3066 3924 3292 4006 Quater-
3341 3926 3676 3982 memus.
3754 3928 3880 4011 Npe
3928 3932 4171 4012 prmus
4220 3931 4290 3986 de

2319 3988 2854 4113 ΐιῷὸξαιιεώδθ
2899 4000 3525 4120 mmx'eaeoeff
3573 3996 3669 4052 tvo
3794 3999 4027 4118 lestap
4078 4000 4288 4124 ι’ἱοῑιιέαἲ

2320 4143 2411 4211 res
2462 4131 2574 4182 iau·
2627 4129 3048 4253 αδῙιέἒεξῆηιεη
3091 4134 3423 4256 ρειαί-τεκαὶ
3473 4148 3541 4188 σοι
3612 4149 3731 4217 euna
3781 4136 4014 4191 comedia
4071 4137 4287 4192 Vis-etus

2319 4203 2515 4321 m
2550 4202 2731 4322 “am“
2733 4273 2777 4349 ι,
2805 4268 2884 4323 ιν.
2898 4200 3061 4353 ὶῗέοεῡῗ
3077 4215 3343 4325 ’ἴω
3386 4218 3738 4398 ”om-3:⁰⁸⁸?
3789 4288 3997 4329 a.........
4047 4220 4288 4331 ζῶ·

2319 4334 3566 4421 φακὴοβκὶιεηςαωηιᾳ.1548ᾙεῃιο
3786 4342 4287 4425 εἰε.οκὀάςυοᾶ

2385 4403 2994 4530 ἑανπῇᾘσηαε
3055 4406 3245 4479 aitqua
3296 4415 3594 4467 autorum
3644 4426 3793 4468 nune
3843 4416 4007 4468 eham
4056 4427 4289 4482 qums
