4900 6125
637 377 765 442 659

637 562 794 629 inde
827 565 1077 650 vagari.
1144 564 1337 632 Vixit
1368 585 1625 632 mecum
1661 585 1781 649 per
1822 562 2328 650 quadriennium
2363 584 2591 649 paene,

635 648 745 732 pie
787 649 1187 734 honesteque
1231 672 1301 718 se
1345 652 1569 737 gessit,
1615 650 1843 717 sedulo
1884 650 2183 717 incubuit
2225 651 2456 730 literis,
2501 653 2596 716 ita

635 735 835 800 etiam
868 735 940 801 in
975 737 1120 803 aliis
1155 736 1333 804 locis.
1391 736 1498 804 De
1533 739 1769 803 erratis
1803 736 2204 803 iuvenilibus
2238 736 2333 802 nil
2357 736 2590 804 dicam.

635 819 812 886 Nam
867 822 1057 888 iuxta
1098 823 1485 889 Terentium
1544 823 1627 888 ad
1682 822 1908 890 omnia
1966 823 2129 889 haec
2188 822 2319 889 alia
2377 832 2594 890 aetate

635 907 946 989 sapimus.
1026 908 1187 974 Ideo
1229 908 1503 993 dignum
1548 930 1700 975 eum
1742 908 1958 975 iudico
1999 906 2170 992 quod
2204 928 2592 992 promovea-

632 1003 749 1057 tur
790 1013 832 1058 a
875 991 1062 1059 bonis
1116 1002 1185 1061 et
1241 994 1449 1062 doctis
1502 995 1666 1061 viris
1721 996 1796 1060 in
1851 1003 1989 1059 tam
2044 994 2193 1059 utili
2237 995 2589 1078 proposito.

632 1077 997 1161 Propterea
1052 1091 1310 1146 vestrae
1369 1101 1567 1147 curae
1624 1090 1692 1146 et
1746 1079 1905 1146 fidei
1960 1080 2347 1147 commendo
2404 1079 2592 1146 vobis

634 1161 815 1230 hunc
837 1163 1164 1242 Foelicem,
1208 1167 1314 1233 cui
1350 1179 1668 1250 quantum
1692 1167 1968 1250 potestis
2010 1166 2298 1244 consilio,
2342 1166 2591 1231 auxilio

633 1268 961 1333 operaque
1026 1251 1257 1318 adesse
1371 1253 1383 1266 ‘
1484 1253 1713 1332 emini,
1780 1272 1907 1336 quo
1972 1251 2309 1318 commodo
2371 1251 2592 1335 aliquo

634 1334 892 1418 hospite
935 1344 1005 1402 et
1048 1336 1335 1421 hospitio
1507 1339 1521 1352 ‘
1569 1344 1768 1422 queat
1807 1349 1876 1404 et
1919 1338 1976 1404 si
2019 1359 2148 1421 quo
2191 1337 2383 1403 modo
2441 1338 2589 1403 fieri

632 1429 866 1504 potest,
912 1422 1149 1489 efficite
1193 1433 1271 1489 ut
1312 1424 1642 1509 intelligat
1678 1424 1783 1489 vel
1819 1423 2068 1507 aliquid
2104 1432 2331 1490 tamen
2373 1443 2589 1488 meam

636 1506 813 1589 apud
877 1527 997 1575 vos
1059 1510 1351 1592 potuisse
1413 1507 2042 1575 commendationem
2062 1560 2077 1586 ,
2153 1509 2350 1574 vilem
2416 1508 2588 1574 licet.

635 1589 714 1658 Si
758 1591 1016 1675 quando
1069 1594 1296 1678 lapsus
1344 1595 1546 1660 fuerit
1600 1595 1823 1681 (sicuti
1879 1594 2130 1662 lubrica
2172 1595 2335 1660 baec
2377 1597 2591 1678 aetas)

634 1688 942 1761 paternas
988 1690 1243 1747 vestras
1285 1679 1761 1746 admonitiones
1802 1692 2032 1764 gratus
2076 1680 2376 1762 excipiet.
2457 1680 2590 1745 Fa-

636 1774 853 1830 temur
895 1764 1159 1847 quidem
1204 1786 1324 1831 nos
1358 1767 1544 1851 paria
1586 1787 1719 1831 non
1755 1786 1946 1849 posse
1989 1767 2252 1842 referre,
2298 1774 2589 1831 attamen

635 1850 881 1932 ingrati
924 1872 1057 1916 non
1102 1852 1365 1918 erimus.
1454 1853 1800 1936 Deumque
1844 1862 2096 1935 patrem
2142 1851 2244 1918 lar
2294 1853 2308 1866 ⁶
2385 1852 2591 1917 ‘mum

639 1936 934 2001 omnium
982 1937 1442 2003 beneficiorum
1486 1946 2043 2004 remuneratorem
2093 1958 2256 2022 roga
2300 1939 2474 2003 imus
2516 1946 2595 2002 ut

498 2045 505 2051 ’
638 2020 783 2103 ipse
823 2022 1012 2087 iuxta
1053 2024 1379 2107 promissa
1422 2025 1637 2089 officia
1680 2032 1899 2090 vestra
1940 2024 2180 2090 collata
2222 2025 2292 2088 in
2336 2023 2483 2108 pios
2527 2032 2594 2088 et

638 2106 966 2174 studiosos
999 2119 1396 2192 compenset,
1441 2130 1686 2192 vosque
1722 2108 1967 2175 diutius
2001 2108 2188 2176 nobis
2231 2110 2593 2176 incolumes

638 2203 999 2293 conservet.
1059 2196 1297 2261 Amen.
1357 2195 1595 2261 Valete
1627 2196 1701 2260 in
1736 2193 2043 2274 Domino,
2089 2195 2213 2261 viri
2249 2205 2592 2279 praestan·

636 2279 890 2344 tissimi.

804 2364 995 2430 Nova
1037 2365 1223 2430 nulla
1266 2365 1476 2432 habeo
1519 2367 1647 2432 nisi
1690 2366 1879 2433 vobis
1922 2367 2204 2450 cognita.
2276 2366 2590 2433 Conscri-

635 2449 734 2515 bit
791 2450 1069 2517 militem
1114 2452 1277 2517 Dux
1336 2451 1930 2535 Wiaeiemberyensis.
2020 2451 2306 2519 Oomitia
2360 2451 2592 2517 futura

634 2543 794 2600 sunt
825 2536 1080 2603 Ulmae.
1146 2537 1254 2602 Ita
1287 2537 1487 2603 etiam
1510 2537 1942 2604 Wormatiae.
2009 2537 2341 2604 Oantones
2380 2539 2590 2604 nostri

635 2634 795 2686 sunt
851 2621 1271 2689 admirabiles
1323 2622 1536 2706 plane,
1600 2642 1723 2689 nos
1777 2644 1860 2688 ex
1919 2630 2145 2689 nostra
2252 2633 2393 2689 arte
2458 2633 2589 2688 tre-

634 2705 789 2789 pidi,
836 2715 957 2775 etc.
1025 2708 1263 2775 Nescio
1298 2707 1454 2791 quid
1489 2707 1653 2775 haec
1695 2711 1915 2775 omnia
1951 2720 2184 2792 porten
2274 2721 2366 2776 nt.
2435 2710 2590 2775 Meo

633 2791 896 2874 quidem
955 2793 1198 2860 iudicio
1242 2795 1464 2860 omnia
1506 2796 1849 2860 minantur
1890 2796 2169 2861 ruinam.
2260 2794 2591 2861 Dominus

635 2878 1030 2945 misereatur
1081 2879 1312 2945 nostri.
1398 2880 1738 2947 Praeticae
1795 2887 1955 2946 sunt
2009 2880 2362 2947 mirabiles.
2451 2880 2589 2947 Sed

635 2964 964 3030 Dominus
997 2964 1250 3031 sedebit
1269 2986 1509 3049 eosque
1544 2965 1860 3044 irridebit,
1899 2965 2296 3050 tandemque
2329 2972 2590 3049 sceptro

632 3049 847 3117 ferreo
889 3060 1077 3137 reget
1119 3071 1252 3118 eos.

809 3136 1274 3205 Scbaffhusiae
1316 3137 1510 3203 Febr.
1561 3141 1747 3203 1563.

1311 3275 1397 3342 V.
1442 3276 1532 3341 H.
1578 3274 1868 3342 deditiss.
1914 3275 2191 3342 Iacobus
2236 3275 2506 3361 Riioger

1586 3361 1889 3428 minister
1931 3359 2238 3429 ecclesiae

1324 3445 1881 3514 Schaffbusianae
1924 3447 2098 3531 apud
2144 3446 2503 3514 Helvetios.

1521 3992 1709 4063 8911.

853 4142 1287 4214 MINIS'I'RI
1332 4145 1959 4215 GENEVENSES
2006 4146 2379 4215 VIRETO.

811 4321 1028 4404 Ayunt
1069 4317 1145 4383 dc
1186 4319 1328 4385 eius
1375 4318 1587 4384 reditu
1628 4338 1810 4402 quem
1852 4320 2103 4401 quidem
2146 4325 2453 4402 arpenni,
2499 4322 2594 4387 ita

636 4405 1146 4473 tammuteius
1199 4405 1540 4470 volutantis
1595 4410 1651 4469 et
1706 4404 2088 4472 valetudinis
2140 4406 2349 4490 mayis
2402 4427 2596 4489 quam

638 4494 748 4559 sm·
780 4491 1085 4558 desiderii
1125 4491 1431 4557 rationem
1472 4490 1755 4556 habeant.

641 4666 749 4733 (Ex
784 4664 1179 4720 schediasmate
1216 4676 1416 4715 coaevo
1453 4662 1511 4714 in
1546 4661 1689 4714 Bibl.
1726 4659 1930 4718 Gener.
1970 4662 2097 4718 Cod.
2138 4662 2281 4731 19⁷⁸,
2329 4663 2424 4720 fol.
2459 4663 2593 4719 2⁷2:

640 4734 787 4805 quod
822 4732 1164 4788 inscribitur:
1204 4729 1433 4785 Idume
1459 4731 1900 4869 mgnum
1933 4732 2012 4787 ed
2046 4731 2127 4788 D.
2162 4733 2407 4789 Virmn
2440 4750 2481 4788 a
2514 4750 2598 4790 ne

812 4972 878 5041 S.
957 4971 1180 5055 Quum
1239 4972 1464 5038 literas
1516 4981 1665 5037 tuas
1701 4976 1749 5050 ¹)
1808 4972 2144 5055 superiore
2189 4972 2597 5041 hebdomada

641 5060 1135 5144 accepissemus,
1180 5056 1553 5125 venerande
1594 5059 1663 5122 in
1708 5056 1996 5124 Domino
2039 5058 2263 5137 frater,
2313 5059 2597 5145 legimus

641 5296 811 5351 aen.
844 5297 899 5363 1)
937 5297 1014 5352 N.
1047 5296 1200 5352 δὲ’-ΚΒ.

2155 375 2687 445 EPISTOLAE
2731 379 3156 445 3910-3912

4511 379 4619 442 660

2695 573 2763 633 et
2826 566 3182 651 relegimus
3234 585 3402 649 quae
3458 564 3712 649 prolixe
3776 565 3937 631 satis
3992 562 4075 631 ad
4133 585 4255 631 nos
4311 565 4622 648 scripsisti,

2692 654 2937 736 partim
3003 652 3449 720 conditionem
3507 663 3689 717 tuam
3745 649 4221 734 quodammodo
4279 650 4623 735 deplorans,

2694 740 2936 822 partim
2981 738 3385 821 respondens
3441 737 3524 802 ad
3579 758 3657 803 ea
3712 757 3880 821 quae
3933 735 4015 801 de
4067 747 4134 801 te
4176 739 4364 820 quasi
4408 758 4488 801 ex
4526 751 4625 803 tuo

2692 844 3016 892 consensu
3060 825 3319 890 senatui
3362 824 3899 908 significaverant
3931 822 4044 904 qui
4087 823 4234 889 istic
4270 843 4490 888 rerum
4525 821 4626 888 ad·

2691 911 3164 976 ministrationi
3209 916 3539 993 praesunt.
3618 909 3758 974 Nos
3802 929 3959 974 vero
4001 908 4342 973 literarum
4387 921 4626 973 tuarum

2690 994 2971 1063 lectione
3013 996 3287 1079 perinde
3329 1014 3406 1060 ac
3448 1016 3571 1079 par
3613 1005 3759 1059 erat
3802 995 4072 1060 affectos
4116 994 4316 1059 fuisse
4352 993 4628 1059 dubitare

2690 1091 2757 1148 te
2799 1083 3072 1147 minime
3110 1090 3438 1164 putamus.
3528 1080 3764 1163 Itaque
3806 1101 4007 1162 quum
4063 1091 4334 1162 propter
4384 1082 4630 1164 negotis

2690 1188 2824 1234 non
2870 1168 3130 1234 licuerit
3171 1186 3250 1233 eo
3294 1166 3437 1250 ipso
3482 1167 3587 1232 die
3631 1178 3748 1232 aut
3781 1165 4093 1249 postridie
4129 1166 4503 1240 rescribere,
4543 1166 4628 1230 di-

2691 1252 3000 1319 lationem
3038 1272 3213 1319 nunc
3248 1273 3384 1317 non
3418 1272 3808 1319 excusamus
3842 1272 4011 1334 quae
4045 1252 4298 1316 nemini
4335 1251 4630 1316 damnum

2691 1339 2931 1404 afferre
2975 1339 3205 1420 potuit.
3297 1338 3488 1419 Quae
3545 1337 3616 1403 in
3661 1337 3837 1403 calce
3879 1338 4243 1413 literarum,
4290 1338 4525 1420 quibus
4563 1338 4632 1402 de

2692 1444 2891 1490 causa
2933 1424 3195 1491 Mor-elii
3252 1424 3632 1507 agebamus,
3689 1423 3911 1508 legisti
3956 1423 4038 1488 de
4081 1433 4199 1488 tuo
4244 1423 4326 1488 ad
4388 1443 4504 1488 nos
4543 1444 4632 1488 re·

2693 1510 2855 1588 ditu,
2908 1532 3042 1576 non
3085 1511 3409 1575 miramur
3449 1510 3509 1575 si
3553 1510 3673 1575 tibi
3716 1510 4096 1592 persuasisti
4139 1529 4263 1574 nos
4305 1531 4394 1574 ex
4438 1511 4634 1573 animo

2693 1606 2761 1661 et
2804 1597 2981 1680 loqui
3035 1606 3103 1661 et
3160 1597 3466 1671 scribere,
3522 1596 3635 1679 qui
3691 1593 3878 1660 nobis
3936 1594 4178 1660 conscii
4233 1615 4467 1660 sumus
4517 1596 4636 1659 irs·

2692 1691 2881 1746 terne
2917 1683 3001 1746 de
3035 1693 3101 1747 te
3136 1691 3202 1748 et
3245 1683 3386 1747 sine
3430 1680 3577 1746 suco
3621 1679 3932 1746 sollicitos
3974 1679 4196 1745 fuisse.
4266 1680 4635 1746 Gaudemus

2693 1776 2913 1833 tamen
2961 1779 3227 1851 gratum
3273 1778 3430 1833 tunc
3475 1766 3591 1831 tibi
3653 1767 3851 1832 fuisse
3901 1765 4193 1831 officium
4238 1779 4538 1831 nostrum
4577 1779 4636 1830 et

2696 1853 3054 1919 voluntatis
3096 1873 3254 1938 erga
3296 1867 3361 1917 te
3395 1865 3662 1919 nostrae
3695 1851 4148 1935 qualecunque
4184 1854 4636 1918 testimonium.

2692 1938 2992 2005 Petimus
3045 1941 3247 2004 etiam
3292 1960 3378 2004 ne
3436 1940 3539 2004 cui
3596 1938 3965 2004 contrariae
4020 1938 4386 2019 suspicioni
4444 1938 4636 2003 locum

2692 2025 2901 2089 ullum
2946 2026 3016 2090 in
3061 2036 3398 2107 posterum
3443 2023 3798 2107 relinquas.
3886 2022 4027 2088 Nos
4071 2025 4250 2087 enim
4300 2038 4372 2088 et
4413 2022 4640 2088 afflicta

2692 2110 3001 2175 valetudo
3057 2123 3171 2176 tua
3230 2121 3295 2175 et
3353 2111 3795 2192 periculorum
3841 2108 4230 2192 magnitudo
4289 2112 4362 2173 in
4422 2108 4640 2193 quibus

2692 2197 2978 2261 versaris
3016 2198 3170 2275 (nos
3213 2217 3346 2261 non
3390 2196 3489 2261 ita
3545 2195 3741 2278 longe
3785 2194 4126 2272 absumus)
4170 2205 4241 2258 et
4284 2203 4484 2260 vetus
4541 2211 4641 2258 tua

2691 2303 2906 2366 nuper
2949 2282 3148 2348 etiam
3205 2291 3525 2347 renovata
3566 2302 3716 2346 cum
3763 2281 3887 2347 hac
3945 2281 4222 2345 ecclesia
4279 2281 4640 2346 coniunctio

2692 2369 2789 2433 tui
2836 2388 2964 2432 non
3019 2368 3252 2433 sinunt
3293 2387 3436 2432 esse
3493 2368 3926 2432 immemores.
4013 2365 4162 2430 Hoc
4205 2367 4457 2431 diserte
4497 2366 4642 2430 adii·

2693 2454 2903 2519 cimus
2946 2454 3102 2536 quia
3147 2453 3472 2518 incertum
3519 2453 3839 2535 relinquis
3882 2452 4064 2515 itane
4099 2452 4181 2517 de
4225 2452 4421 2518 nobis
4471 2449 4644 2517 hodie

2693 2541 2940 2605 sentias
2962 2547 3040 2603 ιιι
3061 2558 3264 2621 quum
3301 2537 3415 2604 illa
3437 2537 3902 2614 scribebamus,
3939 2537 4073 2601 imo
4107 2538 4306 2602 tacite
4340 2537 4644 2620 suspicio-

2693 2646 2845 2690 nem
2890 2624 3109 2690 iniicis
3152 2645 3233 2688 ex
3289 2625 3372 2689 iis
3415 2644 3582 2706 quae
3625 2637 3850 2705 postea
3903 2625 4326 2705 contigerunt
4366 2623 4552 2688 aliud
4591 2635 4646 2686 te

2694 2710 2776 2776 de
2821 2711 3008 2777 nobis
3051 2710 3446 2792 comperisse
3489 2730 3686 2793 quam
3732 2708 3941 2773 literis
3984 2711 4232 2773 nostris
4277 2709 4646 2774 ostendera-

2694 2816 2862 2861 mus.
2936 2796 3168 2860 Abfuit
3201 2795 3490 2878 profecto
3526 2795 3868 2876 aberitque
3901 2815 4161 2875 semper
4196 2816 4238 2858 a
4270 2796 4474 2860 nobis
4501 2794 4648 2858 baec

2695 2880 3046 2958 simulatio,
3090 2882 3482 2964 praesertim
3519 2879 3782 2964 quando
3824 2900 3976 2946 cum
4012 2878 4352 2956 fratribus,
4396 2880 4647 2962 quando

2694 2976 2911 3033 tecum
2957 2965 3285 3051 agendum
3331 2966 3476 3030 erit.
3560 2965 3706 3031 Hoc
3749 2985 4009 3047 semper
4050 2966 4341 3050 ingenue
4382 2965 4648 3048 professi

2695 3074 2944 3132 sumus,
2992 3053 3168 3137 quod
3212 3061 3543 3119 testantur
3584 3064 3653 3117 et
3695 3059 4069 3136 postremae
4113 3064 4382 3118 nostrae
4427 3051 4648 3117 literae

2696 3137 2779 3205 ad
2813 3140 3151 3205 ministros
3193 3148 3259 3203 et
3303 3140 3596 3205 seniores
3638 3138 3950 3204 ecclesiae
3981 3138 4501 3222 Lugdunensis:
4545 3158 4648 3220 per

2693 3245 2818 3290 nos
2861 3225 3136 3290 liberam
3191 3225 3314 3290 tibi
3365 3244 3505 3290 sem
3593 3243 3630 3287 r
3683 3224 4011 3305 optionem
4069 3245 4214 3289 esse
4259 3224 4370 3288 vel
4415 3223 4502 3289 ad
4541 3244 4646 3287 nos

2694 3308 3016 3377 redeundi
3060 3310 3165 3375 vel
3224 3310 3372 3376 istic
3430 3308 3513 3375 ad
3565 3330 3646 3374 uc
3686 3308 4153 3375 commorandi.
4245 3308 4644 3375 Verebamur

2693 3398 2871 3462 enim
2915 3418 3018 3473 ne,
3063 3396 3123 3461 si
3166 3403 3232 3461 te
3275 3396 3569 3478 praecise
3611 3393 3695 3458 ad
3740 3393 4023 3460 reditum
4069 3394 4517 3470 hortaremur,
4558 3395 4644 3459 di·

2694 3493 2868 3548 ceret
2914 3481 3150 3565 aliquis
3193 3502 3315 3546 nos
3360 3481 3463 3546 vel
3507 3479 3912 3546 valetudinis
3954 3490 4107 3545 tuae
4149 3481 4484 3546 rationem
4527 3501 4644 3545 nou

2692 3567 2957 3647 habere,
3003 3566 3113 3632 vel
3155 3567 3265 3633 isti
3309 3566 3640 3642 ecclesiae,
3690 3586 3825 3629 non
3870 3566 4164 3632 dicemus
4204 3567 4512 3633 nascenti
4553 3566 4646 3629 in·

2695 3655 2946 3730 videre,
3005 3652 3122 3718 sed
3186 3652 3514 3718 laboranti
3578 3651 3898 3716 auxilium
3964 3651 4314 3736 denegare.
4429 3653 4644 3717 Altera

2693 3742 2893 3805 etiam
2947 3759 3032 3805 ex
3089 3753 3276 3821 parte
3335 3759 3469 3803 non
3532 3738 3758 3801 minus
3813 3737 4086 3818 periculi
4143 3758 4185 3800 a
4238 3737 4646 3802 sermonibus

2692 3824 3040 3890 hominum
3080 3822 3654 3907 prospiciebamus,
3700 3824 3758 3887 si
3802 3832 3869 3886 te
3905 3820 4153 3888 diutius
4197 3824 4348 3887 istic
4383 3823 4644 3888 retinen

2694 3921 2920 3993 aperte
2962 3917 3225 3975 autores
3268 3929 3593 3975 essemus:
3654 3927 3740 3973 ne
3781 3907 4030 3974 scilicet
4071 3918 4137 3974 te
4178 3907 4338 3975 hinc
4386 3930 4429 3974 a
4471 3908 4646 3975 nob‘n

2695 3996 3001 4080 ablegare
3057 3992 3436 4060 videremur
3491 4014 3609 4076 per
3666 3993 3948 4076 speciem
4011 3993 4113 4059 vel
4173 3993 4493 4059 honestae
4549 3991 4644 4057 vel

2694 4083 3032 4149 causariae
3053 4080 3406 4156 missionis,
3431 4091 3499 4146 et
3533 4100 3712 4145 nunc
3746 4098 3946 4162 opera
3966 4087 4084 4144 tua
4102 4081 4288 4163 quasi
4323 4081 4520 4146 nobis
4551 4077 4644 4143 vel

2694 4167 2938 4233 nostris
2979 4167 3201 4232 minus
3249 4174 3440 4250 grata
3482 4184 3618 4229 non
3663 4184 3859 4248 aegre
3901 4184 4145 4230 carere.
4236 4164 4450 4231 Vides
4493 4184 4644 4249 quae

2695 4254 2886 4320 nobis
2930 4251 3157 4318 sedulo
3200 4249 3497 4318 cavenda
3538 4250 3805 4327 fuerint,
3850 4248 4028 4316 unde
4070 4270 4430 4335 agnoscere
4473 4262 4641 4335 potes

2695 4339 3059 4423 simplicem
3124 4346 3193 4403 et
3255 4336 3529 4402 minime
3592 4337 3879 4402 fucatam
3951 4337 4157 4402 fuisse
4217 4344 4520 4402 nostram
4577 4335 4640 4399 in

2698 4424 2929 4509 primis
2981 4423 3115 4488 illis
3169 4422 3380 4488 literis
3434 4422 3816 4487 orationem.
3906 4418 4174 4502 Quanto
4215 4431 4448 4505 postea
4489 4434 4640 4487 tem·

2697 4532 2855 4595 pore
2909 4509 2993 4576 ad
3051 4520 3116 4574 te
3170 4507 3510 4591 scripserit
3562 4513 3831 4574 senatus
3881 4515 3959 4571 ut
4015 4508 4467 4583 revertereris,
4486 4509 4545 4587 ι)
4583 4516 4644 4571 et

2697 4618 2860 4680 quas
2901 4594 3144 4661 habere
3187 4615 3259 4661 se
3300 4614 3533 4661 causas
3571 4590 3929 4659 revocandi
3971 4593 4070 4657 tui
4107 4591 4355 4660 diceret
4389 4594 4638 4660 seimus.

2696 4682 3126 4749 Meminimus
3169 4681 3366 4745 etiam
3401 4678 3896 4762 importunitate
3929 4678 4206 4743 flatrum
4243 4677 4642 4764 Lugdunen-

2698 4771 2870 4834 sium
2904 4767 3155 4833 factum
3189 4777 3265 4830 ut
3306 4766 3379 4830 in
3416 4765 3578 4831 haec
3612 4764 3813 4830 verba
3847 4774 4066 4830 tecum
4101 4774 4330 4848 ageret
4363 4774 4638 4837 senam

2742 4854 2810 4918 ui
2877 4865 2944 4919 et
3007 4862 3074 4917 te
3131 4851 3350 4935 diligit
3409 4860 3476 4915 et
3538 4848 3607 4916 id
3663 4859 3730 4914 te
3773 4869 3905 4914 non
3963 4850 4274 4935 ignorare
4331 4858 4636 4916 autumat.

2697 4876 2926 5021 &uum
2977 4950 3042 5003 te
3105 4938 3257 5003 istic
3321 4957 3465 5002 esse
3530 4942 3868 5018 pateretur
3921 4936 4075 5018 quia
4137 4938 4234 5001 sie
4287 4934 4636 5002 valetudini

2695 5034 2852 5090 tuae
2894 5023 3270 5092 consultum
3315 5021 3605 5106 putabat,
3650 5020 3749 5086 illi
3791 5041 3878 5085 ne
3920 5030 4076 5085 ante
4117 5043 4412 5088 mensem
4445 5038 4636 5085 unm

2695 5122 2813 5177 aut
2865 5111 3148 5176 alterum
3206 5108 3612 5175 revocareris
3655 5106 4060 5192 flagitabant.
4151 5107 4285 5175 Ubi
4341 5108 4636 5190 impetn·

2899 5297 2961 5365 2)
2997 5294 3263 5352 1113876.
