4900 6125
317 394 443 459 265

323 580 534 647 verite
589 583 909 666 ,ignorans
964 581 1082 664 qui
1133 580 1561 734 alleguoyent
1617 580 1733 648 des
1795 582 2053 649 raisons
2201 604 2283 650 ur

319 687 490 732 nous
558 685 714 732 sans
777 689 824 753 y
887 687 1143 751 pensor.
1304 689 1342 733 e
1406 688 1536 752 que
1601 668 1927 736 aulchuns
1991 676 2282 754 papistes

490 760 721 818 curent
773 760 842 818 et
898 751 1167 837 despuis
1210 754 1531 821 viennent
1584 775 1673 819 au
1728 775 1992 822 sermon
2037 762 2107 820 et
2148 777 2282 822 aux

314 858 575 922 priores
617 845 687 904 et
728 846 846 905 ont
887 838 1166 923 achepte
1208 859 1316 906 ces
1365 841 1541 905 'ours
1583 839 1760 906 force
1802 840 2022 907 livres.

490 925 541 992 J
542 944 772 1009 espere
814 946 901 991 au
945 923 1176 1008 plaisir
1218 924 1300 990 de
1414 926 1522 991 ieu
1566 945 1730 992 vous
1775 946 2064 1011 envoyer
2108 927 2280 1011 byen

313 1016 452 1076 tost
494 1031 636 1096 ung
682 1012 887 1095 jeune
929 1010 1193 1076 homme
1236 1011 1412 1077 natis
1459 1010 1542 1077 de
1582 1018 1756 1078 ceste
1799 1011 1973 1091 ville,
2018 1011 2284 1079 homme

314 1097 494 1182 byen
552 1115 686 1181 nay
745 1103 812 1162 et
865 1096 1017 1163 bien
1072 1096 1388 1181 justitue:
1457 1096 1722 1181 despuis
1779 1117 1906 1181 que
1971 1099 2109 1165 suis
2165 1099 2283 1185 joy

313 1202 492 1248 nous
525 1201 695 1248 vous
738 1203 824 1249 en
863 1202 1072 1248 avons
1107 1203 1362 1268 euvoye
1406 1190 1610 1271 troys.
1682 1182 1938 1270 Cestuy
1973 1185 2089 1269 ch
2133 1204 2282 1251 sera

312 1269 375 1334 le
436 1268 855 1353 quatriesme.
947 1266 1143 1335 Ceste
1202 1268 1479 1336 matiere
1537 1290 1664 1354 que
1722 1289 1889 1336 nous
1945 1289 2114 1335 vous
2165 1290 2280 1334 en-

311 1374 794 1507 mim?
803 1353 1171 1525 1222332033
1172 1354 1553 1507 ’ῃὲῗᾲῗὲ
1570 1355 1915 1526 ..32⁸³sz
1948 1354 2282 1508 :tm

311 1525 639 1603 ministre,
698 1532 846 1590 tant
887 1545 1084 1609 parce
1125 1545 1256 1609 que
1298 1532 1527 1593 nostre
1569 1526 1730 1593 ville
1772 1537 1876 1592 est
1918 1525 2169 1612 grande
2215 1532 2284 1592 et

313 1612 449 1678 fort
513 1611 810 1695 peuplee,
875 1612 1052 1678 aussi
1117 1632 1245 1696 que
1300 1614 1370 1695 je
1441 1633 1527 1678 ne
1590 1614 1727 1681 suis
1792 1634 1921 1697 que
1986 1632 2152 1697 pour
2216 1611 2284 1678 la

310 1698 586 1765 moictie
630 1718 799 1764 nous
843 1718 1047 1764 avons
1084 1718 1125 1764 a
1165 1696 1416 1782 grande
1496 1699 1668 1765 riere
1710 1705 1778 1764 et
1819 1705 2125 1782 requeste
2167 1698 2282 1764 ob·

311 1792 480 1850 tenu
525 1804 618 1849 un
662 1784 965 1850 ministre
1007 1803 1092 1849 au
1138 1783 1389 1869 synode
1477 1806 1514 1850 e
1558 1783 1828 1851 Saincte
1870 1784 2002 1869 foy.
2020 1785 2080 1857 2)

493 1869 660 1936 Mon
717 1870 889 1936 frere
939 1869 1247 1935 ministre
1305 1890 1434 1954 que
1481 1873 1601 1956 jay
1658 1871 2080 1936 maintenant
2133 1890 2284 1936 sera

310 1976 537 2035 cause,
604 1952 686 2020 de
753 1964 898 2021 tout
963 1955 1025 2020 le
1088 1956 1301 2020 moins
1369 1975 1488 2038 par
1543 1956 1877 2040 provision
1936 1954 2284 2022 attendent

309 2040 570 2108 miculx
604 2061 690 2107 au
770 2041 1068 2124 rincipal,
1102 2061 1230 2125 que
1264 2042 1334 2124 je
1369 2062 1455 2107 ne
1490 2062 1685 2126 seray
1721 2043 1869 2125 plus
1905 2063 1990 2107 en
2031 2042 2283 2108 crainte

311 2128 498 2193 dune
560 2126 742 2193 horri
784 2127 849 2192 le
907 2125 1296 2210 dissipation
1349 2147 1432 2193 ou
1489 2128 1764 2213 jestoys.
1853 2126 2100 2193 Cestoit
2155 2147 2283 2212 que

307 2211 542 2298 quand
583 2211 761 2279 Dieu
819 2233 889 2279 se
948 2213 1199 2279 servoit
1251 2211 1333 2279 de
1374 2233 1531 2298 moy
1576 2234 1748 2297 pour
1790 2212 2017 2279 edifier
2060 2234 2145 2279 en
2188 2235 2282 2278 un

307 2299 451 2365 lieu
512 2299 575 2364 le
632 2296 846 2365 diable
900 2298 1200 2381 dissipoit
1243 2296 1324 2364 de
1377 2298 1611 2365 lautre.
1700 2299 1809 2365 En
1854 2310 2077 2364 nostre
2119 2297 2283 2364 ville

307 2384 360 2450 il
406 2406 454 2470 y
501 2405 542 2449 a
601 2387 934 2469 tousjours
990 2383 1086 2450 les
1144 2395 1405 2469 quattre
1449 2383 1727 2469 temples
1770 2385 2175 2469 papistiques
2212 2393 2283 2450 et

305 2470 376 2536 le
423 2470 816 2554 reiglement
873 2490 1003 2553 que
1057 2489 1226 2536 nous
1280 2490 1486 2536 avons
1539 2481 1608 2536 et
1662 2480 1898 2536 tenons
1942 2468 2022 2534 de
2064 2470 2158 2536 Μ.
2204 2472 2282 2536 dc

307 2556 541 2639 Burye
569 2556 627 2636 ³)
670 2564 812 2622 cest
855 2555 936 2621 de
989 2575 1074 2621 ne
1119 2576 1288 2622 nous
1343 2554 1725 2641 empescher
1767 2559 1955 2641 point
2013 2556 2108 2622 les
2151 2575 2278 2621 uns

305 2643 410 2708 les
456 2649 697 2708 autres.
775 2641 961 2708 Nous
1003 2661 1210 2707 avons
1255 2650 1475 2708 trente
1517 2642 1703 2709 huict
1742 2643 2101 2726 patroisses
2144 2663 2278 2708 aux

306 2728 592 2812 champs
649 2749 733 2815 ou
793 2747 959 2793 nous
1016 2726 1230 2793 allone
1276 2736 1343 2794 et
1397 2749 1696 2813 pouvons
1753 2728 1916 2793 aller
1968 2726 2277 2811 paisible-

305 2824 520 2892 ment,
584 2834 747 2880 avec
812 2812 1090 2897 quelque
1147 2813 1350 2896 garde
1418 2814 1760 2880 toutesfois
1818 2822 1887 2879 et
1943 2811 2277 2898 prudence

305 2922 440 2985 que
487 2920 657 2966 nous
712 2910 946 2966 tenons
1006 2897 1087 2964 de
1130 2899 1325 2966 Dieu.
1414 2903 1568 2965 Aux
1609 2906 1820 2966 terres
1864 2899 1954 2965 du
1995 2899 2101 2965 Ro
2195 2898 2278 2964 de

305 2986 620 3053 Navarre
665 3006 753 3050 ou
796 2986 902 3073 icy
947 2993 1095 3070 sept
1137 2987 1517 3069 patroisses,
1686 3005 1760 3051 ce
1804 2986 1931 3051 soit
1972 3005 2057 3050 au
2135 2985 2196 3049 ei
2245 3020 2275 3034 ·

306 3095 502 3151 neur,
552 3075 623 3157 je
668 3093 800 3158 nay
857 3071 1114 3138 trouble
1157 3074 1459 3156 quelcun.
1597 3093 1683 3157 ay
1726 3071 1824 3139 les
1866 3072 2145 3138 officiers
2231 3092 2277 3135 u

307 3180 436 3243 roy
483 3156 568 3223 de
609 3156 909 3225 Navarre
965 3160 1077 3242 qui
1132 3179 1241 3224 me
1298 3157 1702 3226 conduisent.
1792 3157 1886 3223 Et
1928 3156 2192 3241 despuis
2237 3160 2274 3220 2

305 3246 485 3311 mois
528 3264 616 3310 en
659 3265 737 3311 oa
778 3243 845 3309 la
888 3264 1102 3311 messe
1145 3257 1247 3310 est
1290 3244 1566 3309 honstee
1611 3243 1692 3308 de
1748 3253 1963 3309 tontes
2006 3243 2103 3309 les
2148 3253 2280 3308 ter-

307 3353 420 3397 res
466 3328 556 3395 du
592 3329 744 3415 Roy
780 3329 862 3395 de
895 3329 1213 3396 Navarre.
1292 3330 1469 3395 Dieu
1511 3349 1634 3412 par
1675 3349 1750 3394 sa
1792 3329 2041 3395 saincte
2085 3349 2280 3413 grace

305 3438 486 3483 nous
555 3415 746 3481 veille
812 3418 1138 3500 tousjours
1203 3415 1477 3481 fortifier
1543 3424 1610 3480 et
1674 3414 1925 3480 donner
1988 3415 2280 3480 casohun

301 3506 465 3588 jour
521 3505 697 3568 force
742 3501 1046 3567 nouvelle
1104 3510 1454 3567 constance
1508 3512 1575 3567 et
1619 3521 2093 3583 perseverance
2136 3502 2281 3583 jus-

309 3609 476 3672 ques
521 3608 564 3651 a
604 3586 671 3652 la
711 3587 824 3652 fin.

492 3673 632 3739 Sur
683 3694 776 3750 ce,
837 3672 1311 3757 Monseigneur
1369 3681 1438 3737 et
1485 3671 1781 3738 trescher
1837 3673 2026 3750 frere,
2089 3690 2282 3755 apres

311 3769 565 3825 mestre
606 3755 1066 3825 recommande
1109 3759 1192 3823 de
1235 3768 1381 3823 tout
1424 3776 1582 3822 mon
1627 3778 1825 3823 coeur
1868 3779 1908 3822 a
1951 3777 2071 3822 voz
2116 3758 2280 3823 bon-

311 3868 436 3912 nee
482 3845 733 3928 prietes
778 3846 850 3928 je
906 3843 1051 3927 prie
1107 3865 1181 3911 ce
1236 3844 1366 3910 bon
1409 3844 1585 3910 Dieu
1630 3863 1797 3909 vous
1843 3844 2026 3909 avoir
2069 3864 2151 3907 en
2209 3862 2283 3907 sa

315 3929 522 4017 garde
580 3943 647 3995 et
700 3930 1063 4013 protection
1119 3952 1159 3995 a
1205 3931 1466 4013 jamais,
1523 3950 1689 3995 vous
1746 3948 2119 4014 gouverner
2161 3949 2282 4011 par

313 4038 434 4084 son
481 4016 698 4082 sainct
740 4015 949 4099 esprit
991 4023 1059 4080 et
1113 4017 1274 4080 faire
1330 4016 1660 4099 tousjours
1701 4015 1975 4098 profiter
2018 4035 2139 4080 voz
2182 4012 2280 4078 la-

315 4104 518 4169 beurs
564 4101 714 4167 bien
760 4113 827 4166 et
868 4099 1394 4179 heureusement,
1454 4122 1705 4166 comme
1761 4121 1956 4184 grace
2014 4099 2141 4165 soit
2194 4122 2281 4165 au

316 4187 653 4274 Seigneur
696 4208 861 4252 vous
913 4206 1074 4252 avez
1126 4189 1199 4271 ja
1252 4187 1383 4251 fort
1437 4205 1703 4252 avance.
1789 4186 1877 4253 Je
1921 4205 2082 4251 vous
2125 4206 2279 4269 sup·

317 4274 489 4361 plye,
549 4294 706 4338 mon
753 4273 882 4338 bon
925 4273 1236 4357 seigneur
1278 4283 1348 4338 et
1387 4293 1563 4356 pere,
1620 4293 1727 4337 me
1785 4270 2282 4338 recommendet

317 4382 356 4425 a
395 4375 550 4426 tous
603 4379 730 4425 noz
786 4357 950 4425 bons
1006 4359 1214 4426 freres
1269 4366 1339 4424 et
1392 4379 1602 4444 amys,
1668 4368 1736 4422 et
1799 4377 2053 4424 comme
2113 4378 2281 4423 nous

317 4447 570 4513 faisons
622 4445 849 4528 prions
906 4459 1052 4510 tous
1106 4444 1244 4510 dun
1286 4463 1482 4510 coeur
1534 4451 1604 4509 et
1657 4441 1832 4508 dune
1888 4443 2142 4510 bouche
2186 4441 2282 4509 les

319 4553 444 4598 uns
506 4552 675 4615 pour
732 4530 831 4596 les
883 4542 1110 4596 autres
1168 4551 1297 4613 que
1339 4529 1389 4597 J
1389 4528 1752 4596 esuschrist
1809 4529 2136 4613 triomphe
2195 4550 2281 4594 au

321 4618 544 4683 millen
589 4615 673 4683 de
712 4636 820 4683 ses
862 4616 1177 4682 ennemis.
1249 4617 1338 4683 Je
1380 4638 1486 4682 me
1531 4615 1989 4682 recommendo
2031 4615 2284 4698 specia-

322 4703 570 4769 lement
613 4725 652 4768 a
696 4701 789 4767 Μ.
815 4702 998 4769 hem-i
1022 4705 1081 4781 ⁴)
1125 4710 1192 4767 et
1237 4723 1276 4767 a
1319 4702 1414 4767 Μ,
1443 4700 1752 4786 Raymon.
1823 4700 1961 4786 Jay
2006 4701 2204 4768 rescri
2254 4709 2283 4764 t

324 4811 361 4855 a
402 4790 498 4856 Μ.
543 4787 863 4856 Danduse
916 4796 986 4853 et
1037 4811 1076 4854 a
1119 4810 1274 4854 mon
1327 4789 1557 4855 cousin
1598 4785 1693 4853 Μ.
1740 4787 2012 4853 maistre
2053 4786 2218 4853 Nico
2243 4806 2281 4851 e

525 5047 588 5114 2)
632 5044 720 5099 Un
770 5046 977 5116 mode
1025 5047 1114 5111 fiat
1165 5053 1295 5101 tenu
1341 5048 1377 5100 ὰ
1425 5043 1668 5114 ste-Foy
1720 5045 1770 5097 le
1817 5043 1901 5096 10.
1943 5041 2076 5097 De'e.
2126 5041 2278 5096 1561.

329 5115 428 5180 (N.
462 5113 718 5250 ὅὸξῗῖϋε
762 5183 942 5238 Bur-ie
990 5183 1126 5238 e'tau't
1175 5184 1478 5238 lustenam
1527 5181 1606 5236 du
1655 5182 1749 5237 roi
1789 5180 1859 5235 de
1903 5179 2168 5234 Novam
2212 5195 2280 5233 en

333 5253 592 5386 Gaius-t)
611 5250 1120 5377 ΐοὲδὸἀὲᾶιὼῲ.
1193 5252 1252 5307 11
1289 5271 1328 5323 y
1371 5253 1698 5307 minema&
1742 5247 1892 5304 redit
1924 5249 1992 5302 de
2027 5246 2278 5303 Jaueier.

2039 397 2203 459 1562
2244 391 2628 461 ΙΔΝΠΔΒ.

2311 3285 2327 3330 ss

4211 395 4343 462 266

2390 580 2517 660 Cot,
2580 581 2758 648 aussi
2800 601 2842 647 a
2878 581 2974 648 Μ.
3024 579 3318 648 Golladon
3376 580 3682 649 ladvocat
3738 588 3805 647 et
3859 601 3898 647 a
3941 581 4036 648 Μ.
4086 580 4348 650 Revost

2384 689 2543 734 mon
2588 667 2716 734 bon
2761 688 2868 733 am
2920 721 2934 733 .
3022 665 3199 733 Dieu
3253 667 3382 733 soit
3421 688 3580 735 avec
3621 688 3786 734 nous
3826 675 3978 735 tous
4022 689 4062 733 a
4103 668 4344 753 jamais

2385 761 2454 819 et
2509 774 2679 820 nous
2734 687 2929 821 veilfe
2992 753 3317 836 tonsiours
3374 774 3744 839 gouverner
3784 773 3905 838 par
3963 775 4080 821 son
4134 754 4344 821 sainct

2384 840 2611 924 esprit.
2700 843 2763 905 A
2809 837 3102 906 Gironde
3133 841 3185 915 ⁸)
3229 860 3303 905 ce
3346 842 3534 924 xxvj⁶
3580 838 3660 906 de
3701 840 4001 907 Janvier.

2644 976 2886 1042 Vostre
2930 976 3100 1043 frere
3143 975 3469 1042 serviteur
3512 986 3581 1042 et
3624 996 3777 1062 amy
3814 976 3895 1042 sil
3939 997 4104 1043 vous
4144 976 4344 1061 plaist

3142 1061 3461 1128 Francois
3504 1061 3821 1129 Richard.

3160 1357 3565 1366 .—-..——.-———-·-—-——

3267 1606 3465 1677 8704.

2842 1760 3410 1830 HOLBRACUS
3448 1759 3887 1827 CALVINO.

2559 1932 2779 2003 Severe
2844 1935 3218 2017 perstrinyit
3295 1931 3605 1999 Hes-hasii
3680 1951 3909 1997 novum
3971 1929 4198 1996 librum
4265 1931 4344 1997 dc

2386 2019 2607 2087 Coena.
2731 2019 3057 2088 Zanchum
3135 2020 3418 2085 reducem
3481 2018 3758 2083 nunciat.
3871 2015 4341 2083 Oovucionatorae

2382 2109 2938 2192 Aryentoratenses
2978 2106 3328 2172 doctrinam
3359 2104 3437 2170 de
3464 2103 4037 2185 praedestinatione
4070 2103 4341 2186 labefac-

2381 2197 2519 2259 tare
2594 2195 2864 2259 rescivit.
2979 2190 3318 2274 Principes
3393 2190 3699 2272 quosdam
3783 2187 4133 2255 Ger-‚nanos
4198 2208 4342 2255 cum

2383 2279 2796 2363 Lotharinyis
2828 2278 2904 2343 de
2944 2277 3344 2343 matrimonio
3382 2275 3511 2356 filii
3565 2273 4144 2359 Wirtemberqensis
4178 2280 4340 2340 trac-

2381 2370 2622 2432 taturos
2671 2363 2979 2431 Tabernis
3021 2362 3369 2444 exspectari
3412 2362 3595 2428 docet.

2684 2535 2797 2601 (Ex
2836 2533 3177 2604 autographo
3212 2533 3341 2588 Cod.
3378 2532 3583 2586 Genev.
3624 2529 3743 2600 110,
3774 2531 3866 2585 sol.
3906 2530 4052 2598 123.)

2556 2707 2862 2773 Eximiae
2922 2706 3185 2789 pietatis
3238 2712 3307 2770 et
3369 2704 3702 2770 doctrinae
3765 2703 3911 2770 viro
3974 2700 4061 2768 D.
4107 2701 4340 2769 Ioanni

2384 2792 2662 2862 Calvino
2707 2792 3121 2858 Genevensis
3165 2789 3473 2857 ecclesiae
3515 2789 3780 2873 pastori.
3833 2874 4165 2940 Gonnum·

2556 3048 2630 3117 S.
2675 3049 3002 3134 Cuperem
3041 3047 3313 3113 meliora
3347 3067 3433 3112 ex
3458 3044 3820 3113 Germania
3854 3044 3974 3113 tibi
4008 3046 4210 3112 mitti:
4248 3051 4343 3113 ta-

2381 3156 2560 3217 men,
2602 3141 2681 3203 ut
2721 3155 2931 3219 spero,
2990 3140 3358 3218 postremus
3401 3135 3527 3198 iste
3572 3130 3885 3199 Heshusii
3927 3139 4344 3216 portentosas

2382 3223 2600 3289 foetus
2627 3227 2674 3299 ¹)
2715 3243 2850 3287 non
2886 3229 2951 3287 te
2985 3219 3275 3286 terrebit.
3335 3218 3620 3285 Librum
3657 3218 3835 3283 intra
3858 3217 4133 3284 biduum
4156 3238 4345 3284 enar-

2382 3308 2532 3375 ravi
2572 3308 2786 3392 magis
2829 3326 3028 3392 quam
3071 3305 3221 3390 legi,
3266 3304 3465 3389 idque
3507 3325 3643 3371 non
3678 3304 3820 3370 sine
3852 3324 4097 3389 magno
4139 3304 4345 3369 animi

2385 3393 2628 3474 dolore,
2686 3414 2822 3459 nou
2879 3399 3015 3457 tam
3071 3390 3246 3476 quod
3288 3390 3553 3457 veritati
3599 3388 3933 3456 doctrinae
3976 3411 4017 3456 a
4058 3397 4194 3455 tam
4241 3389 4346 3455 fu-

2382 3481 2559 3547 rioso
2614 3481 2857 3563 scripto
2912 3487 3220 3554 metuam,
3279 3497 3476 3561 quam
3530 3474 3700 3559 quod
3754 3476 4081 3560 gravatim
4134 3475 4346 3540 feram

2382 3567 2829 3632 conviciorum
2871 3564 3166 3650 plaustra
3208 3564 3277 3628 in
3320 3562 3469 3627 illos
3515 3559 3786 3639 effundi,
3831 3582 3953 3646 per
3995 3581 4157 3644 quos
4202 3561 4344 3626 Do-·

2380 3654 2606 3718 minus
2661 3651 2731 3716 in
2789 3661 3015 3716 nostra
3072 3648 3294 3715 Gallia
3352 3667 3631 3731 regnum
3688 3646 3842 3713 Iesu
3896 3646 4147 3713 Christi
4191 3667 4346 3731 pro-

2380 3744 2621 3804 movet.
2720 3737 2805 3802 In
2871 3735 2993 3802 hoc
3050 3737 3227 3801 enim
3293 3734 3641 3799 artificium
3697 3731 3987 3798 Satanae
4042 3732 4348 3816 inprimis

2383 3844 2527 3889 sese
2570 3821 2787 3906 prodit
2843 3819 3036 3904 quod,
3097 3841 3301 3904 quum
3344 3819 3587 3886 sentiat
3630 3817 3999 3885 doctrinam
4046 3818 4346 3885 veritatis

2380 3910 2664 3993 opprimi
2708 3929 2838 3973 nou
2883 3927 3071 3991 posse
3128 3927 3249 3973 nec
3306 3906 3513 3989 ipsius
3571 3925 3836 3971 cursum
3884 3902 4226 3983 retardari,
4270 3905 4345 3967 in

2379 3995 2837 4060 ministrorum
2873 4013 3182 4077 personas
3216 3993 3535 4076 impetum
3573 3991 3917 4056 convertit.
3993 3989 4128 4056 Sed
4167 3988 4346 4074 apud

2381 4080 2687 4150 cordatos
2728 4089 2867 4145 tam
2912 4079 3147 4146 ferocis
3190 4079 3395 4144 animi
3437 4077 3826 4160 impotentia
3858 4096 3993 4142 non
4030 4096 4345 4160 magnam

2381 4165 2581 4231 inibit
2623 4166 2923 4250 gratiam.
2992 4165 3075 4230 In
3120 4163 3498 4230 refellendis
3544 4162 4002 4229 affectionibus
4045 4182 4180 4227 non
4216 4160 4345 4226 erit

2384 4260 2562 4330 (meo
2605 4251 2878 4336 iudicio)
2920 4270 3317 4336 magnopere
3362 4247 3812 4315 laborandum.
3900 4247 3983 4312 In
4030 4267 4106 4311 eo
4153 4266 4342 4329 prae-

2384 4339 2615 4404 sertim
2670 4337 3156 4402 immorandum
3212 4345 3313 4402 est
3369 4333 3539 4419 quod
3594 4336 3832 4400 asserit
3884 4334 4226 4400 Christum
4270 4332 4341 4396 in

2381 4443 2625 4492 coenae
2680 4423 3100 4488 institutione
3156 4441 3396 4486 novam
3455 4420 3839 4498 doctrinam,
3900 4437 4143 4484 novum
4187 4415 4341 4482 fidei

2382 4510 2733 4576 articulum
2813 4509 3120 4575 ecclesiae
3199 4507 3726 4591 patriarcharum
3793 4513 3859 4571 et
3923 4503 4342 4588 propheticae

2382 4605 2580 4662 autea
2653 4594 3028 4660 inauditum
3112 4603 3178 4660 et
3258 4593 3669 4677 incognitum
3751 4589 4127 4664 tradidisse,
4197 4590 4236 4653 i.
4284 4609 4337 4652 e.

2383 4681 2788 4765 corporalem
2834 4680 3121 4764 corporis
3176 4677 3428 4745 Christi
3484 4677 4075 4752 manducationem,
4144 4694 4339 4758 quam

2384 4787 2795 4833 communem
2854 4787 2995 4833 esse
3052 4765 3286 4831 volunt
3343 4764 3471 4849 piis
3529 4784 3734 4847 aeque
3794 4781 3871 4828 ac
3924 4761 4148 4844 impiis
4190 4779 4340 4827 cum

2382 4874 2551 4937 pane
2616 4872 2873 4918 coenae.
2970 4852 3332 4918 Enimvero
3414 4852 3481 4915 in
3552 4849 3680 4914 illis
3746 4845 4169 4914 observandis
4234 4866 4340 4910 me

2380 4939 2709 5005 monitore
2752 4959 2882 5004 non
2930 4937 3207 5022 indiges.

2590 5110 2651 5177 6)
2697 5110 2879 5178 quelle
2917 5110 3183 5178 peut-em
3227 5111 3356 5164 cette
3400 5107 3526 5162 mlle
3571 5103 3944 5161 considerable
3986 5119 4115 5159 avec
4147 5109 4343 5175 quatro

2380 5178 2412 5236 ἐ
2446 5181 2573 5234 lisca
2626 5177 3007 5248 catholiques?
3074 5175 3413 5247 &maie-a
3463 5174 3628 5230 d'm
3677 5170 4026 5244 dependentes
4077 5172 4145 5229 dc
4196 5170 4341 5228 Bor-

2381 5197 2614 5305 rama?
2644 5251 2715 5304 οὐ
2748 5251 3001 5303 serait-ce
3036 5243 3364 5302 Latonam?

2381 5317 2576 5372 8704.
2594 5317 2654 5386 1)
2692 5316 2834 5372 Vide
2872 5316 2941 5371 Ν.
2980 5313 3136 5368 3699.
