4900 6125
259 406 373 467 545

255 591 496 675 perfert
537 591 590 656 si
636 610 676 653 a
717 598 784 655 te
827 590 1089 668 referat,
1133 596 1548 674 exspectatae
1592 590 1861 655 venient
1903 598 1971 655 et
2013 595 2213 655 erunt

257 678 412 742 mihi
452 696 767 762 perquam
811 676 1154 743 iucundae.
1236 676 1455 741 Velim
1503 676 1859 742 salutatum
1908 695 2051 741 meo
2093 696 2213 741 no·

255 764 428 829 mine
483 761 567 828 D.
613 762 689 828 de
735 761 949 840 Saum,
1012 764 1118 828 eui
1163 772 1481 846 quantum
1542 761 1811 828 debeam
1858 770 2212 845 quantum-

256 870 375 932 que
417 849 560 915 eius
605 850 819 934 gratia
862 848 1090 922 velim,
1151 869 1297 914 sum
1358 849 1499 932 ipse
1542 848 1704 912 mihi
1767 848 1974 913 testis.
2065 847 2213 912 Pax

255 935 515 1000 Domini
563 944 630 999 et
682 935 897 1019 gratia
950 955 1068 1018 per
1111 933 1335 999 Iesum
1380 933 1721 1000 Christum
1769 931 1957 999 vobis
2000 935 2212 998 omni·

257 1021 390 1087 bus.
464 1022 648 1086 Bene
694 1020 858 1085 vale.

1138 1157 1324 1223 'Puus
1367 1157 1589 1240 tuique
1631 1157 2127 1223 amantissimus

1286 1243 1592 1327 Baptista
1627 1242 1889 1309 Daniel.
1921 1245 1969 1320 Ι)

1017 1533 1436 1543 —————

1147 1788 1343 1859 4244.

706 1941 1273 2027 mvasls1)
1317 1942 1757 2012 eALvmo,

430 2117 745 2182 Genevam
775 2116 1142 2198 propediem
1175 2117 1504 2182 invisurus
1528 2118 1765 2182 interea
1786 2117 1941 2182 duce
1965 2115 2216 2183 cmm

255 2203 451 2270 hostes
493 2202 616 2268 sibi
657 2202 1045 2268 imminentes
1084 2203 1314 2267 vidum
1357 2202 1448 2267 iri
1488 2208 1721 2285 sperat.

290 2376 402 2440 (Ex
437 2373 778 2443 autographo
812 2373 944 2427 Ood.
969 2372 1172 2428 Genev.
1201 2372 1322 2441 109,
1356 2373 1448 2427 fel.
1486 2372 1590 2429 153
1623 2375 1744 2428 sine
1777 2373 2176 2443 inscriptione.)

419 2546 491 2612 S.
563 2547 802 2612 Frater
844 2545 916 2609 in
960 2544 1114 2610 Iesu
1150 2543 1420 2611 Christe
1462 2545 1817 2611 carissime.
1886 2544 2046 2610 Vidi
2090 2565 2211 2628 per

245 2632 609 2716 epistolam,
653 2651 851 2715 quam
896 2631 1107 2696 amico
1150 2630 1411 2697 cuidam
1455 2630 1519 2695 N
1522 2630 1957 2696 oviedunensi
2001 2632 2208 2714 scrip·

246 2719 425 2794 sisti,
485 2730 548 2783 te
604 2717 1014 2783 constantiae
1057 2737 1244 2782 meae
1302 2716 1606 2781 nonnihil
1665 2715 1978 2782 diffidere.
2073 2716 2209 2781 Nec

242 2806 523 2881 mirum,
581 2823 784 2887 quum
841 2805 910 2867 in
966 2803 1131 2867 mari
1187 2823 1422 2887 parum
1482 2801 1837 2885 tranquillo
1895 2803 2208 2887 navigem

241 2900 455 2955 nauta
511 2888 864 2955 admodum
924 2888 1290 2972 imperitus.
1381 2886 1637 2955 Verum
1696 2909 1828 2954 non
1887 2897 1989 2952 est
2031 2888 2208 2970 qnod

241 2976 676 3061 imposterum
721 2973 1096 3053 addubites,
1152 2975 1209 3040 si
1253 2973 1446 3039 modo
1492 2975 1737 3059 cogites
1782 2993 1888 3037 me
1930 2993 2206 3057 eperum

239 3060 484 3130 fiducia
525 3061 796 3128 illusum
840 3060 1009 3126 nihil
1046 3059 1298 3126 viribus
1342 3060 1506 3126 meis
1548 3061 1764 3136 inniti,
1808 3058 1922 3126 sed
1967 3061 2208 3144 cymba

237 3146 399 3214 fidei
463 3159 730 3215 vectum
796 3145 880 3212 ab
945 3166 1024 3212 eo
1090 3147 1228 3214 sole
1286 3145 1571 3230 pendere
1627 3147 1741 3230 qui
1799 3145 2076 3212 Petrum
2134 3146 2205 3211 in

239 3234 462 3300 medic
543 3234 708 3299 mari
786 3231 1269 3316 periclitantem
1343 3232 1670 3297 liberavit.
1773 3231 1930 3299 Seio
2009 3252 2206 3316 quam

239 3320 667 3404 gravissimos
699 3318 922 3384 hostes
958 3319 1236 3385 habeam
1282 3339 1322 3384 a
1364 3327 1583 3403 terge:
1631 3327 1702 3383 at
1744 3315 1910 3384 duce
1938 3317 2207 3385 Ohristc

240 3415 314 3472 et
379 3405 600 3491 gladio
659 3405 844 3470 verbi
910 3406 1011 3471 sui
1078 3404 1525 3471 efficacissime
1590 3425 1780 3488 spere
1842 3424 1948 3468 me
2013 3403 2208 3471 facile

241 3491 596 3559 victurum.
701 3489 1045 3556 Habemus
1108 3490 1221 3555 hie
1286 3490 1551 3556 morbos
1615 3498 1795 3557 certe
1859 3489 2208 3573 pestiferos

288 3575 484 3643 uibus
528 3597 660 3642 nen
706 3575 944 3642 desunt
985 3597 1109 3642 sua
1152 3574 1471 3652 remedia,
1514 3575 1903 3659 praesertim
1947 3574 2053 3641 his
2095 3575 2208 3659 qui

238 3599 551 3728 divorum
595 3670 712 3727 aut
769 3661 1113 3727 hominum
1175 3661 1520 3745 praesidiis
1567 3661 1765 3727 diffisi
1810 3680 2080 3745 prorsus
2124 3660 2209 3726 ad

237 3748 573 3815 medicum
616 3748 963 3815 coelestem
1009 3747 1408 3833 confugiunt.
1495 3747 1751 3833 Urgent
1795 3768 1930 3824 nos,
1981 3747 2206 3826 fateor,

237 3833 439 3919 plura
493 3854 689 3918 quam
750 3834 899 3900 istic
960 3855 1035 3900 ac
1079 3836 1330 3899 maiora
1389 3833 1882 3899 tribulationum
1927 3853 2204 3918 genera:

237 3940 479 3985 verum
524 3932 591 3985 et
635 3918 743 3984 hic
787 3920 1027 4004 ubique
1085 3921 1220 3987 suis
1275 3919 1463 3985 adest
1506 3920 1873 3985 consolator
1914 3919 2204 4003 spiritus.

237 4006 468 4073 Unum
516 4015 619 4070 est
662 4004 831 4089 quod
891 4026 999 4071 me
1042 4005 1304 4071 abunde
1349 4014 1605 4073 recreat
1648 4026 1724 4070 ac
1769 4005 1996 4071 reficit.
2069 4003 2204 4085 Qui

235 4092 546 4177 promisit
589 4101 657 4156 et
700 4092 961 4157 mentiri
1009 4112 1143 4158 non
1186 4100 1401 4175 potest
1444 4111 1562 4157 nos
1607 4091 1782 4156 ultra
1804 4111 2002 4173 quam
2024 4091 2206 4157 vires

236 4188 506 4244 nostrae
549 4176 722 4244 ferre
765 4177 1025 4262 possint
1066 4179 1308 4242 tentari
1355 4197 1482 4242 nen
1532 4178 1838 4260 patietur.
1914 4176 2205 4242 Proinde

235 4284 437 4347 spero
479 4264 775 4328 futurum
821 4274 895 4327 ut
938 4264 1049 4346 qui
1094 4285 1203 4328 me
1260 4262 1345 4328 ad
1388 4264 1492 4328 sui
1541 4263 1823 4329 nominis
1882 4264 2204 4347 cognitio-

235 4371 396 4414 nem
443 4350 700 4415 vocavit
743 4350 814 4414 in
861 4348 1074 4414 medie
1127 4351 1397 4415 semitae
1455 4368 1614 4415 suae
1656 4359 1967 4432 tanquam
2012 4369 2203 4414 ovem

233 4436 587 4501 erraticam
656 4456 733 4500 ae
795 4434 1196 4519 perdititiam
1255 4455 1392 4499 non
1460 4434 1791 4499 destituet.
1881 4434 2205 4518 Superest

235 4530 320 4586 ut
363 4521 703 4587 ecelesiam
760 4530 1049 4586 vestram
1107 4522 1396 4587 invisam
1455 4519 1829 4603 propediem
1850 4572 1865 4598 ,
1930 4541 2205 4605 sperans

235 4608 370 4673 hac
415 4627 550 4671 una
590 4607 1050 4673 commoditate
1094 4607 1162 4671 in
1208 4607 1424 4691 gratia
1465 4607 1626 4671 mihi
1672 4607 2004 4690 proposita
2046 4626 2202 4671 eon-

233 4846 441 4899 4248.
471 4845 529 4911 l)
569 4845 710 4914 Quis
744 4847 835 4902 hic
867 4847 956 4901 eir
988 4847 1187 4913 luerit,
1254 4864 1331 4900 an
1375 4847 1519 4913 forte
1553 4846 1970 4901 Aut-elmundus·
2003 4862 2202 4916 ema·

235 4922 350 4979 m.
389 4930 672 4970 nemus.
747 4915 1040 4985 Nusquam
1076 4916 1216 4971 alubi
1254 4918 1373 4970 eius
1416 4918 1736 4969 monstenem
1782 4918 1991 4977 saetam
2025 4918 2204 4971 memi-

231 4987 445 5039 nimus.
503 4982 565 5037 sa·
599 4999 753 5055 quem
788 4986 982 5041 laudat
1018 4984 1086 5038 de
1122 4985 1266 5039 Ssux
1309 4984 1594 5040 Galle-sius
1627 4992 1721 5049 est,
1758 4984 2041 5052 epistolam
2077 4993 2206 5041 ante

231 5070 291 5107 a.
335 5051 476 5106 1560
521 5058 782 5122 scriptam
823 5054 1002 5119 fuisse
1045 5069 1258 5109 necesse
1298 5059 1380 5108 est
1422 5070 1530 5123 quo
1563 5068 1743 5107 mense
1777 5054 1967 5123 Apn'li
2007 5054 2100 5111 ille
2141 5057 2203 5109 in

233 5124 508 5189 Anyliam
542 5137 600 5176 ne
633 5123 874 5179 contulit.

229 5191 430 5245 4244
465 5191 524 5251 1)
562 5190 780 5246 Nomen
828 5194 1014 5260 potam
1061 5192 1386 5260 yentatriun
1423 5190 1639 5245 videtur
1687 5208 1852 5261 quam
1898 5194 2200 5261 proprium.

236 5262 526 5314 (taam
572 5276 744 5331 neque
787 5260 852 5313 de
909 5268 1102 5314 autore
1133 5274 1305 5329 neque
1339 5260 1405 5313 de
1440 5260 1719 5314 natamus
1752 5260 2010 5330 epistolae
2042 5262 2200 5332 quid·

230 5344 414 5400 quen
447 5328 710 5384 coneum
743 5328 1022 5383 audenus.

453 5413 677 5472 Caluini
700 5429 887 5486 opere.
965 5414 1087 5471 Vel.
1112 5412 1250 5467 XX.

1876 400 2669 470 SUPPLEMENTUM.

4166 407 4294 470 546

2317 590 2589 655 firmari.
2680 588 2876 670 Quod
2943 591 3061 656 fiet
3122 590 3298 656 insta
3362 612 3655 657 mensem
3722 590 4164 657 Februarium
4230 592 4291 657 si

2316 676 2662 758 permittat
2704 675 3031 741 Christus.
3123 675 3400 742 Interim
3460 679 3702 743 curabo
3758 678 4052 742 animum
4107 677 4291 745 hune

2315 782 2464 828 cnm
2510 762 2823 827 fratribus
2867 763 2977 845 qui
3023 772 3181 828 sunt
3224 762 3397 846 apud
3440 783 3563 829 nos
3619 764 3688 828 in
3735 763 4066 847 palaestra
4109 764 4289 828 mili-

2314 849 2447 913 tiae
2505 846 2902 913 christianae
2959 846 3171 914 indies
3232 849 3445 933 magis
3510 850 3850 933 magisque
3907 849 4285 916 exercitari.

2315 933 2503 998 Bene
2546 933 2727 1010 vale,
2788 931 2992 999 frater
3035 933 3255 999 animo
3300 955 3446 1000 meo
3488 935 3846 1000 carissime.
3937 934 4285 1019 Scriptum

2317 1018 2551 1084 ultimo
2599 1018 2704 1083 die
2748 1021 2995 1084 mensis
3039 1019 3448 1086 Decembris.

3379 1158 3565 1222 Tuus
3608 1157 3759 1241 plus
3802 1179 3997 1241 quam
4043 1178 4206 1224 suus

3622 1244 3978 1310 Diviensis.

3090 1537 3509 1546 ——.—.——————

3215 1789 3416 1860 4245.

2791 1960 3343 2029 GRANIANUS
3390 1960 3831 2028 OALVINO.

2498 2132 2862 2200 Praesentis
2902 2133 3198 2199 stationis
3231 2133 3508 2215 adeoque
3539 2133 3883 2199 ministerii
3917 2134 4105 2200 euius
4149 2135 4299 2201 nna-

2313 2219 2407 2287 los
2473 2220 2724 2302 fructus
2775 2220 2942 2285 videt
2994 2224 3330 2302 pertaesus
3392 2219 3680 2301 querelas
3734 2239 3892 2285 suas
3953 2222 4026 2286 in
4079 2220 4295 2286 sinum

2304 2307 2735 2390 praeceptoris
2777 2305 3064 2387 effundit.

2620 2477 2731 2543 (Ex
2766 2475 3107 2546 autographo
3142 2475 3276 2530 Ood.
3312 2474 3519 2530 Gener.
3558 2473 3678 2538 109,
3712 2475 3806 2528 fol.
3846 2474 3993 2541 161.)

2712 2651 2776 2715 A
2820 2647 3118 2734 Mensgr.
3167 2647 3463 2733 Monsgr.
3509 2646 3893 2729 Despeville

3737 2753 3777 2796 a
3821 2731 4114 2798 Geneve.

2314 2903 2750 2974 Observandc
2789 2905 2872 2971 D.
2913 2905 3272 2990 Depevileo
3311 2904 3632 2972 Matthias
3668 2904 4053 2990 Granjanus
4091 2903 4163 2972 S.
4200 2904 4292 2970 D.

2487 3078 2662 3157 Scio,
2707 3079 2839 3144 imo
2886 3099 3041 3144 vero
3084 3099 3230 3144 meo
3264 3097 3508 3162 magne
3543 3077 3735 3156 male,
3782 3077 3916 3143 nisi
3954 3077 4288 3144 Dominus

2313 3185 2435 3230 sua
2479 3165 2671 3232 solita
2715 3164 3007 3231 bonitate
3042 3165 3173 3232 mei
3208 3166 3619 3235 misereatur,
3664 3164 3933 3229 iamiam
3978 3167 4292 3248 experior

2312 3271 2511 3335 quam
2567 3251 2862 3337 graviter
2914 3250 3121 3316 soleat
3171 3250 3356 3316 Deus
3414 3248 3640 3316 iudicii
3697 3250 3800 3315 sui
3860 3250 4288 3316 severitatem

2312 3336 2382 3401 in
2427 3357 2540 3402 eos
2583 3357 2889 3403 exercere
2945 3336 3058 3420 qui
3115 3344 3236 3401 aut
3294 3335 3569 3402 desertis
3628 3336 3911 3419 turpiter
3967 3337 4202 3401 eastris
4248 3358 4290 3402 a

2311 3421 2585 3488 Ohristo
2629 3422 2961 3501 deficiunt,
3007 3431 3082 3488 ut
3122 3421 3414 3489 Satanae
3457 3441 3531 3486 se
3577 3422 3889 3504 potestati
3926 3419 4175 3488 dedant
4221 3431 4290 3488 et

2309 3507 2435 3574 sub
2482 3508 2744 3576 vexillis
2787 3509 2929 3574 eius
2973 3507 3212 3591 perditi
3258 3507 3574 3585 militent,
3632 3516 3751 3572 ant
3794 3508 4033 3591 quibus
4077 3528 4287 3591 quum

2311 3604 2469 3660 nota
2532 3596 2734 3660 fuerit
2797 3596 2939 3660 eius
2997 3593 3309 3659 voluntas
3375 3590 3869 3679 digrediuntur,
3938 3614 4140 3676 seque
4200 3595 4286 3660 ab

2310 3681 2450 3746 eius
2497 3681 2827 3764 praesenti
2871 3681 3087 3766 gratia
3127 3679 3509 3745 subducunt
3552 3686 3617 3744 ct
3661 3699 3882 3745 crassa
3917 3680 4064 3744 vitii
4110 3679 4286 3746 nube

2311 3766 2536 3830 lumen
2582 3766 2724 3833 eius
2768 3768 2838 3831 in
2879 3787 2951 3832 se
2993 3765 3360 3832 obscurant.
3441 3764 3635 3846 Quod
3680 3764 3751 3829 id
3795 3776 4016 3830 autem
4061 3766 4133 3829 in
4176 3787 4289 3832 me

2311 3851 2539 3918 dolens
2605 3872 2999 3937 agnoscam,
3082 3871 3443 3935 parumque
3521 3871 3756 3916 serena
3831 3852 3900 3915 in
3965 3871 4073 3916 me
4140 3872 4287 3918 esse

2308 3938 2525 4003 fronte
2571 3937 2910 4004 Christum
2956 3938 3431 4023 praesentiam,
3489 3937 3627 4002 iam
3670 3946 3771 4002 est
3824 3938 3895 4001 in
3951 3938 4285 4004 confesso:

2307 4022 2529 4090 oblata
2586 4024 2905 4108 siquidem
2951 4045 3117 4107 quae
3174 4023 3337 4087 mihi
3399 4022 3468 4087 in
3524 4021 3799 4089 ecelesia
3853 4033 3996 4088 erat
4053 4024 4287 4089 futura

2307 4121 2733 4187 ornamentO,
2778 4109 3129 4175 eruditioni
3179 4112 3243 4173 in
3292 4108 3644 4192 religione,
3690 4120 3758 4173 et
3801 4108 3940 4192 spei
3986 4109 4054 4172 in
4103 4108 4283 4174 salu-

2309 4205 2478 4275 tem,
2551 4195 2831 4262 voluerit
2886 4217 2992 4260 me
3052 4195 3184 4260 frui
3248 4194 3652 4273 conditione,
3721 4195 3881 4277 quin
3943 4202 4084 4258 tum
4144 4216 4278 4261 non

2306 4281 2542 4347 siverit
2584 4302 2690 4346 me
2735 4281 2961 4347 videre
3007 4280 3181 4346 diem
3226 4302 3356 4365 quo
3416 4281 3645 4347 liceret
3690 4280 3872 4345 verbi
3932 4280 4040 4344 sui
4088 4278 4279 4345 audi-

2307 4368 2489 4433 tione
2531 4369 2823 4433 animum
2871 4390 3027 4452 prae
3070 4366 3371 4433 sordibus
3416 4367 3764 4451 indignum
3801 4368 4091 4443 reficere,
4139 4387 4281 4432 me·

2306 4475 2434 4537 que
2479 4453 2889 4520 sitibundum
2946 4474 3165 4521 sacros
3220 4454 3368 4519 illos
3424 4458 3639 4518 sontes
3683 4452 3964 4516 summis
4008 4460 4279 4517 tantum

2303 4538 2525 4615 labiis,
2587 4548 2664 4604 ut
2718 4539 3125 4625 flagrantiori
3186 4561 3411 4604 eorum
3474 4537 3793 4603 desiderio
3852 4546 4080 4621 postea
4140 4548 4279 4603 tor-

2305 4646 2562 4708 querer,
2624 4626 2737 4691 vix
2794 4626 3023 4690 siverit
3080 4626 3436 4709 attingere:
3509 4625 3666 4707 quin
3714 4644 3818 4687 me
3864 4624 3945 4687 ab
4001 4624 4096 4688 eis
4157 4646 4277 4688 ex·

2308 4712 2616 4790 turbans,
2673 4722 2900 4777 sancto
2945 4712 3462 4793 suavissimoque
3506 4709 3830 4775 consortio
3876 4711 4144 4793 fugans,
4203 4710 4278 4774 in

2306 4799 2635 4880 impuram
2701 4796 3128 4880 putidamque
3192 4798 3486 4861 omnium
3561 4794 3904 4859 hominum
3984 4793 4275 4860 cloacam

2304 4883 2809 4965 colluviemque,
2871 4893 3019 4965 post
3062 4883 3248 4947 varia
3302 4883 3558 4947 itineris
3603 4880 4047 4946 molestissimi
4103 4883 4278 4964 peri-

2304 4971 2819 5053 culosissimique
2843 4968 3241 5043 discrimina,
3267 4967 3555 5051 propulit
3578 4988 3653 5033 ae
3674 4966 4014 5050 relegavit.
4063 4966 4277 5031 Num-

2304 5056 2460 5139 quid
2508 5054 2750 5122 ibidem
2796 5055 3044 5138 pceeati
3092 5055 3219 5120 mei
3266 5054 3535 5118 meritas
3592 5052 3979 5138 persolvens
4024 5073 4275 5135 poenas

2303 5141 2688 5219 infeliciter,
2747 5140 2915 5206 bone
2959 5140 3179 5217 Deus,
3235 5136 3745 5205 consenescam?
3818 5138 4089 5204 Revoca
4143 5159 4274 5219 me,

2303 5226 2623 5307 Domine,
2684 5228 2767 5292 ad
2814 5236 2929 5291 tua
2972 5227 3418 5303 tabernacula,
3476 5236 3554 5290 ut
3595 5224 3858 5290 adorem
3905 5223 3974 5288 in
4019 5222 4272 5307 templo

2303 5325 2531 5379 sancto
2566 5323 2712 5379 tuo:
2751 5313 3189 5397 periculosum
3227 5320 3328 5378 est
3361 5314 3537 5377 enim
3576 5322 3767 5378 extra
3802 5312 3947 5393 ipsa
3980 5331 4273 5377 manere.

3784 5412 3854 5467 31»
