4900 6125
648 668 841 751 Quae
904 686 1088 733 nunc
1149 667 1222 733 in
1267 665 1491 734 Gallia
1555 673 1881 752 geruntur
1941 686 2028 731 ex
2089 662 2344 735 calvini
2398 662 2609 731 nostri

642 753 858 820 literis
885 757 937 837 ¹)
979 773 1350 838 cognosces.
1437 752 1888 819 Miserrimum
1939 759 2183 819 statum
2227 770 2372 817 esse
2414 770 2605 834 opor·

644 847 748 906 tet
808 857 1038 904 eorum
1099 839 1215 923 qui
1279 838 1479 905 unius
1541 838 1839 904 mulieris
1894 844 1992 915 (et
2098 835 2323 902 uidem
2391 835 2609 901 cuius-

642 923 823 991 modi
837 923 903 1001 2)
943 923 1222 1009 imperio
1264 932 1608 1076 reefuntur.
1689 923 2035 1007 Plerisque
2103 921 2239 989 ocis
2282 919 2444 988 adeo
2487 941 2605 987 ne-

642 1010 993 1096 gliguntur
1048 1010 1227 1095 regis
1365 1010 1498 1077 icta
1553 1008 1635 1075 de
1687 1011 1930 1077 nostris
1989 1006 2399 1092 recipiendis,
2420 1010 2479 1084 2)
2530 1011 2605 1071 ιιι

638 1095 867 1180 populi
932 1096 1134 1162 etiam
1199 1097 1363 1162 fiant
1425 1095 1792 1174 ferociores,
1874 1095 2180 1178 quoniam
2245 1113 2441 1159 nemo
2504 1098 2607 1158 est

639 1201 915 1266 prorsus
960 1183 1071 1265 qui
1116 1181 1462 1248 seditiosos
1504 1189 1887 1266 compescat.
1974 1180 2211 1263 Itaque
2267 1177 2463 1244 multi
2504 1178 2604 1243 in-

637 1268 819 1333 firmi
863 1267 1192 1344 deficiunt,
1236 1266 1429 1332 multi
1464 1266 1738 1333 summis
1773 1263 2265 1333 difficultatibus
2288 1284 2602 1347 premun-

642 1367 776 1433 tur,
821 1353 1018 1418 multi
1060 1354 1259 1419 etiam
1302 1353 1659 1419 intereunt.
1747 1350 1886 1419 Sed
1945 1361 2167 1417 tamen
2224 1350 2392 1417 bene
2450 1369 2601 1433 spe-

636 1459 793 1506 rare
868 1460 999 1504 non
1064 1438 1443 1506 desinimus,
1558 1437 1867 1520 Princeps
1929 1447 2178 1519 noster,
2197 1438 2256 1520 ⁸)
2323 1444 2400 1502 ut
2467 1455 2600 1501 uno

637 1524 844 1591 verbo
909 1524 1144 1605 dicam,
1210 1546 1343 1591 non
1404 1524 1567 1591 satis
1633 1523 1831 1589 babet
1892 1523 2114 1589 animi.
2215 1521 2602 1588 Amiraldus

638 1611 824 1677 domi
878 1613 1075 1688 est.⁴)
1163 1603 1464 1677 Plurima
1518 1611 1726 1694 igitur
1783 1609 2080 1677 obtinere
2135 1606 2426 1693 quotidie
2484 1604 2598 1672 ad-

636 1697 969 1763 versarios
1041 1697 1313 1762 minime
1386 1697 1630 1763 mirum
1695 1705 1798 1762 est
1861 1695 2100 1779 quibus
2164 1693 2388 1760 nullus
2453 1713 2599 1760 sese

813 1793 943 1849 net.

634 1803 1115 1952 oppoAccipies
1156 1875 1376 1933 autem
1430 1888 1566 1933 una
1622 1887 1775 1934 cum
1821 1865 1929 1933 his
1973 1866 2183 1932 literis
2226 1865 2597 1948 responsio-

636 1975 759 2022 nes
803 1954 967 2021 duas
998 1953 1329 2020 Amiraldi
1372 1952 1455 2019 ad
1499 1952 1698 2019 falsas
1741 1951 2196 2037 tyrannicidae
2237 1951 2600 2017 accusatio·

636 2062 780 2119 nes,
824 2041 1062 2125 quibus
1105 2039 1304 2105 etiam
1348 2060 1495 2104 mea
1536 2041 1846 2123 purgatio
1887 2040 2136 2105 inserta
2180 2044 2298 2103 est.
2325 2040 2379 2112 ⁸)
2459 2035 2599 2101 Ha-

635 2147 789 2192 rum
834 2127 1330 2210 responsionum
1378 2125 1587 2191 altera
1630 2126 1760 2190 iam
1805 2123 2061 2207 pridem
2095 2125 2168 2189 in
2191 2121 2601 2189 Normandia

632 2215 858 2279 fuerat
921 2234 963 2277 a
1025 2210 1213 2276 nobis
1278 2209 1485 2277 edita:
1567 2210 1845 2276 alteram
1926 2220 2147 2276 autem
2214 2208 2599 2275 Amiraldus

638 2320 821 2365 nunc
884 2298 1174 2381 primum
1241 2298 1440 2362 certis
1499 2294 1581 2362 de
1646 2297 1861 2362 causis
1928 2295 2183 2362 adiecit.
2295 2295 2600 2377 Accipies

632 2385 837 2452 etiam
883 2384 1079 2449 simul
1147 2382 1657 2449 declarationem
1717 2402 1944 2448 eorum
2002 2401 2169 2465 quae
2211 2381 2284 2446 in
2329 2379 2601 2445 consilio

632 2470 814 2555 regis
858 2490 1057 2552 super
1100 2469 1224 2535 bac
1268 2468 1680 2535 accusatione
1724 2477 1870 2534 acta
1911 2477 2071 2533 sunt
2114 2487 2154 2531 a
2192 2465 2501 2533 Condenst'
2534 2473 2602 2532 et

634 2555 970 2623 Amiraldi
1022 2555 1321 2640 cognatis
1396 2573 1547 2619 cum
1619 2554 1795 2638 regis
1871 2552 2308 2620 conclusione.
2410 2551 2599 2617 Haec

636 2650 859 2708 autem
926 2641 1147 2707 omnia
1211 2641 1270 2707 si
1334 2646 1608 2724 possent
1671 2639 1776 2706 his
1843 2638 2160 2705 nundinis
2223 2638 2600 2723 germanice

634 2749 836 2794 versa
876 2736 1194 2811 prostare,
1258 2725 1710 2810 gratissimum
1765 2738 1941 2791 esset
1993 2723 2298 2790 omnibus
2342 2732 2599 2790 nostra-

632 2835 787 2880 rum
845 2814 1133 2897 partium
1189 2813 1588 2895 proceribus.
1664 2809 1869 2876 Edita
1924 2811 2100 2876 enim
2157 2811 2290 2875 iam
2344 2818 2446 2876 est
2491 2830 2597 2875 ac·

632 2899 892 2967 cusatio
949 2901 1030 2966 ab
1090 2898 1487 2964 adversariis
1553 2903 1624 2962 et
1679 2917 1799 2979 per
1853 2895 2284 2963 Germaniam
2350 2914 2600 2979 sparsa,

636 2987 889 3071 absque
933 2985 1377 3069 responsione,
1420 2984 1612 3050 cuius
1674 2983 1818 3049 loco
1882 2981 2180 3048 additum
2224 2989 2325 3047 est
2367 2982 2438 3046 in
2482 3001 2599 3045 ex-

638 3084 855 3139 tremo
910 3070 1368 3156 tyrannicidae
1418 3070 1622 3137 fuisse
1680 3068 1956 3135 alteram
2013 3088 2283 3134 manum
2349 3067 2601 3151 praeci-

638 3179 785 3224 sam
831 3168 1181 3241 antequam
1228 3157 1310 3224 ab
1350 3157 1535 3240 equis
1579 3154 2080 3239 discerperetur,
2145 3152 2317 3238 quod
2361 3153 2604 3220 falsum

638 3254 764 3311 est.
856 3240 994 3310 Sed
1037 3241 1205 3308 illud
1269 3262 1524 3327 quoque
1578 3240 2002 3309 falsissimum
2046 3239 2218 3324 quod
2262 3239 2461 3304 morti
2503 3237 2603 3305 vi-

640 3330 834 3397 cinus
895 3328 1314 3396 Amiraldum
1379 3338 1446 3393 et
1510 3348 1617 3393 me
1680 3326 2210 3411 perseveraverit
2277 3344 2601 3392 accusare.

640 3417 820 3482 Nam
877 3414 1049 3499 quod
1107 3415 1191 3480 ad
1248 3415 1532 3497 primam
1592 3413 1772 3479 illam
1827 3411 2309 3479 accusationem
2366 3411 2607 3475 attinet

642 3501 730 3567 ad
775 3520 971 3585 quam
1015 3499 1490 3585 respondimus,
1556 3500 1758 3565 miser
1798 3497 1910 3564 ille
1964 3499 2212 3564 centies
2253 3494 2609 3563 inculcavit

642 3587 878 3654 falsam
944 3607 1086 3653 esse
1144 3596 1213 3651 et
1270 3595 1452 3652 metu
1496 3607 1538 3651 a
1579 3607 1651 3651 se
1695 3592 2038 3650 extortam.
2124 3584 2239 3650 Me
2285 3602 2441 3649 vero
2486 3601 2605 3646 no·

642 3672 952 3739 minatim
1017 3673 1215 3737 tertio
1280 3693 1533 3756 quoque
1589 3669 1790 3738 verbo
1854 3670 2185 3753 purgavit.
2272 3667 2381 3735 De
2423 3668 2609 3733 Ami-

644 3759 835 3825 raldo
868 3756 1062 3823 modo
1097 3757 1221 3823 hoc
1255 3756 1449 3822 modo
1492 3756 1661 3822 illud
1699 3755 1888 3834 dixit,
1931 3766 2009 3821 ut
2050 3755 2266 3820 solent
2300 3753 2415 3837 qui
2458 3774 2609 3837 sup-

651 3844 830 3928 plicii
874 3844 1145 3910 horrore
1179 3854 1335 3910 sunt
1377 3844 1677 3926 correpti.
1742 3842 1932 3927 Rogo
1976 3851 2041 3907 te
2085 3847 2409 3924 quantum
2456 3858 2606 3921 pos·

645 3951 796 3996 sum
842 3938 917 3995 ut
960 3931 1015 3995 si
1060 3931 1208 4012 quis
1249 3929 1398 3996 istic
1438 3928 1815 3995 commodus
1858 3929 2185 4010 interpres
2218 3926 2606 4009 reperiatur,

644 4016 771 4082 hae
809 4017 883 4081 in
929 4036 1001 4081 re
1046 4015 1234 4082 nobis
1277 4014 1737 4100 gratificemini
1781 4020 1855 4078 ut
1899 4014 2027 4079 ista
2067 4012 2397 4078 calumnia
2438 4020 2608 4076 tem-

644 4102 903 4186 pestive
947 4101 1254 4167 diluatur.
1302 4132 1892 4150 —————
1929 4099 2243 4165 Genavae
2287 4101 2389 4164 20.
2430 4094 2606 4162 Iulii.

2021 4237 2207 4302 Tuus
2240 4235 2435 4302 Beza.

649 4427 840 4483 8083.
865 4429 921 4497 1)
952 4425 1032 4482 N.
1067 4424 1224 4480 8974.
1258 4424 1415 4480 8981.

856 4496 916 4559 2)
956 4494 1168 4551 Βοῖᾱαιι
1202 4494 1270 4549 11.
1312 4494 1410 4547 111
1513 4535 1525 4548 .

642 4650 705 4705 P·
737 4564 922 4693 24⁷3)
960 4563 1160 4620 Condi.
1227 4564 1331 4632 (N.
1386 4510 1540 4619 3923).
1597 4561 1755 4619 4007.
1815 4561 2071 4632 Leuant
2122 4561 2175 4618 d.
2229 4560 2285 4616 d.
2338 4559 2424 4616 29.
2480 4559 2611 4615 Iun.

861 4700 925 4772 4)
960 4701 1213 4772 Lanyud
1247 4701 1303 4756 d.
1339 4700 1393 4755 d.
1427 4700 1515 4754 20.
1554 4699 1714 4755 Iun„-
1750 4698 1951 4754 Omnes
1984 4700 2270 4755 incurrunt
2302 4702 2360 4755 in
2396 4701 2615 4755 Amita-

652 4773 787 4827 lium
836 4784 896 4826 et
939 4778 1138 4840 putant
1186 4773 1241 4825 in
1290 4772 1404 4825 eius
1448 4770 1673 4823 interitu
1721 4784 1874 4822 suam
1918 4770 2151 4824 salutem
2197 4771 2511 4837 consistere,
2557 4775 2617 4823 et

652 4841 798 4923 forte
838 4841 1224 4923 ppprimerent
1265 4856 1389 4895 eum
1438 4839 1543 4892 nisi
1579 4838 1978 4894 connestabilis
2023 4839 2325 4908 susciperet
2368 4840 2485 4894 eius
2520 4856 2615 4908 pa-

653 4917 1039 5047 mmss'f‘zv.
1075 4975 1231 5044 assi,
1264 4983 1379 5035 noe.
1406 4976 1458 5035 4.
1493 4976 1529 5030 5
1565 4981 1617 5032 et
1650 4976 1806 5041 infra
1841 4974 1996 5035 4001.
2030 4976 2183 5031 4009.

2152 385 2682 459 EPISTOLAE
2724 389 3149 456 3983-3985
4537 387 4604 455 68

3588 572 3794 646 3984.

3160 728 3645 800 ZYKOVIUS
3671 732 3723 814 ¹)
3765 727 4208 798 OALVINO.

2883 901 3186 986 Propon&
3697 902 3921 969 varias
3981 921 4145 985 quae
4199 901 4362 983 ipsi,
4421 900 4618 968 Μ’
4606 904 4618 917 ’

2703 987 2984 1072 sinaplioi
3025 992 3095 1053 ut
3125 987 3373 1055 videtur
3414 991 3471 1054 et
3523 1007 3720 1055 sanae
3775 988 4062 1066 rationis,
4118 988 4428 1072 nepotiani
4460 988 4621 1071 snm·

2705 1078 2872 1154 sunt,
2915 1074 3188 1140 mmm
3220 1074 3390 1140 circa
3423 1073 3787 1152 trinitatem
3822 1078 3954 1139 ιιιηι
3985 1073 4178 1140 etiam
4209 1072 4381 1142 cirea
4409 1074 4622 1140 nontin

2693 1160 2922 1243 pueris
2962 1160 3363 1241 baptiaemdis
3405 1157 3798 1243 imponenda.
3817 1161 3875 1238 2)

2909 1327 3023 1394 (Ex
3060 1332 3373 1400 apographo
3408 1328 3538 1385 eod.
3574 1329 3752 1388 Paris.
3785 1329 3986 1400 Dupuy
4026 1327 4143 1398 102,
4173 1328 4267 1385 rol.
4303 1327 4445 1398 109.)

2703 1497 3012 1566 Gratiam
3076 1507 3143 1567 et
3207 1519 3436 1583 pacem
3502 1500 3997 1654 aeffeotopatre
4063 1507 4133 1566 et
4181 1499 4470 1567 Domino
4503 1499 4628 1566 Im

3641 1607 3736 1653 ris
3814 1635 3828 1650 .

2872 1754 3156 1840 Ignotus
3215 1756 3334 1824 tibi
3405 1777 3574 1836 sum,
3643 1756 4004 1824 clarissime
4073 1755 4342 1824 domine
4388 1755 4634 1832 Coloba.

2702 1840 2917 1906 notior
2960 1849 3186 1906 autem
3246 1842 3393 1909 aliis
3452 1851 3519 1908 et
3562 1843 3649 1910 D.
3694 1841 4048 1927 Bulinyero
4088 1844 4201 1926 qui
4265 1864 4450 1910 meos
4489 1842 4634 1908 filios

2701 1926 2881 1992 domi
2922 1946 3080 1993 suae
3122 1926 3375 1994 duobus
3419 1929 3612 1994 annis
3653 1926 3839 1994 aluit.
3914 1928 4282 1996 Audaciam
4323 1939 4540 1995 tamm
4567 1927 4636 1994 ad

2703 2019 2769 2078 te
2813 2012 3141 2079 scribendi
3206 2013 3478 2098 sumpsi,
3540 2012 3712 2098 quod
3767 2015 3973 2081 seiam
4024 2035 4142 2081 vos
4199 2015 4387 2080 viros
4443 2013 4638 2079 doctos

2701 2096 2946 2165 habere
3004 2099 3415 2165 vocationem
3471 2098 3647 2165 hanc
3705 2107 3780 2166 ut
3845 2120 3966 2166 nos
4028 2100 4334 2166 infirmos
4399 2112 4468 2167 et
4527 2120 4638 2165 noa

2702 2184 3058 2250 instructos
3125 2183 3432 2264 doceatis,
3496 2194 3566 2253 et
3630 2186 3689 2251 si
3754 2186 4017 2269 quando
4081 2205 4386 2252 erramus
4430 2195 4506 2251 ut
4541 2206 4642 2250 uos

2702 2269 3065 2353 corrigatis.
3133 2270 3346 2337 Video
3390 2292 3534 2337 esse
3580 2271 3688 2338 hic
3731 2272 3961 2338 turbas
4004 2272 4077 2336 in
4111 2271 4454 2356 religione,
4497 2292 4642 2354 quae

2701 2354 2945 2421 multos
2988 2363 3058 2420 et
3111 2376 3218 2421 me
3275 2356 3495 2441 ipsum
3553 2356 3914 2436 offendunt,
3984 2358 4053 2422 in
4112 2358 4471 2441 praecipuo
4511 2357 4646 2422 arti·

2703 2441 2852 2507 culo
2889 2439 3228 2525 religionis
3270 2441 3352 2508 de
3395 2465 3446 2509 s.
3494 2442 3837 2509 Trinitate.
3925 2443 4072 2528 Ego
4113 2464 4290 2521 vero,
4339 2444 4500 2527 quia
4531 2442 4646 2508 scio

2704 2524 2906 2592 talem
2950 2526 3345 2593 Trinitatem
3392 2548 3519 2594 nos
3561 2527 3799 2595 debere
3841 2527 4128 2606 credere,
4173 2529 4284 2594 ubi
4333 2539 4500 2595 sunt
4532 2537 4650 2593 ms

2703 2612 2902 2678 unius
2941 2611 3204 2678 deitatis
3242 2633 3360 2680 seu
3403 2621 3682 2680 naturae
3716 2612 4000 2693 divinae,
4037 2615 4225 2680 Deus
4259 2625 4477 2697 pater,
4499 2613 4650 2680 filins

2701 2696 2832 2763 Dei
2876 2708 2943 2765 et
3006 2698 3279 2782 spiritus
3323 2707 3612 2778 sanctus,
3678 2699 3790 2766 ubi
3834 2698 4146 2767 Christus
4196 2698 4529 2765 mediator
4567 2707 4652 2764 en

2704 2782 2868 2850 deus
2909 2790 2979 2849 et
3017 2782 3215 2850 homo
3257 2783 3342 2850 ad
3385 2785 3606 2852 Deum
3648 2793 3928 2870 patrem,
3972 2785 4124 2851 nolo
4168 2785 4252 2851 de
4295 2806 4380 2851 ea
4419 2807 4495 2852 re
4527 2785 4653 2868 plus

2705 2888 2885 2935 nunc
2918 2869 3268 2952 inquirere.
3334 2868 3472 2937 Sed
3515 2870 3667 2954 quia
3709 2870 4039 2937 mirabilia
4073 2870 4185 2937 hic
4224 2871 4464 2937 audio:
4507 2869 4652 2936 mii

2707 2954 2883 3019 enim
2928 2955 3112 3021 varie
3154 2975 3333 3020 nunc
3373 2954 3604 3022 docent
3649 2955 3731 3021 de
3775 2955 3906 3022 fide
3963 2964 4031 3022 et
4093 2954 4175 3021 de
4231 2956 4655 3023 invocatione.

2707 3041 2961 3106 Dicunt
3001 3039 3116 3107 alii
3158 3040 3334 3127 quod
3377 3042 3445 3107 in
3489 3041 3784 3108 oratione
3838 3041 4184 3121 dominica,
4246 3063 4460 3127 quum
4520 3040 4658 3108 dici·

2708 3147 2856 3192 mus
2900 3127 3103 3193 Pater
3145 3136 3389 3206 noster,
3438 3126 3911 3213 intelligendus
3953 3129 4044 3194 sit
4083 3128 4206 3195 sub
4246 3129 4531 3194 nomine
4561 3148 4658 3212 po-

2707 3213 2830 3278 tris
2875 3224 2942 3277 et
2999 3212 3176 3278 filius
3241 3220 3311 3279 et
3372 3214 3645 3296 spiritus
3687 3224 3978 3293 sanctus,
4045 3214 4143 3279 ita
4205 3223 4282 3279 ut
4328 3214 4658 3280 invocetur

2707 3297 2894 3364 Deus
2936 3298 3247 3378 Trinitas,
3290 3318 3430 3364 non
3468 3300 3654 3365 Deus
3697 3307 3886 3381 pater
3925 3320 4046 3384 per
4086 3299 4319 3365 filium.
4417 3297 4660 3366 Deinde

2707 3382 3046 3449 cantiones
3068 3384 3179 3449 hic
3200 3384 3337 3450 fere
3359 3404 3588 3451 omnes
3612 3384 3936 3451 habemus
3979 3386 4050 3450 in
4075 3383 4314 3468 quibus
4359 3386 4660 3452 invocant

2708 3489 2918 3533 unum
2962 3469 3181 3536 Deum
3225 3469 3296 3535 in
3342 3470 3687 3535 Trinitate.
3766 3470 3859 3535 Et
3921 3470 4384 3537 conclusiones
4427 3471 4660 3539 cantio-

2709 3575 2871 3619 num
2915 3554 3280 3620 multarum
3324 3554 3448 3622 hoc
3492 3556 3626 3621 fine
3667 3554 4069 3622 clauduntur
4111 3565 4186 3621 ut
4241 3556 4332 3622 sit
4373 3555 4663 3623 benedic-

2710 3647 2857 3704 tum
2900 3661 3143 3706 nomen
3184 3639 3315 3706 Dei
3361 3641 3560 3707 unius
3603 3641 3673 3706 in
3720 3641 4066 3720 Trinitate,
4121 3641 4229 3708 vel
4272 3642 4496 3722 Trini,
4559 3654 4660 3705 aut

2706 3723 2840 3790 Dei
2896 3726 3258 3792 Trinitatis.
3351 3725 3508 3793 Istis
3569 3727 3749 3793 enim
3806 3727 4111 3793 terminis
4175 3727 4399 3792 utitur
4455 3736 4662 3793 nostru

2709 3810 2967 3895 lingua:
3035 3810 3198 3878 alios
3253 3832 3386 3877 non
3429 3811 3628 3878 habet
3668 3822 3986 3895 quantum
4029 3833 4153 3897 ego
4193 3814 4352 3879 scio.
4445 3817 4540 3879 At
4578 3812 4661 3877 di·

2709 3904 2870 3962 cunt
2928 3897 3217 3963 ministri
3273 3897 3537 3981 quidam
3592 3905 3658 3962 te
3701 3898 3901 3964 etiam
3946 3898 4074 3963 hoc
4115 3898 4440 3982 probare:
4510 3896 4664 3983 quod

2710 4001 2798 4047 an
2841 4002 3074 4049 verum
3116 3982 3207 4049 sit
3249 3982 3449 4049 velim
3489 3983 3672 4049 scire.
3737 3984 3884 4068 Ego
3927 3983 3988 4049 le
4105 3983 4308 4049 etiam
4347 3984 4662 4068 quaedam

2713 4076 2829 4133 tua
2882 4068 3144 4152 scripta,
3214 4070 3339 4134 etsi
3401 4069 3624 4135 omnia
3684 4089 3820 4134 non
3863 4070 3999 4134 inte
4055 4071 4179 4155 igo,
4225 4069 4346 4135 sed
4396 4091 4536 4136 non
4575 4070 4664 4134 in·

2713 4153 2909 4219 venio
2952 4153 3156 4219 ullam
3201 4161 3387 4219 tuam
3430 4155 3792 4221 orationem
3837 4153 4037 4220 talem
4061 4156 4130 4219 in
4156 4154 4665 4222 Commentariis

2711 4238 3213 4322 Prophetarum,
3248 4239 3364 4306 sed
3386 4260 3650 4324 semper
3670 4238 3755 4306 ad
3775 4238 3995 4305 Deum
4018 4249 4277 4323 patrem
4300 4262 4430 4323 per
4453 4241 4668 4315 filium.

2713 4332 2780 4391 et
2838 4325 2910 4389 in
2968 4327 3206 4391 vestris
3259 4327 3688 4392 caeremoniis
3745 4345 3985 4392 coenae
4045 4327 4322 4392 Domini
4385 4338 4461 4393 et
4525 4328 4668 4409 bap·

2715 4411 2916 4489 tismi,
2970 4418 3110 4476 tum
3170 4411 3361 4477 coniu
3417 4411 3456 4427 '⁹
3518 4421 3638 4478 etc.
3749 4409 3904 4478 Scio
3958 4411 4132 4496 apud
4193 4433 4310 4478 vos
4389 4413 4668 4497 psalmos

2645 4500 2658 4517 ⁴
2716 4504 2975 4562 tantum
3013 4497 3178 4576 cani,
3222 4516 3349 4580 quo
3427 4496 3605 4581 apud
3637 4517 3758 4564 nos
3792 4517 3922 4563 non
3960 4499 4052 4576 fit,
4096 4505 4166 4563 et
4207 4506 4441 4564 tamen
4475 4497 4672 4563 multo

2716 4581 2953 4649 melius
2994 4590 3184 4648 esset.
3273 4581 3420 4647 Iam
3478 4582 3658 4648 enim
3718 4581 3799 4649 de
3855 4582 4000 4649 istis
4044 4603 4178 4649 non
4224 4583 4672 4650 dubitaremus

2716 4669 2777 4734 si
2818 4668 3017 4734 etiam
3060 4667 3230 4734 nihil
3264 4668 3444 4734 aliud
3483 4667 3659 4752 apud
3702 4689 3822 4736 nos
3858 4677 4254 4735 cantaretur.
4271 4672 4328 4749 8)
4421 4668 4672 4737 Deinde

2720 4956 2988 5027 sss-tl)
3022 4957 3239 5013 Nomen
3270 4959 3540 5013 mus
3570 4974 3638 5014 σε
3669 4958 4276 5015 ananiense-am·
4305 4958 4668 5030 ednod·

2719 5029 2843 5083 vini
2875 5025 2932 5082 d.
2967 5026 3021 5081 d.
3064 5027 3143 5081 12.
3183 5025 3331 5109 Sept.
3371 5026 3517 5082 1563
3567 5028 3731 5108 ,Erat
3763 5030 3817 5082 is
3851 5027 4241 5099 Burnmn‘u
4279 5028 4672 5085 m

2717 5165 2783 5221 a..
2819 5093 3294 5221 Poz'ogoiiaozmmi
3294 5096 4131 5233 ''affl-mmm
3975 5100 4172 5220 ⁶⁸⁸⁸?
4205 5104 4406 5169 “⁸⁹‘'
4423 5102 4478 5154 ‘⁸'
4511 5104 4672 5153 ''⁸''

2927 5232 2991 5301 3)
3024 5232 3114 5288 Dc
3143 5234 3379 5289 mma
3411 5234 3786 5291 coelem
3830 5237 3944 5289 im
3977 5240 4110 5292 me
4140 5236 4205 5291 in
4243 5235 4492 5293 Ροῦοιιύι
4521 5250 4672 5290 un·

2717 5303 2872 5374 petis
2905 5316 3000 5371 ορ.
3032 5303 3329 5372 scriptores
3359 5304 3500 5360 nav-il
3532 5303 3725 5373 leyiue
3755 5304 4115 5359 amissimus.
