4900 6125
1158 520 1365 594 3858.

791 675 1038 744 BEZA
1079 675 1717 746 BU'LLINGERO.

454 846 673 915 Denuo
714 846 1097 915 inGalliam
1244 847 1621 930 fici-scitust)
1663 847 2230 931 ubire-siamus

309 936 602 1000 mundar
642 937 699 1000 et
744 933 1068 1000 cumdium
1135 938 1353 1002 matra
1408 937 1801 1020 exspectaw
1839 933 2005 1001 unde
2034 933 2233 1018 potis-

306 1020 511 1086 simum
549 1019 802 1102 sperare·
853 1018 1113 1086 debebat.

306 1189 461 1256 (Hanc
504 1190 684 1244 nescio
729 1207 838 1259 quo
882 1195 1047 1260 pacto
1092 1208 1126 1244 a
1160 1191 1318 1245 nobis
1370 1191 1501 1244 olim
1551 1192 1855 1314 nffilectam
1906 1190 2010 1243 sim
2049 1189 2233 1246 liciter

471 1259 825 1314 deacribimus
860 1275 929 1313 ex
964 1259 1235 1328 impresso
1269 1276 1357 1328 ap.
1394 1260 1570 1313 Baum
1658 1300 1672 1313 .
1709 1259 1856 1330 App.
1897 1256 2012 1314 193.

453 1427 521 1495 S.
585 1429 832 1514 Accepi
883 1429 1114 1495 literas
1177 1436 1329 1496 tuas
1393 1429 1588 1515 longe
1647 1428 2072 1514 gratissimas,
2138 1427 2234 1494 mi

301 1521 484 1598 pater,
529 1514 612 1580 ad
655 1535 819 1599 quas
858 1514 953 1581 ita
993 1515 1377 1600 respondeo.
1447 1514 1738 1581 Omnino
1779 1514 2099 1582 mirabilis
2134 1523 2236 1581 est

301 1600 412 1665 ista
450 1600 785 1667 conversio
827 1608 898 1666 et
939 1621 1096 1667 vere
1190 1600 1203 1615 ‘
1256 1601 1385 1668 ‘tus
1427 1599 1701 1667 Domini
1741 1602 1890 1667 iste.
1973 1599 2053 1668 Si
2089 1601 2234 1684 qui-

297 1684 550 1752 busdam
593 1683 917 1752 creditum
963 1692 1152 1766 esset,
1223 1688 1491 1754 ortassis
1539 1686 1731 1753 aliter
1774 1708 1847 1752 se
1891 1707 1998 1753 res
2032 1685 2234 1752 habe-

293 1777 445 1836 rent.
529 1769 668 1837 Sed
713 1770 1042 1838 Dominus
1084 1773 1371 1856 peccatis
1413 1773 1657 1838 nostris
1699 1773 1909 1839 iratus
1954 1772 2238 1838 infatua·

295 1856 384 1920 vit
419 1855 827 1957 prudentum
862 1857 1136 1957 consilia
1169 1865 1248 1958 ‘et
1286 1858 1557 1958 fortium
1600 1858 1857 1924 animos
1895 1857 2113 1942 fregit,
2158 1866 2235 1923 ut

291 1961 419 2092 2³3⁰.
458 1949 705 2093 w:
762 1942 1534 2114 ffif‘qssssffivffi
1563 1944 1889 2096 „352‘53
1923 1964 2104 2096 5¹35.
2121 1941 2234 2093 (ἕξεί

289 2121 569 2178 mortem.
720 2133 831 2179 ere
905 2114 1040 2180 iam
1116 2135 1345 2181 sumus
1424 2115 1506 2181 ad
1571 2113 1881 2198 reliquias
1960 2112 2228 2180 redacti.

289 2194 591 2281 Superest
654 2219 882 2265 semen
948 2197 1124 2284 quod
1190 2200 1443 2266 utinam
1505 2201 1580 2266 in
1644 2201 1922 2267 summis
1964 2206 2032 2266 et
2074 2220 2234 2265 vere

288 2284 584 2350 extremis
627 2284 935 2368 periculis
979 2284 1308 2352 Dominus
1342 2293 1581 2366 servet,
1643 2305 1729 2350 ne
1771 2284 1969 2353 simul
2011 2284 2236 2352 omnia

285 2368 762 2436 absorbeantur.
874 2370 983 2436 Ex
1062 2370 1141 2436 iis
1208 2371 1320 2455 qui
1382 2372 1725 2439 nobiscum
1802 2379 1995 2437 erant
2058 2369 2234 2455 apud

495 2476 803 2521 rmanum
869 2456 1205 2522 neminem
1258 2463 1422 2540 puto
1478 2457 1894 2523 interfectum
1936 2456 2065 2522 nisi
2107 2456 2237 2521 for-

285 2547 465 2608 tassis
527 2561 746 2606 unum
810 2538 1132 2607 Ioannem
1199 2541 1672 2622 Tornacevtsem,
1693 2543 1749 2625 ²)
1821 2543 1935 2625 qui
1997 2540 2235 2606 abhinc

285 2645 388 2690 sex
420 2624 869 2693 hebdomadas
911 2626 1040 2692 fuit
1082 2626 1165 2693 ab
1208 2626 1506 2693 hostibus
1548 2634 1777 2712 captus
1812 2637 1879 2693 et
1911 2629 1983 2694 in
2016 2647 2234 2694 carce-

281 2730 410 2776 rem
450 2713 810 2779 coniectus.
878 2711 1017 2780 Sed
1062 2710 1218 2796 quid
1264 2713 1325 2778 ei
1413 2722 1595 2780 ostea
1637 2711 1950 2781 acciderit
1980 2712 2233 2798 ignoro.

283 2795 404 2861 Alii
444 2797 645 2863 multi
691 2803 851 2863 sunt
894 2798 1135 2864 misere
1178 2798 1352 2865 truci
1400 2800 1492 2864 ati
1551 2819 1701 2865 cum
1743 2817 1986 2883 magna
2029 2796 2234 2865 eccle·

279 2880 510 2948 siarum
578 2883 914 2950 vastitate.
1002 2882 1212 2951 Pauci
1253 2885 1597 2951 Genavam
1654 2884 2013 2950 redierunt.
2102 2882 2234 2948 Alii

278 2964 552 3048 latitant,
597 2968 716 3034 alii
759 2975 917 3034 sunt
958 2969 1165 3036 variis
1198 2968 1357 3035 locis
1392 2971 1657 3037 obsessi.
1724 2969 2038 3036 Aureliae
2074 2968 2240 3035 mul-

279 3059 374 3119 tos
411 3054 656 3139 reliqui
699 3075 850 3121 cum
897 3051 1201 3140 Principe
1244 3064 1312 3122 et
1331 3055 1688 3124 Amiraldo.
1755 3055 2015 3123 Paucas
2048 3076 2238 3140 prae-

276 3146 448 3206 tcrea
489 3142 695 3208 urbes
730 3140 1069 3220 habemus,
1114 3140 1227 3208 ubi
1269 3142 1621 3227 profligato
1660 3149 1902 3226 papatu
1927 3140 2238 3208 Christus

275 3223 478 3293 adhuc
520 3234 784 3312 regnat.
855 3226 1001 3311 Ego
1044 3225 1284 3293 millies
1328 3250 1413 3293 ex
1455 3227 1676 3294 media
1717 3235 1928 3293 morte
1965 3227 2236 3293 mirabi-

272 3308 413 3377 liter
472 3322 748 3396 ereptus
807 3310 1153 3395 sperabam
1209 3333 1320 3378 me
1363 3312 1677 3381 Genevae
1734 3313 2231 3398 respiratui-um.

274 3392 400 3461 Sed
443 3417 596 3465 ecce
640 3398 884 3463 iterum
946 3397 1020 3461 in
1063 3397 1512 3464 vastissimum
1577 3399 1909 3484 gurgitem
1966 3398 2234 3464 referor.

271 3478 532 3567 Cogunt
599 3482 784 3549 enim
837 3503 947 3548 me
989 3482 1287 3549 Andeloti
1346 3484 1815 3551 obtestationes
1873 3480 1958 3549 ad
2020 3485 2236 3567 ipsum

271 3585 459 3647 qnam
502 3567 852 3636 celerrime
894 3574 1247 3647 revertere,
1292 3568 1423 3635 nisi
1456 3568 1657 3636 velim
1692 3567 1984 3635 desertor
2003 3569 2233 3635 videri.

271 3649 494 3737 Itaque
536 3654 679 3719 iam
722 3673 993 3719 recurro
1035 3654 1107 3717 in
1150 3652 1681 3739 Lotharingiam,
1716 3655 1831 3720 ubi
1873 3653 1973 3719 illi
2011 3673 2237 3722 occur-

269 3757 406 3803 ram
446 3747 517 3807 et
561 3739 783 3824 ipsius
818 3738 1043 3821 copiis,
1087 3736 1160 3803 id
1204 3747 1305 3805 est
1347 3740 1642 3822 equitum
1688 3738 1902 3806 tribus
1945 3738 2237 3806 millibus

269 3830 331 3887 et
368 3825 777 3911 quingentis,
822 3821 1117 3908 peditum
1163 3844 1321 3892 vero
1363 3823 1653 3890 millibus
1688 3832 1987 3908 quatuor.
2054 3823 2236 3907 Quid

265 3911 519 4063 &bi
566 3907 875 3976 interm?
943 3906 1140 3990 Quod
1182 3910 1463 3976 suaserit
1505 3910 1830 3977 Dominus
1870 3910 1987 3995 qui
2021 3918 2233 3979 vocat.

487 4015 647 4063 mea
689 4012 869 4060 nunc
911 4003 1013 4060 est
1054 3992 1359 4075 conditio,
1414 3995 1511 4061 mi
1553 4003 1759 4080 pater,
1826 3993 1899 4061 id
1940 4001 2042 4062 est
2080 3997 2236 4063 tris-

260 4283 1064 4422 ξιΒὲ)ΒΒῶ.Βσῆω66ἴοο
1101 4284 1441 4355 profectione
1488 4301 1539 4340 c.
1591 4284 1729 4355 Rea.
1774 4284 1855 4341 du
1892 4285 2111 4343 Genea
2148 4286 2238 4345 21.

459 4422 527 4491 2)
559 4423 711 4478 Jean
762 4422 833 4477 de
865 4420 1124 4492 'I'ournay
1174 4420 1260 4475 dit
1310 4421 1381 4476 de
1431 4422 1487 4475 la
1519 4420 1669 4476 Τοπι-
1720 4423 1854 4493 uage
1897 4423 2123 4478 environ
2168 4422 2239 4479 ‘10

261 4505 373 4570 ans.
406 4491 603 4561 lequel
636 4489 711 4545 35
743 4507 842 4581 ans
876 4495 1217 4572 nup-suvant
1247 4507 1283 4544 a
1321 4494 1420 4544 ant
1437 4490 1668 4561 prescbe
1699 4497 1992 4574 purement
2023 4491 2238 4548 l’Bvan·

270 4693 282 4707 ,
343 4560 747 4709 mamae&
763 4560 1053 4682 2⁰¹3?ss
1068 4559 1282 4694 ᾱέἓὲῃο,
1313 4574 1485 4683 2222
1504 4559 1651 4682 :22⁶
1720 4561 2237 4685 Ἢέἓῗίἓέἒιῖἓ

261 4712 296 4747 a
323 4695 553 4768 mgna
597 4698 672 4752 de
706 4696 917 4751 Ohinon
963 4696 1159 4779 depuis
1191 4695 1298 4750 l’an
1345 4695 1429 4751 59.
1476 4696 1645 4765 (Hist-
1681 4697 1804 4753 eccl.
1838 4696 1910 4752 11.
1941 4695 2092 4765 589.)
2161 4697 2236 4753 A.

257 4761 1753 4918 ῶψῶῶτῶψωφῶφ
1799 4780 1913 4836 ····
1955 4765 2034 4822 ··
2077 4765 2240 4892 ⁰⁰⁶5

256 5038 1190 5097 MAAJLLIaelaz.
1434 5038 2236 5097 VendoeumaLaRot-he·

255 5122 430 5193 pouq!
635 5107 1256 5193 inuam-‘da‘
1384 5108 2237 5191 ο’εςιπιιιῖιιίιῑοτίζιιεειιΡοιι-

257 5175 793 5319 ...mm-...3
806 5176 1586 5313 ῶφφῶφῶ·
1606 5177 2236 5319 mmw

466 5331 702 5392 calciae
723 5345 916 5404 mera.
989 5331 1109 5391 Vol.
1136 5330 1311 5389 XIX.

1956 336 2123 403 1562
2162 332 2625 405 emm:

4160 331 4291 399 64⁸

2332 521 2590 589 tissima
2664 526 2735 588 et
2794 520 3186 589 miserrima.
3274 517 3430 599 Sed,
3474 517 3604 586 Dei
3667 517 3901 602 gratia,
3963 517 4289 585 constitui

2330 608 2532 674 etiam
2594 606 2763 674 mori
2780 657 2797 686 ,
2856 606 2915 673 si
2969 608 3067 673 ita
3111 606 3399 673 Domino
3456 603 3800 671 videbitur.
3885 602 3992 668 De
4038 602 4287 687 Anglis

2328 692 2537 759 miror
2577 713 2701 760 nos
2740 693 2876 758 iam
2960 692 3169 759 ridem
3210 690 3380 758 nibil
3421 688 3667 757 audire.
3747 686 3886 756 Sed
3927 697 4153 754 tamen
4191 687 4291 754 af-

2328 776 2635 846 firmabat
2688 778 2855 844 mihi
3094 779 3189 844 ’us
3201 780 3261 857 ⁸)
3307 776 3713 862 Argentinae
3775 783 3928 840 ante
3970 793 4295 855 mensem,

2329 863 2469 930 iam
2509 869 2764 948 septem
2804 882 3012 930 naves
3052 862 3403 942 traiecisse,
3459 868 3527 928 et
3582 860 3857 945 triginta
3892 869 4031 926 tres
4064 860 4295 926 subse-

2333 955 2674 1033 quuturae.
2742 947 3081 1033 Quidquid
3103 948 3369 1015 audiero
3389 947 3552 1015 certi
3572 946 3797 1013 statim
3832 943 4205 1024 rescribam,
4229 945 4297 1011 si.

2331 1032 2716 1102 tabellarius
2748 1035 3079 1101 offeratur.
3135 1032 3478 1116 Bituriges
3512 1032 3795 1116 turpiter
3828 1052 3869 1096 a
3902 1029 4065 1098 duce
4096 1051 4295 1114 prae-

2333 1118 2487 1186 sidii
2586 1119 2782 1186 roditi
2834 1140 2979 1187 sese
3036 1117 3447 1198 dediderunt,
3508 1117 3775 1201 optimis
3828 1116 4091 1201 quidem
4135 1135 4297 1182 con-

2334 1204 2708 1283 ditionibus,
2752 1205 2870 1272 sed
2911 1226 3074 1288 quas
3115 1203 3314 1271 biduo
3348 1213 3497 1289 post
3535 1202 4107 1287 perfidiosissimus
4140 1200 4297 1268 hos·

2333 1292 2423 1358 tis
2456 1289 2748 1376 infregit.
2776 1295 2834 1372 ⁴)
2903 1291 3130 1357 Nostri
3174 1297 3397 1356 tamen
3429 1288 3675 1355 milites
3717 1308 3870 1355 cum
3904 1287 4109 1353 armis
4150 1306 4295 1352 ma—

2333 1377 2519 1443 xima
2593 1395 2681 1443 ex
2758 1383 2948 1462 parte
2989 1375 3333 1443 Aureliam
3406 1381 3854 1460 pervenerunt
3915 1372 4298 1439 incolumes.

2334 1462 2443 1529 Ab
2488 1483 2565 1529 eo
2607 1469 2903 1545 tempore
2945 1461 3167 1528 ferunt
3207 1461 3463 1527 hostem
3516 1462 3592 1527 in
3635 1459 3798 1525 duas
3840 1467 4060 1543 partes
4103 1478 4297 1524 exer-

2334 1548 2544 1616 citum
2608 1545 2928 1627 divisisse,
2992 1568 3275 1631 quarum
3340 1567 3472 1612 una
3534 1546 3975 1628 Rotomagum
4039 1564 4295 1622 versus,

2336 1633 2548 1699 altera
2621 1633 2696 1698 in
2760 1631 2929 1700 Oam
2976 1633 3195 1699 aniam
3260 1632 3343 1698 ad
3409 1628 3860 1716 impediendos
3921 1629 4297 1696 Germanos

2335 1716 2709 1786 contendat.
2775 1718 2914 1800 Qui
3002 1719 3092 1785 sit
3111 1717 3669 1803 Lugdunensibus
3707 1717 4004 1782 futurum
4039 1715 4295 1799 ignoro,

2333 1825 2499 1888 quos
2539 1804 2652 1870 isti
2665 1804 2723 1903 ἥ)
2768 1811 2906 1870 tam
2946 1803 3409 1887 intempestive
3441 1802 3894 1879 deseruerunt,
3936 1799 4123 1867 hoste
4159 1799 4297 1866 iam

2332 1889 2496 1974 ipsis
2528 1895 2739 1973 portis
2781 1891 3015 1957 vicino.
3081 1888 3261 1957 Urbs
3304 1896 3406 1955 est
3440 1886 3703 1973 quidem
3748 1886 4192 1953 munitissima
4230 1893 4298 1951 et

2334 1976 2469 2042 situ
2534 1984 2601 2041 et
2652 1995 2864 2059 opere.
2952 1975 3148 2041 Intus
3201 1994 3457 2059 quoque
3510 1982 3614 2039 est
3654 1972 3949 2041 validum
3992 1970 4299 2056 peditum

2333 2059 2737 2145 praesidium
2802 2068 2871 2127 et
2936 2058 3234 2128 validum
3299 2059 3665 2126 subsidium
3718 2080 3855 2124 non
3910 2057 4136 2141 procul
4191 2057 4298 2122 in-

2334 2148 2636 2213 struitur.
2724 2146 2864 2213 Sed
2929 2147 3183 2212 utinam
3228 2147 3300 2210 in
3355 2144 3481 2213 hac
3539 2142 3974 2229 trepidatione
4038 2149 4299 2211 constet

2333 2231 2470 2297 illis
2534 2232 2795 2299 animus
2861 2239 2930 2298 et
2993 2231 3191 2299 duces
3259 2230 3527 2316 impigri
3591 2252 3726 2296 non
3783 2227 4019 2295 desint.
4098 2227 4299 2295 Certe

2334 2325 2668 2402 utcunque
2711 2319 2801 2385 sit
2841 2339 2948 2385 res
2990 2338 3226 2385 casura
3258 2337 3602 2400 nunquam
3646 2316 3819 2381 hanc
3862 2314 4302 2398 ignominiam

2336 2403 2566 2470 cluent
2606 2403 2733 2482 isti,
2791 2424 3005 2487 neque
3063 2403 3264 2469 etiam
3310 2401 3629 2468 damnum
3670 2400 3859 2467 nobis
3901 2399 4158 2465 illatum
4194 2419 4300 2465 re-

2338 2488 2645 2556 sarcient.
2715 2488 2853 2556 Sed
2886 2486 3053 2555 illud
3096 2486 3460 2556 cuiusmodi
3502 2486 3647 2553 est?
3695 2507 3831 2553 non
3873 2485 4086 2570 magis
4120 2505 4301 2552 com-

2336 2574 2593 2641 moveri
2634 2574 2935 2653 fratrum,
2980 2574 3113 2640 imo
3156 2594 3275 2640 suo
3314 2574 3606 2656 ipsorum
3651 2571 3962 2656 periculo,
4008 2591 4207 2654 quam
4240 2569 4302 2636 si

2337 2670 2517 2726 recte
2558 2661 2783 2726 omnia
2824 2661 3144 2727 haberent
3163 2659 3196 2723 ‘2
3285 2659 3492 2742 Atqui
3532 2657 3788 2724 interea
3829 2656 4030 2723 vicini
4063 2660 4117 2734 ⁶)
4165 2656 4303 2721 iam

2340 2745 2535 2812 tertio
2576 2745 2856 2812 militem
2897 2745 3176 2812 mittunt
3217 2744 3300 2810 ad
3342 2766 3462 2810 nos
3503 2740 3964 2828 opprimendos
4007 2748 4076 2808 et
4131 2741 4305 2807 nihi-

2338 2830 2626 2898 lominus
2670 2831 2889 2898 adhuc
2932 2832 3288 2898 stertimus.
3377 2830 3563 2896 Haec
3598 2838 3700 2896 est
3736 2828 3853 2893 illa
3894 2828 4134 2894 caritas
4175 2826 4303 2893 sci·

2339 2916 2513 2997 licet,
2578 2937 2775 3001 quam
2811 2916 3121 2984 Christus
3160 2924 3373 3001 urget.
3453 2915 3640 2981 Haec
3696 2921 3799 2980 est
3853 2913 4305 2980 membrorum

2339 3002 2716 3084 συμπάθεια,
2765 3024 2965 3088 quam
3003 3002 3258 3070 Paulus
3302 3006 3639 3085 tantopere
3681 2998 4117 3067 commendat.
4177 2997 4307 3066 Mi-

2339 3089 2527 3156 litem
2570 3090 2897 3174 petiimus,
2957 3088 3114 3155 alibi
3155 3096 3457 3173 negatur,
3521 3086 3680 3153 alibi
3735 3085 4114 3154 conceditur
4157 3084 4306 3168 qui-

2341 3173 2494 3241 dem
2572 3175 2691 3242 sed
2810 3175 3007 3241 uibus
3083 3172 3564 3241 conditionibus
3629 3170 3829 3239 vides.
3940 3171 4307 3238 Pecuniam

2339 3260 2673 3344 petiimus,
2758 3282 2796 3327 o
2841 3261 2991 3327 latis

2338 3346 2645 3429 praecise.
2729 3345 2910 3427 Quid
2945 3343 3202 3412 multa?
3247 3364 3386 3411 non
3428 3344 3630 3411 stabit
3670 3364 3790 3429 per
3830 3342 4033 3411 bonos
4065 3343 4309 3409 fratres

2382 3432 2692 3498 uominus
2735 3441 2813 3498 ut
2846 3431 3125 3498 rebelles
3166 3450 3531 3515 pereamus.
3615 3429 3852 3514 Itaque
3893 3428 4164 3512 incipiet
4195 3428 4303 3493 iu-

2338 3452 2588 3584 gicium
2629 3536 2672 3582 a
2714 3515 2906 3585 domo
2939 3516 3233 3583 Domini.
3320 3514 3459 3583 Sed
3500 3515 3747 3581 mirum
3788 3515 3861 3580 ni
3903 3521 4302 3599 spectatores

2337 3602 2451 3668 isti
2492 3601 2763 3669 tandem
2818 3613 2889 3669 et
2944 3602 3074 3686 ipsi
3112 3602 3189 3667 in
3252 3602 3589 3668 theatrum
3637 3599 3898 3685 prodire
3957 3608 4299 3685 cogantur,

2338 3697 2406 3753 et
2447 3688 2604 3753 iusti
2645 3688 2989 3772 sanguinis
3031 3687 3223 3754 effusi
3266 3708 3402 3753 non
3443 3687 3668 3753 minus
3712 3685 3879 3752 fiant
3920 3686 4038 3764 rei,
4101 3705 4302 3769 quam

2381 3773 2452 3838 ui
2507 3793 2664 3840 suas
2723 3794 2962 3841 manus
3026 3772 3247 3856 impiis
3298 3771 3606 3840 caedibus
3659 3771 4302 3838 contaminaverunt.

2335 3793 2524 3925 {aee
2567 3880 2699 3926 non
2733 3859 2941 3925 miror
2981 3858 3145 3943 quin
3185 3857 3336 3925 istic
3367 3864 3438 3925 et
3478 3856 3638 3924 alibi
3681 3857 4065 3942 displiceant
4106 3856 4298 3922 bonis

2336 3944 2659 4025 omnibus,
2704 3965 2829 4012 nec
2869 3943 3072 4010 etiam
3116 3941 3344 4010 dubito
3380 3943 3539 4027 quin
3582 3951 3882 4029 pastores
3923 3962 4043 4009 suo
4082 3940 4300 4009 officio

2335 4029 2718 4116 fungantur.
2807 4028 2946 4097 Sed
2988 4037 3213 4095 tamen
3255 4029 3547 4096 obtestor
3603 4049 3721 4096 vos
3777 4048 4005 4096 omnes
4044 4027 4119 4093 in
4161 4027 4301 4092 Do-

2335 4115 2539 4194 mino,
2604 4121 2684 4181 ut
2734 4115 2803 4181 in
2850 4115 2978 4182 hoc
3017 4114 3208 4182 velut
3248 4122 3546 4181 extremo
3588 4122 3740 4183 actu
3787 4134 4016 4180 omnes
4053 4132 4299 4178 nervos

2336 4199 2767 4281 contendatis,
2819 4200 2912 4268 'ut
2951 4200 3056 4267 IV
3100 4199 3425 4268 Civitates
3448 4204 3509 4281 ⁷)
3572 4200 3804 4267 saltem
3873 4217 4011 4265 non
4073 4196 4300 4281 pigeat

2336 4295 2742 4354 conventum
2804 4287 3020 4371 primo
3117 4305 3333 4370 noque
3394 4296 3686 4370 tempore
3726 4284 4015 4352 indicere
4054 4282 4128 4347 in
4170 4302 4298 4366 quo

2337 4371 2421 4439 de
2463 4392 2539 4438 re
2588 4373 2760 4439 tanti
2800 4379 3118 4439 momenti
3160 4371 3525 4455 dispiciant.
3611 4370 3780 4454 Quis
3818 4368 3997 4435 enim
4040 4364 4299 4433 dubitat

2335 4457 2501 4541 quin
2533 4457 2787 4526 eversis
2807 4457 3085 4525 Gallicis
3118 4457 3429 4539 ecclesiis,
3461 4476 3743 4542 quarum
3777 4473 3957 4520 nunc
3975 4451 4297 4536 reliquiae

2336 4543 2458 4611 vix
2500 4565 2573 4610 se
2614 4549 2989 4612 sustentant
3029 4542 3252 4626 aliqua
3291 4563 3410 4627 spe
3450 4542 3739 4620 subsidii,
3783 4538 4078 4636 hostium
4110 4537 4297 4603 furor

2336 4628 2423 4695 sit
2465 4628 2541 4695 in
2574 4629 2699 4696 has
2761 4650 3018 4715 quoque
3073 4629 3376 4714 regiones
3418 4635 3600 4696 certa
3641 4646 3757 4710 spe
3800 4624 4114 4691 viotonae
4145 4643 4302 4705 pro·

3099 3259 3301 3327 etiam
3378 3257 3886 3326 fideiussoribus.
4003 3257 4307 3341 Negatur

2541 4901 2820 4973 &Christ
2982 4896 3877 4958 malleatonollar'
3975 4892 4311 4954 Elium·

2333 4901 2945 5109 ffliddss'ssymggssm
2975 4972 3205 5038 fumant
3237 4966 3602 5037 (machelm,
3638 4967 3686 5021 1.
3716 4963 3824 5020 335
3853 5001 3869 5017 .

2539 5108 3214 5241 {imam-e.

2542 5238 3765 5315 ammam-‹remeasoesm
3818 5316 3892 5373 35
