4900 6125
298 410 365 472 61
2093 402 2259 466 1563
2303 398 2489 466 IUL.

298 592 611 662 iudicium.
697 592 831 659 Hic
882 594 1090 659 bonus
1124 593 1369 660 Petrus
1408 590 1753 669 SturmiuS,
1800 589 1989 658 cuius
2039 589 2240 655 funus

299 680 430 748 heri
469 679 620 745 fuit:
679 677 815 746 Ubi
857 699 1054 756 nunc,
1100 679 1336 763 iuquit,
1380 687 1538 744 sunt
1586 686 1685 744 tot
1718 685 1788 742 et
1822 685 2047 743 tautae
2082 675 2241 740 hae·

300 786 459 834 reses
492 785 661 848 quae
687 763 969 832 Zenobio
1011 762 1534 831 obiiciebantur?
1593 761 1767 848 Spes
1802 770 1985 829 certa
2027 762 2243 827 fuerat

296 852 444 919 mihi
487 851 667 917 facta
726 849 1195 934 disputationis
1254 850 1360 918 vel
1417 849 1655 916 saltem
1708 848 2033 932 colloquii.
2124 846 2240 911 In-

296 940 473 1005 terim
516 936 688 1002 nihil
730 935 953 1002 minus
995 931 1367 1016 curabatur,
1426 943 1701 1003 vocatur
1766 955 1922 1002 vero
1963 942 2243 1016 utraque

293 1045 431 1109 pars
473 1043 786 1089 seorsum.
875 1022 1141 1089 Mecum
1183 1023 1281 1088 ita
1326 1029 1427 1088 est
1482 1029 1721 1099 actum,
1792 1027 1868 1086 ut
1908 1027 2117 1085 totam
2162 1017 2243 1084 de

293 1109 877 1194 praedestinatione
921 1117 989 1173 et
1031 1108 1526 1191 perseverantia
1570 1107 1935 1174 doctrinam
1975 1112 2045 1171 et
2086 1124 2239 1188 pro·

294 1196 499 1262 barint
544 1194 671 1279 ipsi
720 1194 1187 1278 compositores
1223 1203 1291 1260 et
1334 1193 1643 1272 dixerint,
1691 1192 2008 1258 adversae
2063 1192 2239 1274 parti

292 1302 411 1347 non
458 1279 829 1365 improbari.
910 1281 1016 1345 De
1074 1300 1279 1346 coena
1336 1300 1492 1348 vero
1550 1281 1662 1360 ita,
1717 1289 1795 1344 ut
1851 1277 2241 1343 admiserint

288 1367 451 1434 hanc
491 1387 710 1432 meam
754 1365 835 1432 de
924 1366 1253 1431 raesentia
1317 1366 1608 1449 corporis
1651 1364 1909 1431 Christi
1952 1362 2238 1446 explica-

288 1454 543 1530 tionem,
580 1472 818 1537 corpus
916 1451 1103 1518 bristi
1148 1473 1282 1516 non
1319 1472 1464 1518 esse
1498 1471 1811 1535 praesens
1855 1449 2238 1534 corporibus

290 1539 539 1618 nostris,
554 1558 759 1622 quum
783 1558 915 1602 non
940 1558 1013 1603 se
1034 1537 1166 1603 illis
1189 1539 1639 1603 communicet.
1663 1536 1898 1620 Neque
1919 1536 2098 1602 enim
2122 1543 2239 1600 aut

284 1624 481 1691 oculis
515 1632 636 1689 aut
669 1644 801 1702 ore,
846 1632 960 1687 aut
995 1623 1144 1688 aliis
1179 1624 1481 1688 sensibus
1516 1622 1810 1706 corporis
1847 1621 2234 1705 percipitur:

286 1709 394 1776 sed
452 1730 762 1793 praesens
822 1729 965 1774 esse
1020 1708 1259 1774 animis
1316 1707 1627 1788 fidelium,
1684 1706 1859 1791 quod
1905 1707 2036 1773 illis
2082 1726 2238 1772 vere

282 1795 797 1862 communicetur
841 1804 909 1860 et
953 1794 1034 1859 ab
1087 1793 1219 1860 illis
1263 1795 1684 1878 percipiatur.
1770 1793 1966 1858 Illam
2013 1801 2236 1858 autem

282 1902 416 1946 rem
462 1879 594 1947 dici
638 1900 782 1946 esse
826 1888 1259 1963 praesentem,
1323 1900 1491 1963 quae
1531 1880 1750 1963 aliquo
1794 1877 1988 1943 modo
2032 1879 2237 1962 perci-

277 1967 512 2051 piatur,
560 1974 626 2032 et
668 1975 945 2031 eatenus
989 1985 1132 2032 esse
1169 1974 1232 2031 et
1270 1963 1394 2032 dici
1432 1975 1863 2049 praesentem,
1910 1971 2238 2048 quatenus

277 2052 798 2119 communicatur
840 2060 1037 2135 atque
1079 2051 1467 2135 percipitur:
1537 2051 1814 2127 etiamsi,
1883 2050 2057 2134 quod
2103 2048 2236 2114 dis-

278 2139 551 2204 tantiam
589 2146 658 2204 et
692 2136 965 2203 localem
999 2137 1556 2221 propinquitatem
1582 2137 1839 2218 attinet,
1884 2136 2236 2219 aliquando

274 2245 349 2289 ea
393 2246 502 2290 res
549 2224 639 2288 sit
681 2223 1011 2301 remotior,
1056 2223 1410 2305 aliquando
1455 2224 1901 2307 propinquior.
1990 2223 2235 2287 Exem-

274 2309 455 2391 plum
526 2309 849 2375 habemus
904 2310 973 2373 in
1031 2308 1199 2374 sole:
1267 2330 1471 2391 quum
1532 2327 1734 2392 supra
1791 2315 2088 2373 nostrum
2136 2317 2237 2373 est

272 2395 854 2480 hemisphaerium,
920 2414 1053 2460 non
1109 2395 1204 2458 ita
1269 2394 1477 2460 multo
1538 2396 1749 2478 magis
1805 2395 2233 2477 propinquus,

272 2479 457 2547 uobis
502 2490 636 2546 est:
683 2500 881 2564 quam
924 2501 1128 2563 quum
1172 2478 1430 2559 occidit,
1495 2481 1759 2546 interim
1808 2491 2025 2545 tamen
2072 2477 2232 2544 dici-

272 2588 420 2632 mus
466 2566 664 2633 nobis
708 2587 853 2632 esse
898 2573 1332 2649 praesentem,
1379 2587 1579 2649 quum
1621 2586 1777 2632 vero
1819 2565 2075 2643 occidit,
2120 2564 2232 2629 ab·

268 2663 563 2718 sentem:
610 2649 787 2717 unde
832 2651 1004 2717 hoc?
1064 2672 1103 2716 a
1162 2652 1538 2718 definitione
1602 2652 2032 2736 praesentiae,
2079 2652 2233 2734 quia

265 2737 520 2804 scilicet
567 2747 709 2803 tum
776 2737 966 2804 nobis
1017 2738 1456 2803 communicat
1512 2759 1706 2803 suum
1772 2757 2011 2821 corpus
2054 2757 2231 2821 spec-

264 2823 563 2899 tandum,
637 2833 703 2888 et
745 2844 863 2906 per
904 2842 1141 2905 corpus
1186 2823 1469 2888 calorem
1532 2832 1728 2907 atque
1769 2823 1985 2889 lucem
2024 2823 2232 2907 parti-

260 2909 660 2993 cipandam:
724 2929 927 2992 quum
972 2928 1133 2974 vero
1177 2907 1429 2987 occidit,
1499 2930 1635 2975 nou
1700 2910 1982 2993 amplius
2039 2908 2229 2975 nobis

258 2996 811 3063 communicatur.
903 2992 1007 3059 Ad
1063 2994 1441 3079 exemplum
1506 2993 1579 3060 in
1640 2993 2047 3063 auditoribus
2116 2994 2229 3080 qui

259 3083 603 3148 intersunt
669 3081 980 3148 concioni.
1070 3080 1175 3146 'ru
1227 3083 1645 3163 concionans,
1716 3091 1853 3148 tam
1917 3102 2231 3167 praesens

255 3188 326 3233 es
370 3168 512 3234 illis
560 3168 674 3251 qui
713 3174 873 3233 sunt
922 3164 1005 3232 ad
1040 3173 1298 3250 portam
1353 3167 1582 3251 templi
1625 3188 1819 3251 quam
1860 3169 1971 3252 qui
2007 3175 2230 3234 astant

252 3254 537 3338 pulpito.
632 3251 1123 3334 Quamobrem?
1191 3254 1346 3336 quia
1403 3264 1542 3319 tam
1586 3253 1685 3318 illi
1731 3274 1928 3338 quam
1973 3255 2084 3320 isti
2129 3254 2228 3318 vi-

252 3338 417 3405 dent
465 3348 539 3405 et
585 3336 863 3404 audiunt
905 3347 990 3404 te.
1072 3339 1542 3422 Propinquitas
1585 3340 1789 3425 igitur
1823 3348 1940 3405 aut
1979 3338 2228 3405 distan-

251 3426 345 3491 tia
390 3425 529 3492 loci
599 3445 731 3490 non
797 3424 953 3491 facit
1018 3424 1124 3488 vel
1191 3425 1631 3507 praesentiam
1686 3424 1798 3491 vel
1863 3425 2229 3492 absentiam

248 3512 345 3578 rei
392 3533 527 3596 per
572 3529 678 3576 se:
725 3508 841 3577 sed
877 3511 1020 3594 ipsa
1053 3511 1557 3577 communicatio
1588 3510 1699 3577 vel
1734 3511 2018 3595 privatio
2052 3532 2229 3577 com-

248 3597 625 3665 munionis.
710 3595 897 3662 Haec
953 3595 1195 3661 similia
1250 3596 1460 3661 fusius
1521 3595 1606 3662 ad
1662 3606 1730 3661 te
1793 3618 1969 3664 nunc
2035 3617 2230 3680 quam

247 3683 338 3751 ibi
387 3692 565 3749 tum.
626 3681 908 3747 Interim
948 3690 1168 3747 tamen
1215 3682 1611 3747 sententiam
1655 3682 2132 3748 intellexerunt
2165 3689 2234 3747 et

244 3770 655 3852 probarunt.
711 3766 1291 3833 Manducationem
1315 3767 1578 3848 oralem,
1602 3776 1682 3832 ut
1702 3777 1960 3847 vocant,
1985 3769 2078 3833 ita
2113 3790 2230 3834 ex-

242 3855 620 3939 plicarunt,
638 3863 713 3918 ut
736 3852 1040 3931 dixerint,
1058 3874 1129 3919 se
1151 3853 1425 3919 minime
1445 3854 1708 3931 sentire,
1725 3874 1962 3937 corpus
1977 3853 2230 3920 Christi

243 3961 361 4006 ore
394 3940 705 4024 corporis
727 3939 938 4004 nostri
960 3936 1372 4004 manducari:
1411 3941 1597 4022 quasi
1632 3939 1793 4004 illud
1822 3949 2123 4005 nostrum
2158 3961 2232 4005 os

242 4027 583 4111 attingat:
624 4023 740 4091 sed
764 4032 1022 4090 tantum
1042 4032 1313 4108 propter
1345 4026 1657 4091 unionem
1689 4025 2230 4092 sacramentalem

236 4134 309 4178 se
357 4113 461 4177 ita
512 4108 874 4194 aliquando
909 4110 1104 4192 loqui.
1195 4111 1301 4175 De
1336 4109 1839 4177 manducatione
1874 4111 2229 4195 impiorum

236 4220 377 4263 non
404 4197 733 4264 convenit
754 4197 927 4261 inter
950 4216 1087 4261 nos.
1135 4194 1433 4274 Caetera,
1461 4196 1734 4262 fuerunt
1756 4197 1919 4262 meis
1942 4197 2228 4281 explica-

234 4284 553 4349 tionibus
598 4291 667 4348 et
710 4280 1239 4366 responsionibus
1283 4280 1594 4347 contenti.
1684 4281 2053 4366 Conceptos
2102 4283 2225 4367 igi-

234 4380 351 4435 tur
399 4368 735 4435 articulos
774 4367 1026 4451 aliquot
1069 4365 1150 4431 de
1205 4366 1805 4449 praedestinatione
1850 4367 2230 4434 obtulerunt

230 4452 789 4522 subscribendos.
902 4451 1128 4534 Quum
1196 4475 1499 4537 urgerem
1564 4464 2019 4520 controversos
2086 4475 2228 4521 esse

231 4540 653 4609 iudicandos
698 4548 766 4604 et
830 4560 916 4604 an
967 4548 1190 4605 essent
1247 4539 1562 4605 haeretici
1626 4538 1735 4605 vel
1782 4541 1933 4606 novi
1979 4559 2101 4605 nec
2145 4561 2229 4605 ne

231 4649 385 4695 esse
458 4624 1066 4711 pronunciandum,
1135 4624 1447 4691 articulos
1498 4624 1863 4709 propositos
1929 4647 2059 4691 non
2114 4647 2228 4691 ve·

230 4716 422 4781 nisse
466 4715 548 4778 in
597 4711 1137 4777 controversiam:
1184 4730 1571 4793 responsum
1609 4712 1753 4789 fuit,
1798 4732 1927 4777 non
1966 4712 2228 4778 venisse

230 4820 309 4865 se
356 4810 441 4864 ut
488 4795 815 4875 iudicent,
876 4796 990 4863 sed
1036 4805 1110 4862 ut
1168 4806 1592 4880 componant:
1660 4796 1976 4863 iudicium
2022 4799 2226 4882 perti-

231 4908 405 4952 nere
446 4882 547 4950 ad
587 4883 872 4966 aliquam
907 4881 1266 4966 synodum:
1313 4884 1382 4947 in
1418 4902 1537 4947 suo
1572 4903 1683 4949 eos
1717 4903 1984 4949 manere
2019 4891 2224 4949 statu:

227 4993 495 5038 curare
548 4990 624 5036 se
670 4976 945 5047 tantum,
1014 4977 1091 5033 ut
1146 4968 1417 5033 tollatur
1470 4967 1593 5034 hoc
1638 4967 1982 5034 dissidium
2029 4978 2226 5053 atque

225 5055 655 5126 scandalum
700 5054 962 5120 scholae
1005 5064 1072 5120 et
1126 5053 1452 5120 ecclesiae.
1546 5051 1722 5134 Quid
1771 5065 1843 5118 tu
1892 5053 2002 5122 hic
2054 5057 2223 5139 egis-

224 5144 392 5210 ses?
502 5140 799 5207 Articuli
844 5140 938 5206 nil
983 5140 1053 5205 in
1099 5160 1171 5206 se
1216 5137 1641 5206 continebant
1685 5148 1950 5224 apertae
1993 5140 2224 5225 impie-

224 5231 433 5298 tatis:
490 5234 766 5292 tautum
810 5225 1114 5293 videbam
1159 5226 1492 5292 obscurari
1530 5226 1889 5292 veritatem.
1973 5224 2050 5293 Si
2089 5248 2223 5293 non

221 5312 801 5397 subscripsissem
843 5311 1320 5396 impediebatur
1376 5310 1750 5392 concordia,
1816 5333 2013 5380 causa
2055 5313 2222 5380 bona

4220 408 4301 470 62

2342 586 2870 673 periclitabatur:
2955 585 3257 654 eiiciebar
3333 595 3413 653 ut
3486 588 3683 655 homo
3749 588 4168 658 turbulentus
4235 601 4304 659 et

2342 673 2728 742 concordiae
2815 673 3139 740 inimicus.
3251 672 3545 740 Videbar
3623 681 3864 758 autem,
3940 699 4047 743 me
4112 700 4304 763 posse

2341 759 2750 827 subscribere
2790 758 2977 826 salva
3010 759 3428 839 couscientia,
3473 761 3863 845 praesertim
3897 783 4103 846 quum
4148 764 4302 830 lice·

2343 854 2449 912 ret
2490 844 2860 931 protestari.
2948 845 3227 910 Interim
3295 855 3520 912 tamen
3564 848 3780 913 restiti
3824 858 4095 934 propter
4137 850 4303 918 alias

2343 951 2576 998 causas
2653 952 2860 1015 usque
2946 931 3030 996 ad
3117 940 3509 998 extremum.
3611 931 3912 1000 Tandem
3998 934 4301 1016 iudicavi,

2342 1027 2678 1101 praestare
2712 1017 3144 1094 subscribere,
3179 1038 3378 1101 quam
3414 1017 3661 1086 diutius
3696 1040 4084 1105 repugnare.
4130 1021 4302 1088 Sum

2341 1107 2563 1188 itaque
2605 1105 2896 1188 primum
2937 1104 3033 1169 ita
3076 1111 3469 1186 protestatus
3512 1125 3732 1171 coram
3775 1106 4081 1172 omnibus
4124 1129 4301 1174 com-

2340 1191 2738 1341 Eositoribus
2783 1188 3178 1274 collegisque
3219 1190 3413 1256 meis:
3477 1192 3767 1276 primum
3820 1213 3927 1258 me
3971 1193 4166 1274 nolle,
4223 1204 4303 1259 ut

2389 1296 2467 1342 ac
2511 1297 2660 1342 mea
2702 1274 3178 1359 subscriptione
3221 1276 3434 1341 ullum
3476 1278 3594 1342 fiat
3690 1276 4116 1344 raeiudicium
4153 1279 4302 1347 aliis

2340 1361 2712 1441 academiis,
2757 1361 3066 1441 ecclesiis,
3113 1362 3401 1428 veritati:
3470 1361 3621 1428 dein
3670 1383 3707 1429 e
3763 1372 3840 1429 ιιι
3897 1364 4065 1429 nihil
4112 1364 4301 1432 dero-

2341 1459 2535 1533 getur
2580 1448 2936 1528 doctrinae,
2978 1467 3178 1531 quam
3225 1447 3335 1514 hic
3379 1446 3570 1514 docui
3614 1470 3733 1533 per
3777 1455 3818 1515 8
3863 1471 4089 1529 annos,
4135 1472 4300 1534 quae

2341 1535 2540 1600 etiam
2566 1535 2940 1599 continetur
2974 1533 3042 1598 in
3080 1535 3244 1600 meis
3279 1534 3686 1614 lectionibus,
3727 1535 4299 1619 disputationibus,

2339 1620 2885 1686 confessionibus:
2933 1627 3261 1703 postremo
3305 1629 3378 1684 ut
3419 1620 3616 1687 liceat
3650 1622 3811 1686 mihi
3855 1631 3993 1688 tam
4019 1625 4299 1708 August.

2339 1704 2836 1772 Confessionem
2880 1714 2949 1770 et
2981 1705 3390 1791 Apologiam,
3425 1707 3873 1791 Articulosque
3917 1709 4300 1775 concordiae

2339 1793 2520 1856 inter
2566 1791 2919 1856 Lutherum
2975 1801 3042 1856 et
3084 1790 3423 1872 Buce-mm,
3477 1813 3676 1876 quam
3734 1793 3857 1860 hos
3921 1805 4301 1877 praesentes

2338 1877 2670 1957 articulos,
2718 1878 3136 1960 interpretari
3182 1878 3373 1944 iuxta
3407 1878 3705 1963 regulam
3740 1880 3927 1945 verbi
3963 1879 4108 1956 Dei,
4147 1878 4299 1947 doc-

2338 1963 2585 2028 trinam
2628 1963 3002 2048 Augustini,
3049 1963 3334 2040 Lutheri,
3379 1963 3638 2030 Buceri.
3710 1965 3972 2030 Deinde
4014 1967 4110 2031 ita
4145 1967 4298 2032 sub-

2338 2049 2569 2132 scripsi
2634 2048 3194 2118 conditionaliter:
3285 2049 3480 2116 Hanc
3537 2051 3873 2118 doctrinae
3925 2052 4297 2131 formulam,

2339 2143 2415 2199 ut
2458 2135 2637 2218 piam
2683 2156 2982 2220 agnosce,
3041 2134 3135 2199 ita
3180 2144 3247 2201 et
3290 2137 3561 2220 recipio:
3651 2138 3798 2220 Ego
3843 2136 4298 2221 Hieronymus

2336 2219 2688 2288 Zanchius.
2784 2218 3092 2294 Calvinus
3154 2221 3238 2286 ad
3297 2243 3403 2287 me
3461 2223 3689 2289 scribit
3710 2225 3765 2307 ⁴)
3810 2232 3889 2287 ut
3931 2235 4138 2289 tester
4189 2245 4296 2290 me

2337 2307 2593 2373 sincero
2639 2306 2820 2390 pacis
2876 2305 3094 2373 studio
3149 2306 3506 2373 adductum
3551 2308 4036 2393 subscripsisse,
4092 2316 4162 2373 et
4219 2318 4297 2375 ut

2333 2412 2639 2458 maneam
2684 2393 2756 2457 in
2800 2394 3131 2459 sententia
3174 2391 3476 2477 idemque
3519 2396 3847 2477 profitear,
3892 2395 4007 2460 sed
4054 2394 4295 2461 additis

2336 2478 2847 2562 exceptionibus,
2895 2499 3058 2562 quas
3099 2479 3225 2546 feci
3268 2500 3488 2545 coram
3558 2481 4114 2564 compositoribus.
4203 2483 4296 2546 Et

2335 2564 2419 2629 ad
2465 2564 2893 2630 Holbrachum
2935 2565 3180 2645 scribit,
3227 2574 3303 2630 ut
3344 2567 3403 2631 si
3446 2579 3728 2651 urgeant
3770 2566 4129 2633 adversarii
4174 2588 4295 2651 per

2335 2649 2658 2717 Dominos
2722 2651 3292 2735 subscriptionem:
3360 2651 3541 2803 §nou
3606 2653 3787 2720 enim
3854 2652 4069 2720 adhuc
4137 2653 4294 2718 sub-

2334 2735 2616 2819 scripsit,
2662 2756 2769 2802 me
2811 2736 3010 2802 etiam
3054 2747 3317 2820 praeter
3429 2738 3524 2803 ios
3567 2737 3964 2823 dissuasere)
4010 2760 4095 2804 ne
4136 2741 4293 2803 sim-

2336 2821 2598 2905 pliciter
2656 2842 2802 2887 eam
2859 2831 3136 2902 recuset,
3203 2822 3319 2890 sed
3374 2822 3700 2903 admittat,
3755 2825 4135 2909 praemissis
4178 2846 4292 2889 ex-

2336 2909 2762 2993 ceptionibus,
2851 2908 3358 2975 uemadmodum
3400 2910 3709 2977 videlicet
3751 2919 3816 2976 et
3859 2931 3981 2995 ego
4023 2911 4168 2978 feci.

2507 2993 2703 3061 Nunc
2745 2994 2835 3060 ha
2880 3016 2951 3061 es
2993 2996 3214 3061 omnia
3250 3003 3317 3063 et
3342 3005 3830 3082 argumentum,
3875 2996 4051 3061 unde
4086 2997 4294 3081 possis

2332 3080 2628 3147 iudicare
2671 3081 2753 3147 de
2788 3088 2926 3147 tota
2960 3083 3236 3162 actione,
3281 3091 3349 3148 et
3384 3081 3731 3149 defendere
3764 3083 4116 3150 veritatem
4137 3104 4290 3150 con·

2334 3174 2439 3232 tra
2481 3166 2782 3233 homines
2827 3168 3000 3232 male
3045 3168 3422 3234 iudicantes.
3511 3170 3662 3235 Non
3708 3179 3809 3235 est
3851 3180 4073 3235 tamen
4127 3168 4291 3235 haec

2333 3273 2483 3318 mea
2548 3252 2825 3336 epistola
2890 3253 3280 3338 spargenda,
3338 3256 3729 3338 praesertim
3784 3256 3906 3322 hoc
3964 3266 4286 3339 tempore:

2334 3339 2491 3422 quia
2546 3360 2626 3404 ea
2681 3338 3111 3406 abuterentur
3161 3339 3485 3405 nonnulli.
3573 3339 3854 3425 Oportet
3909 3350 4131 3406 autem
4188 3341 4289 3405 uti

2333 3424 2655 3490 modestia
2697 3432 2766 3490 et
2806 3425 3144 3508 patientia,
3188 3433 3459 3510 propter
3499 3427 3881 3505 Dominum,
3926 3448 4060 3492 non
4112 3428 4290 3492 enim

2332 3510 2454 3577 sibi
2524 3509 2832 3577 Christus
2909 3510 3173 3594 placuit.
3276 3511 3597 3595 Incipiam
3674 3514 3969 3597 profiteri
4033 3512 4288 3578 Mosen.

2332 3595 2504 3662 Vale
2548 3604 2616 3662 et
2660 3616 2776 3661 ora
2821 3617 2939 3679 pro
2982 3618 3106 3662 me.
3197 3598 3615 3681 Argentorat.
3668 3604 3764 3665 10.
3810 3598 3966 3664 Iulii
4019 3601 4200 3664 1563.

3210 4227 3412 4299 3979.

2396 4384 2524 4450 LA
2569 4383 2859 4449 REINE
2905 4382 3033 4448 DE
3077 4382 3531 4551 ιὲᾼζιὲιὲῑιιι
3576 4383 3704 4451 Au
3749 4368 4048 4450 SENAT
4093 4384 4221 4451 DE

3162 4487 3223 4550 E
3417 4487 3498 4551 E.

2331 4744 2420 4810 M
2478 4658 2671 4827 zElle)
2730 4657 3028 4723 demanda
3103 4657 3170 4723 la
3255 4658 3697 4743 prolonyation
3781 4656 3872 4725 du
3948 4658 4132 4741 amyci
4208 4656 4287 4723 de

2410 4765 2480 4811 er
2505 4766 2592 4810 m.

2330 4886 2622 4983 (Archives
2676 4916 2745 4970 de
2781 4914 3016 4971 Geneve.
3078 4914 3266 4970 Pisces
3320 4915 3673 4984 historiques.
3726 4916 3913 4971 Liasse
3975 4915 4110 4971 1713
4155 4932 4284 4973 avec

2913 4985 3276 5054 souscription
3315 4985 3697 5054 autographo.)

2533 5258 2595 5323 4)
2635 5258 2859 5313 Literna
2891 5274 3005 5313 nos
3038 5264 3273 5314 astant.

2326 5328 2510 5385 8879.
2539 5330 2595 5397 1)
2645 5329 2775 5384 Vm’r
2809 5327 2874 5379 N.
2910 5326 3047 5382 3961
3086 5334 3135 5383 οι
3171 5328 3409 5395 ‹ri-apres
3447 5328 3523 5384 N.
3556 5327 3711 5383 3988.
