4900 6125
101 537 109 654 -ι-ιι-
99 387 109 474 --
96 113 115 292 ᾖη-ᾈ

656 435 745 498 39
2146 426 2679 497 ΕΡΙΒΤΟΙιΔΕ
2727 427 3154 493 3964-8968
3821 443 3828 450 ·
4587 427 4653 486 40

648 642 882 691 *sermo
937 619 1130 687 valde
1188 620 1492 706 spinosus
1557 623 1661 685 est
1723 636 1801 683 ac
1864 616 2239 703 perplexus.
2330 616 2411 684 si
2467 616 2626 700 quid

660 707 882 774 adhue
922 704 1340 774 scribendum
1383 725 1669 782 censeas,
1728 704 2074 772 consilium
2129 711 2321 770 tuum
2382 703 2511 769 hae
2550 703 2625 767 in

654 801 855 878 parte
930 800 1187 876 expeto.
1290 789 1398 857 De
1444 790 1673 856 .rebus
1732 789 1990 856 Galliae
2067 789 2239 855 nihil
2316 789 2625 855 affertur:

656 878 845 945 unde
899 877 1268 962 colligimus
1322 877 1546 942 omnia
1601 876 1696 942 sie
1756 896 1900 942 esse
1952 876 2235 955 turbata,
2310 882 2388 941 ut
2449 874 2627 940 inter

663 986 700 1030 s
784 986 854 1029 m
896 971 964 1030 et
1008 972 1261 1029 metum
1309 971 1448 1028 tam
1504 961 1715 1028 nostri
1758 982 1956 1045 quam
1998 960 2224 1028 hostes
2273 959 2624 1045 pendeant.

730 1058 883 1114 xtra
925 1049 1146 1115 aulam
1190 1048 1445 1114 animos
1490 1047 1638 1113 colli
1732 1057 1809 1112 nt
1848 1048 2107 1126 fratres,
2167 1069 2286 1114 nee
2330 1046 2628 1112 hostium

664 1136 1012 1219 superbiae
1055 1131 1510 1213 succumbunt,
1569 1156 1649 1199 ve
1731 1133 2265 1199 insultationibus
2307 1134 2628 1216 frangun-

664 1231 795 1286 tur.
876 1220 1067 1300 Vale,
1111 1220 1470 1287 clarissime
1513 1219 1622 1285 vir
1665 1228 1734 1285 et
1774 1219 1940 1284 mihi
1985 1218 2365 1284 honorande
2400 1219 2627 1294 frater,

664 1329 801 1372 una
835 1327 987 1373 eum
1021 1304 1407 1391 symmystis
1441 1306 1762 1383 omnibus,
1799 1326 1960 1388 quos
1993 1304 2353 1388 plurimum
2391 1302 2627 1369 saluto.

662 1391 854 1457 Idem
920 1393 1171 1459 faciunt
1212 1391 1498 1474 collegae
1564 1392 1690 1457 mei
1761 1398 1826 1456 et
1891 1392 2101 1457 amici.
2189 1389 2520 1456 Dominus
2564 1395 2630 1453 te

664 1478 1063 1544 ineolumem
1132 1475 1322 1542 nobis
1387 1486 1605 1542 servet
1685 1477 2067 1560 laboresque
2145 1487 2292 1542 tuos
2371 1495 2633 1558 semper

666 1563 1028 1630 benedicat.
1119 1562 1448 1640 Genevae,
1496 1567 1553 1628 6.
1596 1562 1777 1627 Iunii
1829 1565 2010 1627 1563.

1584 1698 1873 1766 Ioannes
1915 1697 2239 1765 Oalvinus
2282 1707 2458 1765 tuus.

1552 2242 1754 2312 3965.

1252 2398 1498 2463 BEZA
1542 2398 1665 2462 BL
1674 2395 2074 2464 AURERO.

843 2570 909 2635 A
956 2567 1255 2634 Sabaudo
1299 2569 1656 2650 periculum
1717 2570 2031 2635 imminet:
2087 2570 2300 2636 maius
2357 2570 2548 2636 etiam
2591 2592 2634 2636 a

672 2654 936 2721 Calvino
973 2655 1105 2737 fere
1147 2655 1461 2720 exhauste.

666 2827 785 2886 (Ex
820 2825 979 2879 Arch.
1022 2825 1202 2879 Turio.
1240 2823 1384 2878 Plut.
1421 2824 1514 2879 VI.
1552 2823 1671 2879 Vol.
1691 2823 1809 2890 163,
1846 2824 1975 2877 olim
2011 2824 2184 2879 Sci-in.
2209 2825 2272 2879 Β.
2305 2826 2453 2895 Epp.
2493 2825 2632 2879 Tem

664 2895 754 2963 28,
791 2895 890 2949 fol.
935 2892 1054 2948 585.
1126 2893 1321 2947 Adscri
1363 2893 1437 2948 sit
1482 2894 1804 2947 Blaurerus:
1852 2893 2251 2963 Fraqnmtum
2299 2895 2635 2963 deser-imum

666 2980 737 3019 ex
772 2980 852 3034 ep.
890 2963 969 3019 D.
1010 2962 1283 3018 Theodori
1372 2963 1669 3101 azaz-daga
1700 2963 1894 3086 ‘ign-3⁶
1927 2961 1979 3017 8.
2011 2962 2188 3030 Iunii,
2225 2979 2389 3033 quam
2424 2978 2522 3033 eqo
2540 2976 2633 3019 ac-

666 3235 2631 3255 —--—-——————-—-—u-

662 3325 756 3340 --
798 3287 1058 3354 Nostris
1103 3307 1357 3370 quoque
1400 3286 1763 3353 cervicibus
1805 3285 2072 3353 videtur
2127 3288 2418 3353 maxima
2462 3294 2629 3354 tem-

667 3382 891 3460 pestas
934 3372 1297 3450 imminere,
1346 3371 1487 3438 sive
1533 3371 1846 3438 ditionem
1885 3372 2178 3440 Subando
2220 3374 2633 3439 restituerint

669 3461 1066 3537 Beruenses,
1095 3463 1147 3535 ¹)
1193 3459 1332 3524 sive
1377 3457 1580 3522 armis
1622 3459 1906 3524 retinere
1950 3459 2426 3525 constituerint.
2492 3459 2632 3523 Ve-

668 3567 820 3611 rum
862 3554 1192 3628 uteunque
1235 3544 1340 3621 sit,
1382 3541 1653 3608 Domini
1697 3564 1928 3610 sumus
1970 3553 2040 3611 et
2080 3551 2156 3610 ut
2198 3543 2451 3612 coelum
2499 3551 2632 3610 ter-

669 3652 785 3697 rae
842 3632 1198 3697 misceatur
1254 3638 1449 3712 atque
1506 3628 1666 3695 adeo
1722 3637 1800 3694 ut
1857 3630 2045 3697 nobis
2104 3630 2303 3697 etiam
2361 3632 2449 3695 sit
2489 3651 2631 3695 mo-

670 3716 994 3795 riendum,
1053 3716 1179 3782 viri
1238 3724 1303 3780 et
1353 3716 1595 3779 mortui
1652 3714 2064 3799 sperabimus
2120 3717 2190 3782 in
2248 3737 2325 3782 eo
2369 3716 2487 3799 qui
2530 3722 2633 3781 est

672 3812 903 3868 nostra
945 3800 1278 3867 fortitudo.

845 3888 1067 3972 Magis
1111 3907 1218 3952 me
1262 3892 1484 3951 movet
1518 3886 1689 3970 quod
1730 3885 1980 3953 Calvini
2017 3888 2227 3953 nostri
2270 3887 2447 3954 vires
2493 3909 2630 3954 non

668 3980 933 4039 tantum
974 3973 1253 4039 afflictas
1294 3980 1368 4037 ut
1409 3978 1604 4037 antea
1644 3970 1759 4037 sed
1802 3993 2010 4056 paene
2053 3974 2250 4039 etiam
2299 3983 2628 4057 postratas

666 4060 879 4125 video.
901 4061 961 4143 ²)
1018 4057 1154 4125 Sed
1197 4058 1478 4122 ominari
1522 4057 1672 4122 nolo
1716 4057 1885 4141 quod
1930 4059 2096 4124 mihi
2139 4061 2372 4142 quavis
2413 4065 2630 4125 morte

662 4144 863 4231 longe
897 4154 1069 4212 esset
1102 4144 1416 4211 acerbius.
1485 4143 1771 4208 Tantum
1806 4144 2007 4210 fortes
2041 4165 2394 4231 pergamus
2416 4146 2626 4212 donec

668 4230 753 4297 ad
788 4238 1033 4296 metam
1079 4230 1166 4296 sit
1207 4234 1601 4312 perventum
1644 4241 1711 4295 et
1746 4229 2024 4297 assiduis
2058 4232 2359 4315 precibus
2394 4240 2628 4298 mutuo

666 4338 790 4382 nos
833 4318 1315 4383 confirmemus.
1399 4314 1571 4379 Nam
1631 4323 1805 4381 certe
1847 4317 2019 4384 vivit
2061 4318 2246 4384 Deus
2287 4326 2516 4385 noster
2560 4326 2628 4385 et

662 4402 933 4487 plenam
977 4403 1107 4468 iam
1151 4399 1495 4469 victoriam
1539 4399 1726 4467 nobis
1765 4409 1867 4468 est
1899 4411 2438 4489 consequuturus.

658 4622 852 4676 sess.
878 4624 933 4683 ι)
971 4623 1047 4677 Ν.
1081 4620 1235 4676 3956.

874 4690 935 4759 2)
971 4690 1047 4747 N.
1081 4690 1234 4746 3962.
1268 4689 1421 4747 3963.

3607 611 3806 684 sess.
3869 647 3878 656 -

3053 747 3611 838 LAVA'TERUS
3654 768 3800 835 ΤΗ.
3844 768 4380 838 BLAURERO.

2806 944 3093 1098 wNova
3126 942 3432 1028 quaedam
3474 961 3553 1007 ex
3602 940 3845 1007 Gallia.
3931 937 4238 1006 Calvinus
4265 940 4538 1026 φωνᾶεν
4575 962 4659 1008 ω-

2726 1053 2808 1118 qr
2930 1082 2945 1096 .

2733 1202 2846 1271 (Ex
2882 1201 3221 1272 autographo
3271 1202 3399 1257 bibl.
3441 1202 3695 1327 0ἰῖῖὲαέ
3720 1313 3733 1328 ο
3772 1206 4013 1342 117M)SS’
4052 1205 4206 1259 Tem.
4243 1203 4330 1260 38.
4365 1206 4503 1277 Epp.
4535 1210 4657 1264 mins

2906 1441 3288 1509 Clarissimo
3368 1451 3437 1507 et
3499 1444 3975 1512 humanissimo
4041 1449 4184 1513 viro
4249 1451 4333 1516 D.
4399 1450 4661 1517 Thomas

2735 1527 3060 1594 Blaurero
3104 1527 3252 1594 Cos.
3298 1526 3559 1595 domino
3603 1552 3722 1596 suo
3766 1531 4224 1601 colendissimo

3497 1616 3602 1681 uff
3638 1616 3962 1701 Girsperg
4004 1620 4094 1703 by
4137 1619 4518 1689 Constantz.

2735 1871 2822 1884 -—
2875 1836 3212 1902 Novarum
3277 1858 3501 1902 rerum
3570 1847 3634 1905 te
3698 1838 3973 1924 dignum
4037 1842 4202 1908 nihil
4270 1844 4497 1922 habeo,
4559 1846 4666 1911 nisi

2736 1921 2910 2006 quod
2954 1923 3099 1987 heri
3143 1921 3406 2005 quidam
3447 1933 3844 1992 mercatores
3890 1926 4166 1994 Geneva
4209 1930 4548 1996 venientes
4585 1931 4664 1996 di·

2737 2017 2981 2073 xerunt
3023 2007 3204 2074 hisce
3249 2007 3477 2075 diebus
3520 2011 3820 2095 reginam
3861 2013 4195 2080 Navarrae
4245 2020 4322 2078 14
4359 2016 4666 2082 ministros

2737 2093 2926 2159 verbi
2971 2114 3010 2159 a
3058 2092 3319 2160 Calvino
3362 2097 3745 2179 postulasse,
3775 2099 3827 2181 ¹)
3872 2120 4031 2181 quos
4089 2099 4200 2164 ille
4259 2102 4526 2185 reginae
4565 2103 4666 2167 mi·

2737 2180 2915 2245 serit.
3018 2179 3332 2246 Metuunt
3388 2182 3640 2247 cordati
3697 2205 3783 2248 ne
3835 2184 3994 2268 quid
4051 2188 4329 2251 monstri
4385 2188 4591 2253 alatur
4637 2209 4668 2252 a

2736 2265 3090 2348 pontificiis
3134 2266 3205 2329 in
3252 2266 3488 2332 Gallia.
3571 2267 3897 2336 Dominus
3942 2272 4338 2337 misereatur
4381 2293 4536 2339 suae
4586 2295 4668 2339 eo-

2739 2351 2990 2417 elesiae.
3060 2350 3144 2415 D.
3188 2349 3491 2418 Calvinus
3539 2353 3754 2421 adhue
3799 2357 4017 2422 colieis
4061 2356 4392 2423 doloribus
4437 2367 4668 2443 torque-

2740 2445 2864 2588 tlur.
2952 2434 3284 2503 Dominus
3341 2460 3494 2504 eum
3551 2441 3870 2523 pristinae
3930 2442 4293 2510 valetudini
4353 2447 4670 2511 restituere

2783 2531 3066 2606 ignetur.
3113 2557 4604 2578 ————————————

2787 2683 2792 2688 .
2913 2608 3146 2693 Tiguri
3195 2614 3291 2677 ll.
3336 2611 3515 2676 Iunii
3559 2632 3734 2678 anno
3784 2616 3966 2678 1563.

3349 2748 3428 2815 P.
3475 2750 3549 2814 Τ.
3595 2748 4076 2818 addictissimus

3796 2836 4178 2905 Ludovieus
4222 2839 4604 2908 Lavaterus.

3515 3132 3938 3147 ψ

3620 3348 3819 3418 3967.

3201 3501 3876 3572 BULLINGERUS
3914 3505 4234 3572 BEZAE.

2906 3671 3065 3756 Ayit
3118 3673 3195 3738 de
3248 3672 3888 3757 duoeffltrisiophoro
3945 3697 4071 3758 pro
4121 3675 4678 3757 (huffe-ssione&

2728 3761 3002 3842 quotam
3050 3757 3265 3824 Gallis
3307 3760 3793 3826 commendanda
3835 3766 4167 3846 satayente,
4222 3764 4424 3847 deque
4463 3763 4674 3829 Lom-

2732 3864 3039 3910 ranorum
3082 3845 3154 3909 in
3181 3844 3530 3910 Germania
3571 3852 3785 3913 eontra
3833 3845 4292 3914 Calvinismum
4333 3850 4674 3917 insultibus.

2738 3929 2903 3996 Tum
2964 3929 3186 3996 Oohini
3243 3930 3669 3998 orthodoxiam
3726 3934 3973 4011 asserit,
4034 3935 4335 4000 miseram
4395 3936 4676 4003 conditio-

2730 4036 2870 4082 nem
2910 4017 3102 4096 deflet.

3077 4188 3188 4254 (Ex
3224 4188 3565 4259 autographo
3602 4190 3735 4245 Ood.
3769 4190 3973 4246 Gensv.
4007 4189 4128 4255 120.
4160 4191 4252 4247 fol.
4273 4191 4349 4259 6.)

2903 4357 3287 4427 Clarissimo
3323 4360 3466 4428 viro
3507 4362 3594 4428 D.
3641 4362 3984 4430 Theodoro
4017 4364 4233 4430 Besae
4279 4363 4680 4431 Genevensis

2729 4444 3045 4513 ecelesiae
3086 4445 3270 4512 fideli
3325 4448 3628 4515 ministro
3686 4448 3951 4515 domino
4008 4471 4156 4516 meo
4201 4449 4588 4517 honorando
4623 4460 4678 4512 e<

2727 4532 2918 4597 fratri
2960 4532 3314 4599 carissimo.

2899 4772 2969 4840 S.
3015 4774 3101 4840 D.
3192 4772 3406 4859 Spero
3463 4782 3548 4854 te,
3606 4775 3700 4841 mi
3754 4774 3977 4856 frater,
4031 4776 4306 4843 iamiam
4361 4794 4674 4860 aceeptus

2725 4866 2986 4926 nostras
3045 4860 3273 4927 literas
3323 4880 3457 4927 una
3503 4882 3651 4928 cum
3700 4860 3999 4946 symbolo
4042 4863 4286 4929 amoris
4328 4862 4606 4930 incluso.
4631 4863 4672 4937 ⁸)

2725 4944 2897 5011 Tum
2939 4945 3273 5032 intelliges
3314 4946 3539 5014 literas
3596 4956 3767 5027 tuas,
3831 4968 3994 5033 quas
4047 4959 4120 5013 tu
4157 4946 4533 5015 tradideras
4571 4967 4672 5011 su·

2723 5031 2924 5116 rigas,
2970 5032 3157 5099 nobis
3202 5054 3343 5099 esse
3387 5033 3679 5101 traditas.
3760 5032 3939 5101 Oura
3981 5046 4056 5099 tu
4099 5032 4330 5101 sedulo
4373 5056 4468 5102 ne
4509 5033 4670 5118 prin-

2725 5174 2954 5181 ——-——
2977 5176 3034 5181 ὴ-

2722 5255 2990 5393 mii
3023 5254 3303 5396 m
3335 5325 3506 5393 icone,
3541 5324 3658 5382 nias·
3686 5325 3954 5393 taven-r.
4017 5324 4157 5381 ma
4191 5324 4272 5381 Ν.
4299 5325 4465 5393 sess,
4499 5322 4666 5383 ..u

4331 5838 4809 6092 —l
