<?xml version="1.0" encoding="UTF-8"?>
<!DOCTYPE html PUBLIC "-//W3C//DTD XHTML 1.0 Transitional//EN"
    "http://www.w3.org/TR/xhtml1/DTD/xhtml1-transitional.dtd">
<html xmlns="http://www.w3.org/1999/xhtml" xml:lang="en" lang="en">
 <head>
  <title>
</title>
<meta http-equiv="Content-Type" content="text/html;charset=utf-8" />
  <meta name='ocr-system' content='tesseract 3.04.00' />
  <meta name='ocr-capabilities' content='ocr_page ocr_carea ocr_par ocr_line ocrx_word'/>
</head>
<body>
  <div class='ocr_page' id='page_1' title='image "./ioanniscalvinio12unkngoog/ioanniscalvinio12unkngoog_0155.png"; bbox 0 0 4900 6125; ppageno 0'>
   <div class='ocr_carea' id='block_1_1' title="bbox 315 363 4335 446">
    <p class='ocr_par' dir='ltr' id='par_1_1' title="bbox 315 363 4335 446">
     <span class='ocr_line' id='line_1_1' title="bbox 315 363 4335 446; baseline 0.001 -5"><span class='ocrx_word' id='word_1_1' title='bbox 315 376 439 441; x_wconf 79' lang='lat'><strong>2⁷7</strong></span> <span class='ocrx_word' id='word_1_2' title='bbox 1979 363 2145 443; x_wconf 77' lang='lat'>1562</span> <span class='ocrx_word' id='word_1_3' title='bbox 2185 374 2656 446; x_wconf 70' lang='lat' dir='ltr'><strong>FEBRUAR.</strong></span> <span class='ocrx_word' id='word_1_4' title='bbox 4204 381 4335 446; x_wconf 83' lang='lat'><strong>278</strong></span> 
     </span>
    </p>
   </div>
   <div class='ocr_carea' id='block_1_2' title="bbox 304 560 2271 1422">
    <p class='ocr_par' dir='ltr' id='par_1_2' title="bbox 304 560 2271 1422">
     <span class='ocr_line' id='line_1_2' title="bbox 485 560 2265 651; baseline 0.002 -24"><span class='ocrx_word' id='word_1_5' title='bbox 485 560 791 628; x_wconf 65' lang='lat' dir='ltr'><strong>&amp;aloinus</strong></span> <span class='ocrx_word' id='word_1_6' title='bbox 846 562 1070 629; x_wconf 78' lang='lat' dir='ltr'>scribit</span> <span class='ocrx_word' id='word_1_7' title='bbox 1113 564 1435 651; x_wconf 69' lang='lat' dir='ltr'><strong>&#39;figarum</strong></span> <span class='ocrx_word' id='word_1_8' title='bbox 1492 565 1998 632; x_wconf 76' lang='lat' dir='ltr'><strong>ostentationem</strong></span> <span class='ocrx_word' id='word_1_9' title='bbox 2099 584 2265 631; x_wconf 88' lang='lat' dir='ltr'><strong>uan-</strong></span> 
     </span>
     <span class='ocr_line' id='line_1_3' title="bbox 306 647 2265 738; baseline 0.002 -25"><span class='ocrx_word' id='word_1_10' title='bbox 306 647 460 714; x_wconf 86' lang='lat' dir='ltr'><strong>dam</strong></span> <span class='ocrx_word' id='word_1_11' title='bbox 504 668 965 734; x_wconf 79' lang='lat' dir='ltr'>permagnam:</span> <span class='ocrx_word' id='word_1_12' title='bbox 1012 656 1113 715; x_wconf 92' lang='lat' dir='ltr'><strong>tot</strong></span> <span class='ocrx_word' id='word_1_13' title='bbox 1154 670 1297 716; x_wconf 88' lang='lat' dir='ltr'><strong>esse</strong></span> <span class='ocrx_word' id='word_1_14' title='bbox 1341 649 1589 718; x_wconf 89' lang='lat' dir='ltr'><strong>scilicet</strong></span> <span class='ocrx_word' id='word_1_15' title='bbox 1624 652 1738 737; x_wconf 90' lang='lat' dir='ltr'><strong>qui</strong></span> <span class='ocrx_word' id='word_1_16' title='bbox 1772 651 2052 738; x_wconf 82' lang='lat' dir='ltr'><strong>singulis</strong></span> <span class='ocrx_word' id='word_1_17' title='bbox 2133 650 2265 717; x_wconf 90' lang='lat' dir='ltr'><strong>oris</strong></span> 
     </span>
     <span class='ocr_line' id='line_1_4' title="bbox 306 733 2271 821; baseline 0.001 -22"><span class='ocrx_word' id='word_1_18' title='bbox 306 733 576 820; x_wconf 86' lang='lat' dir='ltr'><strong>pulsant</strong></span> <span class='ocrx_word' id='word_1_19' title='bbox 637 733 721 798; x_wconf 95' lang='lat' dir='ltr'><strong>ad</strong></span> <span class='ocrx_word' id='word_1_20' title='bbox 786 735 927 801; x_wconf 86' lang='lat' dir='ltr'><strong>eius</strong></span> <span class='ocrx_word' id='word_1_21' title='bbox 991 733 1183 802; x_wconf 90' lang='lat' dir='ltr'><strong>aedes</strong></span> <span class='ocrx_word' id='word_1_22' title='bbox 1249 744 1543 821; x_wconf 89' lang='lat' dir='ltr'><strong>petentes</strong></span> <span class='ocrx_word' id='word_1_23' title='bbox 1607 736 2094 805; x_wconf 89' lang='lat' dir='ltr'><strong>concionatores</strong></span> <span class='ocrx_word' id='word_1_24' title='bbox 2112 788 2127 815; x_wconf 91' lang='lat'><strong>,</strong></span> <span class='ocrx_word' id='word_1_25' title='bbox 2194 742 2271 802; x_wconf 98' lang='grc' dir='ltr'><strong>ιιι</strong></span> 
     </span>
     <span class='ocr_line' id='line_1_5' title="bbox 305 819 2268 906; baseline 0.002 -23"><span class='ocrx_word' id='word_1_26' title='bbox 305 838 476 905; x_wconf 82' lang='lat' dir='ltr'><strong>papa</strong></span> <span class='ocrx_word' id='word_1_27' title='bbox 519 840 654 884; x_wconf 90' lang='lat' dir='ltr'><strong>non</strong></span> <span class='ocrx_word' id='word_1_28' title='bbox 700 827 799 886; x_wconf 89' lang='lat' dir='ltr'><strong>tot</strong></span> <span class='ocrx_word' id='word_1_29' title='bbox 850 819 1087 887; x_wconf 88' lang='lat' dir='ltr'><strong>habeat</strong></span> <span class='ocrx_word' id='word_1_30' title='bbox 1140 823 1248 906; x_wconf 91' lang='lat' dir='ltr'><strong>qui</strong></span> <span class='ocrx_word' id='word_1_31' title='bbox 1292 823 1530 889; x_wconf 86' lang='lat' dir='ltr'><strong>missas</strong></span> <span class='ocrx_word' id='word_1_32' title='bbox 1634 833 1834 890; x_wconf 88' lang='lat' dir='ltr'><strong>etant.</strong></span> <span class='ocrx_word' id='word_1_33' title='bbox 1933 820 2111 889; x_wconf 87' lang='lat' dir='ltr'><strong>Illud</strong></span> <span class='ocrx_word' id='word_1_34' title='bbox 2168 829 2268 889; x_wconf 88' lang='lat' dir='ltr'><strong>est</strong></span> 
     </span>
     <span class='ocr_line' id='line_1_6' title="bbox 305 904 2266 989; baseline 0.001 -18"><span class='ocrx_word' id='word_1_35' title='bbox 305 913 562 971; x_wconf 89' lang='lat' dir='ltr'><strong>certum</strong></span> <span class='ocrx_word' id='word_1_36' title='bbox 617 904 790 989; x_wconf 88' lang='lat' dir='ltr'><strong>quod</strong></span> <span class='ocrx_word' id='word_1_37' title='bbox 848 906 967 973; x_wconf 80' lang='lat' dir='ltr'><strong>vix</strong></span> <span class='ocrx_word' id='word_1_38' title='bbox 1021 906 1396 972; x_wconf 77' lang='lat' dir='ltr'><strong>admittitur</strong></span> <span class='ocrx_word' id='word_1_39' title='bbox 1453 908 1519 974; x_wconf 93' lang='lat' dir='ltr'><strong>in</strong></span> <span class='ocrx_word' id='word_1_40' title='bbox 1635 908 1790 975; x_wconf 90' lang='lat' dir='ltr'><strong>allia</strong></span> <span class='ocrx_word' id='word_1_41' title='bbox 1831 908 2266 984; x_wconf 75' lang='lat' dir='ltr'><strong>concionator,</strong></span> 
     </span>
     <span class='ocr_line' id='line_1_7' title="bbox 306 991 2268 1079; baseline 0.003 -24"><span class='ocrx_word' id='word_1_42' title='bbox 306 992 417 1076; x_wconf 86' lang='lat' dir='ltr'><strong>qui</strong></span> <span class='ocrx_word' id='word_1_43' title='bbox 477 1011 614 1057; x_wconf 91' lang='lat' dir='ltr'><strong>non</strong></span> <span class='ocrx_word' id='word_1_44' title='bbox 678 992 879 1058; x_wconf 84' lang='lat' dir='ltr'><strong>fuerit</strong></span> <span class='ocrx_word' id='word_1_45' title='bbox 936 1013 976 1057; x_wconf 90' lang='lat' dir='ltr'><strong>a</strong></span> <span class='ocrx_word' id='word_1_46' title='bbox 1032 991 1290 1060; x_wconf 78' lang='lat' dir='ltr'><strong>Calvino</strong></span> <span class='ocrx_word' id='word_1_47' title='bbox 1339 995 1774 1075; x_wconf 87' lang='lat' dir='ltr'><strong>examinatus,</strong></span> <span class='ocrx_word' id='word_1_48' title='bbox 1830 1001 1950 1061; x_wconf 88' lang='lat' dir='ltr'><strong>aut</strong></span> <span class='ocrx_word' id='word_1_49' title='bbox 2005 994 2063 1061; x_wconf 92' lang='lat' dir='ltr'><strong>si</strong></span> <span class='ocrx_word' id='word_1_50' title='bbox 2121 994 2268 1079; x_wconf 86' lang='lat' dir='ltr'><strong>quis</strong></span> 
     </span>
     <span class='ocr_line' id='line_1_8' title="bbox 307 1075 2267 1165; baseline 0.001 -22"><span class='ocrx_word' id='word_1_51' title='bbox 307 1075 600 1143; x_wconf 76' lang='lat' dir='ltr'><strong>voluerit</strong></span> <span class='ocrx_word' id='word_1_52' title='bbox 641 1076 1019 1160; x_wconf 89' lang='lat' dir='ltr'><strong>praedicare</strong></span> <span class='ocrx_word' id='word_1_53' title='bbox 1064 1099 1183 1145; x_wconf 90' lang='lat' dir='ltr'><strong>nec</strong></span> <span class='ocrx_word' id='word_1_54' title='bbox 1225 1080 1424 1145; x_wconf 76' lang='lat' dir='ltr'><strong>fuerit</strong></span> <span class='ocrx_word' id='word_1_55' title='bbox 1458 1081 1539 1147; x_wconf 88' lang='lat' dir='ltr'><strong>ab</strong></span> <span class='ocrx_word' id='word_1_56' title='bbox 1585 1101 1661 1147; x_wconf 92' lang='lat' dir='ltr'><strong>eo</strong></span> <span class='ocrx_word' id='word_1_57' title='bbox 1697 1102 1737 1146; x_wconf 93' lang='lat' dir='ltr'><strong>a</strong></span> <span class='ocrx_word' id='word_1_58' title='bbox 1780 1081 2108 1165; x_wconf 81' lang='lat' dir='ltr'><strong>probatus,</strong></span> <span class='ocrx_word' id='word_1_59' title='bbox 2153 1086 2267 1146; x_wconf 92' lang='lat' dir='ltr'><strong>ant</strong></span> 
     </span>
     <span class='ocr_line' id='line_1_9' title="bbox 306 1162 2267 1242; baseline 0.001 -14"><span class='ocrx_word' id='word_1_60' title='bbox 306 1162 621 1242; x_wconf 88' lang='lat' dir='ltr'><strong>reiicitur,</strong></span> <span class='ocrx_word' id='word_1_61' title='bbox 666 1170 780 1229; x_wconf 89' lang='lat' dir='ltr'><strong>aut</strong></span> <span class='ocrx_word' id='word_1_62' title='bbox 823 1184 958 1230; x_wconf 91' lang='lat' dir='ltr'><strong>non</strong></span> <span class='ocrx_word' id='word_1_63' title='bbox 992 1164 1088 1230; x_wconf 88' lang='lat' dir='ltr'><strong>ita</strong></span> <span class='ocrx_word' id='word_1_64' title='bbox 1125 1165 1290 1231; x_wconf 87' lang='lat' dir='ltr'><strong>solet</strong></span> <span class='ocrx_word' id='word_1_65' title='bbox 1323 1164 1604 1232; x_wconf 82' lang='lat' dir='ltr'><strong>libenter</strong></span> <span class='ocrx_word' id='word_1_66' title='bbox 1647 1188 1732 1233; x_wconf 89' lang='lat' dir='ltr'><strong>au</strong></span> <span class='ocrx_word' id='word_1_67' title='bbox 1781 1167 1878 1232; x_wconf 88' lang='lat' dir='ltr'><strong>iri.</strong></span> <span class='ocrx_word' id='word_1_68' title='bbox 1951 1165 2138 1233; x_wconf 89' lang='lat' dir='ltr'><strong>Haec</strong></span> <span class='ocrx_word' id='word_1_69' title='bbox 2183 1164 2267 1230; x_wconf 90' lang='lat' dir='ltr'><strong>ad</strong></span> 
     </span>
     <span class='ocr_line' id='line_1_10' title="bbox 304 1249 2266 1338; baseline 0.002 -24"><span class='ocrx_word' id='word_1_70' title='bbox 304 1269 411 1314; x_wconf 89' lang='lat' dir='ltr'><strong>me</strong></span> <span class='ocrx_word' id='word_1_71' title='bbox 457 1249 856 1328; x_wconf 88' lang='lat' dir='ltr'><strong>scribuntur,</strong></span> <span class='ocrx_word' id='word_1_72' title='bbox 904 1257 972 1316; x_wconf 91' lang='lat' dir='ltr'><strong>et</strong></span> <span class='ocrx_word' id='word_1_73' title='bbox 1002 1258 1222 1317; x_wconf 88' lang='lat' dir='ltr'><strong>metuo</strong></span> <span class='ocrx_word' id='word_1_74' title='bbox 1259 1270 1343 1317; x_wconf 89' lang='lat' dir='ltr'><strong>ne</strong></span> <span class='ocrx_word' id='word_1_75' title='bbox 1377 1252 1514 1318; x_wconf 91' lang='lat' dir='ltr'><strong>sint</strong></span> <span class='ocrx_word' id='word_1_76' title='bbox 1534 1273 1716 1319; x_wconf 75' lang='lat' dir='ltr'><strong>vera:</strong></span> <span class='ocrx_word' id='word_1_77' title='bbox 1764 1252 1898 1319; x_wconf 88' lang='lat' dir='ltr'><strong>tale</strong></span> <span class='ocrx_word' id='word_1_78' title='bbox 1919 1259 2020 1319; x_wconf 89' lang='lat' dir='ltr'><strong>est</strong></span> <span class='ocrx_word' id='word_1_79' title='bbox 2053 1272 2266 1338; x_wconf 82' lang='lat' dir='ltr'><strong>genus</strong></span> 
     </span>
     <span class='ocr_line' id='line_1_11' title="bbox 305 1333 2262 1422; baseline 0.002 -23"><span class='ocrx_word' id='word_1_80' title='bbox 305 1333 653 1400; x_wconf 85' lang='lat' dir='ltr'><strong>hominum</strong></span> <span class='ocrx_word' id='word_1_81' title='bbox 692 1343 758 1401; x_wconf 87' lang='lat' dir='ltr'><strong>et</strong></span> <span class='ocrx_word' id='word_1_82' title='bbox 800 1335 1236 1422; x_wconf 84' lang='lat' dir='ltr'><strong>ingeniorum.</strong></span> <span class='ocrx_word' id='word_1_83' title='bbox 1287 1373 2262 1387; x_wconf 73' lang='lat'>————————</span> 
     </span>
    </p>
   </div>
   <div class='ocr_carea' id='block_1_3' title="bbox 478 1472 1701 1558">
    <p class='ocr_par' dir='ltr' id='par_1_3' title="bbox 478 1472 1701 1558">
     <span class='ocr_line' id='line_1_12' title="bbox 478 1472 1701 1558; baseline 0.002 -19"><span class='ocrx_word' id='word_1_84' title='bbox 478 1472 825 1558; x_wconf 75' lang='lat' dir='ltr'><strong>Tubingae</strong></span> <span class='ocrx_word' id='word_1_85' title='bbox 867 1474 974 1540; x_wconf 86' lang='lat' dir='ltr'><strong>die</strong></span> <span class='ocrx_word' id='word_1_86' title='bbox 1018 1480 1076 1539; x_wconf 77' lang='grc' dir='ltr'><strong>ὅ.</strong></span> <span class='ocrx_word' id='word_1_87' title='bbox 1124 1474 1471 1541; x_wconf 76' lang='lat' dir='ltr'><strong>Februarii</strong></span> <span class='ocrx_word' id='word_1_88' title='bbox 1525 1479 1701 1541; x_wconf 74' lang='lat'><strong>1562.</strong></span> 
     </span>
    </p>
   </div>
   <div class='ocr_carea' id='block_1_4' title="bbox 673 1609 2269 1784">
    <p class='ocr_par' dir='ltr' id='par_1_4' title="bbox 673 1609 2269 1784">
     <span class='ocr_line' id='line_1_13' title="bbox 673 1609 2269 1680; baseline 0.001 -4"><span class='ocrx_word' id='word_1_89' title='bbox 673 1609 1169 1679; x_wconf 89' lang='lat' dir='ltr'><strong>Illustrissimae</strong></span> <span class='ocrx_word' id='word_1_90' title='bbox 1213 1610 1642 1679; x_wconf 84' lang='lat' dir='ltr'><strong>Celsitudinis</strong></span> <span class='ocrx_word' id='word_1_91' title='bbox 1685 1619 1944 1680; x_wconf 87' lang='lat' dir='ltr'><strong>vestrae</strong></span> <span class='ocrx_word' id='word_1_92' title='bbox 1986 1611 2269 1679; x_wconf 78' lang='lat' dir='ltr'><strong>servitor</strong></span> 
     </span>
     <span class='ocr_line' id='line_1_14' title="bbox 1217 1696 1596 1784; baseline 0.005 -22"><span class='ocrx_word' id='word_1_93' title='bbox 1217 1696 1596 1784; x_wconf 79' lang='lat' dir='ltr'><strong>Vergerius.</strong></span> 
     </span>
    </p>
   </div>
   <div class='ocr_carea' id='block_1_5' title="bbox 927 2208 1649 2416">
    <p class='ocr_par' dir='ltr' id='par_1_5' title="bbox 927 2208 1649 2416">
     <span class='ocr_line' id='line_1_15' title="bbox 1221 2208 1408 2280; baseline 0.005 -1"><span class='ocrx_word' id='word_1_94' title='bbox 1221 2208 1408 2280; x_wconf 78' lang='lat'><strong>3711.</strong></span> 
     </span>
     <span class='ocr_line' id='line_1_16' title="bbox 927 2345 1649 2416; baseline -0.001 -2"><span class='ocrx_word' id='word_1_95' title='bbox 927 2345 1289 2416; x_wconf 77' lang='lat' dir='ltr'><strong>zANous</strong></span> <span class='ocrx_word' id='word_1_96' title='bbox 1326 2347 1649 2414; x_wconf 83' lang='lat' dir='ltr'><strong>BEZAE.</strong></span> 
     </span>
    </p>
   </div>
   <div class='ocr_carea' id='block_1_6' title="bbox 295 2518 2269 2693">
    <p class='ocr_par' dir='ltr' id='par_1_6' title="bbox 295 2518 2269 2693">
     <span class='ocr_line' id='line_1_17' title="bbox 495 2518 2269 2602; baseline 0 -17"><span class='ocrx_word' id='word_1_97' title='bbox 495 2518 1124 2586; x_wconf 69' lang='lat' dir='ltr'><strong>Variaadnostras</strong></span> <span class='ocrx_word' id='word_1_98' title='bbox 1176 2520 1707 2601; x_wconf 76' lang='lat' dir='ltr'><strong>respertinentia</strong></span> <span class='ocrx_word' id='word_1_99' title='bbox 1761 2519 2269 2602; x_wconf 66' lang='lat' dir='ltr'><strong>exeemimex</strong></span> 
     </span>
     <span class='ocr_line' id='line_1_18' title="bbox 295 2604 894 2693; baseline -0.008 -18"><span class='ocrx_word' id='word_1_100' title='bbox 295 2604 894 2693; x_wconf 66' lang='lat' dir='ltr'><strong>lonqioreepistola.</strong></span> 
     </span>
    </p>
   </div>
   <div class='ocr_carea' id='block_1_7' title="bbox 590 2776 1999 2848">
    <p class='ocr_par' dir='ltr' id='par_1_7' title="bbox 590 2776 1999 2848">
     <span class='ocr_line' id='line_1_19' title="bbox 590 2776 1999 2848; baseline -0.001 -17"><span class='ocrx_word' id='word_1_101' title='bbox 590 2777 702 2845; x_wconf 70' lang='lat' dir='ltr'><strong>(Ex</strong></span> <span class='ocrx_word' id='word_1_102' title='bbox 739 2777 911 2833; x_wconf 85' lang='lat' dir='ltr'><strong>Tomo</strong></span> <span class='ocrx_word' id='word_1_103' title='bbox 949 2777 1101 2832; x_wconf 80' lang='lat' dir='ltr'><strong>vm.</strong></span> <span class='ocrx_word' id='word_1_104' title='bbox 1137 2778 1278 2848; x_wconf 90' lang='lat' dir='ltr'><strong>Opp.</strong></span> <span class='ocrx_word' id='word_1_105' title='bbox 1316 2777 1521 2832; x_wconf 73' lang='lat' dir='ltr'><strong>zanobi</strong></span> <span class='ocrx_word' id='word_1_106' title='bbox 1557 2777 1618 2832; x_wconf 86' lang='lat' dir='ltr'><strong>P.</strong></span> <span class='ocrx_word' id='word_1_107' title='bbox 1651 2776 1719 2831; x_wconf 91' lang='lat'><strong>11.</strong></span> <span class='ocrx_word' id='word_1_108' title='bbox 1759 2794 1810 2846; x_wconf 86' lang='lat' dir='ltr'><strong>p.</strong></span> <span class='ocrx_word' id='word_1_109' title='bbox 1850 2776 1999 2841; x_wconf 77' lang='lat'><strong>168.)</strong></span> 
     </span>
    </p>
   </div>
   <div class='ocr_carea' id='block_1_8' title="bbox 289 3032 2271 5009">
    <p class='ocr_par' dir='ltr' id='par_1_8' title="bbox 295 3032 2269 3291">
     <span class='ocr_line' id='line_1_20' title="bbox 295 3032 2267 3185; baseline -0.002 -83"><span class='ocrx_word' id='word_1_110' title='bbox 295 3036 599 3102; x_wconf 87' lang='lat' dir='ltr'><strong>Bernam</strong></span> <span class='ocrx_word' id='word_1_111' title='bbox 646 3056 776 3101; x_wconf 92' lang='lat' dir='ltr'><strong>non</strong></span> <span class='ocrx_word' id='word_1_112' title='bbox 821 3034 978 3101; x_wconf 82' lang='lat' dir='ltr'><strong>veni</strong></span> <span class='ocrx_word' id='word_1_113' title='bbox 1003 3039 1054 3114; x_wconf 81' lang='grc' dir='ltr'><strong>ι)</strong></span> <span class='ocrx_word' id='word_1_114' title='bbox 1098 3035 1272 3185; x_wconf 62' lang='grc' dir='ltr'>ῗιιιει,</span> <span class='ocrx_word' id='word_1_115' title='bbox 1330 3035 1531 3101; x_wconf 89' lang='lat' dir='ltr'><strong>misso</strong></span> <span class='ocrx_word' id='word_1_116' title='bbox 1577 3034 1822 3102; x_wconf 89' lang='lat' dir='ltr'><strong>nuncio</strong></span> <span class='ocrx_word' id='word_1_117' title='bbox 1879 3032 1961 3099; x_wconf 91' lang='lat' dir='ltr'><strong>ad</strong></span> <span class='ocrx_word' id='word_1_118' title='bbox 2006 3040 2267 3100; x_wconf 88' lang='lat' dir='ltr'><strong>nostros</strong></span> 
     </span>
     <span class='ocr_line' id='line_1_21' title="bbox 411 3117 2269 3204; baseline -0.002 -17"><span class='ocrx_word' id='word_1_119' title='bbox 411 3125 585 3187; x_wconf 82' lang='lat' dir='ltr'><strong>‘tum</strong></span> <span class='ocrx_word' id='word_1_120' title='bbox 629 3131 707 3187; x_wconf 91' lang='lat' dir='ltr'><strong>ut</strong></span> <span class='ocrx_word' id='word_1_121' title='bbox 749 3123 804 3188; x_wconf 87' lang='lat' dir='ltr'><strong>si</strong></span> <span class='ocrx_word' id='word_1_122' title='bbox 849 3141 954 3186; x_wconf 92' lang='lat' dir='ltr'><strong>me</strong></span> <span class='ocrx_word' id='word_1_123' title='bbox 996 3122 1104 3187; x_wconf 87' lang='lat' dir='ltr'><strong>nol</strong></span> <span class='ocrx_word' id='word_1_124' title='bbox 1132 3131 1249 3187; x_wconf 92' lang='lat' dir='ltr'><strong>ent</strong></span> <span class='ocrx_word' id='word_1_125' title='bbox 1269 3121 1678 3204; x_wconf 83' lang='lat' dir='ltr'><strong>Argentinae</strong></span> <span class='ocrx_word' id='word_1_126' title='bbox 1715 3120 1841 3187; x_wconf 87' lang='lat' dir='ltr'><strong>sibi</strong></span> <span class='ocrx_word' id='word_1_127' title='bbox 1878 3140 1999 3204; x_wconf 88' lang='lat' dir='ltr'><strong>pro</strong></span> <span class='ocrx_word' id='word_1_128' title='bbox 2043 3117 2269 3186; x_wconf 85' lang='lat' dir='ltr'><strong>schola</strong></span> 
     </span>
     <span class='ocr_line' id='line_1_22' title="bbox 489 3204 2268 3291; baseline -0.003 -18"><span class='ocrx_word' id='word_1_129' title='bbox 489 3211 632 3274; x_wconf 91' lang='lat' dir='ltr'><strong>ensi</strong></span> <span class='ocrx_word' id='word_1_130' title='bbox 677 3207 1127 3285; x_wconf 73' lang='lat' dir='ltr'><strong>concederent,</strong></span> <span class='ocrx_word' id='word_1_131' title='bbox 1174 3229 1247 3273; x_wconf 88' lang='lat' dir='ltr'><strong>re</strong></span> <span class='ocrx_word' id='word_1_132' title='bbox 1287 3207 1434 3291; x_wconf 89' lang='lat' dir='ltr'><strong>ipsa</strong></span> <span class='ocrx_word' id='word_1_133' title='bbox 1471 3206 1801 3272; x_wconf 85' lang='lat' dir='ltr'><strong>testificati</strong></span> <span class='ocrx_word' id='word_1_134' title='bbox 1836 3215 1995 3271; x_wconf 89' lang='lat' dir='ltr'><strong>sunt</strong></span> <span class='ocrx_word' id='word_1_135' title='bbox 2036 3204 2268 3271; x_wconf 90' lang='lat' dir='ltr'><strong>Domi-</strong></span> 
     </span>
    </p>

    <p class='ocr_par' dir='ltr' id='par_1_9' title="bbox 289 3290 2271 4047">
     <span class='ocr_line' id='line_1_23' title="bbox 294 3290 2266 3377; baseline -0.003 -17"><span class='ocrx_word' id='word_1_136' title='bbox 294 3295 404 3360; x_wconf 89' lang='lat' dir='ltr'><strong>nis</strong></span> <span class='ocrx_word' id='word_1_137' title='bbox 470 3315 686 3359; x_wconf 91' lang='lat' dir='ltr'><strong>meam</strong></span> <span class='ocrx_word' id='word_1_138' title='bbox 734 3303 802 3359; x_wconf 92' lang='lat' dir='ltr'><strong>et</strong></span> <span class='ocrx_word' id='word_1_139' title='bbox 844 3313 1195 3377; x_wconf 80' lang='lat' dir='ltr'><strong>personam</strong></span> <span class='ocrx_word' id='word_1_140' title='bbox 1249 3301 1315 3357; x_wconf 92' lang='lat' dir='ltr'><strong>et</strong></span> <span class='ocrx_word' id='word_1_141' title='bbox 1360 3292 1728 3358; x_wconf 87' lang='lat' dir='ltr'><strong>doctrinam</strong></span> <span class='ocrx_word' id='word_1_142' title='bbox 1781 3290 1907 3358; x_wconf 90' lang='lat' dir='ltr'><strong>sibi</strong></span> <span class='ocrx_word' id='word_1_143' title='bbox 1963 3310 2096 3356; x_wconf 91' lang='lat' dir='ltr'><strong>non</strong></span> <span class='ocrx_word' id='word_1_144' title='bbox 2141 3291 2266 3355; x_wconf 92' lang='lat' dir='ltr'><strong>im·</strong></span> 
     </span>
     <span class='ocr_line' id='line_1_24' title="bbox 294 3377 2268 3464; baseline -0.003 -19"><span class='ocrx_word' id='word_1_145' title='bbox 294 3380 584 3464; x_wconf 83' lang='lat' dir='ltr'><strong>probari.</strong></span> <span class='ocrx_word' id='word_1_146' title='bbox 675 3381 1022 3446; x_wconf 79' lang='lat' dir='ltr'><strong>Genevam</strong></span> <span class='ocrx_word' id='word_1_147' title='bbox 1066 3379 1278 3443; x_wconf 86' lang='lat' dir='ltr'><strong>multo</strong></span> <span class='ocrx_word' id='word_1_148' title='bbox 1321 3378 1543 3444; x_wconf 90' lang='lat' dir='ltr'><strong>minus</strong></span> <span class='ocrx_word' id='word_1_149' title='bbox 1585 3377 1742 3443; x_wconf 83' lang='lat' dir='ltr'><strong>veni</strong></span> <span class='ocrx_word' id='word_1_150' title='bbox 1798 3378 1952 3461; x_wconf 88' lang='lat' dir='ltr'><strong>quia</strong></span> <span class='ocrx_word' id='word_1_151' title='bbox 1992 3378 2064 3441; x_wconf 92' lang='lat' dir='ltr'><strong>in</strong></span> <span class='ocrx_word' id='word_1_152' title='bbox 2112 3397 2268 3442; x_wconf 88' lang='lat' dir='ltr'><strong>con-</strong></span> 
     </span>
     <span class='ocr_line' id='line_1_25' title="bbox 294 3460 2269 3549; baseline -0.001 -19"><span class='ocrx_word' id='word_1_153' title='bbox 294 3465 477 3532; x_wconf 75' lang='lat' dir='ltr'><strong>fesso</strong></span> <span class='ocrx_word' id='word_1_154' title='bbox 522 3476 625 3531; x_wconf 90' lang='lat' dir='ltr'><strong>est</strong></span> <span class='ocrx_word' id='word_1_155' title='bbox 684 3464 860 3549; x_wconf 89' lang='lat' dir='ltr'><strong>apud</strong></span> <span class='ocrx_word' id='word_1_156' title='bbox 916 3472 1170 3530; x_wconf 86' lang='lat' dir='ltr'><strong>vestros</strong></span> <span class='ocrx_word' id='word_1_157' title='bbox 1229 3484 1337 3529; x_wconf 90' lang='lat' dir='ltr'><strong>me</strong></span> <span class='ocrx_word' id='word_1_158' title='bbox 1393 3483 1528 3528; x_wconf 93' lang='lat' dir='ltr'><strong>non</strong></span> <span class='ocrx_word' id='word_1_159' title='bbox 1581 3463 1772 3528; x_wconf 88' lang='lat' dir='ltr'><strong>aliter</strong></span> <span class='ocrx_word' id='word_1_160' title='bbox 1829 3460 2129 3529; x_wconf 81' lang='lat' dir='ltr'><strong>docuisse</strong></span> <span class='ocrx_word' id='word_1_161' title='bbox 2187 3461 2269 3529; x_wconf 91' lang='lat' dir='ltr'><strong>de</strong></span> 
     </span>
     <span class='ocr_line' id='line_1_26' title="bbox 291 3550 2269 3636; baseline -0.003 -19"><span class='ocrx_word' id='word_1_162' title='bbox 291 3550 900 3636; x_wconf 74' lang='lat' dir='ltr'><strong>praedestinatione</strong></span> <span class='ocrx_word' id='word_1_163' title='bbox 951 3558 1021 3615; x_wconf 91' lang='lat' dir='ltr'><strong>et</strong></span> <span class='ocrx_word' id='word_1_164' title='bbox 1072 3550 1566 3634; x_wconf 80' lang='lat' dir='ltr'><strong>perseverantia</strong></span> <span class='ocrx_word' id='word_1_165' title='bbox 1631 3556 2009 3615; x_wconf 88' lang='lat' dir='ltr'><strong>sanctorum</strong></span> <span class='ocrx_word' id='word_1_166' title='bbox 2071 3567 2269 3631; x_wconf 86' lang='lat' dir='ltr'><strong>quam</strong></span> 
     </span>
     <span class='ocr_line' id='line_1_27' title="bbox 297 3633 2271 3719; baseline -0.002 -16"><span class='ocrx_word' id='word_1_167' title='bbox 297 3635 610 3703; x_wconf 66' lang='lat' dir='ltr'><strong>celuim</strong></span> <span class='ocrx_word' id='word_1_168' title='bbox 674 3645 742 3701; x_wconf 90' lang='lat' dir='ltr'><strong>et</strong></span> <span class='ocrx_word' id='word_1_169' title='bbox 794 3636 1069 3702; x_wconf 87' lang='lat' dir='ltr'><strong>ecclesia</strong></span> <span class='ocrx_word' id='word_1_170' title='bbox 1124 3634 1566 3702; x_wconf 82' lang='lat' dir='ltr'><strong>Genevensis:</strong></span> <span class='ocrx_word' id='word_1_171' title='bbox 1633 3635 1767 3698; x_wconf 90' lang='lat' dir='ltr'><strong>imo</strong></span> <span class='ocrx_word' id='word_1_172' title='bbox 1831 3653 1967 3699; x_wconf 90' lang='lat' dir='ltr'><strong>non</strong></span> <span class='ocrx_word' id='word_1_173' title='bbox 2031 3633 2271 3719; x_wconf 88' lang='lat' dir='ltr'><strong>puduit</strong></span> 
     </span>
     <span class='ocr_line' id='line_1_28' title="bbox 291 3720 2267 3806; baseline -0.003 -17"><span class='ocrx_word' id='word_1_174' title='bbox 291 3722 638 3789; x_wconf 84' lang='lat' dir='ltr'><strong>hominem</strong></span> <span class='ocrx_word' id='word_1_175' title='bbox 659 3727 716 3802; x_wconf 85' lang='lat'><strong>²)</strong></span> <span class='ocrx_word' id='word_1_176' title='bbox 761 3721 976 3787; x_wconf 85' lang='lat' dir='ltr'><strong>dicere</strong></span> <span class='ocrx_word' id='word_1_177' title='bbox 1018 3723 1091 3786; x_wconf 92' lang='lat' dir='ltr'><strong>in</strong></span> <span class='ocrx_word' id='word_1_178' title='bbox 1133 3720 1442 3806; x_wconf 83' lang='lat' dir='ltr'><strong>Capitulo</strong></span> <span class='ocrx_word' id='word_1_179' title='bbox 1486 3741 1592 3785; x_wconf 89' lang='lat' dir='ltr'><strong>me</strong></span> <span class='ocrx_word' id='word_1_180' title='bbox 1636 3739 1865 3785; x_wconf 85' lang='lat' dir='ltr'><strong>omnes</strong></span> <span class='ocrx_word' id='word_1_181' title='bbox 1895 3741 2076 3785; x_wconf 89' lang='lat' dir='ltr'><strong>meas</strong></span> <span class='ocrx_word' id='word_1_182' title='bbox 2111 3720 2267 3785; x_wconf 89' lang='lat' dir='ltr'><strong>hae-</strong></span> 
     </span>
     <span class='ocr_line' id='line_1_29' title="bbox 291 3804 2265 3887; baseline -0.002 -13"><span class='ocrx_word' id='word_1_183' title='bbox 291 3830 478 3874; x_wconf 81' lang='lat' dir='ltr'><strong>reses</strong></span> <span class='ocrx_word' id='word_1_184' title='bbox 523 3808 782 3874; x_wconf 86' lang='lat' dir='ltr'><strong>snxisse</strong></span> <span class='ocrx_word' id='word_1_185' title='bbox 838 3827 923 3873; x_wconf 87' lang='lat' dir='ltr'><strong>ex</strong></span> <span class='ocrx_word' id='word_1_186' title='bbox 974 3805 1236 3874; x_wconf 76' lang='lat' dir='ltr'><strong>calvino</strong></span> <span class='ocrx_word' id='word_1_187' title='bbox 1291 3813 1359 3872; x_wconf 89' lang='lat' dir='ltr'><strong>et</strong></span> <span class='ocrx_word' id='word_1_188' title='bbox 1414 3804 1627 3873; x_wconf 70' lang='lat' dir='ltr'><strong>Besae</strong></span> <span class='ocrx_word' id='word_1_189' title='bbox 1681 3804 1883 3871; x_wconf 84' lang='lat' dir='ltr'><strong>libris.</strong></span> <span class='ocrx_word' id='word_1_190' title='bbox 1984 3806 2139 3887; x_wconf 74' lang='lat' dir='ltr'><strong>Qua</strong></span> <span class='ocrx_word' id='word_1_191' title='bbox 2189 3806 2265 3870; x_wconf 92' lang='lat' dir='ltr'><strong>in</strong></span> 
     </span>
     <span class='ocr_line' id='line_1_30' title="bbox 293 3889 2266 3977; baseline -0.002 -18"><span class='ocrx_word' id='word_1_192' title='bbox 293 3916 387 3970; x_wconf 86' lang='lat' dir='ltr'><strong>re,</strong></span> <span class='ocrx_word' id='word_1_193' title='bbox 433 3893 600 3959; x_wconf 86' lang='lat' dir='ltr'><strong>dnm</strong></span> <span class='ocrx_word' id='word_1_194' title='bbox 658 3894 866 3959; x_wconf 84' lang='lat' dir='ltr'><strong>voluit</strong></span> <span class='ocrx_word' id='word_1_195' title='bbox 920 3914 1031 3958; x_wconf 91' lang='lat' dir='ltr'><strong>me</strong></span> <span class='ocrx_word' id='word_1_196' title='bbox 1086 3912 1369 3977; x_wconf 79' lang='lat' dir='ltr'><strong>gravare</strong></span> <span class='ocrx_word' id='word_1_197' title='bbox 1424 3889 1599 3975; x_wconf 87' lang='lat' dir='ltr'><strong>apud</strong></span> <span class='ocrx_word' id='word_1_198' title='bbox 1659 3890 1960 3976; x_wconf 82' lang='lat' dir='ltr'><strong>collegas,</strong></span> <span class='ocrx_word' id='word_1_199' title='bbox 2018 3911 2266 3976; x_wconf 77' lang='lat' dir='ltr'><strong>magna</strong></span> 
     </span>
     <span class='ocr_line' id='line_1_31' title="bbox 289 3976 2254 4047; baseline -0.002 -2"><span class='ocrx_word' id='word_1_200' title='bbox 289 4001 402 4047; x_wconf 86' lang='lat' dir='ltr'><strong>me</strong></span> <span class='ocrx_word' id='word_1_201' title='bbox 447 3981 672 4045; x_wconf 85' lang='lat' dir='ltr'><strong>affecit</strong></span> <span class='ocrx_word' id='word_1_202' title='bbox 713 3977 909 4045; x_wconf 91' lang='lat' dir='ltr'><strong>laude</strong></span> <span class='ocrx_word' id='word_1_203' title='bbox 964 3999 1003 4043; x_wconf 88' lang='lat' dir='ltr'><strong>a</strong></span> <span class='ocrx_word' id='word_1_204' title='bbox 1050 3976 1139 4043; x_wconf 90' lang='lat' dir='ltr'><strong>ud</strong></span> <span class='ocrx_word' id='word_1_205' title='bbox 1194 3978 1473 4045; x_wconf 87' lang='lat' dir='ltr'><strong>eosdem.</strong></span> <span class='ocrx_word' id='word_1_206' title='bbox 1523 4012 2254 4026; x_wconf 86' lang='lat'>——————</span> 
     </span>
    </p>

    <p class='ocr_par' dir='ltr' id='par_1_10' title="bbox 291 4061 2264 4476">
     <span class='ocr_line' id='line_1_32' title="bbox 475 4061 2258 4146; baseline -0.001 -16"><span class='ocrx_word' id='word_1_207' title='bbox 475 4065 837 4131; x_wconf 70' lang='lat' dir='ltr'><strong>Heshusius</strong></span> <span class='ocrx_word' id='word_1_208' title='bbox 855 4068 908 4140; x_wconf 79' lang='lat'><strong>⁸)</strong></span> <span class='ocrx_word' id='word_1_209' title='bbox 965 4086 1001 4130; x_wconf 93' lang='lat' dir='ltr'><strong>e</strong></span> <span class='ocrx_word' id='word_1_210' title='bbox 1048 4064 1170 4129; x_wconf 90' lang='lat' dir='ltr'><strong>idit</strong></span> <span class='ocrx_word' id='word_1_211' title='bbox 1231 4065 1725 4146; x_wconf 86' lang='lat' dir='ltr'><strong>responsionem</strong></span> <span class='ocrx_word' id='word_1_212' title='bbox 1771 4061 1853 4128; x_wconf 87' lang='lat' dir='ltr'><strong>ad</strong></span> <span class='ocrx_word' id='word_1_213' title='bbox 1909 4070 2112 4142; x_wconf 89' lang='lat' dir='ltr'><strong>tuam,</strong></span> <span class='ocrx_word' id='word_1_214' title='bbox 2173 4063 2258 4129; x_wconf 90' lang='lat' dir='ltr'><strong>D.</strong></span> 
     </span>
     <span class='ocr_line' id='line_1_33' title="bbox 293 4147 2264 4233; baseline -0.002 -15"><span class='ocrx_word' id='word_1_215' title='bbox 293 4153 576 4229; x_wconf 74' lang='lat' dir='ltr'><strong>calvini,</strong></span> <span class='ocrx_word' id='word_1_216' title='bbox 619 4149 906 4233; x_wconf 75' lang='lat' dir='ltr'><strong>Boquini</strong></span> <span class='ocrx_word' id='word_1_217' title='bbox 939 4161 1008 4216; x_wconf 90' lang='lat' dir='ltr'><strong>et</strong></span> <span class='ocrx_word' id='word_1_218' title='bbox 1056 4147 1304 4221; x_wconf 74' lang='lat' dir='ltr'><strong>Glebitii</strong></span> <span class='ocrx_word' id='word_1_219' title='bbox 1345 4148 1546 4215; x_wconf 83' lang='lat' dir='ltr'><strong>s&#39;imul</strong></span> <span class='ocrx_word' id='word_1_220' title='bbox 1589 4150 1809 4216; x_wconf 85' lang='lat' dir='ltr'><strong>libros.</strong></span> <span class='ocrx_word' id='word_1_221' title='bbox 1868 4149 1996 4216; x_wconf 83' lang='lat' dir='ltr'><strong>Est</strong></span> <span class='ocrx_word' id='word_1_222' title='bbox 2029 4157 2264 4232; x_wconf 83' lang='lat' dir='ltr'><strong>quarta</strong></span> 
     </span>
     <span class='ocr_line' id='line_1_34' title="bbox 291 4235 2261 4318; baseline -0.002 -15"><span class='ocrx_word' id='word_1_223' title='bbox 291 4238 511 4304; x_wconf 76' lang='lat' dir='ltr'><strong>forma</strong></span> <span class='ocrx_word' id='word_1_224' title='bbox 555 4238 722 4303; x_wconf 89' lang='lat' dir='ltr'><strong>bene</strong></span> <span class='ocrx_word' id='word_1_225' title='bbox 766 4236 939 4302; x_wconf 87' lang='lat' dir='ltr'><strong>altus</strong></span> <span class='ocrx_word' id='word_1_226' title='bbox 997 4236 1180 4302; x_wconf 88' lang='lat' dir='ltr'><strong>liber.</strong></span> <span class='ocrx_word' id='word_1_227' title='bbox 1289 4235 1511 4301; x_wconf 89' lang='lat' dir='ltr'><strong>Unum</strong></span> <span class='ocrx_word' id='word_1_228' title='bbox 1564 4235 1939 4318; x_wconf 82' lang='lat' dir='ltr'><strong>exemplum</strong></span> <span class='ocrx_word' id='word_1_229' title='bbox 2000 4243 2261 4301; x_wconf 89' lang='lat' dir='ltr'><strong>tantum</strong></span> 
     </span>
     <span class='ocr_line' id='line_1_35' title="bbox 291 4320 2260 4390; baseline -0.001 -2"><span class='ocrx_word' id='word_1_230' title='bbox 291 4324 428 4390; x_wconf 85' lang='lat' dir='ltr'><strong>hnc</strong></span> <span class='ocrx_word' id='word_1_231' title='bbox 473 4324 601 4388; x_wconf 70' lang='lat' dir='ltr'><strong>fnit</strong></span> <span class='ocrx_word' id='word_1_232' title='bbox 644 4333 896 4389; x_wconf 88' lang='lat' dir='ltr'><strong>secreto</strong></span> <span class='ocrx_word' id='word_1_233' title='bbox 940 4322 1216 4388; x_wconf 88' lang='lat' dir='ltr'><strong>allatum</strong></span> <span class='ocrx_word' id='word_1_234' title='bbox 1266 4331 1332 4387; x_wconf 91' lang='lat' dir='ltr'><strong>et</strong></span> <span class='ocrx_word' id='word_1_235' title='bbox 1374 4320 1539 4386; x_wconf 92' lang='lat' dir='ltr'><strong>illud</strong></span> <span class='ocrx_word' id='word_1_236' title='bbox 1582 4322 1856 4387; x_wconf 90' lang='lat' dir='ltr'><strong>missum</strong></span> <span class='ocrx_word' id='word_1_237' title='bbox 1901 4330 2005 4386; x_wconf 89' lang='lat' dir='ltr'><strong>est</strong></span> <span class='ocrx_word' id='word_1_238' title='bbox 2047 4320 2129 4386; x_wconf 92' lang='lat' dir='ltr'><strong>ad</strong></span> <span class='ocrx_word' id='word_1_239' title='bbox 2174 4320 2260 4386; x_wconf 89' lang='lat' dir='ltr'><strong>D.</strong></span> 
     </span>
     <span class='ocr_line' id='line_1_36' title="bbox 293 4409 651 4476; baseline -0.014 1"><span class='ocrx_word' id='word_1_240' title='bbox 293 4409 651 4476; x_wconf 63' lang='lat' dir='ltr'><strong>cavinum.</strong></span> 
     </span>
    </p>

    <p class='ocr_par' dir='ltr' id='par_1_11' title="bbox 293 4491 2264 4836">
     <span class='ocr_line' id='line_1_37' title="bbox 471 4491 2260 4578; baseline -0.001 -18"><span class='ocrx_word' id='word_1_241' title='bbox 471 4495 750 4561; x_wconf 89' lang='lat' dir='ltr'><strong>Decimo</strong></span> <span class='ocrx_word' id='word_1_242' title='bbox 794 4495 1020 4578; x_wconf 87' lang='lat' dir='ltr'><strong>quinto</strong></span> <span class='ocrx_word' id='word_1_243' title='bbox 1075 4493 1272 4559; x_wconf 88' lang='lat' dir='ltr'><strong>huius</strong></span> <span class='ocrx_word' id='word_1_244' title='bbox 1316 4493 1564 4559; x_wconf 89' lang='lat' dir='ltr'><strong>mensis</strong></span> <span class='ocrx_word' id='word_1_245' title='bbox 1607 4491 1970 4558; x_wconf 83' lang='lat' dir='ltr'><strong>Zaberniae</strong></span> <span class='ocrx_word' id='word_1_246' title='bbox 2023 4513 2260 4559; x_wconf 87' lang='lat' dir='ltr'><strong>conve-</strong></span> 
     </span>
     <span class='ocr_line' id='line_1_38' title="bbox 293 4577 2262 4664; baseline -0.001 -19"><span class='ocrx_word' id='word_1_247' title='bbox 293 4583 492 4647; x_wconf 83' lang='lat' dir='ltr'><strong>nient</strong></span> <span class='ocrx_word' id='word_1_248' title='bbox 509 4580 831 4664; x_wconf 84' lang='lat' dir='ltr'><strong>Princeps</strong></span> <span class='ocrx_word' id='word_1_249' title='bbox 869 4578 1443 4664; x_wconf 67' lang='lat' dir='ltr'><strong>Wtrtemberyensis</strong></span> <span class='ocrx_word' id='word_1_250' title='bbox 1477 4598 1620 4643; x_wconf 88' lang='lat' dir='ltr'><strong>cum</strong></span> <span class='ocrx_word' id='word_1_251' title='bbox 1647 4577 1913 4645; x_wconf 76' lang='lat' dir='ltr'><strong>Brentio</strong></span> <span class='ocrx_word' id='word_1_252' title='bbox 1946 4587 2012 4645; x_wconf 91' lang='lat' dir='ltr'><strong>et</strong></span> <span class='ocrx_word' id='word_1_253' title='bbox 2040 4587 2262 4646; x_wconf 81' lang='lat' dir='ltr'><strong>vester</strong></span> 
     </span>
     <span class='ocr_line' id='line_1_39' title="bbox 293 4663 2264 4744; baseline -0.001 -12"><span class='ocrx_word' id='word_1_254' title='bbox 293 4666 438 4732; x_wconf 81' lang='lat' dir='ltr'><strong>dux</strong></span> <span class='ocrx_word' id='word_1_255' title='bbox 489 4667 849 4732; x_wconf 58' lang='lat' dir='ltr'><strong>Gai-§ianus</strong></span> <span class='ocrx_word' id='word_1_256' title='bbox 904 4686 1056 4731; x_wconf 92' lang='lat' dir='ltr'><strong>cum</strong></span> <span class='ocrx_word' id='word_1_257' title='bbox 1102 4666 1303 4731; x_wconf 85' lang='lat' dir='ltr'><strong>fratre</strong></span> <span class='ocrx_word' id='word_1_258' title='bbox 1348 4663 1704 4740; x_wconf 85' lang='lat' dir='ltr'><strong>Oardinali,</strong></span> <span class='ocrx_word' id='word_1_259' title='bbox 1763 4666 2110 4732; x_wconf 83' lang='lat' dir='ltr'><strong>tractaturi</strong></span> <span class='ocrx_word' id='word_1_260' title='bbox 2158 4670 2264 4744; x_wconf 89' lang='lat' dir='ltr'><strong>(ut</strong></span> 
     </span>
     <span class='ocr_line' id='line_1_40' title="bbox 293 4751 2264 4836; baseline -0.002 -18"><span class='ocrx_word' id='word_1_261' title='bbox 293 4753 537 4826; x_wconf 78' lang='lat' dir='ltr'><strong>fertur)</strong></span> <span class='ocrx_word' id='word_1_262' title='bbox 582 4751 666 4819; x_wconf 93' lang='lat' dir='ltr'><strong>de</strong></span> <span class='ocrx_word' id='word_1_263' title='bbox 709 4751 989 4836; x_wconf 86' lang='lat' dir='ltr'><strong>quodam</strong></span> <span class='ocrx_word' id='word_1_264' title='bbox 1046 4752 1480 4818; x_wconf 89' lang='lat' dir='ltr'><strong>matrimonio.</strong></span> <span class='ocrx_word' id='word_1_265' title='bbox 1545 4786 2264 4802; x_wconf 80' lang='lat'>——————</span> 
     </span>
    </p>

    <p class='ocr_par' dir='ltr' id='par_1_12' title="bbox 293 4836 2262 5009">
     <span class='ocr_line' id='line_1_41' title="bbox 471 4836 2260 4923; baseline -0.001 -19"><span class='ocrx_word' id='word_1_266' title='bbox 471 4839 735 4923; x_wconf 85' lang='lat' dir='ltr'><strong>Religio</strong></span> <span class='ocrx_word' id='word_1_267' title='bbox 783 4838 1157 4905; x_wconf 86' lang='lat' dir='ltr'><strong>felicissime</strong></span> <span class='ocrx_word' id='word_1_268' title='bbox 1211 4836 1499 4905; x_wconf 89' lang='lat' dir='ltr'><strong>succedit</strong></span> <span class='ocrx_word' id='word_1_269' title='bbox 1550 4837 1624 4901; x_wconf 89' lang='lat' dir='ltr'><strong>in</strong></span> <span class='ocrx_word' id='word_1_270' title='bbox 1679 4836 2097 4903; x_wconf 88' lang='lat' dir='ltr'><strong>Palatinatu:</strong></span> <span class='ocrx_word' id='word_1_271' title='bbox 2156 4837 2260 4903; x_wconf 91' lang='lat' dir='ltr'><strong>in-</strong></span> 
     </span>
     <span class='ocr_line' id='line_1_42' title="bbox 293 4922 2262 5009; baseline 0.001 -21"><span class='ocrx_word' id='word_1_272' title='bbox 293 4927 538 4990; x_wconf 85' lang='lat' dir='ltr'><strong>stituta</strong></span> <span class='ocrx_word' id='word_1_273' title='bbox 581 4924 713 4989; x_wconf 87' lang='lat' dir='ltr'><strong>iam</strong></span> <span class='ocrx_word' id='word_1_274' title='bbox 757 4935 858 4991; x_wconf 88' lang='lat' dir='ltr'><strong>est</strong></span> <span class='ocrx_word' id='word_1_275' title='bbox 902 4924 991 4989; x_wconf 88' lang='lat' dir='ltr'><strong>ibi</strong></span> <span class='ocrx_word' id='word_1_276' title='bbox 1035 4933 1102 4989; x_wconf 93' lang='lat' dir='ltr'><strong>et</strong></span> <span class='ocrx_word' id='word_1_277' title='bbox 1145 4933 1408 5009; x_wconf 84' lang='lat' dir='ltr'><strong>recepta</strong></span> <span class='ocrx_word' id='word_1_278' title='bbox 1441 4923 1674 4988; x_wconf 85' lang='lat' dir='ltr'><strong>fractio</strong></span> <span class='ocrx_word' id='word_1_279' title='bbox 1717 4923 1925 5008; x_wconf 87' lang='lat' dir='ltr'><strong>panis.</strong></span> <span class='ocrx_word' id='word_1_280' title='bbox 1973 4922 2054 4988; x_wconf 93' lang='lat' dir='ltr'><strong>Id</strong></span> <span class='ocrx_word' id='word_1_281' title='bbox 2090 4923 2262 5008; x_wconf 91' lang='lat' dir='ltr'><strong>quod</strong></span> 
     </span>
    </p>
   </div>
   <div class='ocr_carea' id='block_1_9' title="bbox 297 5082 710 5094">
    <p class='ocr_par' dir='ltr' id='par_1_13' title="bbox 297 5082 710 5094">
     <span class='ocr_line' id='line_1_43' title="bbox 297 5082 710 5094; baseline -0.002 0"><span class='ocrx_word' id='word_1_282' title='bbox 297 5083 506 5094; x_wconf 81' lang='lat'>———-</span> <span class='ocrx_word' id='word_1_283' title='bbox 667 5082 710 5089; x_wconf 47' lang='grc' dir='ltr'><strong><em>ο</em></strong></span> 
     </span>
    </p>
   </div>
   <div class='ocr_carea' id='block_1_10' title="bbox 295 5162 997 5363">
    <p class='ocr_par' dir='ltr' id='par_1_14' title="bbox 295 5162 997 5363">
     <span class='ocr_line' id='line_1_44' title="bbox 295 5162 854 5226; baseline -0.004 -7"><span class='ocrx_word' id='word_1_284' title='bbox 295 5163 465 5220; x_wconf 74' lang='grc'><strong>8711.</strong></span> <span class='ocrx_word' id='word_1_285' title='bbox 509 5167 563 5226; x_wconf 85' lang='grc'><strong>1)</strong></span> <span class='ocrx_word' id='word_1_286' title='bbox 601 5163 667 5216; x_wconf 84' lang='grc' dir='ltr'><strong>Ν.</strong></span> <span class='ocrx_word' id='word_1_287' title='bbox 701 5162 854 5218; x_wconf 80' lang='grc'><strong>3696.</strong></span> 
     </span>
     <span class='ocr_line' id='line_1_45' title="bbox 503 5233 997 5300; baseline -0.004 -13"><span class='ocrx_word' id='word_1_288' title='bbox 503 5235 567 5300; x_wconf 75' lang='grc'><strong>2)</strong></span> <span class='ocrx_word' id='word_1_289' title='bbox 603 5233 997 5288; x_wconf 63' lang='grc' dir='ltr'><strong>Μαι-Μολίνη.</strong></span> 
     </span>
     <span class='ocr_line' id='line_1_46' title="bbox 505 5300 860 5363; baseline -0.006 -6"><span class='ocrx_word' id='word_1_290' title='bbox 505 5303 570 5363; x_wconf 76' lang='lat'><strong>3)</strong></span> <span class='ocrx_word' id='word_1_291' title='bbox 605 5300 670 5354; x_wconf 84' lang='lat' dir='ltr'><strong>N.</strong></span> <span class='ocrx_word' id='word_1_292' title='bbox 708 5300 860 5355; x_wconf 76' lang='lat'><strong>3699.</strong></span> 
     </span>
    </p>
   </div>
   <div class='ocr_carea' id='block_1_11' title="bbox 2314 569 2327 5340">
    <p class='ocr_par' dir='ltr' id='par_1_15' title="bbox 2314 569 2327 5340">
     <span class='ocr_line' id='line_1_47' title="bbox 2314 569 2327 5340; baseline 0 0"><span class='ocrx_word' id='word_1_293' title='bbox 2314 569 2327 5340; x_wconf 95' lang='lat' dir='ltr'><strong> </strong></span> 
     </span>
    </p>
   </div>
   <div class='ocr_carea' id='block_1_12' title="bbox 2367 563 4341 2196">
    <p class='ocr_par' dir='ltr' id='par_1_16' title="bbox 2367 563 4341 2196">
     <span class='ocr_line' id='line_1_48' title="bbox 2370 563 4341 651; baseline 0.003 -22"><span class='ocrx_word' id='word_1_294' title='bbox 2370 563 2451 630; x_wconf 91' lang='lat' dir='ltr'><strong>de</strong></span> <span class='ocrx_word' id='word_1_295' title='bbox 2496 564 2751 631; x_wconf 87' lang='lat' dir='ltr'><strong>ratione</strong></span> <span class='ocrx_word' id='word_1_296' title='bbox 2794 564 3014 650; x_wconf 88' lang='lat' dir='ltr'><strong>aliqua</strong></span> <span class='ocrx_word' id='word_1_297' title='bbox 3056 567 3440 635; x_wconf 83' lang='lat' dir='ltr'><strong>concordiae</strong></span> <span class='ocrx_word' id='word_1_298' title='bbox 3483 566 3806 651; x_wconf 84' lang='lat' dir='ltr'><strong>scripsisti</strong></span> <span class='ocrx_word' id='word_1_299' title='bbox 3850 565 4031 635; x_wconf 91' lang='lat' dir='ltr'><strong>cordi</strong></span> <span class='ocrx_word' id='word_1_300' title='bbox 4066 574 4165 634; x_wconf 85' lang='lat' dir='ltr'><strong>est</strong></span> <span class='ocrx_word' id='word_1_301' title='bbox 4204 566 4341 635; x_wconf 84' lang='lat' dir='ltr'><strong>Pa-</strong></span> 
     </span>
     <span class='ocr_line' id='line_1_49' title="bbox 2368 649 4333 721; baseline 0.003 -6"><span class='ocrx_word' id='word_1_302' title='bbox 2368 649 2566 716; x_wconf 79' lang='lat' dir='ltr'><strong>latino</strong></span> <span class='ocrx_word' id='word_1_303' title='bbox 2623 658 2691 717; x_wconf 87' lang='lat' dir='ltr'><strong>et</strong></span> <span class='ocrx_word' id='word_1_304' title='bbox 2747 650 2850 718; x_wconf 80' lang='lat' dir='ltr'><strong>La</strong></span> <span class='ocrx_word' id='word_1_305' title='bbox 3013 655 3170 721; x_wconf 78' lang='lat' dir='ltr'><strong>avio.</strong></span> <span class='ocrx_word' id='word_1_306' title='bbox 3274 653 3666 720; x_wconf 77' lang='lat' dir='ltr'><strong>Hotomanus</strong></span> <span class='ocrx_word' id='word_1_307' title='bbox 3741 653 4037 719; x_wconf 88' lang='lat' dir='ltr'><strong>nondum</strong></span> <span class='ocrx_word' id='word_1_308' title='bbox 4114 651 4333 721; x_wconf 87' lang='lat' dir='ltr'><strong>rediit.</strong></span> 
     </span>
     <span class='ocr_line' id='line_1_50' title="bbox 2369 735 4331 820; baseline 0.003 -19"><span class='ocrx_word' id='word_1_309' title='bbox 2369 735 2611 803; x_wconf 88' lang='lat' dir='ltr'><strong>Noster</strong></span> <span class='ocrx_word' id='word_1_310' title='bbox 2670 737 2917 820; x_wconf 76' lang='lat' dir='ltr'><strong>Amolp</strong></span> <span class='ocrx_word' id='word_1_311' title='bbox 2958 758 3038 804; x_wconf 69' lang='lat' dir='ltr'><strong>us</strong></span> <span class='ocrx_word' id='word_1_312' title='bbox 3057 743 3112 817; x_wconf 83' lang='lat'><strong>⁴)</strong></span> <span class='ocrx_word' id='word_1_313' title='bbox 3167 738 3584 806; x_wconf 78' lang='lat' dir='ltr'><strong>Francofurti</strong></span> <span class='ocrx_word' id='word_1_314' title='bbox 3640 759 3797 806; x_wconf 86' lang='lat' dir='ltr'><strong>suae</strong></span> <span class='ocrx_word' id='word_1_315' title='bbox 3856 738 4008 804; x_wconf 90' lang='lat' dir='ltr'><strong>fidei</strong></span> <span class='ocrx_word' id='word_1_316' title='bbox 4074 740 4331 806; x_wconf 80' lang='lat' dir='ltr'><strong>confes-</strong></span> 
     </span>
     <span class='ocr_line' id='line_1_51' title="bbox 2368 821 4337 910; baseline 0.001 -22"><span class='ocrx_word' id='word_1_317' title='bbox 2368 822 2617 888; x_wconf 88' lang='lat' dir='ltr'><strong>sionem</strong></span> <span class='ocrx_word' id='word_1_318' title='bbox 2677 821 2856 888; x_wconf 89' lang='lat' dir='ltr'><strong>dedit</strong></span> <span class='ocrx_word' id='word_1_319' title='bbox 2898 825 3176 904; x_wconf 89' lang='lat' dir='ltr'><strong>senatui,</strong></span> <span class='ocrx_word' id='word_1_320' title='bbox 3232 823 3348 891; x_wconf 90' lang='lat' dir='ltr'><strong>sed</strong></span> <span class='ocrx_word' id='word_1_321' title='bbox 3406 824 3701 890; x_wconf 90' lang='lat' dir='ltr'><strong>nondum</strong></span> <span class='ocrx_word' id='word_1_322' title='bbox 3760 831 3864 891; x_wconf 88' lang='lat' dir='ltr'><strong>est</strong></span> <span class='ocrx_word' id='word_1_323' title='bbox 3922 844 4337 910; x_wconf 89' lang='lat' dir='ltr'><strong>responsum.</strong></span> 
     </span>
     <span class='ocr_line' id='line_1_52' title="bbox 2367 907 4001 994; baseline 0.001 -20"><span class='ocrx_word' id='word_1_324' title='bbox 2367 907 2679 974; x_wconf 88' lang='lat' dir='ltr'><strong>Pastores</strong></span> <span class='ocrx_word' id='word_1_325' title='bbox 2722 908 2814 975; x_wconf 91' lang='lat' dir='ltr'><strong>ibi</strong></span> <span class='ocrx_word' id='word_1_326' title='bbox 2856 908 3057 975; x_wconf 86' lang='lat' dir='ltr'><strong>iidem</strong></span> <span class='ocrx_word' id='word_1_327' title='bbox 3101 915 3261 976; x_wconf 86' lang='lat' dir='ltr'><strong>sunt</strong></span> <span class='ocrx_word' id='word_1_328' title='bbox 3302 930 3478 976; x_wconf 90' lang='lat' dir='ltr'><strong>nunc</strong></span> <span class='ocrx_word' id='word_1_329' title='bbox 3522 910 3634 994; x_wconf 89' lang='lat' dir='ltr'><strong>qui</strong></span> <span class='ocrx_word' id='word_1_330' title='bbox 3677 916 3745 976; x_wconf 91' lang='lat' dir='ltr'><strong>et</strong></span> <span class='ocrx_word' id='word_1_331' title='bbox 3789 917 4001 976; x_wconf 88' lang='lat' dir='ltr'><strong>antea.</strong></span> 
     </span>
     <span class='ocr_line' id='line_1_53' title="bbox 2538 994 4333 1080; baseline 0.001 -21"><span class='ocrx_word' id='word_1_332' title='bbox 2538 994 2885 1079; x_wconf 84' lang='lat' dir='ltr'><strong>Peregrini</strong></span> <span class='ocrx_word' id='word_1_333' title='bbox 2940 995 3219 1062; x_wconf 82' lang='lat' dir='ltr'><strong>Flandri</strong></span> <span class='ocrx_word' id='word_1_334' title='bbox 3284 996 3397 1080; x_wconf 89' lang='lat' dir='ltr'><strong>qui</strong></span> <span class='ocrx_word' id='word_1_335' title='bbox 3464 1003 3656 1063; x_wconf 91' lang='lat' dir='ltr'><strong>erant</strong></span> <span class='ocrx_word' id='word_1_336' title='bbox 3706 995 4018 1062; x_wconf 80' lang='lat' dir='ltr'><strong>Vezaliae</strong></span> <span class='ocrx_word' id='word_1_337' title='bbox 4087 996 4333 1074; x_wconf 86' lang='lat' dir='ltr'><strong>(nescio</strong></span> 
     </span>
     <span class='ocr_line' id='line_1_54' title="bbox 2371 1077 4333 1162; baseline 0.001 -17"><span class='ocrx_word' id='word_1_338' title='bbox 2371 1100 2453 1145; x_wconf 88' lang='lat' dir='ltr'><strong>an</strong></span> <span class='ocrx_word' id='word_1_339' title='bbox 2502 1077 2717 1146; x_wconf 89' lang='lat' dir='ltr'><strong>adhuc</strong></span> <span class='ocrx_word' id='word_1_340' title='bbox 2773 1079 2865 1147; x_wconf 90' lang='lat' dir='ltr'><strong>ibi</strong></span> <span class='ocrx_word' id='word_1_341' title='bbox 2919 1081 3083 1162; x_wconf 89' lang='lat' dir='ltr'><strong>sint)</strong></span> <span class='ocrx_word' id='word_1_342' title='bbox 3142 1083 3210 1148; x_wconf 92' lang='lat' dir='ltr'><strong>in</strong></span> <span class='ocrx_word' id='word_1_343' title='bbox 3267 1082 3559 1148; x_wconf 86' lang='lat' dir='ltr'><strong>maximo</strong></span> <span class='ocrx_word' id='word_1_344' title='bbox 3619 1080 4051 1148; x_wconf 87' lang='lat' dir='ltr'><strong>versabantur</strong></span> <span class='ocrx_word' id='word_1_345' title='bbox 4100 1081 4333 1149; x_wconf 89' lang='lat' dir='ltr'><strong>discri-</strong></span> 
     </span>
     <span class='ocr_line' id='line_1_55' title="bbox 2369 1165 4329 1249; baseline 0.002 -19"><span class='ocrx_word' id='word_1_346' title='bbox 2369 1165 2548 1231; x_wconf 90' lang='lat' dir='ltr'><strong>mine</strong></span> <span class='ocrx_word' id='word_1_347' title='bbox 2592 1186 2708 1249; x_wconf 90' lang='lat' dir='ltr'><strong>pro</strong></span> <span class='ocrx_word' id='word_1_348' title='bbox 2755 1174 2855 1232; x_wconf 88' lang='lat' dir='ltr'><strong>ter</strong></span> <span class='ocrx_word' id='word_1_349' title='bbox 2889 1188 3028 1233; x_wconf 91' lang='lat' dir='ltr'><strong>rem</strong></span> <span class='ocrx_word' id='word_1_350' title='bbox 3063 1167 3657 1234; x_wconf 88' lang='lat' dir='ltr'><strong>sacramentariam.</strong></span> <span class='ocrx_word' id='word_1_351' title='bbox 3711 1166 4112 1233; x_wconf 88' lang='lat' dir='ltr'><strong>Iubebantur</strong></span> <span class='ocrx_word' id='word_1_352' title='bbox 4150 1168 4329 1233; x_wconf 89' lang='lat' dir='ltr'><strong>enim</strong></span> 
     </span>
     <span class='ocr_line' id='line_1_56' title="bbox 2368 1250 4331 1320; baseline 0.002 -5"><span class='ocrx_word' id='word_1_353' title='bbox 2368 1250 2547 1317; x_wconf 90' lang='lat' dir='ltr'><strong>intra</strong></span> <span class='ocrx_word' id='word_1_354' title='bbox 2610 1253 2696 1317; x_wconf 92' lang='lat' dir='ltr'><strong>tri</strong></span> <span class='ocrx_word' id='word_1_355' title='bbox 2742 1273 2904 1318; x_wconf 91' lang='lat' dir='ltr'><strong>uum</strong></span> <span class='ocrx_word' id='word_1_356' title='bbox 2970 1261 3084 1319; x_wconf 86' lang='lat' dir='ltr'><strong>aut</strong></span> <span class='ocrx_word' id='word_1_357' title='bbox 3147 1253 3431 1320; x_wconf 86' lang='lat' dir='ltr'><strong>Lntheri</strong></span> <span class='ocrx_word' id='word_1_358' title='bbox 3489 1254 3853 1320; x_wconf 89' lang='lat' dir='ltr'><strong>sententiae</strong></span> <span class='ocrx_word' id='word_1_359' title='bbox 3920 1251 4331 1320; x_wconf 85' lang='lat' dir='ltr'><strong>subscribere</strong></span> 
     </span>
     <span class='ocr_line' id='line_1_57' title="bbox 2369 1337 4335 1420; baseline 0.001 -18"><span class='ocrx_word' id='word_1_360' title='bbox 2369 1342 2486 1404; x_wconf 88' lang='lat' dir='ltr'><strong>aut</strong></span> <span class='ocrx_word' id='word_1_361' title='bbox 2533 1358 2617 1402; x_wconf 85' lang='lat' dir='ltr'><strong>ex</strong></span> <span class='ocrx_word' id='word_1_362' title='bbox 2661 1337 2825 1403; x_wconf 89' lang='lat' dir='ltr'><strong>urbe</strong></span> <span class='ocrx_word' id='word_1_363' title='bbox 2870 1337 3218 1405; x_wconf 89' lang='lat' dir='ltr'><strong>discedere.</strong></span> <span class='ocrx_word' id='word_1_364' title='bbox 3246 1343 3297 1420; x_wconf 78' lang='lat'><strong>⁵)</strong></span> <span class='ocrx_word' id='word_1_365' title='bbox 3395 1338 3545 1420; x_wconf 81' lang='lat' dir='ltr'><strong>Quo</strong></span> <span class='ocrx_word' id='word_1_366' title='bbox 3599 1339 3670 1404; x_wconf 90' lang='lat' dir='ltr'><strong>in</strong></span> <span class='ocrx_word' id='word_1_367' title='bbox 3724 1345 3901 1406; x_wconf 90' lang='lat' dir='ltr'><strong>statu</strong></span> <span class='ocrx_word' id='word_1_368' title='bbox 3957 1339 4044 1405; x_wconf 86' lang='lat' dir='ltr'><strong>sit</strong></span> <span class='ocrx_word' id='word_1_369' title='bbox 4102 1345 4335 1405; x_wconf 87' lang='lat' dir='ltr'><strong>nostra</strong></span> 
     </span>
     <span class='ocr_line' id='line_1_58' title="bbox 2369 1422 4331 1508; baseline 0 -19"><span class='ocrx_word' id='word_1_370' title='bbox 2369 1442 2569 1489; x_wconf 89' lang='lat' dir='ltr'><strong>causa</strong></span> <span class='ocrx_word' id='word_1_371' title='bbox 2624 1422 2747 1502; x_wconf 91' lang='lat' dir='ltr'><strong>hic,</strong></span> <span class='ocrx_word' id='word_1_372' title='bbox 2819 1424 2989 1489; x_wconf 87' lang='lat' dir='ltr'><strong>nihil</strong></span> <span class='ocrx_word' id='word_1_373' title='bbox 3046 1426 3209 1493; x_wconf 89' lang='lat' dir='ltr'><strong>certi</strong></span> <span class='ocrx_word' id='word_1_374' title='bbox 3257 1424 3473 1491; x_wconf 90' lang='lat' dir='ltr'><strong>adhuc</strong></span> <span class='ocrx_word' id='word_1_375' title='bbox 3523 1425 3808 1491; x_wconf 88' lang='lat' dir='ltr'><strong>scribere</strong></span> <span class='ocrx_word' id='word_1_376' title='bbox 3856 1444 4140 1508; x_wconf 88' lang='lat' dir='ltr'><strong>possum,</strong></span> <span class='ocrx_word' id='word_1_377' title='bbox 4202 1424 4331 1490; x_wconf 92' lang='lat' dir='ltr'><strong>nisi</strong></span> 
     </span>
     <span class='ocr_line' id='line_1_59' title="bbox 2370 1511 4333 1594; baseline 0.001 -20"><span class='ocrx_word' id='word_1_378' title='bbox 2370 1518 2674 1575; x_wconf 89' lang='lat' dir='ltr'><strong>senatum</strong></span> <span class='ocrx_word' id='word_1_379' title='bbox 2720 1518 3017 1575; x_wconf 87' lang='lat' dir='ltr'><strong>nostrum</strong></span> <span class='ocrx_word' id='word_1_380' title='bbox 3064 1531 3197 1577; x_wconf 91' lang='lat' dir='ltr'><strong>non</strong></span> <span class='ocrx_word' id='word_1_381' title='bbox 3231 1532 3374 1577; x_wconf 90' lang='lat' dir='ltr'><strong>esse</strong></span> <span class='ocrx_word' id='word_1_382' title='bbox 3409 1532 3622 1593; x_wconf 87' lang='lat' dir='ltr'><strong>neque</strong></span> <span class='ocrx_word' id='word_1_383' title='bbox 3654 1511 3951 1594; x_wconf 87' lang='lat' dir='ltr'><strong>impium,</strong></span> <span class='ocrx_word' id='word_1_384' title='bbox 3991 1517 4067 1575; x_wconf 92' lang='lat' dir='ltr'><strong>ut</strong></span> <span class='ocrx_word' id='word_1_385' title='bbox 4098 1530 4333 1576; x_wconf 88' lang='lat' dir='ltr'><strong>sanam</strong></span> 
     </span>
     <span class='ocr_line' id='line_1_60' title="bbox 2370 1591 4330 1681; baseline 0.002 -23"><span class='ocrx_word' id='word_1_386' title='bbox 2370 1591 2739 1660; x_wconf 89' lang='lat' dir='ltr'><strong>doctrinam</strong></span> <span class='ocrx_word' id='word_1_387' title='bbox 2801 1594 2960 1661; x_wconf 86' lang='lat' dir='ltr'><strong>velit</strong></span> <span class='ocrx_word' id='word_1_388' title='bbox 3014 1594 3345 1677; x_wconf 89' lang='lat' dir='ltr'><strong>damnare,</strong></span> <span class='ocrx_word' id='word_1_389' title='bbox 3412 1617 3625 1681; x_wconf 88' lang='lat' dir='ltr'><strong>neque</strong></span> <span class='ocrx_word' id='word_1_390' title='bbox 3682 1596 3899 1664; x_wconf 83' lang='lat' dir='ltr'><strong>levem</strong></span> <span class='ocrx_word' id='word_1_391' title='bbox 3955 1604 4032 1661; x_wconf 87' lang='grc' dir='ltr'><strong>ιιι</strong></span> <span class='ocrx_word' id='word_1_392' title='bbox 4081 1596 4330 1679; x_wconf 90' lang='lat' dir='ltr'><strong>praeci-</strong></span> 
     </span>
     <span class='ocr_line' id='line_1_61' title="bbox 2369 1678 4333 1783; baseline 0.002 -38"><span class='ocrx_word' id='word_1_393' title='bbox 2369 1678 2660 1780; x_wconf 78' lang='lat' dir='ltr'><strong>pitanter</strong></span> <span class='ocrx_word' id='word_1_394' title='bbox 2716 1682 2801 1747; x_wconf 88' lang='lat' dir='ltr'><strong>sit</strong></span> <span class='ocrx_word' id='word_1_395' title='bbox 2848 1679 3091 1783; x_wconf 71' lang='lat' dir='ltr'><strong>aliquid</strong></span> <span class='ocrx_word' id='word_1_396' title='bbox 3149 1690 3443 1749; x_wconf 88' lang='lat' dir='ltr'><strong>acturus:</strong></span> <span class='ocrx_word' id='word_1_397' title='bbox 3502 1681 3743 1748; x_wconf 90' lang='lat' dir='ltr'><strong>multos</strong></span> <span class='ocrx_word' id='word_1_398' title='bbox 3800 1683 3999 1782; x_wconf 78' lang='lat' dir='ltr'><strong>etiam</strong></span> <span class='ocrx_word' id='word_1_399' title='bbox 4054 1683 4125 1747; x_wconf 90' lang='lat' dir='ltr'><strong>in</strong></span> <span class='ocrx_word' id='word_1_400' title='bbox 4192 1680 4333 1748; x_wconf 83' lang='lat' dir='ltr'><strong>dies</strong></span> 
     </span>
     <span class='ocr_line' id='line_1_62' title="bbox 2369 1767 4330 1937; baseline 0.001 -21"><span class='ocrx_word' id='word_1_401' title='bbox 2369 1786 2616 1918; x_wconf 56' lang='lat'><strong>3252.</strong></span> <span class='ocrx_word' id='word_1_402' title='bbox 2638 1767 4330 1937; x_wconf 51' lang='lat' dir='ltr'><strong>{2033231&#39;01330sssssffini‘mvssffissmffiffio</strong></span> 
     </span>
     <span class='ocr_line' id='line_1_63' title="bbox 2369 1935 4337 2024; baseline 0.001 -22"><span class='ocrx_word' id='word_1_403' title='bbox 2369 1935 2664 2022; x_wconf 77' lang='lat' dir='ltr'><strong>Martyre</strong></span> <span class='ocrx_word' id='word_1_404' title='bbox 2682 1942 2735 2015; x_wconf 69' lang='grc' dir='ltr'><strong>ο)</strong></span> <span class='ocrx_word' id='word_1_405' title='bbox 2778 1938 3088 2006; x_wconf 85' lang='lat' dir='ltr'><strong>edentulo</strong></span> <span class='ocrx_word' id='word_1_406' title='bbox 3136 1939 3400 2024; x_wconf 87' lang='lat' dir='ltr'><strong>quidem</strong></span> <span class='ocrx_word' id='word_1_407' title='bbox 3444 1936 3559 2006; x_wconf 91' lang='lat' dir='ltr'><strong>sed</strong></span> <span class='ocrx_word' id='word_1_408' title='bbox 3604 1958 3737 2004; x_wconf 92' lang='lat' dir='ltr'><strong>non</strong></span> <span class='ocrx_word' id='word_1_409' title='bbox 3795 1938 4064 2023; x_wconf 81' lang='lat' dir='ltr'><strong>elingui,</strong></span> <span class='ocrx_word' id='word_1_410' title='bbox 4124 1946 4193 2005; x_wconf 91' lang='lat' dir='ltr'><strong>et</strong></span> <span class='ocrx_word' id='word_1_411' title='bbox 4233 1938 4337 2004; x_wconf 89' lang='lat' dir='ltr'><strong>in·</strong></span> 
     </span>
     <span class='ocr_line' id='line_1_64' title="bbox 2370 2021 4337 2110; baseline 0.001 -20"><span class='ocrx_word' id='word_1_412' title='bbox 2370 2021 2748 2090; x_wconf 90' lang='lat' dir='ltr'><strong>credibilem</strong></span> <span class='ocrx_word' id='word_1_413' title='bbox 2807 2026 2949 2110; x_wconf 87' lang='lat' dir='ltr'><strong>cepi</strong></span> <span class='ocrx_word' id='word_1_414' title='bbox 3008 2045 3092 2090; x_wconf 83' lang='lat' dir='ltr'><strong>ex</strong></span> <span class='ocrx_word' id='word_1_415' title='bbox 3149 2027 3291 2091; x_wconf 88' lang='lat' dir='ltr'><strong>eius</strong></span> <span class='ocrx_word' id='word_1_416' title='bbox 3350 2044 3653 2091; x_wconf 89' lang='lat' dir='ltr'><strong>sermone</strong></span> <span class='ocrx_word' id='word_1_417' title='bbox 3717 2024 3957 2103; x_wconf 86' lang='lat' dir='ltr'><strong>(multa</strong></span> <span class='ocrx_word' id='word_1_418' title='bbox 4019 2025 4199 2091; x_wconf 90' lang='lat' dir='ltr'><strong>enim</strong></span> <span class='ocrx_word' id='word_1_419' title='bbox 4254 2024 4337 2091; x_wconf 91' lang='lat' dir='ltr'><strong>de</strong></span> 
     </span>
     <span class='ocr_line' id='line_1_65' title="bbox 2372 2108 4339 2196; baseline -0.001 -20"><span class='ocrx_word' id='word_1_420' title='bbox 2372 2117 2594 2176; x_wconf 82' lang='lat' dir='ltr'><strong>vestra</strong></span> <span class='ocrx_word' id='word_1_421' title='bbox 2638 2108 2860 2177; x_wconf 83' lang='lat' dir='ltr'><strong>Gallia</strong></span> <span class='ocrx_word' id='word_1_422' title='bbox 2905 2112 3231 2195; x_wconf 84' lang='lat' dir='ltr'><strong>narravit)</strong></span> <span class='ocrx_word' id='word_1_423' title='bbox 3281 2110 3704 2196; x_wconf 84' lang='lat' dir='ltr'><strong>voluptatem.</strong></span> <span class='ocrx_word' id='word_1_424' title='bbox 3749 2145 4339 2159; x_wconf 82' lang='lat'>—————</span> 
     </span>
    </p>
   </div>
   <div class='ocr_carea' id='block_1_13' title="bbox 2369 2230 3722 2249">
    <p class='ocr_par' dir='ltr' id='par_1_17' title="bbox 2369 2230 3722 2249">
     <span class='ocr_line' id='line_1_66' title="bbox 2369 2230 3722 2249; baseline -0.001 -4"><span class='ocrx_word' id='word_1_425' title='bbox 2369 2230 3722 2249; x_wconf 68' lang='lat'>--——————--—-</span> 
     </span>
    </p>
   </div>
   <div class='ocr_carea' id='block_1_14' title="bbox 2546 2282 3170 2367">
    <p class='ocr_par' dir='ltr' id='par_1_18' title="bbox 2546 2282 3170 2367">
     <span class='ocr_line' id='line_1_67' title="bbox 2546 2282 3170 2367; baseline 0 -19"><span class='ocrx_word' id='word_1_426' title='bbox 2546 2284 2822 2367; x_wconf 81' lang='lat' dir='ltr'><strong>Argent.</strong></span> <span class='ocrx_word' id='word_1_427' title='bbox 2873 2287 2928 2346; x_wconf 85' lang='lat'><strong>5.</strong></span> <span class='ocrx_word' id='word_1_428' title='bbox 2973 2282 3170 2349; x_wconf 83' lang='lat' dir='ltr'><strong>Febr.</strong></span> 
     </span>
    </p>
   </div>
   <div class='ocr_carea' id='block_1_15' title="bbox 2870 2809 3838 3033">
    <p class='ocr_par' dir='ltr' id='par_1_19' title="bbox 2870 2809 3838 3033">
     <span class='ocr_line' id='line_1_68' title="bbox 3262 2809 3453 2880; baseline 0 -1"><span class='ocrx_word' id='word_1_429' title='bbox 3262 2809 3453 2880; x_wconf 72' lang='lat'><strong>3712.</strong></span> 
     </span>
     <span class='ocr_line' id='line_1_69' title="bbox 2870 2961 3838 3033; baseline -0.001 -2"><span class='ocrx_word' id='word_1_430' title='bbox 2870 2962 3352 3033; x_wconf 81' lang='lat' dir='ltr'>SULZERUS</span> <span class='ocrx_word' id='word_1_431' title='bbox 3399 2961 3838 3031; x_wconf 76' lang='lat' dir='ltr'><strong>GALVINO.</strong></span> 
     </span>
    </p>
   </div>
   <div class='ocr_carea' id='block_1_16' title="bbox 2368 3137 4341 3651">
    <p class='ocr_par' dir='ltr' id='par_1_20' title="bbox 2368 3137 4341 3651">
     <span class='ocr_line' id='line_1_70' title="bbox 2553 3137 4341 3221; baseline 0.002 -17"><span class='ocrx_word' id='word_1_432' title='bbox 2553 3138 2785 3204; x_wconf 77' lang='lat' dir='ltr'><strong>Tradit</strong></span> <span class='ocrx_word' id='word_1_433' title='bbox 2826 3157 2985 3221; x_wconf 69' lang='lat' dir='ltr'><strong>quae</strong></span> <span class='ocrx_word' id='word_1_434' title='bbox 3029 3157 3231 3221; x_wconf 77' lang='lat' dir='ltr'><strong>nuper</strong></span> <span class='ocrx_word' id='word_1_435' title='bbox 3269 3137 3501 3219; x_wconf 78' lang='lat' dir='ltr'><strong>accepit</strong></span> <span class='ocrx_word' id='word_1_436' title='bbox 3542 3138 3619 3203; x_wconf 80' lang='lat' dir='ltr'><strong>de</strong></span> <span class='ocrx_word' id='word_1_437' title='bbox 3661 3142 3951 3204; x_wconf 73' lang='lat' dir='ltr'><strong>conventu</strong></span> <span class='ocrx_word' id='word_1_438' title='bbox 3992 3139 4064 3204; x_wconf 75' lang='lat' dir='ltr'><strong>in</strong></span> <span class='ocrx_word' id='word_1_439' title='bbox 4113 3139 4341 3207; x_wconf 79' lang='lat' dir='ltr'><strong>Taber-</strong></span> 
     </span>
     <span class='ocr_line' id='line_1_71' title="bbox 2371 3221 4340 3307; baseline 0.001 -17"><span class='ocrx_word' id='word_1_440' title='bbox 2371 3226 2480 3290; x_wconf 79' lang='lat' dir='ltr'><strong>nis</strong></span> <span class='ocrx_word' id='word_1_441' title='bbox 2523 3224 2807 3290; x_wconf 70' lang='lat' dir='ltr'><strong>eleaticis</strong></span> <span class='ocrx_word' id='word_1_442' title='bbox 2850 3223 3223 3302; x_wconf 79' lang='lat' dir='ltr'><strong>celebrando,</strong></span> <span class='ocrx_word' id='word_1_443' title='bbox 3278 3229 3410 3288; x_wconf 78' lang='lat' dir='ltr'><strong>tum</strong></span> <span class='ocrx_word' id='word_1_444' title='bbox 3452 3222 3529 3287; x_wconf 81' lang='lat' dir='ltr'><strong>de</strong></span> <span class='ocrx_word' id='word_1_445' title='bbox 3571 3221 3792 3307; x_wconf 61' lang='lat' dir='ltr'><strong>legatis</strong></span> <span class='ocrx_word' id='word_1_446' title='bbox 3832 3224 4144 3292; x_wconf 69' lang='lat' dir='ltr'><strong>helvetici-3</strong></span> <span class='ocrx_word' id='word_1_447' title='bbox 4193 3226 4340 3292; x_wconf 79' lang='lat' dir='ltr'><strong>Tri-</strong></span> 
     </span>
     <span class='ocr_line' id='line_1_72' title="bbox 2377 3308 4341 3391; baseline 0.001 -15"><span class='ocrx_word' id='word_1_448' title='bbox 2377 3311 2635 3376; x_wconf 78' lang='lat' dir='ltr'><strong>dentum</strong></span> <span class='ocrx_word' id='word_1_449' title='bbox 2675 3310 2996 3376; x_wconf 71' lang='lat' dir='ltr'><strong>mittendis</strong></span> <span class='ocrx_word' id='word_1_450' title='bbox 3036 3315 3095 3375; x_wconf 79' lang='lat' dir='ltr'><strong>et</strong></span> <span class='ocrx_word' id='word_1_451' title='bbox 3126 3308 3570 3391; x_wconf 75' lang='lat' dir='ltr'><strong>disceptatione</strong></span> <span class='ocrx_word' id='word_1_452' title='bbox 3594 3310 4010 3391; x_wconf 77' lang='lat' dir='ltr'><strong>Imperatoris</strong></span> <span class='ocrx_word' id='word_1_453' title='bbox 4051 3316 4109 3377; x_wconf 86' lang='lat' dir='ltr'><strong>et</strong></span> <span class='ocrx_word' id='word_1_454' title='bbox 4143 3309 4341 3378; x_wconf 71' lang='lat' dir='ltr'><strong>Saxo-</strong></span> 
     </span>
     <span class='ocr_line' id='line_1_73' title="bbox 2370 3395 4338 3482; baseline 0.001 -20"><span class='ocrx_word' id='word_1_455' title='bbox 2370 3397 2522 3462; x_wconf 80' lang='lat' dir='ltr'><strong>niae</strong></span> <span class='ocrx_word' id='word_1_456' title='bbox 2607 3395 2881 3462; x_wconf 79' lang='lat' dir='ltr'><strong>electoris</strong></span> <span class='ocrx_word' id='word_1_457' title='bbox 2978 3396 3147 3461; x_wconf 81' lang='lat' dir='ltr'><strong>eirea</strong></span> <span class='ocrx_word' id='word_1_458' title='bbox 3241 3396 3665 3477; x_wconf 68' lang='lat' dir='ltr'><strong>episcopatum</strong></span> <span class='ocrx_word' id='word_1_459' title='bbox 3744 3395 4338 3482; x_wconf 73' lang='lat' dir='ltr'><strong>Merseburyensem.</strong></span> 
     </span>
     <span class='ocr_line' id='line_1_74' title="bbox 2372 3479 4340 3567; baseline 0.001 -21"><span class='ocrx_word' id='word_1_460' title='bbox 2372 3479 3648 3561; x_wconf 68' lang='lat' dir='ltr'><strong>Musaeoastalimoesoribitqum</strong></span> <span class='ocrx_word' id='word_1_461' title='bbox 3715 3483 4340 3567; x_wconf 75' lang='lat' dir='ltr'><strong>nontamniymm</strong></span> 
     </span>
     <span class='ocr_line' id='line_1_75' title="bbox 2368 3565 3623 3651; baseline -0.002 -17"><span class='ocrx_word' id='word_1_462' title='bbox 2368 3587 2501 3634; x_wconf 76' lang='lat' dir='ltr'><strong>esse</strong></span> <span class='ocrx_word' id='word_1_463' title='bbox 2525 3566 2809 3650; x_wconf 68' lang='lat' dir='ltr'><strong>perhibet</strong></span> <span class='ocrx_word' id='word_1_464' title='bbox 2850 3585 3046 3649; x_wconf 78' lang='lat' dir='ltr'><strong>quam</strong></span> <span class='ocrx_word' id='word_1_465' title='bbox 3087 3565 3271 3651; x_wconf 73' lang='lat' dir='ltr'><strong>vazqo</strong></span> <span class='ocrx_word' id='word_1_466' title='bbox 3311 3566 3623 3633; x_wconf 75' lang='lat' dir='ltr'><strong>credatur.</strong></span> 
     </span>
    </p>
   </div>
   <div class='ocr_carea' id='block_1_17' title="bbox 2365 3735 4333 3808">
    <p class='ocr_par' dir='ltr' id='par_1_21' title="bbox 2365 3735 4333 3808">
     <span class='ocr_line' id='line_1_76' title="bbox 2365 3735 4333 3808; baseline 0.002 -17"><span class='ocrx_word' id='word_1_467' title='bbox 2365 3736 2595 3802; x_wconf 79' lang='lat' dir='ltr'><strong>(Exstat</strong></span> <span class='ocrx_word' id='word_1_468' title='bbox 2629 3739 2685 3791; x_wconf 87' lang='lat' dir='ltr'><strong>in</strong></span> <span class='ocrx_word' id='word_1_469' title='bbox 2715 3738 2843 3792; x_wconf 84' lang='lat' dir='ltr'><strong>Cod.</strong></span> <span class='ocrx_word' id='word_1_470' title='bbox 2873 3736 3078 3793; x_wconf 66' lang='lat' dir='ltr'><strong>Gener.</strong></span> <span class='ocrx_word' id='word_1_471' title='bbox 3115 3735 3232 3802; x_wconf 80' lang='lat'><strong>118,</strong></span> <span class='ocrx_word' id='word_1_472' title='bbox 3270 3736 3361 3790; x_wconf 73' lang='lat' dir='ltr'><strong>sol.</strong></span> <span class='ocrx_word' id='word_1_473' title='bbox 3397 3735 3463 3789; x_wconf 79' lang='lat'><strong>91</strong></span> <span class='ocrx_word' id='word_1_474' title='bbox 3501 3753 3623 3790; x_wconf 87' lang='lat' dir='ltr'><strong>cnm</strong></span> <span class='ocrx_word' id='word_1_475' title='bbox 3658 3735 4056 3807; x_wconf 78' lang='lat' dir='ltr'><strong>subscriptione</strong></span> <span class='ocrx_word' id='word_1_476' title='bbox 4091 3738 4333 3808; x_wconf 74' lang='lat' dir='ltr'><strong>autogr.)</strong></span> 
     </span>
    </p>
   </div>
   <div class='ocr_carea' id='block_1_18' title="bbox 2365 3885 4330 4147">
    <p class='ocr_par' dir='ltr' id='par_1_22' title="bbox 2365 3885 4330 4147">
     <span class='ocr_line' id='line_1_77' title="bbox 2368 3885 4330 3978; baseline 0.001 -2"><span class='ocrx_word' id='word_1_477' title='bbox 2368 3909 2750 3976; x_wconf 70' lang='lat' dir='ltr'><strong>clarissimo</strong></span> <span class='ocrx_word' id='word_1_478' title='bbox 2802 3910 2945 3975; x_wconf 61' lang='lat' dir='ltr'><strong>firo</strong></span> <span class='ocrx_word' id='word_1_479' title='bbox 2996 3908 3079 3974; x_wconf 87' lang='lat' dir='ltr'><strong>D.</strong></span> <span class='ocrx_word' id='word_1_480' title='bbox 3136 3908 3401 3974; x_wconf 62' lang='lat' dir='ltr'><strong>hanni·</strong></span> <span class='ocrx_word' id='word_1_481' title='bbox 3431 3906 3711 3974; x_wconf 76' lang='lat' dir='ltr'><strong>calvino</strong></span> <span class='ocrx_word' id='word_1_482' title='bbox 3753 3885 4064 3975; x_wconf 53' lang='lat'><strong>000102526</strong></span> <span class='ocrx_word' id='word_1_483' title='bbox 4107 3909 4330 3978; x_wconf 65' lang='lat' dir='ltr'><strong>eene-</strong></span> 
     </span>
     <span class='ocr_line' id='line_1_78' title="bbox 2365 3993 4328 4063; baseline 0.001 -1"><span class='ocrx_word' id='word_1_484' title='bbox 2365 3996 2591 4063; x_wconf 83' lang='lat' dir='ltr'><strong>vensis</strong></span> <span class='ocrx_word' id='word_1_485' title='bbox 2649 3996 2926 4062; x_wconf 86' lang='lat' dir='ltr'><strong>antistiti</strong></span> <span class='ocrx_word' id='word_1_486' title='bbox 2985 3993 3367 4061; x_wconf 89' lang='lat' dir='ltr'><strong>fidelissimo</strong></span> <span class='ocrx_word' id='word_1_487' title='bbox 3411 3993 3687 4059; x_wconf 89' lang='lat' dir='ltr'><strong>domino-</strong></span> <span class='ocrx_word' id='word_1_488' title='bbox 3731 4015 3806 4060; x_wconf 89' lang='lat' dir='ltr'><strong>ac</strong></span> <span class='ocrx_word' id='word_1_489' title='bbox 3864 3994 4053 4061; x_wconf 84' lang='lat' dir='ltr'><strong>fratri</strong></span> <span class='ocrx_word' id='word_1_490' title='bbox 4108 3996 4328 4063; x_wconf 87' lang='lat' dir='ltr'><strong>colen-</strong></span> 
     </span>
     <span class='ocr_line' id='line_1_79' title="bbox 2879 4079 3818 4147; baseline -0.002 0"><span class='ocrx_word' id='word_1_491' title='bbox 2879 4080 3147 4147; x_wconf 88' lang='lat' dir='ltr'><strong>dissimo</strong></span> <span class='ocrx_word' id='word_1_492' title='bbox 3190 4099 3266 4146; x_wconf 89' lang='lat' dir='ltr'><strong>ac</strong></span> <span class='ocrx_word' id='word_1_493' title='bbox 3310 4079 3648 4147; x_wconf 88' lang='lat' dir='ltr'><strong>carissimo</strong></span> <span class='ocrx_word' id='word_1_494' title='bbox 3683 4100 3818 4146; x_wconf 89' lang='lat' dir='ltr'><strong>suo.</strong></span> 
     </span>
    </p>
   </div>
   <div class='ocr_carea' id='block_1_19' title="bbox 2361 4251 4328 4682">
    <p class='ocr_par' dir='ltr' id='par_1_23' title="bbox 2361 4251 4328 4682">
     <span class='ocr_line' id='line_1_80' title="bbox 2536 4251 4326 4335; baseline 0 -16"><span class='ocrx_word' id='word_1_495' title='bbox 2536 4251 2610 4319; x_wconf 79' lang='lat' dir='ltr'><strong>S.</strong></span> <span class='ocrx_word' id='word_1_496' title='bbox 2665 4253 3138 4320; x_wconf 84' lang='lat' dir='ltr'><strong>Gratissimum</strong></span> <span class='ocrx_word' id='word_1_497' title='bbox 3178 4251 3471 4317; x_wconf 79' lang='lat' dir='ltr'><strong>officium</strong></span> <span class='ocrx_word' id='word_1_498' title='bbox 3515 4251 3915 4335; x_wconf 84' lang='lat' dir='ltr'><strong>praestitisti,</strong></span> <span class='ocrx_word' id='word_1_499' title='bbox 3965 4252 4326 4320; x_wconf 83' lang='lat' dir='ltr'><strong>reverende</strong></span> 
     </span>
     <span class='ocr_line' id='line_1_81' title="bbox 2361 4336 4328 4422; baseline 0.001 -18"><span class='ocrx_word' id='word_1_500' title='bbox 2361 4340 2569 4405; x_wconf 82' lang='lat' dir='ltr'><strong>frater</strong></span> <span class='ocrx_word' id='word_1_501' title='bbox 2610 4338 2784 4422; x_wconf 89' lang='lat' dir='ltr'><strong>qnod</strong></span> <span class='ocrx_word' id='word_1_502' title='bbox 2835 4336 2916 4405; x_wconf 89' lang='lat' dir='ltr'><strong>de</strong></span> <span class='ocrx_word' id='word_1_503' title='bbox 2959 4339 3155 4405; x_wconf 91' lang='lat' dir='ltr'><strong>rebus</strong></span> <span class='ocrx_word' id='word_1_504' title='bbox 3197 4337 3459 4404; x_wconf 84' lang='lat' dir='ltr'><strong>Galliae</strong></span> <span class='ocrx_word' id='word_1_505' title='bbox 3511 4347 3649 4402; x_wconf 90' lang='lat' dir='ltr'><strong>tam</strong></span> <span class='ocrx_word' id='word_1_506' title='bbox 3705 4336 4053 4422; x_wconf 82' lang='lat' dir='ltr'><strong>diligenter</strong></span> <span class='ocrx_word' id='word_1_507' title='bbox 4108 4340 4328 4405; x_wconf 85' lang='lat' dir='ltr'><strong>omnia</strong></span> 
     </span>
     <span class='ocr_line' id='line_1_82' title="bbox 2362 4421 4325 4509; baseline -0.001 -18"><span class='ocrx_word' id='word_1_508' title='bbox 2362 4424 2612 4492; x_wconf 88' lang='lat' dir='ltr'><strong>scribis.</strong></span> <span class='ocrx_word' id='word_1_509' title='bbox 2699 4423 2903 4490; x_wconf 79' lang='lat' dir='ltr'><strong>Faxit</strong></span> <span class='ocrx_word' id='word_1_510' title='bbox 2945 4425 3274 4491; x_wconf 91' lang='lat' dir='ltr'><strong>Dominus</strong></span> <span class='ocrx_word' id='word_1_511' title='bbox 3320 4432 3395 4489; x_wconf 90' lang='lat' dir='ltr'><strong>ut</strong></span> <span class='ocrx_word' id='word_1_512' title='bbox 3434 4422 3516 4489; x_wconf 86' lang='lat' dir='ltr'><strong>ab</strong></span> <span class='ocrx_word' id='word_1_513' title='bbox 3560 4421 3666 4490; x_wconf 89' lang='lat' dir='ltr'><strong>his</strong></span> <span class='ocrx_word' id='word_1_514' title='bbox 3700 4433 3839 4489; x_wconf 84' lang='lat' dir='ltr'><strong>tam</strong></span> <span class='ocrx_word' id='word_1_515' title='bbox 3872 4422 4061 4490; x_wconf 88' lang='lat' dir='ltr'><strong>laetis</strong></span> <span class='ocrx_word' id='word_1_516' title='bbox 4105 4427 4325 4509; x_wconf 86' lang='lat' dir='ltr'><strong>auspi-</strong></span> 
     </span>
     <span class='ocr_line' id='line_1_83' title="bbox 2361 4507 4327 4595; baseline 0.001 -18"><span class='ocrx_word' id='word_1_517' title='bbox 2361 4511 2482 4577; x_wconf 87' lang='lat' dir='ltr'><strong>ciis</strong></span> <span class='ocrx_word' id='word_1_518' title='bbox 2537 4519 2930 4595; x_wconf 84' lang='lat' dir='ltr'><strong>proventum</strong></span> <span class='ocrx_word' id='word_1_519' title='bbox 2994 4510 3184 4594; x_wconf 80' lang='lat' dir='ltr'><strong>regni</strong></span> <span class='ocrx_word' id='word_1_520' title='bbox 3238 4507 3492 4576; x_wconf 84' lang='lat' dir='ltr'><strong>Christi</strong></span> <span class='ocrx_word' id='word_1_521' title='bbox 3551 4509 3842 4593; x_wconf 87' lang='lat' dir='ltr'><strong>amplum</strong></span> <span class='ocrx_word' id='word_1_522' title='bbox 3901 4518 4327 4595; x_wconf 82' lang='lat' dir='ltr'><strong>optatumque</strong></span> 
     </span>
     <span class='ocr_line' id='line_1_84' title="bbox 2362 4595 4325 4682; baseline -0.001 -18"><span class='ocrx_word' id='word_1_523' title='bbox 2362 4597 2800 4682; x_wconf 86' lang='lat' dir='ltr'><strong>experiamur.</strong></span> <span class='ocrx_word' id='word_1_524' title='bbox 2931 4596 3216 4663; x_wconf 62' lang='lat' dir='ltr'><strong>Gummi</strong></span> <span class='ocrx_word' id='word_1_525' title='bbox 3244 4597 3294 4678; x_wconf 92' lang='lat'><strong>¹)</strong></span> <span class='ocrx_word' id='word_1_526' title='bbox 3374 4595 3507 4660; x_wconf 86' lang='lat' dir='ltr'><strong>iam</strong></span> <span class='ocrx_word' id='word_1_527' title='bbox 3574 4595 3917 4661; x_wconf 78' lang='lat' dir='ltr'><strong>Tabernae</strong></span> <span class='ocrx_word' id='word_1_528' title='bbox 3981 4605 4188 4680; x_wconf 81' lang='lat' dir='ltr'><strong>agunt</strong></span> <span class='ocrx_word' id='word_1_529' title='bbox 4250 4598 4325 4663; x_wconf 89' lang='lat' dir='ltr'><strong>in</strong></span> 
     </span>
    </p>
   </div>
   <div class='ocr_carea' id='block_1_20' title="bbox 2379 4772 2781 4784">
    <p class='ocr_par' dir='ltr' id='par_1_24' title="bbox 2379 4772 2781 4784">
     <span class='ocr_line' id='line_1_85' title="bbox 2379 4772 2781 4784; baseline 0 0"><span class='ocrx_word' id='word_1_530' title='bbox 2379 4772 2781 4784; x_wconf 95' lang='lat' dir='ltr'><strong> </strong></span> 
     </span>
    </p>
   </div>
   <div class='ocr_carea' id='block_1_21' title="bbox 2364 4885 4343 5438">
    <p class='ocr_par' dir='ltr' id='par_1_25' title="bbox 2364 4885 4343 5438">
     <span class='ocr_line' id='line_1_86' title="bbox 2569 4885 4207 4970; baseline -0.002 -28"><span class='ocrx_word' id='word_1_531' title='bbox 2569 4888 2632 4948; x_wconf 74' lang='lat'><strong>4)</strong></span> <span class='ocrx_word' id='word_1_532' title='bbox 2666 4889 2908 4944; x_wconf 68' lang='lat' dir='ltr'><strong>Bam.</strong></span> <span class='ocrx_word' id='word_1_533' title='bbox 2977 4887 3081 4957; x_wconf 86' lang='lat' dir='ltr'><strong>(N.</strong></span> <span class='ocrx_word' id='word_1_534' title='bbox 3116 4885 3270 4942; x_wconf 78' lang='grc'><strong>3678.</strong></span> <span class='ocrx_word' id='word_1_535' title='bbox 3481 4957 3515 4970; x_wconf 85' lang='lat'><strong>..</strong></span> <span class='ocrx_word' id='word_1_536' title='bbox 3702 4959 3710 4968; x_wconf 87' lang='lat'><strong>.</strong></span> <span class='ocrx_word' id='word_1_537' title='bbox 4196 4956 4207 4968; x_wconf 33' lang='grc' dir='ltr'>ί</span> 
     </span>
     <span class='ocr_line' id='line_1_87' title="bbox 2364 4955 4326 5109; baseline -0.001 -26"><span class='ocrx_word' id='word_1_538' title='bbox 2364 5026 2555 5083; x_wconf 70' lang='lat' dir='ltr'><strong>consul</strong></span> <span class='ocrx_word' id='word_1_539' title='bbox 2571 4955 3758 5109; x_wconf 42' lang='grc' dir='ltr'><strong>δὲυιζοὴῗναιιῖιαιφῶῗνῗωωωξστκφόοαπςβηκ(</strong></span> <span class='ocrx_word' id='word_1_540' title='bbox 3771 4955 4077 5080; x_wconf 53' lang='lat' dir='ltr'><strong>mam</strong></span> <span class='ocrx_word' id='word_1_541' title='bbox 4092 4972 4217 5092; x_wconf 54' lang='lat' dir='ltr'><strong>gf.</strong></span> <span class='ocrx_word' id='word_1_542' title='bbox 4272 5042 4326 5081; x_wconf 76' lang='lat' dir='ltr'><strong>v.</strong></span> 
     </span>
     <span class='ocr_line' id='line_1_88' title="bbox 2377 5064 4326 5231; baseline 0.001 -81"><span class='ocrx_word' id='word_1_543' title='bbox 2377 5094 2553 5150; x_wconf 56' lang='grc' dir='ltr'>φησι</span> <span class='ocrx_word' id='word_1_544' title='bbox 2571 5112 2637 5218; x_wconf 60' lang='grc' dir='ltr'><strong>ἔ.</strong></span> <span class='ocrx_word' id='word_1_545' title='bbox 2671 5095 2825 5220; x_wconf 46' lang='lat'><strong>333.)</strong></span> <span class='ocrx_word' id='word_1_546' title='bbox 2853 5094 3012 5220; x_wconf 52' lang='lat' dir='ltr'><strong>7ss</strong></span> <span class='ocrx_word' id='word_1_547' title='bbox 3039 5109 3374 5231; x_wconf 34' lang='lat' dir='ltr'><strong>mmm?</strong></span> <span class='ocrx_word' id='word_1_548' title='bbox 3411 5095 3656 5164; x_wconf 68' lang='lat' dir='ltr'><strong>soqum·</strong></span> <span class='ocrx_word' id='word_1_549' title='bbox 3691 5094 3742 5148; x_wconf 75' lang='lat' dir='ltr'><strong>a.</strong></span> <span class='ocrx_word' id='word_1_550' title='bbox 3782 5094 3837 5149; x_wconf 77' lang='grc' dir='ltr'><strong>α.</strong></span> <span class='ocrx_word' id='word_1_551' title='bbox 3876 5092 3959 5147; x_wconf 80' lang='lat'><strong>14.</strong></span> <span class='ocrx_word' id='word_1_552' title='bbox 3996 5064 4129 5150; x_wconf 65' lang='lat' dir='ltr'><strong>bx.</strong></span> <span class='ocrx_word' id='word_1_553' title='bbox 4176 5092 4326 5151; x_wconf 72' lang='lat'><strong>1562.</strong></span> 
     </span>
     <span class='ocr_line' id='line_1_89' title="bbox 2370 5165 4335 5300; baseline 0 -13"><span class='ocrx_word' id='word_1_554' title='bbox 2370 5165 2632 5294; x_wconf 60' lang='lat' dir='ltr'><strong>8⁷12.ss</strong></span> <span class='ocrx_word' id='word_1_555' title='bbox 2667 5233 2750 5300; x_wconf 75' lang='lat' dir='ltr'><strong>or.</strong></span> <span class='ocrx_word' id='word_1_556' title='bbox 2789 5181 3049 5288; x_wconf 45' lang='lat' dir='ltr'><strong>iiia-104.</strong></span> <span class='ocrx_word' id='word_1_557' title='bbox 3085 5181 3241 5288; x_wconf 73' lang='lat'><strong>371‘1&#39;.</strong></span> <span class='ocrx_word' id='word_1_558' title='bbox 3296 5263 3359 5271; x_wconf 87' lang='lat'>-</span> <span class='ocrx_word' id='word_1_559' title='bbox 3408 5232 3662 5300; x_wconf 66' lang='lat' dir='ltr'><strong>Lanqnoet</strong></span> <span class='ocrx_word' id='word_1_560' title='bbox 3696 5231 3765 5285; x_wconf 91' lang='lat'><strong>11.</strong></span> <span class='ocrx_word' id='word_1_561' title='bbox 3799 5228 3919 5284; x_wconf 80' lang='lat'><strong>205.</strong></span> <span class='ocrx_word' id='word_1_562' title='bbox 3957 5229 4012 5283; x_wconf 75' lang='lat' dir='ltr'><strong>a.</strong></span> <span class='ocrx_word' id='word_1_563' title='bbox 4049 5228 4102 5284; x_wconf 76' lang='grc' dir='ltr'><strong>α.</strong></span> <span class='ocrx_word' id='word_1_564' title='bbox 4156 5230 4335 5287; x_wconf 76' lang='lat' dir='ltr'><strong>v111.</strong></span> 
     </span>
     <span class='ocr_line' id='line_1_90' title="bbox 2376 5299 4343 5438; baseline -0.001 -80"><span class='ocrx_word' id='word_1_565' title='bbox 2376 5302 2493 5358; x_wconf 71' lang='lat'><strong>001.</strong></span> <span class='ocrx_word' id='word_1_566' title='bbox 2546 5303 2718 5358; x_wconf 74' lang='lat' dir='ltr'><strong>Mart.</strong></span> <span class='ocrx_word' id='word_1_567' title='bbox 2739 5327 2753 5354; x_wconf 86' lang='lat'><strong>.-</strong></span> <span class='ocrx_word' id='word_1_568' title='bbox 2808 5303 2967 5357; x_wconf 79' lang='lat' dir='ltr'><strong>Multi</strong></span> <span class='ocrx_word' id='word_1_569' title='bbox 3020 5319 3125 5356; x_wconf 91' lang='lat' dir='ltr'><strong>non</strong></span> <span class='ocrx_word' id='word_1_570' title='bbox 3177 5308 3403 5371; x_wconf 78' lang='lat' dir='ltr'><strong>possunt</strong></span> <span class='ocrx_word' id='word_1_571' title='bbox 3456 5300 3590 5354; x_wconf 81' lang='lat' dir='ltr'><strong>satis</strong></span> <span class='ocrx_word' id='word_1_572' title='bbox 3638 5299 4091 5438; x_wconf 44' lang='lat' dir='ltr'><strong>‘miurigaliqnos</strong></span> <span class='ocrx_word' id='word_1_573' title='bbox 4137 5314 4343 5372; x_wconf 70' lang='lat' dir='ltr'><strong>evang.</strong></span> 
     </span>
    </p>
   </div>
  </div>
 </body>
</html>
