4900 6125
645 402 771 466 655

645 586 1026 670 ampliorem
1069 583 1234 650 mihi
1277 593 1503 669 postea
1546 583 1767 651 datam
1812 605 1954 651 esse
1997 587 2290 671 cognovi,
2335 609 2419 653 ex
2460 607 2589 670 quo

762 681 1005 737 tremas
1047 676 1305 737 vestras
1347 667 1573 738 literas
1616 669 1699 736 ad
1739 691 2117 737 consessum
2150 681 2446 737 nostrum
2472 693 2591 739 au·

693 758 800 835 'vi,
844 756 1078 840 quibus
1121 755 1421 836 scribitis,
1465 756 1807 840 utriusque
1863 757 2071 822 nostri
2131 767 2400 824 senatus
2441 757 2591 823 lite-

642 844 735 909 ris
778 844 909 908 iam
952 849 1264 907 testatum
1308 862 1450 907 esse
1486 863 1591 908 me
1634 842 1936 908 assentiri
1959 863 2115 908 suae
2148 843 2590 926 postulationi.

642 928 852 995 Miror
927 935 1148 993 autem
1227 925 1383 1012 quid
1448 926 1580 992 illis
1657 928 1727 992 in
1803 937 2088 993 mentem
2155 930 2431 1010 venerit,
2519 936 2593 995 ιιι

685 1034 845 1080 uum
886 1014 957 1078 in
999 1013 1215 1097 priore
1259 1033 1480 1078 errore
1523 1012 1893 1079 excusando
1936 1013 2315 1094 laborarent
2359 1036 2590 1080 secun-

641 1037 805 1165 dum
870 1098 1269 1165 admiserint.
1359 1098 1506 1182 Ego
1570 1099 1744 1164 enim
1808 1097 1980 1182 quod
2037 1119 2145 1165 res
2201 1109 2301 1165 est
2356 1099 2590 1179 dicam,

641 1192 900 1250 tantum
958 1185 1186 1252 abesse
1242 1191 1318 1250 ut
1374 1204 1585 1249 meam
1648 1186 2143 1250 consensionem
2201 1205 2592 1271 cognoscere

640 1271 995 1355 potuerint,
1052 1276 1128 1335 ut
1170 1291 1253 1335 ne
1296 1270 1713 1353 inquisierint
1767 1269 2050 1354 quidem,
2118 1270 2233 1336 sed
2294 1279 2447 1338 ante
2508 1271 2592 1337 ad

641 1365 943 1422 senatum
1007 1363 1299 1422 vestrum
1365 1356 1821 1438 rescripserint
1884 1376 2081 1440 quam
2145 1356 2354 1422 ullum
2402 1379 2444 1422 a
2486 1378 2592 1423 me

641 1442 1015 1527 acceperint
1047 1462 1448 1524 responsum.
1521 1440 1940 1525 Quapropter
1972 1440 2162 1507 valde
2196 1443 2400 1508 miror
2425 1463 2593 1527 quae

641 1548 869 1595 eorum
894 1528 1147 1593 animos
1167 1535 1327 1592 tunc
1347 1526 1619 1592 subierit
1653 1527 1961 1612 cogitatio
1982 1548 2183 1611 quum
2208 1528 2588 1595 scriberent.

642 1614 860 1680 Audio
917 1614 1043 1678 hoc
1099 1611 1349 1679 scribae
1405 1632 1625 1678 errore
1692 1622 1758 1679 et
1822 1613 2357 1696 praecipitatione
2423 1613 2590 1679 acci-

642 1699 835 1777 disse,
881 1697 1053 1782 quod
1097 1697 1269 1782 apud
1311 1719 1417 1764 me
1451 1711 1854 1765 excusarunt
1895 1707 1980 1779 et,
2014 1705 2091 1763 ut
2123 1700 2371 1783 opinor,
2413 1698 2592 1784 apud

639 1805 760 1852 vos
845 1805 1058 1868 noque
1101 1785 1474 1851 excusaturi
1517 1793 1686 1850 sunt.

852 1891 958 1936 am
1003 1890 1162 1934 vero
1206 1877 1625 1954 posteaquam
1667 1890 1895 1936 eorum
1933 1870 2263 1954 postulata
2298 1892 2339 1936 a
2372 1878 2592 1938 vestro

641 1967 874 2022 senatu
933 1974 1235 2022 concessa
1286 1964 1444 2021 sunt
1495 1955 1679 2022 vobis
1741 1955 2249 2023 assentientibus
2307 1964 2375 2023 et
2435 1955 2590 2022 sub-

640 2041 1097 2122 scribentibus,
1152 2047 1228 2105 ut
1270 2061 1352 2107 ex
1412 2041 1554 2107 eius
1605 2040 1815 2107 literis
1870 2040 2119 2124 liquido
2164 2049 2454 2126 apparet.
2513 2063 2592 2108 ea

641 2135 865 2193 tamen
927 2127 1074 2211 lege
1136 2134 1212 2191 ut
1277 2125 1444 2191 mihi
1508 2127 1689 2210 optio
1745 2126 2154 2210 relinquatur
2206 2128 2594 2194 utrumlibet

639 2211 947 2298 eligendi,
991 2222 1294 2296 superest
1333 2221 1408 2276 ut
1442 2213 1625 2279 vobis
1669 2213 1876 2277 animi
1917 2213 2047 2279 mei
2084 2212 2490 2280 voluntatem
2526 2219 2596 2280 et

640 2298 913 2366 consilia
980 2297 1318 2381 explicem.
1426 2295 1650 2379 Quum
1730 2298 2016 2382 primum
2083 2298 2445 2365 Lausanna
2509 2298 2596 2365 ad

638 2404 758 2451 vos
801 2405 1107 2451 reversus
1141 2383 1380 2449 iterum
1416 2382 1691 2467 collegio
1726 2391 1948 2449 vestro
1983 2392 2322 2469 cooptatus
2359 2406 2592 2465 essem,

638 2489 859 2536 coram
915 2477 1151 2536 senatu
1204 2477 1608 2536 contestatus
1665 2489 1813 2536 sum
1873 2469 2043 2554 quod
2101 2491 2209 2536 res
2265 2479 2426 2552 erat,
2487 2491 2593 2536 me

637 2554 899 2640 quidem
944 2575 1209 2621 omnem
1248 2575 1445 2639 quam
1504 2575 1758 2638 possem
1814 2576 2079 2640 operam
2135 2556 2591 2640 impensurum

638 2647 897 2707 vestrae
932 2641 1257 2720 ecclesiae,
1303 2638 1419 2706 sed
1461 2640 1628 2706 mibi
1672 2662 1814 2707 esse
1858 2662 2040 2725 spem
2083 2640 2411 2707 sublatam
2453 2644 2592 2707 fore

639 2734 717 2792 ut
757 2747 904 2793 eam
947 2735 1281 2810 praestare
1323 2745 1582 2810 possem
1627 2747 1825 2810 quam
1868 2728 2228 2812 cupiebam,
2273 2737 2339 2792 et
2373 2729 2594 2793 omnia

639 2810 820 2878 obire
896 2812 1247 2878 ministerii
1308 2833 1585 2879 munera
1691 2812 1817 2879 uod
1883 2812 2048 2878 mibi
2112 2812 2590 2896 imponebatur.

638 2898 954 2965 Praestiti
996 2898 1272 2978 interea,
1336 2916 1471 2963 non
1511 2919 1599 2983 qu
1731 2896 1944 2977 debui,
2011 2896 2126 2964 sed
2172 2896 2345 2983 quod
2475 2899 2590 2978 tui,

638 2991 715 3048 ιιι
756 3004 874 3050 vos
916 2992 1117 3050 testes
1159 2983 1334 3050 estis.
1400 2982 1663 3050 Deinde
1705 3005 1869 3069 quae
1922 2983 2087 3049 mihi
2145 3004 2342 3050 causa
2388 2920 2595 3050 {gerit

639 3070 807 3138 coeli
851 3067 1152 3136 mutandi
1194 3076 1340 3154 post
1370 3069 1642 3155 longum
1686 3078 1753 3135 et
1795 3091 2065 3156 gravem
2110 3069 2414 3137 morbum
2459 3091 2594 3137 non

638 3156 975 3242 ignoratis.
1049 3156 1197 3240 Ego
1240 3176 1368 3239 quo
1409 3176 1568 3222 vere
1611 3177 1652 3222 a
1692 3157 1885 3223 vobis
1929 3155 2194 3223 discessi
2236 3164 2594 3241 antequam

638 3241 724 3308 ad
765 3263 888 3308 vos
926 3260 1222 3308 remeare
1253 3241 1600 3326 potuerim,
1643 3240 1892 3309 bellicis
1927 3241 2236 3308 fluctibus
2269 3250 2592 3327 arreptus,

637 3326 879 3412 quibus
941 3326 1106 3394 haec
1169 3332 1310 3393 tota
1366 3326 1588 3394 Gallia
1639 3326 1949 3405 exundat,
2014 3326 2401 3412 profundius
2465 3328 2591 3393 im-

639 3433 894 3564 ἒοιςιιε
937 3432 1325 3564 εέιιὲιᾱςιιιιιιι
1368 3422 1447 3478 ιιι
1475 3412 1677 3513 ‘facile
1721 3413 2042 3564 hactssnus
2099 3434 2435 3566 emerggre
2477 3434 2593 3497 po·

715 3519 880 3564 enm
922 3520 967 3564 u
1164 3518 1286 3564 vos
1327 3519 1775 3584 remigrarem.
1930 3518 2035 3564 am
2084 3498 2263 3566 lusce
2374 3519 2440 3563 m

636 3583 887 3651 tatibus
926 3584 1051 3651 hac
1093 3584 1166 3649 in
1203 3584 1359 3650 navi
1399 3583 1474 3649 in
1528 3585 1738 3651 altum
1803 3585 2085 3652 iactatus
2129 3583 2319 3650 timui
2362 3519 2593 3664 nepess}

635 3689 747 3736 me
810 3670 963 3736 inde
1026 3669 1453 3754 proriperem,
1533 3670 1800 3737 viderer
1863 3677 1979 3736 tan
2021 3690 2182 3735 uam
2244 3670 2593 3737 nauclerus

638 3756 899 3822 deserta
940 3756 1220 3822 statione
1259 3755 1425 3821 mihi
1471 3756 1661 3840 quasi
1718 3755 1877 3841 fuga
1926 3776 1960 3820 s
2028 3763 2208 3821 utem
2258 3776 2590 3839 quaerere,

637 3848 707 3908 et
763 3861 1000 3907 navem
1052 3849 1120 3907 et
1184 3842 1424 3908 fi=atres
1476 3842 1758 3927 remiges
1823 3839 2121 3907 decerem
2174 3847 2244 3905 et
2296 3840 2590 3924 prodere,

682 3928 750 3993 ui
792 3947 1108 4012 magnum
1152 3947 1379 3994 omnes
1423 3947 1507 3992 ex
1551 3948 1658 3993 me
1702 3927 2024 3993 auxilium
2066 3934 2448 4010 exspectare
2492 3927 2593 3992 vi-

637 3948 984 4091 debantur,
1029 4021 1100 4078 et
1139 4033 1288 4079 mea
1344 4013 1717 4078 confirmari
1761 4011 2152 4096 praesentia.
2237 4012 2402 4097 Ego,
2470 4011 2593 4078 etsi

638 4099 829 4166 facile
871 4098 1328 4182 perspicerem,
1372 4097 1537 4163 mihi
1580 4098 1730 4182 plus
1788 4097 1993 4164 tribui
2048 4118 2249 4180 quam
2306 4096 2479 4180 quod
2524 4101 2592 4163 in

637 4206 746 4252 me
789 4185 1077 4268 positum
1122 4194 1311 4260 esset,
1379 4183 1561 4249 nolui
1619 4193 1840 4249 tamen
1897 4182 2200 4266 cuiquam
2256 4203 2404 4248 meo
2459 4182 2592 4249 dis·

636 4291 828 4339 cessu
892 4278 1147 4335 metum
1215 4288 1458 4354 augere
1520 4269 1591 4334 in
1645 4287 1904 4334 summa
1958 4268 2253 4335 omnium
2309 4269 2595 4352 trepida-

637 4357 834 4435 tione,
895 4361 963 4420 et
1006 4375 1116 4421 eos
1157 4356 1664 4439 perterrefacere
1715 4374 1878 4439 quos
1930 4355 2148 4438 potius
2204 4355 2594 4421 confirmare

640 4441 851 4509 debui.
951 4441 1015 4506 N
1016 4462 1144 4508 unc
1198 4461 1377 4518 vero,
1450 4441 1710 4507 tametsi
1766 4439 2062 4506 omnium
2119 4440 2323 4505 animi
2379 4441 2594 4525 magis

639 4528 1008 4595 confirmati
1049 4526 1381 4603 videntur,
1426 4526 1721 4592 nondum
1763 4535 1987 4592 tamen
2022 4525 2185 4591 satis
2225 4528 2595 4610 perspicere

910 4634 990 4678 us
1053 4612 1227 4678 ualis
1271 4613 1359 4678 sit
1378 4610 1647 4678 futurus
1681 4611 1881 4678 huius
1900 4610 2262 4677 tristissimi
2285 4621 2353 4677 et
2372 4612 2592 4678 funes-

640 4699 882 4767 tissimi
922 4698 1030 4765 bel
1058 4699 1074 4713 ⁶
1122 4698 1341 4765 exitus
1384 4706 1451 4763 et
1494 4705 1809 4764 eventus:
1855 4696 1987 4764 nisi
2030 4695 2205 4782 quod
2247 4704 2425 4763 certo
2469 4698 2594 4764 sci·

640 4807 792 4852 mus
856 4795 1209 4869 utrumque
1266 4805 1307 4850 a
1348 4782 1497 4850 Deo
1552 4783 1909 4869 gubernari
1961 4790 2030 4849 et
2081 4783 2596 4866 exspectandum

643 4891 805 4939 esse.

817 4954 1013 5039 Quod
1058 4963 1278 5021 autem
1321 4953 1408 5020 ad
1444 4975 1555 5020 me
1597 4955 1853 5031 attinet,
1913 4953 2115 5020 statui
2155 4952 2458 5019 libertate
2501 4955 2600 5020 uti

647 5062 812 5126 quae
854 5040 1019 5107 mihi
1063 5062 1105 5108 a
1147 5040 1338 5108 vobis
1380 5060 1691 5110 concessa
1733 5048 1855 5119 est,
1910 5059 1989 5105 ea
2028 5037 2291 5122 quidem
2333 5038 2482 5124 lege
2525 5047 2602 5105 ut

650 5125 1019 5210 ubicunque
1086 5134 1412 5193 terrarum
1454 5127 1717 5193 futurus
1759 5124 1886 5190 sim
1927 5125 1998 5190 in
2042 5123 2315 5191 ecclesia
2356 5123 2602 5191 babeat

647 5222 960 5295 tanquam
999 5213 1314 5278 emeritus
1355 5211 1545 5279 miles
1579 5223 1647 5278 et
1677 5207 1843 5276 rude
1877 5210 2175 5286 donatus,
2218 5210 2277 5275 si
2310 5208 2380 5275 id
2413 5209 2605 5277 modo

650 5294 733 5361 ab
797 5298 1071 5364 ecclesia
1113 5297 1469 5382 impetrare
1511 5297 1791 5364 valeam.
1881 5294 2220 5382 eognosoo
2262 5294 2463 5376 enim,
2526 5318 2603 5364 ac

2150 396 2676 467 EPISTOLAE
2720 398 3145 464 asos—3910

4502 400 4604 461 6⁵6

2693 584 2905 653 indies
2970 585 3182 671 magis
3244 591 3440 670 atque
3503 585 3718 670 magis
3782 584 4103 733 experior,
4169 605 4368 669 quam
4419 586 4609 653 stactis

2695 672 2819 738 sim
2888 677 2955 736 et
2996 671 3284 756 corporis
3338 680 3404 737 et
3467 671 3676 736 animi
3737 670 3869 738 viri
3914 691 4015 750 us,
4079 690 4248 754 quae
4301 672 4609 756 ingraves-

2693 763 2883 823 cente
2925 765 3137 826 aetate
3181 755 3473 841 quotidie
3514 757 3726 841 magis
3768 763 3966 841 atque
4000 757 4213 841 magis
4248 763 4608 823 atteruntur.

2695 841 3023 909 Oonstitui
3066 843 3290 927 itaque
3348 842 3514 908 nulli
3567 863 3676 908 me
3731 843 4008 927 posthac
4074 850 4293 909 certae
4335 842 4614 909 ecclesiae

2693 927 2983 1013 alligare,
3025 936 3253 1012 utpote
3287 929 3397 1012 qui
3450 947 3678 994 omnes
3720 928 4067 994 ministerii
4113 937 4351 1012 partes,
4395 928 4614 994 viribus

2693 1011 3049 1080 destitutus
3113 1013 3196 1080 ad
3225 1035 3408 1113 ,eam
3473 1014 3875 1115 functionem
3920 1012 4321 1114 necessariis,
4382 1014 4615 1098 explere

2695 1108 3713 1269 ιιιῖιιιοεεᾶιςιιᾶυτι
3730 1098 4556 1283 ‘sffmssffitffi
4542 1109 4616 1284 ι

2696 1291 2880 1337 meae
2922 1268 3289 1336 valetudini
3331 1270 3767 1338 commodiore
3826 1280 3894 1336 et
3946 1271 4234 1354 quietius
4278 1291 4518 1349 vivere,
4569 1292 4620 1336 si

2694 1354 2887 1422 modo
2919 1355 3057 1422 nlla
3100 1377 3389 1440 unquam
3432 1356 3598 1422 mihi
3640 1357 3828 1440 quies
3872 1357 3944 1421 in
3980 1356 4107 1423 hac
4149 1357 4288 1423 vita
4321 1355 4620 1440 speranda

2695 1449 2815 1509 est.
2894 1442 3161 1508 Interea
3229 1450 3344 1509 aut
3405 1442 3710 1526 privatus
3758 1442 4006 1521 vivam,
4071 1443 4124 1508 si
4191 1442 4287 1507 ita
4339 1442 4622 1509 ecclcsiae

2693 1527 3041 1606 videbitur,
3109 1535 3225 1594 aut
3279 1529 3335 1594 si
3399 1548 3595 1611 quam
3661 1526 3875 1596 adhuc
3939 1548 4204 1613 operam
4270 1529 4332 1593 ei
4399 1547 4622 1593 navare

2694 1634 2961 1698 possum
3006 1614 3347 1697 praestabo
3391 1612 3570 1697 quod
3610 1614 3939 1679 Dominus
3983 1612 4269 1679 dederit:
4325 1611 4515 1679 modo
4549 1633 4623 1678 ne

2695 1698 2845 1783 plus
2866 1719 2907 1764 a
2926 1719 3034 1766 me
3055 1699 3363 1784 exigatur
3380 1719 3576 1782 quam
3599 1698 3769 1783 quod
3791 1709 4025 1784 sponte
4045 1709 4384 1782 praestare
4405 1707 4624 1783 potero.

2695 1784 3000 1852 Oonabor
3036 1793 3257 1851 autem
3291 1784 3362 1850 id
3385 1785 3542 1850 dare
3577 1805 3843 1869 operam
3866 1794 3944 1849 ut
3974 1805 4205 1851 omnes
4227 1784 4422 1850 facile
4451 1782 4626 1850 intel·

2695 1870 2922 1956 ligant,
2963 1891 3072 1936 me
3107 1892 3238 1937 non
3281 1870 3524 1956 eligere
3558 1869 3731 1936 hanc
3764 1869 4036 1936 vivendi
4071 1871 4396 1936 rationem
4430 1881 4507 1934 nt
4533 1889 4626 1934 me

2696 1958 2847 2035 otio,
2912 1956 3220 2042 ignaviae
3280 1963 3347 2022 et
3411 1957 3658 2040 torpori
3723 1955 3958 2023 dedam
4024 1964 4092 2022 et
4155 1975 4340 2022 meae
4389 1963 4626 2020 tantum

2694 2042 2900 2127 quieti
2973 2042 3328 2110 consulam.
3431 2042 3699 2108 Interea
3759 2062 3918 2108 vero
3985 2041 4141 2107 dum
4206 2047 4517 2125 exspecto
4567 2040 4628 2104 in

2695 2128 2867 2212 quod
2911 2147 3020 2193 me
3075 2127 3233 2193 litus
3276 2129 3546 2194 eiecturi
3581 2130 3716 2193 sint
3746 2127 4068 2194 bellorum
4118 2128 4362 2194 fluctus
4415 2125 4629 2210 quibm

2696 2234 2873 2279 nunc
2946 2212 3363 2292 involvimur,
3442 2214 3585 2279 sive
3648 2213 4004 2291 viventem,
4080 2214 4226 2278 sive
4287 2221 4628 2286 mortuum,

2695 2321 2843 2366 eam
2885 2319 3082 2383 quam
3138 2319 3400 2382 possum
3439 2319 3705 2382 operam
3763 2298 3917 2365 huic
3960 2298 4270 2365 ecclesiae
4317 2295 4628 2382 impendo,

2697 2385 2901 2451 donec
2977 2384 3211 2450 melior
3283 2406 3355 2451 se
3428 2385 3661 2451 offerat
3727 2382 4153 2451 commoditas
4218 2381 4424 2450 rebus
4483 2383 4633 2449 mefs

2697 2468 3154 2555 prospiciendi.
3241 2468 3436 2552 Quod
3501 2471 3560 2536 si
3614 2469 3797 2536 volet
3837 2470 4164 2536 Dominus
4220 2478 4297 2534 ut
4351 2489 4474 2535 vos
4507 2489 4638 2551 pro-

2700 2558 2882 2622 ximo
2926 2576 3083 2621 vere
3127 2557 3433 2634 revisam,
3490 2555 3752 2639 plenius
3798 2556 4134 2623 vobiscum
4189 2563 4260 2620 et
4319 2554 4406 2620 de
4459 2554 4638 2620 rebus

2697 2642 2863 2708 meis
2910 2651 2978 2707 et
3020 2639 3102 2707 de
3143 2641 3404 2724 publica
3446 2641 3755 2708 ecclesiae
3799 2641 4085 2706 utilitate
4141 2638 4638 2707 commentabor.

2697 2727 3051 2795 Caeterum
3096 2727 3265 2793 nihil
3309 2747 3471 2810 opus
3515 2748 3659 2793 esse
3700 2733 3861 2811 puto
3902 2745 4170 2792 monere
4223 2746 4348 2791 vos
4392 2737 4470 2791 ut
4507 2745 4638 2790 ves-

2697 2821 2841 2879 trae
2906 2813 3216 2880 ecclesiae
3272 2813 3544 2897 eiusque
3608 2811 3974 2878 ministerio
4038 2812 4135 2877 ita
4174 2812 4538 2878 consulatis
4575 2818 4641 2875 ut

2697 2919 2846 2964 mea
2911 2920 3108 2966 causa
3171 2899 3341 2964 nihil
3406 2898 3681 2983 posthac
3740 2897 4017 2982 accipiat
4078 2896 4483 2975 detrimenti,
4539 2903 4638 2961 ant

2697 3005 2818 3051 vos
2861 2983 3012 3069 plus
3045 2986 3218 3051 iusto
3259 2984 3673 3068 premamini,
3728 2989 4080 3068 pensantes
4136 2982 4312 3068 quod
4369 3002 4522 3048 mea
4567 3002 4640 3046 ex

2744 3079 2885 3138 arte
2922 3070 3281 3139 desiderari
3309 3077 3546 3155 potest.
3589 3069 3827 3139 Valete
3859 3070 4105 3153 optime
4143 3090 4222 3136 ac
4264 3067 4638 3144 diutissime,

2799 3164 2934 3224 tres
2968 3165 3037 3223 et
3070 3166 3475 3243 symmystae
3529 3176 3725 3239 quam
3780 3156 4102 3222 carissimi
4156 3176 4235 3222 ac
4291 3154 4640 3240 plurimum

2696 3241 3106 3323 observandi,
3150 3252 3220 3308 et
3259 3263 3367 3308 me
3400 3240 3687 3308 assiduis
3720 3241 3962 3307 vestris
3996 3241 4308 3325 precibus
4341 3238 4639 3307 adiuvate

2697 3336 2765 3393 et
2802 3328 3089 3395 Domino
3152 3326 3621 3395 commendate.
3709 3325 4025 3412 Lugduni
4089 3329 4149 3393 6.
4218 3325 4424 3392 Febr.
4473 3327 4640 3391 156⁸.

3616 3481 3858 3546 Vester
3892 3480 4135 3547 Petrus
4178 3479 4480 3548 Viretus.

3565 4025 3764 4095 8⁰⁰⁹.

3188 4179 3664 4249 STURMIUS
3707 4177 4146 4246 CALVINO.

2872 4349 4638 4437 Stilosatisneyliyentidpaesimpuoewmobm

2979 4610 3089 4677 OEx
3123 4608 3462 4679 autographo
3496 4607 3631 4662 Ood.
3663 4608 3904 4663 Gotbani
3937 4603 4060 4671 404,
4091 4606 4186 4661 fol.
4223 4604 4376 4671 788.)

3009 4779 3396 4848 Clarissimo
3441 4780 3585 4849 viro
3629 4778 3706 4845 D.
3753 4778 3990 4845 Ioanni
4033 4776 4338 4845 Calvino.

2872 4952 3113 5019 Daniel
3164 4950 3507 5019 Oesiamioe
3560 4950 3971 5016 consiliarius
4017 4948 4286 5015 Ioannis
4331 4947 4640 5016 W

2702 5037 2886 5106 ducis
2930 5036 3262 5105 Saxoniae
3303 5058 3337 5103 s
3531 5035 3718 5102 nobis
3772 5036 3925 5102 facit
3965 5034 4417 5120 corrogandae
4459 5052 4636 5120 pem·

2702 5124 2852 5191 niae
2896 5146 2936 5191 a
2978 5123 3330 5191 Basiliensi
3376 5144 3471 5203 us,
3513 5119 4067 5206 quemadmodum
4109 5142 4198 5187 ex
4239 5120 4426 5189 illins
4469 5116 4638 5187 vids-

2704 5209 2804 5276 bis
2846 5211 2929 5276 ad
2985 5230 3094 5275 me
3140 5208 3351 5275 literis
3407 5228 3688 5292 quarum
3741 5206 4118 5290 exemplum
4174 5205 4262 5271 ad
4315 5216 4389 5274 te
4442 5206 4636 5272 mitta

2705 5296 3012 5363 Misimus
3053 5296 3178 5363 hac
3222 5292 3302 5360 de
3344 5315 3418 5361 re
3453 5293 3528 5359 D.
3565 5292 3932 5360 Eusebium
3963 5292 4326 5373 Badiam,
4367 5293 4456 5359 D.
4483 5292 4638 5359 Gu-
