<?xml version="1.0" encoding="UTF-8"?>
<!DOCTYPE html PUBLIC "-//W3C//DTD XHTML 1.0 Transitional//EN"
    "http://www.w3.org/TR/xhtml1/DTD/xhtml1-transitional.dtd">
<html xmlns="http://www.w3.org/1999/xhtml" xml:lang="en" lang="en">
 <head>
  <title>
</title>
<meta http-equiv="Content-Type" content="text/html;charset=utf-8" />
  <meta name='ocr-system' content='tesseract 3.04.00' />
  <meta name='ocr-capabilities' content='ocr_page ocr_carea ocr_par ocr_line ocrx_word'/>
</head>
<body>
  <div class='ocr_page' id='page_1' title='image "./ioanniscalvinio12unkngoog/ioanniscalvinio12unkngoog_0388.png"; bbox 0 0 4900 6125; ppageno 0'>
   <div class='ocr_carea' id='block_1_1' title="bbox 596 383 727 454">
    <p class='ocr_par' dir='ltr' id='par_1_1' title="bbox 596 383 727 454">
     <span class='ocr_line' id='line_1_1' title="bbox 596 383 727 454; baseline -0.046 -1"><span class='ocrx_word' id='word_1_1' title='bbox 596 383 727 454; x_wconf 61' lang='lat'><strong>&#39;115</strong></span> 
     </span>
    </p>
   </div>
   <div class='ocr_carea' id='block_1_2' title="bbox 598 560 2580 5373">
    <p class='ocr_par' dir='ltr' id='par_1_2' title="bbox 598 560 2576 4496">
     <span class='ocr_line' id='line_1_2' title="bbox 598 560 2562 648; baseline -0.004 -12"><span class='ocrx_word' id='word_1_2' title='bbox 598 575 669 636; x_wconf 85' lang='lat' dir='ltr'><strong>et</strong></span> <span class='ocrx_word' id='word_1_3' title='bbox 720 563 1325 648; x_wconf 70' lang='lat' dir='ltr'><strong>interpretationem</strong></span> <span class='ocrx_word' id='word_1_4' title='bbox 1369 561 1582 630; x_wconf 91' lang='lat' dir='ltr'><strong>Pauli.</strong></span> <span class='ocrx_word' id='word_1_5' title='bbox 1659 563 1751 628; x_wconf 82' lang='lat' dir='ltr'><strong>At</strong></span> <span class='ocrx_word' id='word_1_6' title='bbox 1813 560 1970 647; x_wconf 88' lang='lat' dir='ltr'><strong>quid</strong></span> <span class='ocrx_word' id='word_1_7' title='bbox 2035 562 2119 629; x_wconf 89' lang='lat' dir='ltr'><strong>de</strong></span> <span class='ocrx_word' id='word_1_8' title='bbox 2170 563 2562 647; x_wconf 85' lang='lat' dir='ltr'><strong>praesentia,</strong></span> 
     </span>
     <span class='ocr_line' id='line_1_3' title="bbox 598 648 2559 737; baseline -0.003 -17"><span class='ocrx_word' id='word_1_9' title='bbox 598 652 818 737; x_wconf 87' lang='lat' dir='ltr'><strong>inquit</strong></span> <span class='ocrx_word' id='word_1_10' title='bbox 858 649 1135 718; x_wconf 88' lang='lat' dir='ltr'><strong>Iacobus</strong></span> <span class='ocrx_word' id='word_1_11' title='bbox 1175 649 1498 727; x_wconf 75' lang='lat' dir='ltr'><strong><em>Andreae,</em></strong></span> <span class='ocrx_word' id='word_1_12' title='bbox 1542 648 1796 714; x_wconf 78' lang='lat' dir='ltr'><strong>sentis?</strong></span> <span class='ocrx_word' id='word_1_13' title='bbox 1869 648 1976 715; x_wconf 88' lang='lat' dir='ltr'><strong>De</strong></span> <span class='ocrx_word' id='word_1_14' title='bbox 2018 650 2409 732; x_wconf 85' lang='lat' dir='ltr'><strong>praesentia,</strong></span> <span class='ocrx_word' id='word_1_15' title='bbox 2453 649 2559 715; x_wconf 91' lang='lat' dir='ltr'><strong>in-</strong></span> 
     </span>
     <span class='ocr_line' id='line_1_4' title="bbox 598 733 2561 823; baseline -0.003 -18"><span class='ocrx_word' id='word_1_16' title='bbox 598 757 818 823; x_wconf 85' lang='lat' dir='ltr'><strong>quam,</strong></span> <span class='ocrx_word' id='word_1_17' title='bbox 872 757 1006 802; x_wconf 92' lang='lat' dir='ltr'><strong>non</strong></span> <span class='ocrx_word' id='word_1_18' title='bbox 1058 734 1344 801; x_wconf 78' lang='lat' dir='ltr'>libenter</span> <span class='ocrx_word' id='word_1_19' title='bbox 1387 733 1487 801; x_wconf 88' lang='lat' dir='ltr'><strong>dis</strong></span> <span class='ocrx_word' id='word_1_20' title='bbox 1536 743 1667 813; x_wconf 79' lang='lat' dir='ltr'><strong>uto,</strong></span> <span class='ocrx_word' id='word_1_21' title='bbox 1726 735 1881 820; x_wconf 85' lang='lat' dir='ltr'><strong>quia</strong></span> <span class='ocrx_word' id='word_1_22' title='bbox 1924 734 2183 800; x_wconf 89' lang='lat' dir='ltr'><strong>nullum</strong></span> <span class='ocrx_word' id='word_1_23' title='bbox 2239 755 2319 801; x_wconf 93' lang='lat' dir='ltr'><strong>ea</strong></span> <span class='ocrx_word' id='word_1_24' title='bbox 2361 734 2445 800; x_wconf 88' lang='lat' dir='ltr'><strong>de</strong></span> <span class='ocrx_word' id='word_1_25' title='bbox 2487 756 2561 801; x_wconf 92' lang='lat' dir='ltr'><strong>re</strong></span> 
     </span>
     <span class='ocr_line' id='line_1_5' title="bbox 599 755 2560 906; baseline -0.004 -14"><span class='ocrx_word' id='word_1_26' title='bbox 599 822 876 892; x_wconf 86' lang='lat' dir='ltr'><strong>verbum</strong></span> <span class='ocrx_word' id='word_1_27' title='bbox 921 822 992 886; x_wconf 92' lang='lat' dir='ltr'><strong>in</strong></span> <span class='ocrx_word' id='word_1_28' title='bbox 1037 821 1163 888; x_wconf 88' lang='lat' dir='ltr'><strong>scri</strong></span> <span class='ocrx_word' id='word_1_29' title='bbox 1213 819 1381 886; x_wconf 90' lang='lat' dir='ltr'><strong>turis</strong></span> <span class='ocrx_word' id='word_1_30' title='bbox 1417 755 1655 886; x_wconf 48' lang='lat' dir='ltr'><strong>hazon:</strong></span> <span class='ocrx_word' id='word_1_31' title='bbox 1702 841 1918 906; x_wconf 89' lang='lat' dir='ltr'><strong>neque</strong></span> <span class='ocrx_word' id='word_1_32' title='bbox 1952 820 2133 886; x_wconf 92' lang='lat' dir='ltr'><strong>enim</strong></span> <span class='ocrx_word' id='word_1_33' title='bbox 2166 819 2355 886; x_wconf 86' lang='lat' dir='ltr'>ullibi</span> <span class='ocrx_word' id='word_1_34' title='bbox 2390 820 2560 905; x_wconf 81' lang='lat' dir='ltr'><strong>lego,</strong></span> 
     </span>
     <span class='ocr_line' id='line_1_6' title="bbox 601 906 2563 992; baseline -0.002 -16"><span class='ocrx_word' id='word_1_35' title='bbox 601 918 720 976; x_wconf 83' lang='lat' dir='ltr'><strong>aut</strong></span> <span class='ocrx_word' id='word_1_36' title='bbox 763 908 1104 976; x_wconf 76' lang='lat' dir='ltr'>Christum</span> <span class='ocrx_word' id='word_1_37' title='bbox 1198 907 1212 920; x_wconf 85' lang='lat'><strong><em>&#39;</em></strong></span> <span class='ocrx_word' id='word_1_38' title='bbox 1269 908 1429 972; x_wconf 85' lang='lat' dir='ltr'><strong>&#39;sse:</strong></span> <span class='ocrx_word' id='word_1_39' title='bbox 1496 906 1627 972; x_wconf 86' lang='lat' dir='ltr'><strong>Hic</strong></span> <span class='ocrx_word' id='word_1_40' title='bbox 1683 915 1785 973; x_wconf 89' lang='lat' dir='ltr'><strong>est</strong></span> <span class='ocrx_word' id='word_1_41' title='bbox 1839 927 2077 992; x_wconf 90' lang='lat' dir='ltr'><strong>corpus</strong></span> <span class='ocrx_word' id='word_1_42' title='bbox 2122 927 2379 972; x_wconf 91' lang='lat' dir='ltr'><strong>meum:</strong></span> <span class='ocrx_word' id='word_1_43' title='bbox 2445 914 2563 973; x_wconf 89' lang='lat' dir='ltr'><strong>aut</strong></span> 
     </span>
     <span class='ocr_line' id='line_1_7' title="bbox 601 990 2564 1077; baseline -0.003 -15"><span class='ocrx_word' id='word_1_44' title='bbox 601 994 889 1062; x_wconf 85' lang='lat' dir='ltr'><strong>Paulum</strong></span> <span class='ocrx_word' id='word_1_45' title='bbox 948 993 1154 1059; x_wconf 85' lang='lat' dir='ltr'><strong>verba</strong></span> <span class='ocrx_word' id='word_1_46' title='bbox 1212 991 1463 1059; x_wconf 87' lang='lat' dir='ltr'><strong>Christi</strong></span> <span class='ocrx_word' id='word_1_47' title='bbox 1515 992 1611 1057; x_wconf 91' lang='lat' dir='ltr'><strong>ita</strong></span> <span class='ocrx_word' id='word_1_48' title='bbox 1663 990 2171 1077; x_wconf 90' lang='lat' dir='ltr'><strong>interpretatum</strong></span> <span class='ocrx_word' id='word_1_49' title='bbox 2228 992 2430 1058; x_wconf 85' lang='lat' dir='ltr'><strong>fuisse</strong></span> <span class='ocrx_word' id='word_1_50' title='bbox 2488 999 2564 1059; x_wconf 92' lang='lat' dir='ltr'><strong>ut</strong></span> 
     </span>
     <span class='ocr_line' id='line_1_8' title="bbox 602 1076 2562 1162; baseline -0.003 -13"><span class='ocrx_word' id='word_1_51' title='bbox 602 1080 915 1158; x_wconf 88' lang='lat' dir='ltr'><strong>docuerit,</strong></span> <span class='ocrx_word' id='word_1_52' title='bbox 959 1078 1075 1144; x_wconf 90' lang='lat' dir='ltr'><strong>ubi</strong></span> <span class='ocrx_word' id='word_1_53' title='bbox 1117 1077 1489 1144; x_wconf 89' lang='lat' dir='ltr'><strong>celebratur</strong></span> <span class='ocrx_word' id='word_1_54' title='bbox 1530 1098 1751 1158; x_wconf 91' lang='lat' dir='ltr'><strong>coena,</strong></span> <span class='ocrx_word' id='word_1_55' title='bbox 1794 1079 1884 1144; x_wconf 92' lang='lat' dir='ltr'><strong>ibi</strong></span> <span class='ocrx_word' id='word_1_56' title='bbox 1928 1098 2071 1144; x_wconf 88' lang='lat' dir='ltr'><strong>esse</strong></span> <span class='ocrx_word' id='word_1_57' title='bbox 2114 1097 2351 1162; x_wconf 89' lang='lat' dir='ltr'><strong>corpus</strong></span> <span class='ocrx_word' id='word_1_58' title='bbox 2396 1076 2562 1144; x_wconf 89' lang='lat' dir='ltr'><strong>illud</strong></span> 
     </span>
     <span class='ocr_line' id='line_1_9' title="bbox 602 1162 2563 1249; baseline -0.003 -14"><span class='ocrx_word' id='word_1_59' title='bbox 602 1166 858 1235; x_wconf 80' lang='lat' dir='ltr'><strong>Christi</strong></span> <span class='ocrx_word' id='word_1_60' title='bbox 890 1163 1062 1249; x_wconf 89' lang='lat' dir='ltr'><strong>quod</strong></span> <span class='ocrx_word' id='word_1_61' title='bbox 1101 1185 1219 1247; x_wconf 91' lang='lat' dir='ltr'><strong>pro</strong></span> <span class='ocrx_word' id='word_1_62' title='bbox 1241 1163 1429 1230; x_wconf 89' lang='lat' dir='ltr'><strong>nobis</strong></span> <span class='ocrx_word' id='word_1_63' title='bbox 1471 1162 1788 1229; x_wconf 88' lang='lat' dir='ltr'><strong>traditum</strong></span> <span class='ocrx_word' id='word_1_64' title='bbox 1832 1174 1949 1230; x_wconf 89' lang='lat' dir='ltr'><strong>est.</strong></span> <span class='ocrx_word' id='word_1_65' title='bbox 2021 1162 2239 1230; x_wconf 87' lang='lat' dir='ltr'><strong>Audio</strong></span> <span class='ocrx_word' id='word_1_66' title='bbox 2277 1163 2563 1247; x_wconf 88' lang='lat' dir='ltr'><strong>quidem,</strong></span> 
     </span>
     <span class='ocr_line' id='line_1_10' title="bbox 601 1248 2562 1338; baseline -0.002 -19"><span class='ocrx_word' id='word_1_67' title='bbox 601 1273 806 1338; x_wconf 87' lang='lat' dir='ltr'><strong>quum</strong></span> <span class='ocrx_word' id='word_1_68' title='bbox 850 1269 1054 1317; x_wconf 91' lang='lat' dir='ltr'><strong>coena</strong></span> <span class='ocrx_word' id='word_1_69' title='bbox 1097 1251 1192 1328; x_wconf 89' lang='lat' dir='ltr'><strong>fit,</strong></span> <span class='ocrx_word' id='word_1_70' title='bbox 1237 1249 1399 1316; x_wconf 82' lang='lat' dir='ltr'><strong>haec</strong></span> <span class='ocrx_word' id='word_1_71' title='bbox 1436 1248 1689 1315; x_wconf 81' lang='lat' dir='ltr'><strong>Christi</strong></span> <span class='ocrx_word' id='word_1_72' title='bbox 1725 1250 1956 1316; x_wconf 84' lang='lat' dir='ltr'><strong>verba:</strong></span> <span class='ocrx_word' id='word_1_73' title='bbox 2007 1250 2321 1335; x_wconf 74' lang='lat' dir='ltr'><strong>Accipite,</strong></span> <span class='ocrx_word' id='word_1_74' title='bbox 2366 1248 2562 1328; x_wconf 90' lang='lat' dir='ltr'><strong>edite,</strong></span> 
     </span>
     <span class='ocr_line' id='line_1_11' title="bbox 605 1334 2562 1420; baseline -0.003 -15"><span class='ocrx_word' id='word_1_75' title='bbox 605 1338 731 1405; x_wconf 91' lang='lat' dir='ltr'><strong>hoc</strong></span> <span class='ocrx_word' id='word_1_76' title='bbox 765 1348 866 1404; x_wconf 92' lang='lat' dir='ltr'><strong>est</strong></span> <span class='ocrx_word' id='word_1_77' title='bbox 898 1355 1135 1420; x_wconf 87' lang='lat' dir='ltr'><strong>corpus</strong></span> <span class='ocrx_word' id='word_1_78' title='bbox 1171 1355 1393 1401; x_wconf 90' lang='lat' dir='ltr'><strong>meum</strong></span> <span class='ocrx_word' id='word_1_79' title='bbox 1429 1334 1599 1418; x_wconf 89' lang='lat' dir='ltr'><strong>quod</strong></span> <span class='ocrx_word' id='word_1_80' title='bbox 1637 1346 1777 1414; x_wconf 67' lang='lat' dir='ltr'><strong>etc„</strong></span> <span class='ocrx_word' id='word_1_81' title='bbox 1813 1335 2008 1401; x_wconf 89' lang='lat' dir='ltr'><strong>audio</strong></span> <span class='ocrx_word' id='word_1_82' title='bbox 2046 1335 2249 1401; x_wconf 90' lang='lat' dir='ltr'><strong>etiam</strong></span> <span class='ocrx_word' id='word_1_83' title='bbox 2273 1335 2562 1401; x_wconf 85' lang='lat' dir='ltr'><strong>Paulum</strong></span> 
     </span>
     <span class='ocr_line' id='line_1_12' title="bbox 602 1419 2562 1505; baseline -0.002 -13"><span class='ocrx_word' id='word_1_84' title='bbox 602 1423 768 1492; x_wconf 88' lang='lat' dir='ltr'><strong>haec</strong></span> <span class='ocrx_word' id='word_1_85' title='bbox 813 1423 1013 1489; x_wconf 88' lang='lat' dir='ltr'><strong>verba</strong></span> <span class='ocrx_word' id='word_1_86' title='bbox 1056 1423 1148 1486; x_wconf 86' lang='lat' dir='ltr'><strong>ita</strong></span> <span class='ocrx_word' id='word_1_87' title='bbox 1190 1419 1651 1504; x_wconf 73' lang='lat' dir='ltr'><strong>explicantem,</strong></span> <span class='ocrx_word' id='word_1_88' title='bbox 1696 1430 1775 1487; x_wconf 91' lang='lat' dir='ltr'><strong>ut</strong></span> <span class='ocrx_word' id='word_1_89' title='bbox 1817 1420 2020 1486; x_wconf 89' lang='lat' dir='ltr'><strong>dicat:</strong></span> <span class='ocrx_word' id='word_1_90' title='bbox 2064 1422 2319 1488; x_wconf 90' lang='lat' dir='ltr'><strong>Panem</strong></span> <span class='ocrx_word' id='word_1_91' title='bbox 2364 1441 2562 1505; x_wconf 90' lang='lat' dir='ltr'><strong>quem</strong></span> 
     </span>
     <span class='ocr_line' id='line_1_13' title="bbox 603 1506 2563 1591; baseline -0.003 -13"><span class='ocrx_word' id='word_1_92' title='bbox 603 1510 747 1578; x_wconf 69' lang='lat' dir='ltr'><strong>tran</strong></span> <span class='ocrx_word' id='word_1_93' title='bbox 801 1510 972 1574; x_wconf 84' lang='lat' dir='ltr'><strong>’mus</strong></span> <span class='ocrx_word' id='word_1_94' title='bbox 1030 1527 1172 1574; x_wconf 88' lang='lat' dir='ltr'><strong>esse</strong></span> <span class='ocrx_word' id='word_1_95' title='bbox 1215 1514 1529 1571; x_wconf 68' lang='grc' dir='ltr'><strong><em>κοινωνίαν</em></strong></span> <span class='ocrx_word' id='word_1_96' title='bbox 1570 1507 1862 1591; x_wconf 88' lang='lat' dir='ltr'><strong>corporis</strong></span> <span class='ocrx_word' id='word_1_97' title='bbox 1904 1507 2192 1573; x_wconf 86' lang='lat' dir='ltr'><strong>Christi:</strong></span> <span class='ocrx_word' id='word_1_98' title='bbox 2257 1506 2377 1573; x_wconf 89' lang='lat' dir='ltr'><strong>sed</strong></span> <span class='ocrx_word' id='word_1_99' title='bbox 2419 1507 2563 1572; x_wconf 91' lang='lat' dir='ltr'><strong>nul-</strong></span> 
     </span>
     <span class='ocr_line' id='line_1_14' title="bbox 603 1591 2563 1679; baseline -0.002 -17"><span class='ocrx_word' id='word_1_100' title='bbox 603 1596 720 1663; x_wconf 90' lang='lat' dir='ltr'><strong>libi</strong></span> <span class='ocrx_word' id='word_1_101' title='bbox 789 1615 928 1679; x_wconf 85' lang='lat' dir='ltr'><strong>ego,</strong></span> <span class='ocrx_word' id='word_1_102' title='bbox 989 1603 1105 1659; x_wconf 91' lang='lat' dir='ltr'><strong>aut</strong></span> <span class='ocrx_word' id='word_1_103' title='bbox 1145 1593 1333 1658; x_wconf 90' lang='lat' dir='ltr'><strong>illum</strong></span> <span class='ocrx_word' id='word_1_104' title='bbox 1376 1591 1638 1670; x_wconf 82' lang='lat' dir='ltr'><strong>dixisse,</strong></span> <span class='ocrx_word' id='word_1_105' title='bbox 1698 1592 1831 1659; x_wconf 81' lang='lat' dir='ltr'><strong>Hic</strong></span> <span class='ocrx_word' id='word_1_106' title='bbox 1883 1601 1988 1659; x_wconf 89' lang='lat' dir='ltr'><strong>est</strong></span> <span class='ocrx_word' id='word_1_107' title='bbox 2043 1612 2278 1676; x_wconf 90' lang='lat' dir='ltr'><strong>corpus</strong></span> <span class='ocrx_word' id='word_1_108' title='bbox 2318 1613 2563 1672; x_wconf 90' lang='lat' dir='ltr'><strong>meum,</strong></span> 
     </span>
     <span class='ocr_line' id='line_1_15' title="bbox 604 1678 2564 1762; baseline -0.003 -13"><span class='ocrx_word' id='word_1_109' title='bbox 604 1691 721 1749; x_wconf 87' lang='lat' dir='ltr'><strong>aut</strong></span> <span class='ocrx_word' id='word_1_110' title='bbox 763 1683 967 1746; x_wconf 90' lang='lat' dir='ltr'><strong>istum</strong></span> <span class='ocrx_word' id='word_1_111' title='bbox 1011 1679 1260 1758; x_wconf 90' lang='lat' dir='ltr'><strong>docere,</strong></span> <span class='ocrx_word' id='word_1_112' title='bbox 1307 1700 1542 1762; x_wconf 90' lang='lat' dir='ltr'><strong>corpus</strong></span> <span class='ocrx_word' id='word_1_113' title='bbox 1579 1678 1826 1745; x_wconf 81' lang='lat' dir='ltr'><strong>Christi</strong></span> <span class='ocrx_word' id='word_1_114' title='bbox 1870 1679 1942 1744; x_wconf 92' lang='lat' dir='ltr'><strong>in</strong></span> <span class='ocrx_word' id='word_1_115' title='bbox 1978 1700 2056 1745; x_wconf 91' lang='lat' dir='ltr'><strong>eo</strong></span> <span class='ocrx_word' id='word_1_116' title='bbox 2089 1700 2233 1745; x_wconf 90' lang='lat' dir='ltr'><strong>esse</strong></span> <span class='ocrx_word' id='word_1_117' title='bbox 2273 1679 2415 1746; x_wconf 89' lang='lat' dir='ltr'><strong>loco</strong></span> <span class='ocrx_word' id='word_1_118' title='bbox 2450 1679 2564 1745; x_wconf 89' lang='lat' dir='ltr'><strong>ubi</strong></span> 
     </span>
     <span class='ocr_line' id='line_1_16' title="bbox 603 1763 2567 1848; baseline -0.003 -14"><span class='ocrx_word' id='word_1_119' title='bbox 603 1767 977 1834; x_wconf 90' lang='lat' dir='ltr'><strong>celebratur</strong></span> <span class='ocrx_word' id='word_1_120' title='bbox 1030 1785 1248 1831; x_wconf 86' lang='lat' dir='ltr'><strong>coena.</strong></span> <span class='ocrx_word' id='word_1_121' title='bbox 1319 1764 1588 1830; x_wconf 91' lang='lat' dir='ltr'><strong>Interea</strong></span> <span class='ocrx_word' id='word_1_122' title='bbox 1646 1773 1870 1830; x_wconf 85' lang='lat' dir='ltr'><strong>tamen</strong></span> <span class='ocrx_word' id='word_1_123' title='bbox 1921 1764 1979 1830; x_wconf 92' lang='lat' dir='ltr'><strong>si</strong></span> <span class='ocrx_word' id='word_1_124' title='bbox 2036 1763 2435 1848; x_wconf 86' lang='lat' dir='ltr'><strong>loquendum</strong></span> <span class='ocrx_word' id='word_1_125' title='bbox 2479 1767 2567 1830; x_wconf 91' lang='lat' dir='ltr'><strong>sit</strong></span> 
     </span>
     <span class='ocr_line' id='line_1_17' title="bbox 607 1849 2565 1937; baseline -0.002 -18"><span class='ocrx_word' id='word_1_126' title='bbox 607 1852 690 1919; x_wconf 85' lang='lat' dir='ltr'><strong>de</strong></span> <span class='ocrx_word' id='word_1_127' title='bbox 733 1851 1106 1937; x_wconf 88' lang='lat' dir='ltr'><strong>praesentia</strong></span> <span class='ocrx_word' id='word_1_128' title='bbox 1147 1851 1438 1934; x_wconf 89' lang='lat' dir='ltr'><strong>corporis</strong></span> <span class='ocrx_word' id='word_1_129' title='bbox 1485 1849 1736 1916; x_wconf 86' lang='lat' dir='ltr'><strong>Christi</strong></span> <span class='ocrx_word' id='word_1_130' title='bbox 1781 1852 1853 1915; x_wconf 90' lang='lat' dir='ltr'><strong>in</strong></span> <span class='ocrx_word' id='word_1_131' title='bbox 1894 1870 2124 1917; x_wconf 89' lang='lat' dir='ltr'><strong>coena:</strong></span> <span class='ocrx_word' id='word_1_132' title='bbox 2189 1850 2352 1928; x_wconf 87' lang='lat' dir='ltr'><strong>dico,</strong></span> <span class='ocrx_word' id='word_1_133' title='bbox 2397 1849 2565 1916; x_wconf 91' lang='lat' dir='ltr'><strong>illud</strong></span> 
     </span>
     <span class='ocr_line' id='line_1_18' title="bbox 607 1936 2566 2021; baseline -0.003 -15"><span class='ocrx_word' id='word_1_134' title='bbox 607 1959 753 2007; x_wconf 91' lang='lat' dir='ltr'><strong>esse</strong></span> <span class='ocrx_word' id='word_1_135' title='bbox 786 1956 1116 2021; x_wconf 81' lang='lat' dir='ltr'><strong>praesens,</strong></span> <span class='ocrx_word' id='word_1_136' title='bbox 1162 1958 1296 2001; x_wconf 92' lang='lat' dir='ltr'><strong>non</strong></span> <span class='ocrx_word' id='word_1_137' title='bbox 1331 1937 1604 2019; x_wconf 87' lang='lat' dir='ltr'><strong>corpori,</strong></span> <span class='ocrx_word' id='word_1_138' title='bbox 1650 1936 1766 2001; x_wconf 89' lang='lat' dir='ltr'><strong>sed</strong></span> <span class='ocrx_word' id='word_1_139' title='bbox 1800 1936 2066 2020; x_wconf 89' lang='lat' dir='ltr'><strong>spiritui</strong></span> <span class='ocrx_word' id='word_1_140' title='bbox 2102 1946 2340 2003; x_wconf 90' lang='lat' dir='ltr'><strong>nostro.</strong></span> <span class='ocrx_word' id='word_1_141' title='bbox 2414 1938 2566 2001; x_wconf 92' lang='lat' dir='ltr'><strong>Non</strong></span> 
     </span>
     <span class='ocr_line' id='line_1_19' title="bbox 609 2020 2567 2109; baseline -0.004 -16"><span class='ocrx_word' id='word_1_142' title='bbox 609 2025 885 2109; x_wconf 85' lang='lat' dir='ltr'><strong>corpori,</strong></span> <span class='ocrx_word' id='word_1_143' title='bbox 922 2022 1095 2107; x_wconf 90' lang='lat' dir='ltr'><strong>quod</strong></span> <span class='ocrx_word' id='word_1_144' title='bbox 1131 2022 1330 2088; x_wconf 88' lang='lat' dir='ltr'><strong>nullis</strong></span> <span class='ocrx_word' id='word_1_145' title='bbox 1373 2020 1677 2088; x_wconf 85' lang='lat' dir='ltr'><strong>sensibus</strong></span> <span class='ocrx_word' id='word_1_146' title='bbox 1712 2023 2000 2106; x_wconf 91' lang='lat' dir='ltr'><strong>corporis</strong></span> <span class='ocrx_word' id='word_1_147' title='bbox 2034 2024 2163 2088; x_wconf 91' lang='lat' dir='ltr'><strong>mei</strong></span> <span class='ocrx_word' id='word_1_148' title='bbox 2206 2020 2374 2088; x_wconf 87' lang='lat' dir='ltr'><strong>illud</strong></span> <span class='ocrx_word' id='word_1_149' title='bbox 2415 2043 2567 2106; x_wconf 90' lang='lat' dir='ltr'><strong>per-</strong></span> 
     </span>
     <span class='ocr_line' id='line_1_20' title="bbox 609 2105 2568 2195; baseline -0.003 -17"><span class='ocrx_word' id='word_1_150' title='bbox 609 2111 867 2195; x_wconf 88' lang='lat' dir='ltr'><strong>cipiam.</strong></span> <span class='ocrx_word' id='word_1_151' title='bbox 940 2109 1153 2176; x_wconf 82' lang='lat' dir='ltr'><strong>Menti</strong></span> <span class='ocrx_word' id='word_1_152' title='bbox 1197 2117 1437 2185; x_wconf 89' lang='lat' dir='ltr'><strong>autem,</strong></span> <span class='ocrx_word' id='word_1_153' title='bbox 1499 2105 1674 2190; x_wconf 90' lang='lat' dir='ltr'><strong>quod</strong></span> <span class='ocrx_word' id='word_1_154' title='bbox 1717 2108 1924 2174; x_wconf 87' lang='lat' dir='ltr'><strong>menti</strong></span> <span class='ocrx_word' id='word_1_155' title='bbox 1969 2117 2037 2174; x_wconf 90' lang='lat' dir='ltr'><strong>et</strong></span> <span class='ocrx_word' id='word_1_156' title='bbox 2079 2110 2339 2174; x_wconf 88' lang='lat' dir='ltr'><strong>animae</strong></span> <span class='ocrx_word' id='word_1_157' title='bbox 2382 2130 2568 2174; x_wconf 90' lang='lat' dir='ltr'><strong>meae</strong></span> 
     </span>
     <span class='ocr_line' id='line_1_21' title="bbox 609 2194 2567 2264; baseline -0.003 0"><span class='ocrx_word' id='word_1_158' title='bbox 609 2219 681 2264; x_wconf 90' lang='lat' dir='ltr'><strong>se</strong></span> <span class='ocrx_word' id='word_1_159' title='bbox 747 2217 899 2262; x_wconf 90' lang='lat' dir='ltr'><strong>vere</strong></span> <span class='ocrx_word' id='word_1_160' title='bbox 964 2196 1417 2261; x_wconf 89' lang='lat' dir='ltr'><strong>communicet.</strong></span> <span class='ocrx_word' id='word_1_161' title='bbox 1489 2194 1660 2258; x_wconf 87' lang='lat' dir='ltr'><strong>Nam</strong></span> <span class='ocrx_word' id='word_1_162' title='bbox 1728 2201 1797 2260; x_wconf 90' lang='lat' dir='ltr'><strong>et</strong></span> <span class='ocrx_word' id='word_1_163' title='bbox 1850 2194 2058 2260; x_wconf 89' lang='lat' dir='ltr'><strong>oculis</strong></span> <span class='ocrx_word' id='word_1_164' title='bbox 2112 2195 2355 2261; x_wconf 88' lang='lat' dir='ltr'><strong>mentis</strong></span> <span class='ocrx_word' id='word_1_165' title='bbox 2414 2194 2567 2260; x_wconf 88' lang='lat' dir='ltr'><strong>fidei</strong></span> 
     </span>
     <span class='ocr_line' id='line_1_22' title="bbox 608 2279 2569 2364; baseline -0.002 -15"><span class='ocrx_word' id='word_1_166' title='bbox 608 2282 861 2349; x_wconf 91' lang='lat' dir='ltr'><strong>lumine</strong></span> <span class='ocrx_word' id='word_1_167' title='bbox 900 2280 1247 2346; x_wconf 89' lang='lat' dir='ltr'><strong>illustratis</strong></span> <span class='ocrx_word' id='word_1_168' title='bbox 1290 2279 1504 2357; x_wconf 87' lang='lat' dir='ltr'><strong>video,</strong></span> <span class='ocrx_word' id='word_1_169' title='bbox 1549 2289 1615 2344; x_wconf 92' lang='lat' dir='ltr'><strong>et</strong></span> <span class='ocrx_word' id='word_1_170' title='bbox 1657 2301 1861 2346; x_wconf 89' lang='lat' dir='ltr'><strong>manu</strong></span> <span class='ocrx_word' id='word_1_171' title='bbox 1919 2281 2193 2364; x_wconf 89' lang='lat' dir='ltr'><strong>spiritus</strong></span> <span class='ocrx_word' id='word_1_172' title='bbox 2235 2288 2569 2346; x_wconf 90' lang='lat' dir='ltr'><strong>contrecto</strong></span> 
     </span>
     <span class='ocr_line' id='line_1_23' title="bbox 608 2365 2571 2452; baseline -0.003 -16"><span class='ocrx_word' id='word_1_173' title='bbox 608 2379 804 2452; x_wconf 90' lang='lat' dir='ltr'><strong>atque</strong></span> <span class='ocrx_word' id='word_1_174' title='bbox 848 2366 1222 2449; x_wconf 87' lang='lat' dir='ltr'><strong>amplector,</strong></span> <span class='ocrx_word' id='word_1_175' title='bbox 1283 2374 1346 2431; x_wconf 85' lang='lat' dir='ltr'><strong>et</strong></span> <span class='ocrx_word' id='word_1_176' title='bbox 1392 2386 1506 2430; x_wconf 88' lang='lat' dir='ltr'><strong>ore</strong></span> <span class='ocrx_word' id='word_1_177' title='bbox 1561 2365 1823 2432; x_wconf 84' lang='lat' dir='ltr'><strong>animae</strong></span> <span class='ocrx_word' id='word_1_178' title='bbox 1865 2376 2061 2449; x_wconf 90' lang='lat' dir='ltr'><strong>atque</strong></span> <span class='ocrx_word' id='word_1_179' title='bbox 2117 2366 2272 2432; x_wconf 91' lang='lat' dir='ltr'><strong>fidei</strong></span> <span class='ocrx_word' id='word_1_180' title='bbox 2315 2366 2457 2443; x_wconf 90' lang='lat' dir='ltr'><strong>edo,</strong></span> <span class='ocrx_word' id='word_1_181' title='bbox 2503 2374 2571 2431; x_wconf 89' lang='lat' dir='ltr'><strong>et</strong></span> 
     </span>
     <span class='ocr_line' id='line_1_24' title="bbox 610 2450 2568 2536; baseline -0.002 -16"><span class='ocrx_word' id='word_1_182' title='bbox 610 2455 777 2520; x_wconf 90' lang='lat' dir='ltr'><strong>mihi</strong></span> <span class='ocrx_word' id='word_1_183' title='bbox 844 2455 1184 2534; x_wconf 92' lang='lat' dir='ltr'><strong>incorporo</strong></span> <span class='ocrx_word' id='word_1_184' title='bbox 1248 2472 1486 2534; x_wconf 89' lang='lat' dir='ltr'><strong>corpus</strong></span> <span class='ocrx_word' id='word_1_185' title='bbox 1544 2450 1795 2517; x_wconf 86' lang='lat' dir='ltr'><strong>Christi</strong></span> <span class='ocrx_word' id='word_1_186' title='bbox 1859 2462 2190 2518; x_wconf 89' lang='lat' dir='ltr'><strong>mortuum</strong></span> <span class='ocrx_word' id='word_1_187' title='bbox 2257 2475 2377 2536; x_wconf 91' lang='lat' dir='ltr'><strong>pro</strong></span> <span class='ocrx_word' id='word_1_188' title='bbox 2442 2473 2568 2531; x_wconf 89' lang='lat' dir='ltr'><strong>me,</strong></span> 
     </span>
     <span class='ocr_line' id='line_1_25' title="bbox 607 2538 2571 2623; baseline -0.002 -16"><span class='ocrx_word' id='word_1_189' title='bbox 607 2541 918 2623; x_wconf 90' lang='lat' dir='ltr'><strong>illiusque</strong></span> <span class='ocrx_word' id='word_1_190' title='bbox 960 2540 1193 2604; x_wconf 86' lang='lat' dir='ltr'><strong>effecta</strong></span> <span class='ocrx_word' id='word_1_191' title='bbox 1245 2538 1317 2602; x_wconf 91' lang='lat' dir='ltr'><strong>in</strong></span> <span class='ocrx_word' id='word_1_192' title='bbox 1360 2558 1467 2602; x_wconf 92' lang='lat' dir='ltr'><strong>me</strong></span> <span class='ocrx_word' id='word_1_193' title='bbox 1508 2538 1751 2603; x_wconf 89' lang='lat' dir='ltr'><strong>sentio:</strong></span> <span class='ocrx_word' id='word_1_194' title='bbox 1811 2558 2124 2620; x_wconf 80' lang='lat' dir='ltr'><strong>praesens</strong></span> <span class='ocrx_word' id='word_1_195' title='bbox 2176 2538 2384 2622; x_wconf 82' lang='lat' dir='ltr'><strong>igitur</strong></span> <span class='ocrx_word' id='word_1_196' title='bbox 2425 2558 2571 2603; x_wconf 90' lang='lat' dir='ltr'><strong>esse</strong></span> 
     </span>
     <span class='ocr_line' id='line_1_26' title="bbox 611 2623 2571 2708; baseline -0.003 -14"><span class='ocrx_word' id='word_1_197' title='bbox 611 2627 870 2694; x_wconf 90' lang='lat' dir='ltr'><strong>animae</strong></span> <span class='ocrx_word' id='word_1_198' title='bbox 936 2633 1004 2690; x_wconf 91' lang='lat' dir='ltr'><strong>et</strong></span> <span class='ocrx_word' id='word_1_199' title='bbox 1066 2623 1348 2708; x_wconf 87' lang='lat' dir='ltr'><strong>spiritui,</strong></span> <span class='ocrx_word' id='word_1_200' title='bbox 1414 2623 1686 2688; x_wconf 90' lang='lat' dir='ltr'><strong>infitiari</strong></span> <span class='ocrx_word' id='word_1_201' title='bbox 1755 2644 1887 2689; x_wconf 92' lang='lat' dir='ltr'><strong>non</strong></span> <span class='ocrx_word' id='word_1_202' title='bbox 1947 2645 2247 2707; x_wconf 90' lang='lat' dir='ltr'><strong>possum:</strong></span> <span class='ocrx_word' id='word_1_203' title='bbox 2313 2623 2571 2707; x_wconf 85' lang='lat' dir='ltr'><strong>corpori</strong></span> 
     </span>
     <span class='ocr_line' id='line_1_27' title="bbox 609 2709 2571 2790; baseline -0.003 -11"><span class='ocrx_word' id='word_1_204' title='bbox 609 2733 789 2790; x_wconf 89' lang='lat' dir='ltr'><strong>vero,</strong></span> <span class='ocrx_word' id='word_1_205' title='bbox 848 2710 1198 2776; x_wconf 80' lang='lat' dir='ltr'><strong>admittere</strong></span> <span class='ocrx_word' id='word_1_206' title='bbox 1251 2729 1382 2775; x_wconf 88' lang='lat' dir='ltr'><strong>non</strong></span> <span class='ocrx_word' id='word_1_207' title='bbox 1441 2709 1645 2775; x_wconf 87' lang='lat' dir='ltr'><strong>valeo.</strong></span> <span class='ocrx_word' id='word_1_208' title='bbox 1715 2710 1886 2775; x_wconf 80' lang='lat' dir='ltr'><strong>Tum</strong></span> <span class='ocrx_word' id='word_1_209' title='bbox 1940 2709 2050 2775; x_wconf 91' lang='lat' dir='ltr'><strong>hic</strong></span> <span class='ocrx_word' id='word_1_210' title='bbox 2100 2709 2380 2777; x_wconf 90' lang='lat' dir='ltr'><strong>Iacobus</strong></span> <span class='ocrx_word' id='word_1_211' title='bbox 2434 2710 2571 2774; x_wconf 79' lang='lat' dir='ltr'><strong>An-</strong></span> 
     </span>
     <span class='ocr_line' id='line_1_28' title="bbox 611 2794 2572 2880; baseline -0.003 -15"><span class='ocrx_word' id='word_1_212' title='bbox 611 2799 835 2865; x_wconf 79' lang='lat' dir='ltr'><strong>dreae:</strong></span> <span class='ocrx_word' id='word_1_213' title='bbox 891 2797 1205 2880; x_wconf 85' lang='lat' dir='ltr'><strong>profecto,</strong></span> <span class='ocrx_word' id='word_1_214' title='bbox 1259 2795 1493 2880; x_wconf 89' lang='lat' dir='ltr'><strong>inquit,</strong></span> <span class='ocrx_word' id='word_1_215' title='bbox 1551 2815 1668 2860; x_wconf 92' lang='lat' dir='ltr'><strong>vos</strong></span> <span class='ocrx_word' id='word_1_216' title='bbox 1726 2794 1903 2862; x_wconf 92' lang='lat' dir='ltr'><strong>idem</strong></span> <span class='ocrx_word' id='word_1_217' title='bbox 1963 2797 2224 2863; x_wconf 89' lang='lat' dir='ltr'><strong>sentitis</strong></span> <span class='ocrx_word' id='word_1_218' title='bbox 2284 2794 2459 2880; x_wconf 90' lang='lat' dir='ltr'><strong>quod</strong></span> <span class='ocrx_word' id='word_1_219' title='bbox 2504 2804 2572 2861; x_wconf 91' lang='lat' dir='ltr'><strong>et</strong></span> 
     </span>
     <span class='ocr_line' id='line_1_29' title="bbox 612 2880 2571 2966; baseline -0.002 -16"><span class='ocrx_word' id='word_1_220' title='bbox 612 2905 753 2963; x_wconf 88' lang='lat' dir='ltr'><strong>nos,</strong></span> <span class='ocrx_word' id='word_1_221' title='bbox 809 2881 968 2966; x_wconf 88' lang='lat' dir='ltr'><strong>quid</strong></span> <span class='ocrx_word' id='word_1_222' title='bbox 1020 2882 1226 2966; x_wconf 75' lang='lat' dir='ltr'><strong>igitur</strong></span> <span class='ocrx_word' id='word_1_223' title='bbox 1281 2880 1781 2946; x_wconf 81' lang='lat' dir='ltr'><strong>contendimus?</strong></span> <span class='ocrx_word' id='word_1_224' title='bbox 1855 2880 2036 2962; x_wconf 80' lang='lat' dir='ltr'><strong>Quid</strong></span> <span class='ocrx_word' id='word_1_225' title='bbox 2078 2883 2378 2960; x_wconf 89' lang='lat' dir='ltr'><strong>sentiam,</strong></span> <span class='ocrx_word' id='word_1_226' title='bbox 2428 2880 2571 2946; x_wconf 80' lang='lat' dir='ltr'><strong>dixi</strong></span> 
     </span>
     <span class='ocr_line' id='line_1_30' title="bbox 612 2967 2572 3054; baseline -0.001 -21"><span class='ocrx_word' id='word_1_227' title='bbox 612 2991 755 3054; x_wconf 77' lang='lat' dir='ltr'><strong>ego,</strong></span> <span class='ocrx_word' id='word_1_228' title='bbox 810 2967 1149 3034; x_wconf 81' lang='lat' dir='ltr'><strong>audivisti:</strong></span> <span class='ocrx_word' id='word_1_229' title='bbox 1217 2967 1278 3033; x_wconf 89' lang='lat' dir='ltr'><strong>si</strong></span> <span class='ocrx_word' id='word_1_230' title='bbox 1340 2977 1561 3033; x_wconf 88' lang='lat' dir='ltr'><strong>autem</strong></span> <span class='ocrx_word' id='word_1_231' title='bbox 1623 2967 1853 3032; x_wconf 88' lang='lat' dir='ltr'><strong>eadem</strong></span> <span class='ocrx_word' id='word_1_232' title='bbox 1924 2975 2028 3033; x_wconf 89' lang='lat' dir='ltr'><strong>est</strong></span> <span class='ocrx_word' id='word_1_233' title='bbox 2092 2968 2290 3034; x_wconf 88' lang='lat' dir='ltr'><strong>etiam</strong></span> <span class='ocrx_word' id='word_1_234' title='bbox 2348 2977 2572 3034; x_wconf 88' lang='lat' dir='ltr'><strong>vestra</strong></span> 
     </span>
     <span class='ocr_line' id='line_1_31' title="bbox 612 3051 2572 3139; baseline -0.003 -15"><span class='ocrx_word' id='word_1_235' title='bbox 612 3054 942 3124; x_wconf 88' lang='lat' dir='ltr'><strong>sententia</strong></span> <span class='ocrx_word' id='word_1_236' title='bbox 1002 3051 1084 3119; x_wconf 90' lang='lat' dir='ltr'><strong>de</strong></span> <span class='ocrx_word' id='word_1_237' title='bbox 1146 3054 1519 3137; x_wconf 89' lang='lat' dir='ltr'><strong>praesentia</strong></span> <span class='ocrx_word' id='word_1_238' title='bbox 1583 3054 1872 3137; x_wconf 90' lang='lat' dir='ltr'><strong>corporis</strong></span> <span class='ocrx_word' id='word_1_239' title='bbox 1937 3053 2209 3135; x_wconf 87' lang='lat' dir='ltr'><strong>Christi,</strong></span> <span class='ocrx_word' id='word_1_240' title='bbox 2273 3054 2572 3139; x_wconf 82' lang='lat' dir='ltr'><strong>gratulor</strong></span> 
     </span>
     <span class='ocr_line' id='line_1_32' title="bbox 614 3139 2572 3224; baseline -0.002 -17"><span class='ocrx_word' id='word_1_241' title='bbox 614 3140 945 3208; x_wconf 90' lang='lat' dir='ltr'><strong>ecclesiae.</strong></span> <span class='ocrx_word' id='word_1_242' title='bbox 1035 3140 1386 3207; x_wconf 83' lang='lat' dir='ltr'><strong>Caeterum</strong></span> <span class='ocrx_word' id='word_1_243' title='bbox 1451 3140 1561 3207; x_wconf 91' lang='lat' dir='ltr'><strong>hic</strong></span> <span class='ocrx_word' id='word_1_244' title='bbox 1625 3161 1761 3206; x_wconf 92' lang='lat' dir='ltr'><strong>non</strong></span> <span class='ocrx_word' id='word_1_245' title='bbox 1824 3140 2152 3224; x_wconf 83' lang='lat' dir='ltr'><strong>explicavi</strong></span> <span class='ocrx_word' id='word_1_246' title='bbox 2217 3139 2572 3207; x_wconf 86' lang='lat' dir='ltr'><strong>discrimen</strong></span> 
     </span>
     <span class='ocr_line' id='line_1_33' title="bbox 613 3225 2572 3309; baseline -0.003 -14"><span class='ocrx_word' id='word_1_247' title='bbox 613 3248 757 3295; x_wconf 88' lang='lat' dir='ltr'><strong>esse</strong></span> <span class='ocrx_word' id='word_1_248' title='bbox 800 3228 976 3293; x_wconf 88' lang='lat' dir='ltr'><strong>inter</strong></span> <span class='ocrx_word' id='word_1_249' title='bbox 1009 3228 1445 3309; x_wconf 86' lang='lat' dir='ltr'><strong>praesentiam</strong></span> <span class='ocrx_word' id='word_1_250' title='bbox 1489 3226 1766 3292; x_wconf 87' lang='lat' dir='ltr'><strong>alicuius</strong></span> <span class='ocrx_word' id='word_1_251' title='bbox 1806 3228 1924 3306; x_wconf 91' lang='lat' dir='ltr'><strong>rei,</strong></span> <span class='ocrx_word' id='word_1_252' title='bbox 1967 3236 2036 3293; x_wconf 93' lang='lat' dir='ltr'><strong>et</strong></span> <span class='ocrx_word' id='word_1_253' title='bbox 2076 3227 2255 3292; x_wconf 89' lang='lat' dir='ltr'><strong>inter</strong></span> <span class='ocrx_word' id='word_1_254' title='bbox 2296 3225 2572 3293; x_wconf 85' lang='lat' dir='ltr'><strong>localem</strong></span> 
     </span>
     <span class='ocr_line' id='line_1_34' title="bbox 613 3311 2573 3396; baseline 0 -17"><span class='ocrx_word' id='word_1_255' title='bbox 613 3311 906 3379; x_wconf 89' lang='lat' dir='ltr'><strong>eiusdem</strong></span> <span class='ocrx_word' id='word_1_256' title='bbox 997 3312 1525 3396; x_wconf 88' lang='lat' dir='ltr'><strong>ropinqnitatem,</strong></span> <span class='ocrx_word' id='word_1_257' title='bbox 1591 3320 1659 3377; x_wconf 91' lang='lat' dir='ltr'><strong>et</strong></span> <span class='ocrx_word' id='word_1_258' title='bbox 1712 3312 1887 3379; x_wconf 89' lang='lat' dir='ltr'><strong>inter</strong></span> <span class='ocrx_word' id='word_1_259' title='bbox 1943 3313 2330 3391; x_wconf 85' lang='lat' dir='ltr'><strong>absentiam,</strong></span> <span class='ocrx_word' id='word_1_260' title='bbox 2396 3314 2573 3379; x_wconf 91' lang='lat' dir='ltr'><strong>eius-</strong></span> 
     </span>
     <span class='ocr_line' id='line_1_35' title="bbox 614 3397 2571 3482; baseline -0.001 -17"><span class='ocrx_word' id='word_1_261' title='bbox 614 3399 894 3482; x_wconf 90' lang='lat' dir='ltr'><strong>demque</strong></span> <span class='ocrx_word' id='word_1_262' title='bbox 1051 3398 1222 3463; x_wconf 89' lang='lat' dir='ltr'><strong>alem</strong></span> <span class='ocrx_word' id='word_1_263' title='bbox 1273 3397 1844 3482; x_wconf 81' lang='lat' dir='ltr'><strong>longinquitatem.</strong></span> <span class='ocrx_word' id='word_1_264' title='bbox 1918 3398 2145 3480; x_wconf 80' lang='lat' dir='ltr'><strong>Quum</strong></span> <span class='ocrx_word' id='word_1_265' title='bbox 2198 3398 2312 3465; x_wconf 91' lang='lat' dir='ltr'><strong>ille</strong></span> <span class='ocrx_word' id='word_1_266' title='bbox 2363 3399 2571 3464; x_wconf 87' lang='lat' dir='ltr'><strong>inter-</strong></span> 
     </span>
     <span class='ocr_line' id='line_1_36' title="bbox 613 3483 2572 3569; baseline -0.001 -18"><span class='ocrx_word' id='word_1_267' title='bbox 613 3485 901 3569; x_wconf 87' lang='lat' dir='ltr'><strong>rupisset</strong></span> <span class='ocrx_word' id='word_1_268' title='bbox 955 3504 1326 3550; x_wconf 89' lang='lat' dir='ltr'><strong>sermonem</strong></span> <span class='ocrx_word' id='word_1_269' title='bbox 1368 3505 1650 3567; x_wconf 89' lang='lat' dir='ltr'><strong>eumque</strong></span> <span class='ocrx_word' id='word_1_270' title='bbox 1707 3483 2050 3568; x_wconf 86' lang='lat' dir='ltr'><strong>probasset</strong></span> <span class='ocrx_word' id='word_1_271' title='bbox 2066 3535 2082 3562; x_wconf 96' lang='lat'><strong>,</strong></span> <span class='ocrx_word' id='word_1_272' title='bbox 2147 3484 2330 3550; x_wconf 92' lang='lat' dir='ltr'><strong>nolui</strong></span> <span class='ocrx_word' id='word_1_273' title='bbox 2385 3505 2572 3567; x_wconf 89' lang='lat' dir='ltr'><strong>prae·</strong></span> 
     </span>
     <span class='ocr_line' id='line_1_37' title="bbox 613 3569 2574 3654; baseline 0 -17"><span class='ocrx_word' id='word_1_274' title='bbox 613 3578 799 3637; x_wconf 89' lang='lat' dir='ltr'><strong>terea</strong></span> <span class='ocrx_word' id='word_1_275' title='bbox 856 3569 1101 3654; x_wconf 89' lang='lat' dir='ltr'><strong>aliquid</strong></span> <span class='ocrx_word' id='word_1_276' title='bbox 1158 3570 1457 3647; x_wconf 87' lang='lat' dir='ltr'><strong>adiicere,</strong></span> <span class='ocrx_word' id='word_1_277' title='bbox 1517 3570 1691 3653; x_wconf 91' lang='lat' dir='ltr'><strong>quod</strong></span> <span class='ocrx_word' id='word_1_278' title='bbox 1746 3592 1879 3637; x_wconf 92' lang='lat' dir='ltr'><strong>non</strong></span> <span class='ocrx_word' id='word_1_279' title='bbox 1921 3570 2258 3637; x_wconf 87' lang='lat' dir='ltr'><strong>videretur</strong></span> <span class='ocrx_word' id='word_1_280' title='bbox 2312 3570 2574 3637; x_wconf 90' lang='lat' dir='ltr'><strong>consul-</strong></span> 
     </span>
     <span class='ocr_line' id='line_1_38' title="bbox 616 3655 2573 3723; baseline 0 -1"><span class='ocrx_word' id='word_1_281' title='bbox 616 3666 777 3723; x_wconf 89' lang='lat' dir='ltr'><strong>tum.</strong></span> <span class='ocrx_word' id='word_1_282' title='bbox 847 3656 1022 3722; x_wconf 87' lang='lat' dir='ltr'><strong>Nam</strong></span> <span class='ocrx_word' id='word_1_283' title='bbox 1055 3675 1214 3721; x_wconf 87' lang='lat' dir='ltr'><strong>mox</strong></span> <span class='ocrx_word' id='word_1_284' title='bbox 1258 3655 1607 3722; x_wconf 88' lang='lat' dir='ltr'><strong>incidimus</strong></span> <span class='ocrx_word' id='word_1_285' title='bbox 1648 3657 1724 3721; x_wconf 92' lang='lat' dir='ltr'><strong>in</strong></span> <span class='ocrx_word' id='word_1_286' title='bbox 1764 3677 2135 3723; x_wconf 90' lang='lat' dir='ltr'><strong>sermonem</strong></span> <span class='ocrx_word' id='word_1_287' title='bbox 2175 3656 2259 3722; x_wconf 89' lang='lat' dir='ltr'><strong>de</strong></span> <span class='ocrx_word' id='word_1_288' title='bbox 2294 3655 2573 3723; x_wconf 89' lang='lat' dir='ltr'><strong>mandu-</strong></span> 
     </span>
     <span class='ocr_line' id='line_1_39' title="bbox 615 3742 2574 3827; baseline -0.001 -19"><span class='ocrx_word' id='word_1_289' title='bbox 615 3743 873 3809; x_wconf 88' lang='lat' dir='ltr'><strong>catione</strong></span> <span class='ocrx_word' id='word_1_290' title='bbox 929 3742 1109 3807; x_wconf 90' lang='lat' dir='ltr'><strong>orali.</strong></span> <span class='ocrx_word' id='word_1_291' title='bbox 1194 3742 1391 3808; x_wconf 89' lang='lat' dir='ltr'><strong>Hanc</strong></span> <span class='ocrx_word' id='word_1_292' title='bbox 1443 3742 1755 3826; x_wconf 89' lang='lat' dir='ltr'><strong>quoniam</strong></span> <span class='ocrx_word' id='word_1_293' title='bbox 1811 3763 1934 3827; x_wconf 82' lang='lat' dir='ltr'><strong>ego</strong></span> <span class='ocrx_word' id='word_1_294' title='bbox 1990 3745 2061 3808; x_wconf 91' lang='lat' dir='ltr'><strong>in</strong></span> <span class='ocrx_word' id='word_1_295' title='bbox 2120 3763 2269 3809; x_wconf 84' lang='lat' dir='ltr'><strong>mea</strong></span> <span class='ocrx_word' id='word_1_296' title='bbox 2320 3743 2574 3810; x_wconf 83' lang='lat' dir='ltr'><strong>confes-</strong></span> 
     </span>
     <span class='ocr_line' id='line_1_40' title="bbox 617 3826 2573 3912; baseline 0 -18"><span class='ocrx_word' id='word_1_297' title='bbox 617 3830 800 3894; x_wconf 89' lang='lat' dir='ltr'><strong>sione</strong></span> <span class='ocrx_word' id='word_1_298' title='bbox 835 3827 1076 3893; x_wconf 88' lang='lat' dir='ltr'><strong>damno</strong></span> <span class='ocrx_word' id='word_1_299' title='bbox 1117 3828 1260 3911; x_wconf 88' lang='lat' dir='ltr'><strong>ipse</strong></span> <span class='ocrx_word' id='word_1_300' title='bbox 1303 3848 1447 3893; x_wconf 91' lang='lat' dir='ltr'><strong>eam</strong></span> <span class='ocrx_word' id='word_1_301' title='bbox 1484 3826 1843 3894; x_wconf 85' lang='lat' dir='ltr'><strong>declaravit</strong></span> <span class='ocrx_word' id='word_1_302' title='bbox 1876 3828 2178 3894; x_wconf 91' lang='lat' dir='ltr'><strong>rotundis</strong></span> <span class='ocrx_word' id='word_1_303' title='bbox 2214 3836 2285 3895; x_wconf 90' lang='lat' dir='ltr'><strong>et</strong></span> <span class='ocrx_word' id='word_1_304' title='bbox 2326 3829 2573 3912; x_wconf 90' lang='lat' dir='ltr'><strong>apertis</strong></span> 
     </span>
     <span class='ocr_line' id='line_1_41' title="bbox 618 3913 2573 3997; baseline -0.001 -17"><span class='ocrx_word' id='word_1_305' title='bbox 618 3913 841 3980; x_wconf 87' lang='lat' dir='ltr'><strong>verbis</strong></span> <span class='ocrx_word' id='word_1_306' title='bbox 905 3915 1257 3979; x_wconf 85' lang='lat' dir='ltr'><strong>confitens:</strong></span> <span class='ocrx_word' id='word_1_307' title='bbox 1321 3934 1393 3979; x_wconf 89' lang='lat' dir='ltr'><strong>se</strong></span> <span class='ocrx_word' id='word_1_308' title='bbox 1458 3922 1525 3979; x_wconf 86' lang='lat' dir='ltr'><strong>et</strong></span> <span class='ocrx_word' id='word_1_309' title='bbox 1590 3914 1752 3980; x_wconf 86' lang='lat' dir='ltr'><strong>alios</strong></span> <span class='ocrx_word' id='word_1_310' title='bbox 1814 3935 1969 3980; x_wconf 90' lang='lat' dir='ltr'><strong>suos</strong></span> <span class='ocrx_word' id='word_1_311' title='bbox 2013 3936 2149 3980; x_wconf 92' lang='lat' dir='ltr'><strong>non</strong></span> <span class='ocrx_word' id='word_1_312' title='bbox 2213 3916 2308 3980; x_wconf 89' lang='lat' dir='ltr'><strong>ita</strong></span> <span class='ocrx_word' id='word_1_313' title='bbox 2370 3914 2573 3997; x_wconf 91' lang='lat' dir='ltr'><strong>loqui,</strong></span> 
     </span>
     <span class='ocr_line' id='line_1_42' title="bbox 618 3998 2574 4085; baseline -0.003 -16"><span class='ocrx_word' id='word_1_314' title='bbox 618 3999 806 4082; x_wconf 80' lang='lat' dir='ltr'><strong>quasi</strong></span> <span class='ocrx_word' id='word_1_315' title='bbox 864 4019 1099 4082; x_wconf 90' lang='lat' dir='ltr'><strong>corpus</strong></span> <span class='ocrx_word' id='word_1_316' title='bbox 1159 3998 1413 4065; x_wconf 89' lang='lat' dir='ltr'><strong>Christi</strong></span> <span class='ocrx_word' id='word_1_317' title='bbox 1467 4020 1542 4064; x_wconf 90' lang='lat' dir='ltr'><strong>os</strong></span> <span class='ocrx_word' id='word_1_318' title='bbox 1600 4006 1670 4064; x_wconf 90' lang='lat' dir='ltr'><strong>et</strong></span> <span class='ocrx_word' id='word_1_319' title='bbox 1721 4021 1958 4085; x_wconf 90' lang='lat' dir='ltr'><strong>corpus</strong></span> <span class='ocrx_word' id='word_1_320' title='bbox 2015 4010 2315 4066; x_wconf 88' lang='lat' dir='ltr'><strong>nostrum</strong></span> <span class='ocrx_word' id='word_1_321' title='bbox 2369 4001 2574 4065; x_wconf 91' lang='lat' dir='ltr'><strong>attin-</strong></span> 
     </span>
     <span class='ocr_line' id='line_1_43' title="bbox 618 4084 2575 4171; baseline 0 -21"><span class='ocrx_word' id='word_1_322' title='bbox 618 4094 751 4171; x_wconf 78' lang='lat' dir='ltr'><strong>gat,</strong></span> <span class='ocrx_word' id='word_1_323' title='bbox 811 4084 935 4152; x_wconf 92' lang='lat' dir='ltr'><strong>hoc</strong></span> <span class='ocrx_word' id='word_1_324' title='bbox 978 4107 1122 4152; x_wconf 86' lang='lat' dir='ltr'><strong>esse</strong></span> <span class='ocrx_word' id='word_1_325' title='bbox 1167 4084 1624 4151; x_wconf 86' lang='lat' dir='ltr'><strong>falsissimum:</strong></span> <span class='ocrx_word' id='word_1_326' title='bbox 1682 4086 1799 4150; x_wconf 90' lang='lat' dir='ltr'><strong>sed</strong></span> <span class='ocrx_word' id='word_1_327' title='bbox 1842 4108 1914 4153; x_wconf 92' lang='lat' dir='ltr'><strong>se</strong></span> <span class='ocrx_word' id='word_1_328' title='bbox 1957 4097 2024 4152; x_wconf 90' lang='lat' dir='ltr'><strong>et</strong></span> <span class='ocrx_word' id='word_1_329' title='bbox 2076 4086 2223 4153; x_wconf 91' lang='lat' dir='ltr'><strong>illos</strong></span> <span class='ocrx_word' id='word_1_330' title='bbox 2266 4085 2411 4152; x_wconf 87' lang='lat' dir='ltr'><strong>ideo</strong></span> <span class='ocrx_word' id='word_1_331' title='bbox 2453 4086 2575 4150; x_wconf 90' lang='lat' dir='ltr'><strong>ali-</strong></span> 
     </span>
     <span class='ocr_line' id='line_1_44' title="bbox 616 4170 2576 4256; baseline -0.001 -19"><span class='ocrx_word' id='word_1_332' title='bbox 616 4171 878 4256; x_wconf 86' lang='lat' dir='ltr'><strong>quando</strong></span> <span class='ocrx_word' id='word_1_333' title='bbox 941 4171 1035 4238; x_wconf 92' lang='lat' dir='ltr'><strong>sic</strong></span> <span class='ocrx_word' id='word_1_334' title='bbox 1109 4170 1291 4253; x_wconf 89' lang='lat' dir='ltr'><strong>loqui</strong></span> <span class='ocrx_word' id='word_1_335' title='bbox 1367 4181 1625 4236; x_wconf 87' lang='lat' dir='ltr'><strong>tantum</strong></span> <span class='ocrx_word' id='word_1_336' title='bbox 1691 4181 1959 4256; x_wconf 90' lang='lat' dir='ltr'><strong>propter</strong></span> <span class='ocrx_word' id='word_1_337' title='bbox 2034 4172 2576 4238; x_wconf 89' lang='lat' dir='ltr'><strong>sacramentalem</strong></span> 
     </span>
     <span class='ocr_line' id='line_1_45' title="bbox 619 4256 2575 4342; baseline -0.001 -19"><span class='ocrx_word' id='word_1_338' title='bbox 619 4259 951 4323; x_wconf 92' lang='lat' dir='ltr'><strong>unionem.</strong></span> <span class='ocrx_word' id='word_1_339' title='bbox 1037 4257 1143 4322; x_wconf 91' lang='lat' dir='ltr'><strong>De</strong></span> <span class='ocrx_word' id='word_1_340' title='bbox 1185 4256 1690 4323; x_wconf 86' lang='lat' dir='ltr'><strong>manducatione</strong></span> <span class='ocrx_word' id='word_1_341' title='bbox 1753 4258 2106 4341; x_wconf 91' lang='lat' dir='ltr'><strong>impiorum</strong></span> <span class='ocrx_word' id='word_1_342' title='bbox 2147 4278 2575 4342; x_wconf 87' lang='lat' dir='ltr'><strong>coeperamus</strong></span> 
     </span>
     <span class='ocr_line' id='line_1_46' title="bbox 619 4340 2576 4494; baseline 0.001 -85"><span class='ocrx_word' id='word_1_343' title='bbox 619 4342 986 4494; x_wconf 45' lang='lat' dir='ltr'><strong>disputare:</strong></span> <span class='ocrx_word' id='word_1_344' title='bbox 1031 4340 1146 4408; x_wconf 91' lang='lat' dir='ltr'><strong>sed</strong></span> <span class='ocrx_word' id='word_1_345' title='bbox 1188 4341 1360 4409; x_wconf 90' lang='lat' dir='ltr'><strong>hanc</strong></span> <span class='ocrx_word' id='word_1_346' title='bbox 1395 4342 1595 4408; x_wconf 90' lang='lat' dir='ltr'><strong>etiam</strong></span> <span class='ocrx_word' id='word_1_347' title='bbox 1629 4363 1788 4409; x_wconf 87' lang='lat' dir='ltr'><strong>mox</strong></span> <span class='ocrx_word' id='word_1_348' title='bbox 1831 4343 2111 4429; x_wconf 87' lang='lat' dir='ltr'><strong>abrupit.</strong></span> <span class='ocrx_word' id='word_1_349' title='bbox 2184 4345 2293 4410; x_wconf 86' lang='lat' dir='ltr'><strong>Ita</strong></span> <span class='ocrx_word' id='word_1_350' title='bbox 2336 4344 2576 4411; x_wconf 87' lang='lat' dir='ltr'><strong>disces-</strong></span> 
     </span>
     <span class='ocr_line' id='line_1_47' title="bbox 623 4430 960 4496; baseline -0.009 0"><span class='ocrx_word' id='word_1_351' title='bbox 623 4450 773 4496; x_wconf 91' lang='lat' dir='ltr'><strong>sum</strong></span> <span class='ocrx_word' id='word_1_352' title='bbox 842 4430 960 4494; x_wconf 91' lang='lat' dir='ltr'><strong>uit.</strong></span> 
     </span>
    </p>

    <p class='ocr_par' dir='ltr' id='par_1_3' title="bbox 620 4514 2580 5373">
     <span class='ocr_line' id='line_1_48' title="bbox 794 4514 2574 4599; baseline -0.001 -19"><span class='ocrx_word' id='word_1_353' title='bbox 794 4515 940 4599; x_wconf 83' lang='lat' dir='ltr'><strong>Ego</strong></span> <span class='ocrx_word' id='word_1_354' title='bbox 976 4535 1152 4593; x_wconf 90' lang='lat' dir='ltr'><strong>vero,</strong></span> <span class='ocrx_word' id='word_1_355' title='bbox 1198 4521 1341 4579; x_wconf 90' lang='lat' dir='ltr'><strong>tum</strong></span> <span class='ocrx_word' id='word_1_356' title='bbox 1383 4536 1467 4579; x_wconf 84' lang='lat' dir='ltr'><strong>ex</strong></span> <span class='ocrx_word' id='word_1_357' title='bbox 1510 4515 1593 4581; x_wconf 90' lang='lat' dir='ltr'><strong>iis</strong></span> <span class='ocrx_word' id='word_1_358' title='bbox 1626 4536 1796 4599; x_wconf 88' lang='lat' dir='ltr'><strong>quae</strong></span> <span class='ocrx_word' id='word_1_359' title='bbox 1838 4515 2013 4580; x_wconf 89' lang='lat' dir='ltr'><strong>inter</strong></span> <span class='ocrx_word' id='word_1_360' title='bbox 2049 4536 2169 4581; x_wconf 90' lang='lat' dir='ltr'><strong>nos</strong></span> <span class='ocrx_word' id='word_1_361' title='bbox 2208 4514 2574 4582; x_wconf 88' lang='lat' dir='ltr'><strong>contulera-</strong></span> 
     </span>
     <span class='ocr_line' id='line_1_49' title="bbox 620 4600 2576 4685; baseline 0 -19"><span class='ocrx_word' id='word_1_362' title='bbox 620 4621 789 4678; x_wconf 89' lang='lat' dir='ltr'><strong>mus,</strong></span> <span class='ocrx_word' id='word_1_363' title='bbox 832 4611 900 4665; x_wconf 90' lang='lat' dir='ltr'><strong>et</strong></span> <span class='ocrx_word' id='word_1_364' title='bbox 952 4600 1046 4665; x_wconf 90' lang='lat' dir='ltr'><strong>illi</strong></span> <span class='ocrx_word' id='word_1_365' title='bbox 1090 4602 1461 4685; x_wconf 88' lang='lat' dir='ltr'><strong>probarant,</strong></span> <span class='ocrx_word' id='word_1_366' title='bbox 1523 4609 1666 4667; x_wconf 92' lang='lat' dir='ltr'><strong>tum</strong></span> <span class='ocrx_word' id='word_1_367' title='bbox 1710 4624 1794 4668; x_wconf 91' lang='lat' dir='ltr'><strong>ex</strong></span> <span class='ocrx_word' id='word_1_368' title='bbox 1838 4601 1940 4680; x_wconf 89' lang='lat' dir='ltr'><strong>iis,</strong></span> <span class='ocrx_word' id='word_1_369' title='bbox 1983 4623 2151 4685; x_wconf 86' lang='lat' dir='ltr'><strong>quae</strong></span> <span class='ocrx_word' id='word_1_370' title='bbox 2192 4623 2327 4666; x_wconf 90' lang='lat' dir='ltr'><strong>non</strong></span> <span class='ocrx_word' id='word_1_371' title='bbox 2370 4601 2576 4668; x_wconf 89' lang='lat' dir='ltr'><strong>semel</strong></span> 
     </span>
     <span class='ocr_line' id='line_1_50' title="bbox 623 4684 2576 4770; baseline 0.001 -19"><span class='ocrx_word' id='word_1_372' title='bbox 623 4707 711 4752; x_wconf 84' lang='lat' dir='ltr'><strong>ex</strong></span> <span class='ocrx_word' id='word_1_373' title='bbox 752 4684 1119 4755; x_wconf 73' lang='lat' dir='ltr'><strong>Ounmanno</strong></span> <span class='ocrx_word' id='word_1_374' title='bbox 1154 4696 1222 4752; x_wconf 92' lang='lat' dir='ltr'><strong>et</strong></span> <span class='ocrx_word' id='word_1_375' title='bbox 1259 4685 1469 4753; x_wconf 76' lang='lat' dir='ltr'><strong>Coccio</strong></span> <span class='ocrx_word' id='word_1_376' title='bbox 1510 4686 1928 4754; x_wconf 87' lang='lat' dir='ltr'><strong>audieramus</strong></span> <span class='ocrx_word' id='word_1_377' title='bbox 1972 4708 2217 4765; x_wconf 89' lang='lat' dir='ltr'><strong>omnes,</strong></span> <span class='ocrx_word' id='word_1_378' title='bbox 2263 4687 2576 4770; x_wconf 85' lang='lat' dir='ltr'><strong>putabam</strong></span> 
     </span>
     <span class='ocr_line' id='line_1_51' title="bbox 621 4772 2572 4861; baseline -0.001 -22"><span class='ocrx_word' id='word_1_379' title='bbox 621 4793 765 4839; x_wconf 91' lang='lat' dir='ltr'><strong>rem</strong></span> <span class='ocrx_word' id='word_1_380' title='bbox 807 4772 1056 4855; x_wconf 88' lang='lat' dir='ltr'><strong>optimo</strong></span> <span class='ocrx_word' id='word_1_381' title='bbox 1098 4793 1241 4839; x_wconf 87' lang='lat' dir='ltr'><strong>esse</strong></span> <span class='ocrx_word' id='word_1_382' title='bbox 1282 4772 1423 4838; x_wconf 91' lang='lat' dir='ltr'><strong>loco</strong></span> <span class='ocrx_word' id='word_1_383' title='bbox 1479 4779 1546 4837; x_wconf 89' lang='lat' dir='ltr'><strong>et</strong></span> <span class='ocrx_word' id='word_1_384' title='bbox 1590 4774 1937 4840; x_wconf 88' lang='lat' dir='ltr'><strong>veritatem</strong></span> <span class='ocrx_word' id='word_1_385' title='bbox 1983 4772 2572 4861; x_wconf 73' lang='lat' dir='ltr'><strong>triumphaturam:</strong></span> 
     </span>
     <span class='ocr_line' id='line_1_52' title="bbox 622 4856 2575 4943; baseline 0.001 -20"><span class='ocrx_word' id='word_1_386' title='bbox 622 4857 690 4923; x_wconf 91' lang='lat' dir='ltr'><strong>id</strong></span> <span class='ocrx_word' id='word_1_387' title='bbox 734 4856 906 4942; x_wconf 91' lang='lat' dir='ltr'><strong>quod</strong></span> <span class='ocrx_word' id='word_1_388' title='bbox 950 4879 1105 4923; x_wconf 90' lang='lat' dir='ltr'><strong>mox</strong></span> <span class='ocrx_word' id='word_1_389' title='bbox 1160 4857 1241 4922; x_wconf 90' lang='lat' dir='ltr'><strong>ad</strong></span> <span class='ocrx_word' id='word_1_390' title='bbox 1303 4868 1599 4924; x_wconf 89' lang='lat' dir='ltr'><strong>nostrum</strong></span> <span class='ocrx_word' id='word_1_391' title='bbox 1657 4870 1987 4943; x_wconf 85' lang='lat' dir='ltr'><strong>pastorem</strong></span> <span class='ocrx_word' id='word_1_392' title='bbox 2030 4880 2162 4924; x_wconf 92' lang='lat' dir='ltr'><strong>non</strong></span> <span class='ocrx_word' id='word_1_393' title='bbox 2207 4869 2386 4925; x_wconf 89' lang='lat' dir='ltr'><strong>certe</strong></span> <span class='ocrx_word' id='word_1_394' title='bbox 2429 4859 2575 4925; x_wconf 90' lang='lat' dir='ltr'><strong>sine</strong></span> 
     </span>
     <span class='ocr_line' id='line_1_53' title="bbox 621 4943 2576 5029; baseline -0.001 -19"><span class='ocrx_word' id='word_1_395' title='bbox 621 4943 937 5028; x_wconf 81' lang='lat' dir='ltr'><strong>lacrymis</strong></span> <span class='ocrx_word' id='word_1_396' title='bbox 979 4964 1136 5026; x_wconf 89' lang='lat' dir='ltr'><strong>prae</strong></span> <span class='ocrx_word' id='word_1_397' title='bbox 1180 4944 1418 5029; x_wconf 84' lang='lat' dir='ltr'><strong>gaudio</strong></span> <span class='ocrx_word' id='word_1_398' title='bbox 1464 4944 1675 5022; x_wconf 89' lang='lat' dir='ltr'><strong>retuli,</strong></span> <span class='ocrx_word' id='word_1_399' title='bbox 1720 4956 1798 5011; x_wconf 92' lang='lat' dir='ltr'><strong>ut</strong></span> <span class='ocrx_word' id='word_1_400' title='bbox 1840 4945 1979 5028; x_wconf 90' lang='lat' dir='ltr'><strong>ipse</strong></span> <span class='ocrx_word' id='word_1_401' title='bbox 2021 4965 2280 5029; x_wconf 88' lang='lat' dir='ltr'><strong>quoque</strong></span> <span class='ocrx_word' id='word_1_402' title='bbox 2323 4944 2576 5010; x_wconf 88' lang='lat' dir='ltr'><strong>laetitia</strong></span> 
     </span>
     <span class='ocr_line' id='line_1_54' title="bbox 624 5030 2575 5115; baseline 0.001 -21"><span class='ocrx_word' id='word_1_403' title='bbox 624 5051 881 5096; x_wconf 91' lang='lat' dir='ltr'><strong>mecum</strong></span> <span class='ocrx_word' id='word_1_404' title='bbox 919 5030 1306 5108; x_wconf 87' lang='lat' dir='ltr'><strong>afficeretur,</strong></span> <span class='ocrx_word' id='word_1_405' title='bbox 1342 5038 1411 5096; x_wconf 89' lang='lat' dir='ltr'><strong>et</strong></span> <span class='ocrx_word' id='word_1_406' title='bbox 1442 5031 1693 5115; x_wconf 81' lang='lat' dir='ltr'><strong>gratias</strong></span> <span class='ocrx_word' id='word_1_407' title='bbox 1727 5051 1987 5096; x_wconf 90' lang='lat' dir='ltr'><strong>mecum</strong></span> <span class='ocrx_word' id='word_1_408' title='bbox 2020 5041 2250 5114; x_wconf 81' lang='lat' dir='ltr'><strong>ageret</strong></span> <span class='ocrx_word' id='word_1_409' title='bbox 2267 5031 2575 5109; x_wconf 90' lang='lat' dir='ltr'><strong>Domino,</strong></span> 
     </span>
     <span class='ocr_line' id='line_1_55' title="bbox 624 5113 2578 5202; baseline 0.001 -22"><span class='ocrx_word' id='word_1_410' title='bbox 624 5124 692 5180; x_wconf 87' lang='lat' dir='ltr'><strong>et</strong></span> <span class='ocrx_word' id='word_1_411' title='bbox 733 5136 962 5198; x_wconf 88' lang='lat' dir='ltr'><strong>preces</strong></span> <span class='ocrx_word' id='word_1_412' title='bbox 1006 5116 1087 5181; x_wconf 89' lang='lat' dir='ltr'><strong>ad</strong></span> <span class='ocrx_word' id='word_1_413' title='bbox 1133 5115 1415 5181; x_wconf 88' lang='lat' dir='ltr'><strong>eundem</strong></span> <span class='ocrx_word' id='word_1_414' title='bbox 1472 5117 2048 5202; x_wconf 82' lang='lat' dir='ltr'><strong>ingeminaremus.</strong></span> <span class='ocrx_word' id='word_1_415' title='bbox 2124 5116 2260 5183; x_wconf 87' lang='lat' dir='ltr'><strong>Sed</strong></span> <span class='ocrx_word' id='word_1_416' title='bbox 2302 5113 2459 5182; x_wconf 89' lang='lat' dir='ltr'><strong>dum</strong></span> <span class='ocrx_word' id='word_1_417' title='bbox 2504 5118 2578 5182; x_wconf 92' lang='lat' dir='ltr'><strong>in</strong></span> 
     </span>
     <span class='ocr_line' id='line_1_56' title="bbox 626 5199 2577 5286; baseline 0.002 -22"><span class='ocrx_word' id='word_1_418' title='bbox 626 5199 751 5265; x_wconf 91' lang='lat' dir='ltr'><strong>hac</strong></span> <span class='ocrx_word' id='word_1_419' title='bbox 808 5202 980 5266; x_wconf 87' lang='lat' dir='ltr'><strong>bona</strong></span> <span class='ocrx_word' id='word_1_420' title='bbox 1034 5202 1322 5268; x_wconf 85' lang='lat' dir='ltr'><strong>vivimus</strong></span> <span class='ocrx_word' id='word_1_421' title='bbox 1377 5224 1512 5286; x_wconf 91' lang='lat' dir='ltr'><strong>spe,</strong></span> <span class='ocrx_word' id='word_1_422' title='bbox 1578 5223 1727 5270; x_wconf 93' lang='lat' dir='ltr'><strong>ecce</strong></span> <span class='ocrx_word' id='word_1_423' title='bbox 1782 5201 1940 5285; x_wconf 87' lang='lat' dir='ltr'><strong>quid</strong></span> <span class='ocrx_word' id='word_1_424' title='bbox 1996 5211 2257 5286; x_wconf 87' lang='lat' dir='ltr'><strong>praeter</strong></span> <span class='ocrx_word' id='word_1_425' title='bbox 2311 5222 2577 5269; x_wconf 91' lang='lat' dir='ltr'><strong>omnem</strong></span> 
     </span>
     <span class='ocr_line' id='line_1_57' title="bbox 625 5287 2580 5373; baseline 0.002 -22"><span class='ocrx_word' id='word_1_426' title='bbox 625 5288 1181 5369; x_wconf 82' lang='lat' dir='ltr'><strong>exspectationem</strong></span> <span class='ocrx_word' id='word_1_427' title='bbox 1243 5289 1598 5373; x_wconf 82' lang='lat' dir='ltr'><strong>contingat.</strong></span> <span class='ocrx_word' id='word_1_428' title='bbox 1684 5287 2109 5355; x_wconf 83' lang='lat' dir='ltr'><strong>Exhibentur</strong></span> <span class='ocrx_word' id='word_1_429' title='bbox 2170 5288 2258 5355; x_wconf 88' lang='lat' dir='ltr'><strong>D.</strong></span> <span class='ocrx_word' id='word_1_430' title='bbox 2299 5287 2580 5355; x_wconf 75' lang='lat' dir='ltr'><strong>Stumn’o</strong></span> 
     </span>
    </p>
   </div>
   <div class='ocr_carea' id='block_1_3' title="bbox 2280 370 2959 442">
    <p class='ocr_par' dir='ltr' id='par_1_4' title="bbox 2280 370 2959 442">
     <span class='ocr_line' id='line_1_58' title="bbox 2280 370 2959 442; baseline -0.003 -2"><span class='ocrx_word' id='word_1_431' title='bbox 2280 370 2750 442; x_wconf 73' lang='lat' dir='ltr'>EPIS&#39;POLA</span> <span class='ocrx_word' id='word_1_432' title='bbox 2791 375 2959 441; x_wconf 77' lang='lat'>3936</span> 
     </span>
    </p>
   </div>
   <div class='ocr_carea' id='block_1_4' title="bbox 2603 569 2642 5343">
    <p class='ocr_par' dir='ltr' id='par_1_5' title="bbox 2603 569 2642 5343">
     <span class='ocr_line' id='line_1_59' title="bbox 2603 569 2642 5343; baseline 0 0"><span class='ocrx_word' id='word_1_433' title='bbox 2603 569 2642 5343; x_wconf 95' lang='lat' dir='ltr'><strong> </strong></span> 
     </span>
    </p>
   </div>
   <div class='ocr_carea' id='block_1_5' title="bbox 4481 379 4587 444">
    <p class='ocr_par' dir='ltr' id='par_1_6' title="bbox 4481 379 4587 444">
     <span class='ocr_line' id='line_1_60' title="bbox 4481 379 4587 444; baseline 0.038 -3"><span class='ocrx_word' id='word_1_434' title='bbox 4481 379 4587 444; x_wconf 75' lang='lat'><strong>⁷16</strong></span> 
     </span>
    </p>
   </div>
   <div class='ocr_carea' id='block_1_6' title="bbox 2661 562 4625 4857">
    <p class='ocr_par' dir='ltr' id='par_1_7' title="bbox 2661 562 4625 4857">
     <span class='ocr_line' id='line_1_61' title="bbox 2665 562 4588 714; baseline 0.004 -86"><span class='ocrx_word' id='word_1_435' title='bbox 2665 563 2972 714; x_wconf 49' lang='lat' dir='ltr'><strong>primum,</strong></span> <span class='ocrx_word' id='word_1_436' title='bbox 3019 563 3257 630; x_wconf 88' lang='lat' dir='ltr'><strong>deinde</strong></span> <span class='ocrx_word' id='word_1_437' title='bbox 3291 563 3458 629; x_wconf 89' lang='lat' dir='ltr'><strong>mihi</strong></span> <span class='ocrx_word' id='word_1_438' title='bbox 3494 572 3563 630; x_wconf 89' lang='lat' dir='ltr'><strong>et</strong></span> <span class='ocrx_word' id='word_1_439' title='bbox 3601 562 3908 643; x_wconf 71' lang='lat' dir='ltr'><strong>Conrado,</strong></span> <span class='ocrx_word' id='word_1_440' title='bbox 3939 567 4024 642; x_wconf 80' lang='lat'><strong>¹²)</strong></span> <span class='ocrx_word' id='word_1_441' title='bbox 4059 563 4326 633; x_wconf 79' lang='lat' dir='ltr'><strong>articuli</strong></span> <span class='ocrx_word' id='word_1_442' title='bbox 4356 564 4588 648; x_wconf 69' lang='lat' dir='ltr'><strong>quidam</strong></span> 
     </span>
     <span class='ocr_line' id='line_1_62' title="bbox 2709 647 4591 751; baseline 0.002 -37"><span class='ocrx_word' id='word_1_443' title='bbox 2709 670 2747 748; x_wconf 81' lang='lat' dir='ltr'><strong>e</strong></span> <span class='ocrx_word' id='word_1_444' title='bbox 2805 647 3433 750; x_wconf 77' lang='lat' dir='ltr'><strong>praedestinatione,</strong></span> <span class='ocrx_word' id='word_1_445' title='bbox 3500 671 3542 716; x_wconf 88' lang='lat' dir='ltr'><strong>a</strong></span> <span class='ocrx_word' id='word_1_446' title='bbox 3608 648 3979 750; x_wconf 66' lang='lat' dir='ltr'><strong>Cunnum</strong></span> <span class='ocrx_word' id='word_1_447' title='bbox 4001 652 4089 751; x_wconf 65' lang='grc' dir='ltr'><strong>ξ’)</strong></span> <span class='ocrx_word' id='word_1_448' title='bbox 4152 650 4416 717; x_wconf 85' lang='lat' dir='ltr'><strong>nomine</strong></span> <span class='ocrx_word' id='word_1_449' title='bbox 4472 672 4591 751; x_wconf 66' lang='lat' dir='ltr'><strong>om-</strong></span> 
     </span>
     <span class='ocr_line' id='line_1_63' title="bbox 2663 734 4594 920; baseline 0.003 -35"><span class='ocrx_word' id='word_1_450' title='bbox 2663 743 3476 920; x_wconf 51' lang='lat' dir='ltr'><strong>:zfflfffiffl‘t‘fflss</strong></span> <span class='ocrx_word' id='word_1_451' title='bbox 3486 734 4594 890; x_wconf 65' lang='lat'><strong>⁰:.:¹⁸1.::.:00:::0:::.:0:.:·.</strong></span> 
     </span>
     <span class='ocr_line' id='line_1_64' title="bbox 2661 906 4595 993; baseline 0.003 -22"><span class='ocrx_word' id='word_1_452' title='bbox 2661 906 2883 990; x_wconf 77' lang='lat' dir='ltr'><strong>ibique</strong></span> <span class='ocrx_word' id='word_1_453' title='bbox 2924 907 3324 973; x_wconf 87' lang='lat' dir='ltr'><strong>examinare.</strong></span> <span class='ocrx_word' id='word_1_454' title='bbox 3403 907 3747 991; x_wconf 86' lang='lat' dir='ltr'><strong>Respondi</strong></span> <span class='ocrx_word' id='word_1_455' title='bbox 3788 909 4014 993; x_wconf 83' lang='lat' dir='ltr'><strong>itaque</strong></span> <span class='ocrx_word' id='word_1_456' title='bbox 4059 907 4441 986; x_wconf 64' lang='lat' dir='ltr'><strong>Onam,</strong></span> <span class='ocrx_word' id='word_1_457' title='bbox 4479 928 4595 977; x_wconf 81' lang='lat' dir='ltr'><strong>nnn</strong></span> 
     </span>
     <span class='ocr_line' id='line_1_65' title="bbox 2662 991 4596 1095; baseline 0.002 -37"><span class='ocrx_word' id='word_1_458' title='bbox 2662 1012 2855 1092; x_wconf 78' lang='lat' dir='ltr'><strong>posse</strong></span> <span class='ocrx_word' id='word_1_459' title='bbox 2913 1014 3020 1059; x_wconf 90' lang='lat' dir='ltr'><strong>me</strong></span> <span class='ocrx_word' id='word_1_460' title='bbox 3081 992 3217 1059; x_wconf 90' lang='lat' dir='ltr'><strong>illis</strong></span> <span class='ocrx_word' id='word_1_461' title='bbox 3280 991 3713 1093; x_wconf 81' lang='lat' dir='ltr'><strong>subscribere,</strong></span> <span class='ocrx_word' id='word_1_462' title='bbox 3743 995 3908 1093; x_wconf 33' lang='lat' dir='ltr'><strong>’nisi</strong></span> <span class='ocrx_word' id='word_1_463' title='bbox 3965 993 4237 1095; x_wconf 81' lang='lat' dir='ltr'><strong>domum</strong></span> <span class='ocrx_word' id='word_1_464' title='bbox 4294 993 4496 1093; x_wconf 73' lang='lat' dir='ltr'><strong>feram</strong></span> <span class='ocrx_word' id='word_1_465' title='bbox 4536 1005 4596 1062; x_wconf 79' lang='lat' dir='ltr'><strong>st</strong></span> 
     </span>
     <span class='ocr_line' id='line_1_66' title="bbox 2664 1077 4597 1248; baseline 0.001 -18"><span class='ocrx_word' id='word_1_466' title='bbox 2664 1077 4003 1248; x_wconf 47' lang='lat' dir='ltr'><strong>ffiffissssaqffiffliaffmffiffiffss</strong></span> <span class='ocrx_word' id='word_1_467' title='bbox 4034 1164 4279 1233; x_wconf 55' lang='lat' dir='ltr'><strong>aa„</strong></span> <span class='ocrx_word' id='word_1_468' title='bbox 4325 1078 4597 1231; x_wconf 49' lang='lat' dir='ltr'><strong>22⁰ss</strong></span> 
     </span>
     <span class='ocr_line' id='line_1_67' title="bbox 2665 1247 4602 1335; baseline 0.003 -21"><span class='ocrx_word' id='word_1_469' title='bbox 2665 1248 2855 1329; x_wconf 90' lang='lat' dir='ltr'><strong>datis,</strong></span> <span class='ocrx_word' id='word_1_470' title='bbox 2900 1247 3176 1317; x_wconf 88' lang='lat' dir='ltr'><strong>dicebat.</strong></span> <span class='ocrx_word' id='word_1_471' title='bbox 3265 1249 3649 1335; x_wconf 76' lang='lat' dir='ltr'><strong>Interrogor</strong></span> <span class='ocrx_word' id='word_1_472' title='bbox 3691 1250 3929 1318; x_wconf 89' lang='lat' dir='ltr'><strong>deinde</strong></span> <span class='ocrx_word' id='word_1_473' title='bbox 3969 1250 4366 1318; x_wconf 87' lang='lat' dir='ltr'><strong>sententiam</strong></span> <span class='ocrx_word' id='word_1_474' title='bbox 4405 1271 4602 1319; x_wconf 74' lang='lat' dir='ltr'><strong>metm</strong></span> 
     </span>
     <span class='ocr_line' id='line_1_68' title="bbox 2665 1333 4600 1421; baseline -0.001 -19"><span class='ocrx_word' id='word_1_475' title='bbox 2665 1356 2707 1402; x_wconf 87' lang='lat' dir='ltr'><strong>a</strong></span> <span class='ocrx_word' id='word_1_476' title='bbox 2762 1333 3064 1402; x_wconf 66' lang='grc' dir='ltr'><strong>δίανηιίο.</strong></span> <span class='ocrx_word' id='word_1_477' title='bbox 3177 1334 3549 1420; x_wconf 86' lang='lat' dir='ltr'><strong>Respondi:</strong></span> <span class='ocrx_word' id='word_1_478' title='bbox 3619 1345 3939 1421; x_wconf 87' lang='lat' dir='ltr'><strong>quantum</strong></span> <span class='ocrx_word' id='word_1_479' title='bbox 4002 1359 4120 1421; x_wconf 87' lang='lat' dir='ltr'><strong>per</strong></span> <span class='ocrx_word' id='word_1_480' title='bbox 4183 1347 4325 1403; x_wconf 88' lang='lat' dir='ltr'><strong>tam</strong></span> <span class='ocrx_word' id='word_1_481' title='bbox 4386 1357 4600 1420; x_wconf 80' lang='lat' dir='ltr'><strong>parum</strong></span> 
     </span>
     <span class='ocr_line' id='line_1_69' title="bbox 2664 1421 4602 1509; baseline 0.001 -23"><span class='ocrx_word' id='word_1_482' title='bbox 2664 1421 3001 1506; x_wconf 89' lang='lat' dir='ltr'><strong>temporis,</strong></span> <span class='ocrx_word' id='word_1_483' title='bbox 3043 1442 3173 1507; x_wconf 89' lang='lat' dir='ltr'><strong>quo</strong></span> <span class='ocrx_word' id='word_1_484' title='bbox 3216 1421 3365 1488; x_wconf 91' lang='lat' dir='ltr'><strong>illos</strong></span> <span class='ocrx_word' id='word_1_485' title='bbox 3400 1423 3644 1488; x_wconf 88' lang='lat' dir='ltr'><strong>cursim</strong></span> <span class='ocrx_word' id='word_1_486' title='bbox 3687 1423 3842 1509; x_wconf 77' lang='lat' dir='ltr'><strong>legi,</strong></span> <span class='ocrx_word' id='word_1_487' title='bbox 3884 1422 4175 1490; x_wconf 89' lang='lat' dir='ltr'><strong>iudicare</strong></span> <span class='ocrx_word' id='word_1_488' title='bbox 4210 1422 4417 1507; x_wconf 88' lang='lat' dir='ltr'><strong>potui,</strong></span> <span class='ocrx_word' id='word_1_489' title='bbox 4457 1421 4602 1488; x_wconf 80' lang='lat' dir='ltr'><strong>mihi</strong></span> 
     </span>
     <span class='ocr_line' id='line_1_70' title="bbox 2663 1506 4602 1594; baseline 0.001 -22"><span class='ocrx_word' id='word_1_490' title='bbox 2663 1506 2812 1574; x_wconf 90' lang='lat' dir='ltr'><strong>illos</strong></span> <span class='ocrx_word' id='word_1_491' title='bbox 2866 1528 3005 1573; x_wconf 89' lang='lat' dir='ltr'><strong>non</strong></span> <span class='ocrx_word' id='word_1_492' title='bbox 3057 1508 3288 1587; x_wconf 88' lang='lat' dir='ltr'><strong>videri,</strong></span> <span class='ocrx_word' id='word_1_493' title='bbox 3350 1508 3407 1573; x_wconf 90' lang='lat' dir='ltr'><strong>si</strong></span> <span class='ocrx_word' id='word_1_494' title='bbox 3472 1506 3763 1574; x_wconf 87' lang='lat' dir='ltr'><strong>habeant</strong></span> <span class='ocrx_word' id='word_1_495' title='bbox 3824 1529 4109 1594; x_wconf 85' lang='lat' dir='ltr'><strong>aequum</strong></span> <span class='ocrx_word' id='word_1_496' title='bbox 4173 1508 4602 1593; x_wconf 83' lang='lat' dir='ltr'><strong>interpretem.</strong></span> 
     </span>
     <span class='ocr_line' id='line_1_71' title="bbox 2663 1593 4607 1678; baseline 0.001 -20"><span class='ocrx_word' id='word_1_497' title='bbox 2663 1593 2873 1659; x_wconf 90' lang='lat' dir='ltr'><strong>ullam</strong></span> <span class='ocrx_word' id='word_1_498' title='bbox 2915 1594 2983 1658; x_wconf 90' lang='lat' dir='ltr'><strong>in</strong></span> <span class='ocrx_word' id='word_1_499' title='bbox 3027 1615 3099 1659; x_wconf 92' lang='lat' dir='ltr'><strong>se</strong></span> <span class='ocrx_word' id='word_1_500' title='bbox 3140 1602 3436 1678; x_wconf 90' lang='lat' dir='ltr'><strong>apertam</strong></span> <span class='ocrx_word' id='word_1_501' title='bbox 3475 1594 3818 1661; x_wconf 89' lang='lat' dir='ltr'><strong>continere</strong></span> <span class='ocrx_word' id='word_1_502' title='bbox 3859 1594 4288 1678; x_wconf 87' lang='lat' dir='ltr'><strong>impietatem,</strong></span> <span class='ocrx_word' id='word_1_503' title='bbox 4335 1603 4607 1660; x_wconf 79' lang='lat' dir='ltr'><strong>metuere</strong></span> 
     </span>
     <span class='ocr_line' id='line_1_72' title="bbox 2665 1677 4606 1763; baseline 0 -18"><span class='ocrx_word' id='word_1_504' title='bbox 2665 1687 2892 1745; x_wconf 88' lang='lat' dir='ltr'><strong>tamen</strong></span> <span class='ocrx_word' id='word_1_505' title='bbox 2944 1699 3052 1744; x_wconf 92' lang='lat' dir='ltr'><strong>me</strong></span> <span class='ocrx_word' id='word_1_506' title='bbox 3109 1701 3193 1746; x_wconf 92' lang='lat' dir='ltr'><strong>ne</strong></span> <span class='ocrx_word' id='word_1_507' title='bbox 3256 1679 3508 1763; x_wconf 86' lang='lat' dir='ltr'><strong>aliquid</strong></span> <span class='ocrx_word' id='word_1_508' title='bbox 3571 1679 3661 1746; x_wconf 90' lang='lat' dir='ltr'><strong>ibi</strong></span> <span class='ocrx_word' id='word_1_509' title='bbox 3726 1680 3930 1748; x_wconf 83' lang='lat' dir='ltr'><strong>lateat</strong></span> <span class='ocrx_word' id='word_1_510' title='bbox 3991 1677 4418 1747; x_wconf 80' lang='lat' dir='ltr'><strong>insidiarum:</strong></span> <span class='ocrx_word' id='word_1_511' title='bbox 4479 1688 4606 1745; x_wconf 84' lang='lat' dir='ltr'><strong>tum</strong></span> 
     </span>
     <span class='ocr_line' id='line_1_73' title="bbox 2665 1764 4608 1849; baseline 0 -19"><span class='ocrx_word' id='word_1_512' title='bbox 2665 1764 2840 1849; x_wconf 89' lang='lat' dir='ltr'><strong>quod</strong></span> <span class='ocrx_word' id='word_1_513' title='bbox 2882 1786 3018 1831; x_wconf 90' lang='lat' dir='ltr'><strong>non</strong></span> <span class='ocrx_word' id='word_1_514' title='bbox 3060 1765 3536 1849; x_wconf 87' lang='lat' dir='ltr'><strong>permittantur</strong></span> <span class='ocrx_word' id='word_1_515' title='bbox 3569 1766 3758 1833; x_wconf 91' lang='lat' dir='ltr'><strong>nobis</strong></span> <span class='ocrx_word' id='word_1_516' title='bbox 3791 1767 3969 1833; x_wconf 89' lang='lat' dir='ltr'><strong>domi</strong></span> <span class='ocrx_word' id='word_1_517' title='bbox 4002 1764 4449 1848; x_wconf 83' lang='lat' dir='ltr'><strong>examinandi,</strong></span> <span class='ocrx_word' id='word_1_518' title='bbox 4481 1777 4608 1830; x_wconf 84' lang='lat' dir='ltr'><strong>tum</strong></span> 
     </span>
     <span class='ocr_line' id='line_1_74' title="bbox 2666 1848 4607 1935; baseline 0 -19"><span class='ocrx_word' id='word_1_519' title='bbox 2666 1848 2840 1934; x_wconf 87' lang='lat' dir='ltr'><strong>quod</strong></span> <span class='ocrx_word' id='word_1_520' title='bbox 2896 1871 3090 1918; x_wconf 87' lang='lat' dir='ltr'><strong>voces</strong></span> <span class='ocrx_word' id='word_1_521' title='bbox 3145 1850 3469 1935; x_wconf 89' lang='lat' dir='ltr'><strong>quasdam</strong></span> <span class='ocrx_word' id='word_1_522' title='bbox 3527 1850 3818 1918; x_wconf 88' lang='lat' dir='ltr'><strong>habeant</strong></span> <span class='ocrx_word' id='word_1_523' title='bbox 3859 1852 4220 1935; x_wconf 81' lang='lat' dir='ltr'><strong>ambiguas,</strong></span> <span class='ocrx_word' id='word_1_524' title='bbox 4265 1861 4414 1917; x_wconf 86' lang='lat' dir='ltr'><strong>tum</strong></span> <span class='ocrx_word' id='word_1_525' title='bbox 4453 1848 4607 1934; x_wconf 79' lang='lat' dir='ltr'><strong>quod</strong></span> 
     </span>
     <span class='ocr_line' id='line_1_75' title="bbox 2666 1935 4605 2022; baseline -0.001 -19"><span class='ocrx_word' id='word_1_526' title='bbox 2666 1956 2746 2003; x_wconf 87' lang='lat' dir='ltr'><strong>ea</strong></span> <span class='ocrx_word' id='word_1_527' title='bbox 2788 1944 3050 2002; x_wconf 89' lang='lat' dir='ltr'><strong>tantum</strong></span> <span class='ocrx_word' id='word_1_528' title='bbox 3106 1935 3198 2001; x_wconf 91' lang='lat' dir='ltr'><strong>ibi</strong></span> <span class='ocrx_word' id='word_1_529' title='bbox 3252 1937 3465 2022; x_wconf 87' lang='lat' dir='ltr'><strong>posita</strong></span> <span class='ocrx_word' id='word_1_530' title='bbox 3516 1959 3662 2004; x_wconf 90' lang='lat' dir='ltr'><strong>esse</strong></span> <span class='ocrx_word' id='word_1_531' title='bbox 3703 1938 3873 2004; x_wconf 91' lang='lat' dir='ltr'><strong>mihi</strong></span> <span class='ocrx_word' id='word_1_532' title='bbox 3917 1937 4288 2018; x_wconf 88' lang='lat' dir='ltr'><strong>videantur,</strong></span> <span class='ocrx_word' id='word_1_533' title='bbox 4333 1956 4498 2022; x_wconf 83' lang='lat' dir='ltr'><strong>quae</strong></span> <span class='ocrx_word' id='word_1_534' title='bbox 4533 1936 4605 2001; x_wconf 88' lang='lat' dir='ltr'><strong>D.</strong></span> 
     </span>
     <span class='ocr_line' id='line_1_76' title="bbox 2670 2021 4610 2108; baseline 0.001 -20"><span class='ocrx_word' id='word_1_535' title='bbox 2670 2021 3085 2089; x_wconf 62' lang='lat' dir='ltr'><strong>Man-bachius</strong></span> <span class='ocrx_word' id='word_1_536' title='bbox 3142 2032 3212 2089; x_wconf 89' lang='lat' dir='ltr'><strong>et</strong></span> <span class='ocrx_word' id='word_1_537' title='bbox 3268 2022 3382 2089; x_wconf 89' lang='lat' dir='ltr'><strong>alii</strong></span> <span class='ocrx_word' id='word_1_538' title='bbox 3433 2023 3538 2089; x_wconf 87' lang='lat' dir='ltr'><strong>sni</strong></span> <span class='ocrx_word' id='word_1_539' title='bbox 3594 2023 3977 2101; x_wconf 87' lang='lat' dir='ltr'><strong>docuerunt,</strong></span> <span class='ocrx_word' id='word_1_540' title='bbox 4039 2034 4109 2090; x_wconf 92' lang='lat' dir='ltr'><strong>et</strong></span> <span class='ocrx_word' id='word_1_541' title='bbox 4149 2044 4432 2108; x_wconf 89' lang='lat' dir='ltr'><strong>quorum</strong></span> <span class='ocrx_word' id='word_1_542' title='bbox 4471 2043 4610 2090; x_wconf 83' lang='lat' dir='ltr'><strong>con·</strong></span> 
     </span>
     <span class='ocr_line' id='line_1_77' title="bbox 2670 2107 4611 2194; baseline 0.001 -21"><span class='ocrx_word' id='word_1_543' title='bbox 2670 2109 2945 2173; x_wconf 88' lang='lat' dir='ltr'><strong>trariam</strong></span> <span class='ocrx_word' id='word_1_544' title='bbox 2988 2109 3383 2175; x_wconf 89' lang='lat' dir='ltr'><strong>sententiam</strong></span> <span class='ocrx_word' id='word_1_545' title='bbox 3418 2130 3460 2174; x_wconf 90' lang='lat' dir='ltr'><strong>a</strong></span> <span class='ocrx_word' id='word_1_546' title='bbox 3493 2109 3681 2174; x_wconf 91' lang='lat' dir='ltr'><strong>nobis</strong></span> <span class='ocrx_word' id='word_1_547' title='bbox 3715 2110 3979 2194; x_wconf 89' lang='lat' dir='ltr'><strong>probari</strong></span> <span class='ocrx_word' id='word_1_548' title='bbox 4020 2119 4090 2175; x_wconf 90' lang='lat' dir='ltr'><strong>et</strong></span> <span class='ocrx_word' id='word_1_549' title='bbox 4123 2107 4342 2176; x_wconf 87' lang='lat' dir='ltr'><strong>doceri</strong></span> <span class='ocrx_word' id='word_1_550' title='bbox 4383 2107 4611 2175; x_wconf 86' lang='lat' dir='ltr'><strong>calum·</strong></span> 
     </span>
     <span class='ocr_line' id='line_1_78' title="bbox 2669 2194 4613 2280; baseline 0 -21"><span class='ocrx_word' id='word_1_551' title='bbox 2669 2195 2832 2259; x_wconf 90' lang='lat' dir='ltr'><strong>niati</strong></span> <span class='ocrx_word' id='word_1_552' title='bbox 2891 2202 3064 2269; x_wconf 91' lang='lat' dir='ltr'><strong>sunt,</strong></span> <span class='ocrx_word' id='word_1_553' title='bbox 3124 2215 3327 2278; x_wconf 89' lang='lat' dir='ltr'><strong>quum</strong></span> <span class='ocrx_word' id='word_1_554' title='bbox 3385 2204 3609 2261; x_wconf 91' lang='lat' dir='ltr'><strong>tamen</strong></span> <span class='ocrx_word' id='word_1_555' title='bbox 3665 2194 3832 2261; x_wconf 90' lang='lat' dir='ltr'><strong>haec</strong></span> <span class='ocrx_word' id='word_1_556' title='bbox 3873 2215 4214 2280; x_wconf 87' lang='lat' dir='ltr'><strong>nunquam</strong></span> <span class='ocrx_word' id='word_1_557' title='bbox 4265 2195 4518 2261; x_wconf 84' lang='lat' dir='ltr'><strong>fuerint</strong></span> <span class='ocrx_word' id='word_1_558' title='bbox 4552 2194 4613 2259; x_wconf 90' lang='lat' dir='ltr'><strong>in</strong></span> 
     </span>
     <span class='ocr_line' id='line_1_79' title="bbox 2669 2279 4614 2365; baseline 0.001 -21"><span class='ocrx_word' id='word_1_559' title='bbox 2669 2279 3138 2346; x_wconf 85' lang='lat' dir='ltr'><strong>controversia.</strong></span> <span class='ocrx_word' id='word_1_560' title='bbox 3209 2280 3378 2346; x_wconf 85' lang='lat' dir='ltr'><strong>Esse</strong></span> <span class='ocrx_word' id='word_1_561' title='bbox 3443 2282 3666 2365; x_wconf 89' lang='lat' dir='ltr'><strong>itaque</strong></span> <span class='ocrx_word' id='word_1_562' title='bbox 3730 2282 3826 2347; x_wconf 89' lang='lat' dir='ltr'><strong>ita</strong></span> <span class='ocrx_word' id='word_1_563' title='bbox 3878 2291 4099 2348; x_wconf 89' lang='lat' dir='ltr'><strong>astute</strong></span> <span class='ocrx_word' id='word_1_564' title='bbox 4156 2288 4226 2347; x_wconf 90' lang='lat' dir='ltr'><strong>et</strong></span> <span class='ocrx_word' id='word_1_565' title='bbox 4278 2280 4614 2346; x_wconf 79' lang='lat' dir='ltr'><strong>artificiose</strong></span> 
     </span>
     <span class='ocr_line' id='line_1_80' title="bbox 2670 2365 4616 2452; baseline 0.001 -20"><span class='ocrx_word' id='word_1_566' title='bbox 2670 2367 3063 2449; x_wconf 89' lang='lat' dir='ltr'><strong>compositos</strong></span> <span class='ocrx_word' id='word_1_567' title='bbox 3121 2366 3430 2433; x_wconf 87' lang='lat' dir='ltr'><strong>articulos</strong></span> <span class='ocrx_word' id='word_1_568' title='bbox 3486 2368 3664 2446; x_wconf 89' lang='lat' dir='ltr'><strong>istos,</strong></span> <span class='ocrx_word' id='word_1_569' title='bbox 3720 2375 3799 2432; x_wconf 91' lang='lat' dir='ltr'><strong>ut</strong></span> <span class='ocrx_word' id='word_1_570' title='bbox 3853 2368 3914 2433; x_wconf 90' lang='lat' dir='ltr'><strong>si</strong></span> <span class='ocrx_word' id='word_1_571' title='bbox 3966 2387 4287 2452; x_wconf 72' lang='lat' dir='ltr'><strong>negemus</strong></span> <span class='ocrx_word' id='word_1_572' title='bbox 4347 2365 4616 2433; x_wconf 82' lang='lat' dir='ltr'><strong>subscri-</strong></span> 
     </span>
     <span class='ocr_line' id='line_1_81' title="bbox 2673 2452 4616 2537; baseline 0 -21"><span class='ocrx_word' id='word_1_573' title='bbox 2673 2452 2847 2532; x_wconf 90' lang='lat' dir='ltr'><strong>bere,</strong></span> <span class='ocrx_word' id='word_1_574' title='bbox 2914 2452 3345 2518; x_wconf 84' lang='lat' dir='ltr'><strong>confirmandi</strong></span> <span class='ocrx_word' id='word_1_575' title='bbox 3412 2453 3550 2518; x_wconf 91' lang='lat' dir='ltr'><strong>sint</strong></span> <span class='ocrx_word' id='word_1_576' title='bbox 3611 2453 3837 2537; x_wconf 90' lang='lat' dir='ltr'><strong>populi</strong></span> <span class='ocrx_word' id='word_1_577' title='bbox 3901 2454 3974 2518; x_wconf 90' lang='lat' dir='ltr'><strong>in</strong></span> <span class='ocrx_word' id='word_1_578' title='bbox 4037 2453 4409 2519; x_wconf 87' lang='lat' dir='ltr'><strong>sententia:</strong></span> <span class='ocrx_word' id='word_1_579' title='bbox 4468 2471 4616 2534; x_wconf 80' lang='lat' dir='ltr'><strong>quae</strong></span> 
     </span>
     <span class='ocr_line' id='line_1_82' title="bbox 2673 2537 4614 2615; baseline -0.001 -11"><span class='ocrx_word' id='word_1_580' title='bbox 2673 2537 2923 2604; x_wconf 89' lang='lat' dir='ltr'><strong>scilicet</strong></span> <span class='ocrx_word' id='word_1_581' title='bbox 2978 2538 3466 2605; x_wconf 88' lang='lat' dir='ltr'><strong>concionatores</strong></span> <span class='ocrx_word' id='word_1_582' title='bbox 3522 2537 3605 2604; x_wconf 91' lang='lat' dir='ltr'><strong>de</strong></span> <span class='ocrx_word' id='word_1_583' title='bbox 3662 2538 3851 2605; x_wconf 91' lang='lat' dir='ltr'><strong>nobis</strong></span> <span class='ocrx_word' id='word_1_584' title='bbox 3893 2537 4279 2605; x_wconf 84' lang='lat' dir='ltr'><strong>calumniati</strong></span> <span class='ocrx_word' id='word_1_585' title='bbox 4345 2537 4614 2615; x_wconf 81' lang='lat' dir='ltr'><strong>fuerant,</strong></span> 
     </span>
     <span class='ocr_line' id='line_1_83' title="bbox 2674 2623 4618 2700; baseline -0.001 -10"><span class='ocrx_word' id='word_1_586' title='bbox 2674 2643 2754 2690; x_wconf 86' lang='lat' dir='ltr'><strong>ea</strong></span> <span class='ocrx_word' id='word_1_587' title='bbox 2795 2645 2942 2689; x_wconf 90' lang='lat' dir='ltr'><strong>esse</strong></span> <span class='ocrx_word' id='word_1_588' title='bbox 2977 2623 3336 2690; x_wconf 83' lang='lat' dir='ltr'><strong>verissima.</strong></span> <span class='ocrx_word' id='word_1_589' title='bbox 3408 2623 3484 2690; x_wconf 82' lang='lat' dir='ltr'><strong>Si</strong></span> <span class='ocrx_word' id='word_1_590' title='bbox 3520 2644 3679 2691; x_wconf 89' lang='lat' dir='ltr'><strong>vero</strong></span> <span class='ocrx_word' id='word_1_591' title='bbox 3714 2623 4222 2700; x_wconf 89' lang='lat' dir='ltr'><strong>subscribamus,</strong></span> <span class='ocrx_word' id='word_1_592' title='bbox 4256 2643 4385 2689; x_wconf 86' lang='lat' dir='ltr'><strong>nos</strong></span> <span class='ocrx_word' id='word_1_593' title='bbox 4421 2624 4618 2690; x_wconf 87' lang='lat' dir='ltr'><strong>visum</strong></span> 
     </span>
     <span class='ocr_line' id='line_1_84' title="bbox 2674 2708 4620 2875; baseline -0.001 -14"><span class='ocrx_word' id='word_1_594' title='bbox 2674 2708 3033 2862; x_wconf 41' lang='lat' dir='ltr'><strong>{li-iedlitlltiffie</strong></span> <span class='ocrx_word' id='word_1_595' title='bbox 3046 2709 3539 2863; x_wconf 48' lang='lat' dir='ltr'><strong>rggeldaocitihigg·</strong></span> <span class='ocrx_word' id='word_1_596' title='bbox 3566 2731 3791 2864; x_wconf 51' lang='lat' dir='ltr'><strong>qffic</strong></span> <span class='ocrx_word' id='word_1_597' title='bbox 3809 2709 4517 2875; x_wconf 28' lang='lat' dir='ltr'><strong>{uggeulrgeieomno</strong></span> <span class='ocrx_word' id='word_1_598' title='bbox 4415 2709 4430 2723; x_wconf 32' lang='grc' dir='ltr'><strong>ο</strong></span> <span class='ocrx_word' id='word_1_599' title='bbox 4556 2719 4620 2859; x_wconf 57' lang='grc' dir='ltr'><strong>αξ</strong></span> 
     </span>
     <span class='ocr_line' id='line_1_85' title="bbox 2675 2818 4624 3052; baseline -0.002 -18"><span class='ocrx_word' id='word_1_600' title='bbox 2675 2880 4168 3052; x_wconf 47' lang='lat' dir='ltr'><strong>fflmfflmfffflbxmfflfflffim</strong></span> <span class='ocrx_word' id='word_1_601' title='bbox 4205 2818 4410 3033; x_wconf 53' lang='grc' dir='ltr'><strong>’οΞ’4</strong></span> <span class='ocrx_word' id='word_1_602' title='bbox 4442 2878 4624 3032; x_wconf 62' lang='lat' dir='ltr'><strong>..m</strong></span> 
     </span>
     <span class='ocr_line' id='line_1_86' title="bbox 2675 3051 4622 3139; baseline -0.002 -19"><span class='ocrx_word' id='word_1_603' title='bbox 2675 3054 2876 3120; x_wconf 90' lang='lat' dir='ltr'><strong>etiam</strong></span> <span class='ocrx_word' id='word_1_604' title='bbox 2918 3051 3115 3134; x_wconf 90' lang='lat' dir='ltr'><strong>idem,</strong></span> <span class='ocrx_word' id='word_1_605' title='bbox 3174 3052 3348 3138; x_wconf 91' lang='lat' dir='ltr'><strong>quod</strong></span> <span class='ocrx_word' id='word_1_606' title='bbox 3400 3063 3616 3134; x_wconf 89' lang='lat' dir='ltr'><strong>antea,</strong></span> <span class='ocrx_word' id='word_1_607' title='bbox 3667 3053 4051 3139; x_wconf 84' lang='lat' dir='ltr'><strong>respondeo.</strong></span> <span class='ocrx_word' id='word_1_608' title='bbox 4128 3053 4303 3119; x_wconf 76' lang='lat' dir='ltr'><strong>Tum</strong></span> <span class='ocrx_word' id='word_1_609' title='bbox 4363 3052 4508 3119; x_wconf 88' lang='lat' dir='ltr'><strong>ille:</strong></span> <span class='ocrx_word' id='word_1_610' title='bbox 4560 3073 4622 3116; x_wconf 84' lang='lat' dir='ltr'><strong>se</strong></span> 
     </span>
     <span class='ocr_line' id='line_1_87' title="bbox 2674 3138 4624 3225; baseline -0.001 -20"><span class='ocrx_word' id='word_1_611' title='bbox 2674 3139 2824 3206; x_wconf 90' lang='lat' dir='ltr'><strong>ideo</strong></span> <span class='ocrx_word' id='word_1_612' title='bbox 2867 3148 2936 3206; x_wconf 89' lang='lat' dir='ltr'><strong>et</strong></span> <span class='ocrx_word' id='word_1_613' title='bbox 2969 3139 3258 3224; x_wconf 90' lang='lat' dir='ltr'><strong>reliquos</strong></span> <span class='ocrx_word' id='word_1_614' title='bbox 3291 3141 3755 3225; x_wconf 87' lang='lat' dir='ltr'><strong>compositores</strong></span> <span class='ocrx_word' id='word_1_615' title='bbox 3813 3140 3990 3207; x_wconf 92' lang='lat' dir='ltr'><strong>nolle</strong></span> <span class='ocrx_word' id='word_1_616' title='bbox 4023 3141 4096 3205; x_wconf 87' lang='lat' dir='ltr'><strong>in</strong></span> <span class='ocrx_word' id='word_1_617' title='bbox 4130 3140 4446 3206; x_wconf 90' lang='lat' dir='ltr'><strong>manibus</strong></span> <span class='ocrx_word' id='word_1_618' title='bbox 4476 3138 4624 3205; x_wconf 79' lang='lat' dir='ltr'><strong>meis</strong></span> 
     </span>
     <span class='ocr_line' id='line_1_88' title="bbox 2675 3225 4624 3310; baseline -0.002 -17"><span class='ocrx_word' id='word_1_619' title='bbox 2675 3227 3048 3310; x_wconf 87' lang='lat' dir='ltr'><strong>relinquere</strong></span> <span class='ocrx_word' id='word_1_620' title='bbox 3092 3226 3423 3305; x_wconf 87' lang='lat' dir='ltr'><strong>articulos,</strong></span> <span class='ocrx_word' id='word_1_621' title='bbox 3471 3234 3616 3294; x_wconf 90' lang='lat' dir='ltr'><strong>tum</strong></span> <span class='ocrx_word' id='word_1_622' title='bbox 3651 3225 3825 3310; x_wconf 91' lang='lat' dir='ltr'><strong>quod</strong></span> <span class='ocrx_word' id='word_1_623' title='bbox 3867 3236 4171 3293; x_wconf 90' lang='lat' dir='ltr'><strong>metuant</strong></span> <span class='ocrx_word' id='word_1_624' title='bbox 4212 3246 4300 3292; x_wconf 92' lang='lat' dir='ltr'><strong>ne</strong></span> <span class='ocrx_word' id='word_1_625' title='bbox 4343 3225 4624 3310; x_wconf 85' lang='lat' dir='ltr'><strong>prolixos</strong></span> 
     </span>
     <span class='ocr_line' id='line_1_89' title="bbox 2673 3308 4624 3396; baseline -0.002 -18"><span class='ocrx_word' id='word_1_626' title='bbox 2673 3312 2748 3378; x_wconf 89' lang='lat' dir='ltr'><strong>in</strong></span> <span class='ocrx_word' id='word_1_627' title='bbox 2792 3333 2904 3378; x_wconf 87' lang='lat' dir='ltr'><strong>ecs</strong></span> <span class='ocrx_word' id='word_1_628' title='bbox 2947 3312 3227 3380; x_wconf 85' lang='lat' dir='ltr'><strong>scribam</strong></span> <span class='ocrx_word' id='word_1_629' title='bbox 3261 3313 3781 3393; x_wconf 90' lang='lat' dir='ltr'><strong>commentarios,</strong></span> <span class='ocrx_word' id='word_1_630' title='bbox 3823 3322 3965 3377; x_wconf 90' lang='lat' dir='ltr'><strong>tum</strong></span> <span class='ocrx_word' id='word_1_631' title='bbox 4001 3311 4196 3396; x_wconf 86' lang='lat' dir='ltr'><strong>quod,</strong></span> <span class='ocrx_word' id='word_1_632' title='bbox 4239 3312 4297 3377; x_wconf 91' lang='lat' dir='ltr'><strong>si</strong></span> <span class='ocrx_word' id='word_1_633' title='bbox 4339 3310 4529 3378; x_wconf 87' lang='lat' dir='ltr'><strong>nobis</strong></span> <span class='ocrx_word' id='word_1_634' title='bbox 4567 3308 4624 3375; x_wconf 83' lang='lat' dir='ltr'><strong>id</strong></span> 
     </span>
     <span class='ocr_line' id='line_1_90' title="bbox 2673 3396 4624 3482; baseline -0.002 -16"><span class='ocrx_word' id='word_1_635' title='bbox 2673 3396 3053 3477; x_wconf 89' lang='lat' dir='ltr'><strong>concedant,</strong></span> <span class='ocrx_word' id='word_1_636' title='bbox 3095 3397 3272 3466; x_wconf 90' lang='lat' dir='ltr'><strong>idem</strong></span> <span class='ocrx_word' id='word_1_637' title='bbox 3295 3420 3550 3482; x_wconf 89' lang='lat' dir='ltr'><strong>quoque</strong></span> <span class='ocrx_word' id='word_1_638' title='bbox 3585 3399 3950 3467; x_wconf 81' lang='lat' dir='ltr'><strong>adversarii</strong></span> <span class='ocrx_word' id='word_1_639' title='bbox 3972 3397 4244 3481; x_wconf 90' lang='lat' dir='ltr'><strong>petituri</strong></span> <span class='ocrx_word' id='word_1_640' title='bbox 4287 3398 4453 3476; x_wconf 87' lang='lat' dir='ltr'><strong>sint,</strong></span> <span class='ocrx_word' id='word_1_641' title='bbox 4497 3407 4624 3461; x_wconf 82' lang='lat' dir='ltr'><strong>tum</strong></span> 
     </span>
     <span class='ocr_line' id='line_1_91' title="bbox 2675 3480 4622 3569; baseline -0.002 -20"><span class='ocrx_word' id='word_1_642' title='bbox 2675 3483 2960 3568; x_wconf 88' lang='lat' dir='ltr'><strong>denique</strong></span> <span class='ocrx_word' id='word_1_643' title='bbox 3000 3483 3174 3568; x_wconf 90' lang='lat' dir='ltr'><strong>quod</strong></span> <span class='ocrx_word' id='word_1_644' title='bbox 3218 3493 3518 3569; x_wconf 90' lang='lat' dir='ltr'><strong>oporteat</strong></span> <span class='ocrx_word' id='word_1_645' title='bbox 3558 3485 3689 3552; x_wconf 90' lang='lat' dir='ltr'><strong>cito</strong></span> <span class='ocrx_word' id='word_1_646' title='bbox 3730 3483 4074 3567; x_wconf 84' lang='lat' dir='ltr'><strong>expedire:</strong></span> <span class='ocrx_word' id='word_1_647' title='bbox 4133 3483 4260 3550; x_wconf 92' lang='lat' dir='ltr'><strong>sibi</strong></span> <span class='ocrx_word' id='word_1_648' title='bbox 4315 3484 4503 3548; x_wconf 83' lang='lat' dir='ltr'><strong>intra</strong></span> <span class='ocrx_word' id='word_1_649' title='bbox 4539 3480 4622 3546; x_wconf 89' lang='lat' dir='ltr'><strong>bi·</strong></span> 
     </span>
     <span class='ocr_line' id='line_1_92' title="bbox 2674 3568 4624 3671; baseline -0.001 -35"><span class='ocrx_word' id='word_1_650' title='bbox 2674 3570 2879 3637; x_wconf 91' lang='lat' dir='ltr'><strong>duum</strong></span> <span class='ocrx_word' id='word_1_651' title='bbox 2922 3570 3006 3637; x_wconf 87' lang='lat' dir='ltr'><strong>ad</strong></span> <span class='ocrx_word' id='word_1_652' title='bbox 3050 3591 3406 3671; x_wconf 42' lang='lat' dir='ltr'><strong>summum·</strong></span> <span class='ocrx_word' id='word_1_653' title='bbox 3437 3569 3707 3636; x_wconf 91' lang='lat' dir='ltr'><strong>domum</strong></span> <span class='ocrx_word' id='word_1_654' title='bbox 3749 3591 3904 3670; x_wconf 46' lang='lat' dir='ltr'><strong>esse·</strong></span> <span class='ocrx_word' id='word_1_655' title='bbox 3950 3568 4388 3636; x_wconf 87' lang='lat' dir='ltr'><strong>redeundum.</strong></span> <span class='ocrx_word' id='word_1_656' title='bbox 4470 3569 4624 3634; x_wconf 70' lang='lat' dir='ltr'><strong>&#39;Dum</strong></span> 
     </span>
     <span class='ocr_line' id='line_1_93' title="bbox 2674 3652 4624 3839; baseline -0.002 -32"><span class='ocrx_word' id='word_1_657' title='bbox 2674 3664 3810 3825; x_wconf 55' lang='lat' dir='ltr'><strong>2:⁸31..3.?q331¹22.5‚⁸tt2t‘÷::³¹2:.3</strong></span> <span class='ocrx_word' id='word_1_658' title='bbox 3851 3664 4462 3825; x_wconf 51' lang='grc' dir='ltr'><strong>ἲαιῗῖᾝὲἷιᾳᾞ</strong></span> <span class='ocrx_word' id='word_1_659' title='bbox 4485 3652 4624 3839; x_wconf 58' lang='lat'><strong>{¹13¹}-</strong></span> 
     </span>
     <span class='ocr_line' id='line_1_94' title="bbox 2675 3826 4624 3912; baseline -0.001 -19"><span class='ocrx_word' id='word_1_660' title='bbox 2675 3828 2811 3893; x_wconf 88' lang='lat' dir='ltr'><strong>rint</strong></span> <span class='ocrx_word' id='word_1_661' title='bbox 2852 3828 3203 3912; x_wconf 80' lang='lat' dir='ltr'><strong>diligenter</strong></span> <span class='ocrx_word' id='word_1_662' title='bbox 3244 3830 3625 3907; x_wconf 87' lang='lat' dir='ltr'><strong>examinati,</strong></span> <span class='ocrx_word' id='word_1_663' title='bbox 3678 3826 4069 3911; x_wconf 87' lang='lat' dir='ltr'><strong>probentur:</strong></span> <span class='ocrx_word' id='word_1_664' title='bbox 4122 3836 4624 3895; x_wconf 66' lang='lat' dir='ltr'><strong>commentarios</strong></span> 
     </span>
     <span class='ocr_line' id='line_1_95' title="bbox 2676 3914 4624 3997; baseline -0.001 -18"><span class='ocrx_word' id='word_1_665' title='bbox 2676 3922 2898 3980; x_wconf 89' lang='lat' dir='ltr'><strong>autem</strong></span> <span class='ocrx_word' id='word_1_666' title='bbox 2964 3935 3070 3979; x_wconf 93' lang='lat' dir='ltr'><strong>me</strong></span> <span class='ocrx_word' id='word_1_667' title='bbox 3134 3935 3268 3980; x_wconf 90' lang='lat' dir='ltr'><strong>non</strong></span> <span class='ocrx_word' id='word_1_668' title='bbox 3332 3936 3475 3981; x_wconf 86' lang='lat' dir='ltr'><strong>esse</strong></span> <span class='ocrx_word' id='word_1_669' title='bbox 3539 3914 3611 3980; x_wconf 91' lang='lat' dir='ltr'><strong>in</strong></span> <span class='ocrx_word' id='word_1_670' title='bbox 3669 3934 3781 3979; x_wconf 86' lang='lat' dir='ltr'><strong>ecs</strong></span> <span class='ocrx_word' id='word_1_671' title='bbox 3822 3914 4371 3997; x_wconf 87' lang='lat' dir='ltr'><strong>compositurum:</strong></span> <span class='ocrx_word' id='word_1_672' title='bbox 4439 3932 4624 3997; x_wconf 79' lang='lat' dir='ltr'><strong>quum</strong></span> 
     </span>
     <span class='ocr_line' id='line_1_96' title="bbox 2677 3998 4622 4083; baseline -0.001 -17"><span class='ocrx_word' id='word_1_673' title='bbox 2677 4021 2834 4066; x_wconf 84' lang='lat' dir='ltr'><strong>vero</strong></span> <span class='ocrx_word' id='word_1_674' title='bbox 2888 3999 3232 4066; x_wconf 89' lang='lat' dir='ltr'><strong>dissidium</strong></span> <span class='ocrx_word' id='word_1_675' title='bbox 3290 4000 3416 4066; x_wconf 93' lang='lat' dir='ltr'><strong>hoc</strong></span> <span class='ocrx_word' id='word_1_676' title='bbox 3469 4001 3809 4066; x_wconf 89' lang='lat' dir='ltr'><strong>biennium</strong></span> <span class='ocrx_word' id='word_1_677' title='bbox 3867 3998 4231 4078; x_wconf 86' lang='lat' dir='ltr'><strong>duraverit,</strong></span> <span class='ocrx_word' id='word_1_678' title='bbox 4290 3999 4460 4083; x_wconf 89' lang='lat' dir='ltr'><strong>quid</strong></span> <span class='ocrx_word' id='word_1_679' title='bbox 4520 4007 4622 4072; x_wconf 78' lang='lat' dir='ltr'><strong>est.</strong></span> 
     </span>
     <span class='ocr_line' id='line_1_97' title="bbox 2677 4082 4624 4170; baseline -0.001 -20"><span class='ocrx_word' id='word_1_680' title='bbox 2677 4085 2837 4165; x_wconf 85' lang='lat' dir='ltr'><strong>dixi,</strong></span> <span class='ocrx_word' id='word_1_681' title='bbox 2895 4085 3072 4169; x_wconf 88' lang='lat' dir='ltr'><strong>quod</strong></span> <span class='ocrx_word' id='word_1_682' title='bbox 3115 4107 3312 4167; x_wconf 89' lang='lat' dir='ltr'><strong>nunc,</strong></span> <span class='ocrx_word' id='word_1_683' title='bbox 3367 4086 3628 4170; x_wconf 88' lang='lat' dir='ltr'><strong>quando</strong></span> <span class='ocrx_word' id='word_1_684' title='bbox 3670 4093 3775 4151; x_wconf 91' lang='lat' dir='ltr'><strong>est</strong></span> <span class='ocrx_word' id='word_1_685' title='bbox 3829 4082 4196 4169; x_wconf 88' lang='lat' dir='ltr'><strong>prudenter</strong></span> <span class='ocrx_word' id='word_1_686' title='bbox 4238 4084 4624 4153; x_wconf 81' lang='lat' dir='ltr'><strong>concluden-</strong></span> 
     </span>
     <span class='ocr_line' id='line_1_98' title="bbox 2676 4168 4624 4256; baseline -0.002 -20"><span class='ocrx_word' id='word_1_687' title='bbox 2676 4170 2855 4252; x_wconf 90' lang='lat' dir='ltr'><strong>dum,</strong></span> <span class='ocrx_word' id='word_1_688' title='bbox 2911 4171 3130 4238; x_wconf 86' lang='lat' dir='ltr'><strong>velitis</strong></span> <span class='ocrx_word' id='word_1_689' title='bbox 3187 4172 3284 4236; x_wconf 87' lang='lat' dir='ltr'><strong>ita</strong></span> <span class='ocrx_word' id='word_1_690' title='bbox 3339 4170 3750 4239; x_wconf 85' lang='lat' dir='ltr'><strong>accelerare?</strong></span> <span class='ocrx_word' id='word_1_691' title='bbox 3822 4171 3970 4256; x_wconf 81' lang='lat' dir='ltr'><strong>Ego</strong></span> <span class='ocrx_word' id='word_1_692' title='bbox 4011 4178 4188 4238; x_wconf 81' lang='lat' dir='ltr'><strong>certe</strong></span> <span class='ocrx_word' id='word_1_693' title='bbox 4232 4172 4304 4236; x_wconf 92' lang='lat' dir='ltr'><strong>in</strong></span> <span class='ocrx_word' id='word_1_694' title='bbox 4352 4192 4431 4237; x_wconf 86' lang='lat' dir='ltr'><strong>re</strong></span> <span class='ocrx_word' id='word_1_695' title='bbox 4472 4168 4624 4235; x_wconf 77' lang='lat' dir='ltr'><strong>tanti</strong></span> 
     </span>
     <span class='ocr_line' id='line_1_99' title="bbox 2677 4254 4624 4342; baseline 0.001 -20"><span class='ocrx_word' id='word_1_696' title='bbox 2677 4259 2994 4323; x_wconf 91' lang='lat' dir='ltr'><strong>momenti</strong></span> <span class='ocrx_word' id='word_1_697' title='bbox 3051 4257 3214 4322; x_wconf 89' lang='lat' dir='ltr'><strong>nihil</strong></span> <span class='ocrx_word' id='word_1_698' title='bbox 3283 4258 3791 4342; x_wconf 87' lang='lat' dir='ltr'><strong>praecipitanter</strong></span> <span class='ocrx_word' id='word_1_699' title='bbox 3847 4277 4044 4341; x_wconf 81' lang='lat' dir='ltr'><strong>agere</strong></span> <span class='ocrx_word' id='word_1_700' title='bbox 4083 4257 4259 4322; x_wconf 87' lang='lat' dir='ltr'><strong>volo.</strong></span> <span class='ocrx_word' id='word_1_701' title='bbox 4335 4254 4624 4324; x_wconf 69' lang='lat' dir='ltr'><strong>Discedit</strong></span> 
     </span>
     <span class='ocr_line' id='line_1_100' title="bbox 2677 4338 4625 4427; baseline -0.001 -19"><span class='ocrx_word' id='word_1_702' title='bbox 2677 4343 2807 4409; x_wconf 87' lang='lat' dir='ltr'><strong>ille.</strong></span> <span class='ocrx_word' id='word_1_703' title='bbox 2901 4342 3039 4409; x_wconf 84' lang='lat' dir='ltr'><strong>Sed</strong></span> <span class='ocrx_word' id='word_1_704' title='bbox 3098 4345 3348 4410; x_wconf 89' lang='lat' dir='ltr'><strong>amicus</strong></span> <span class='ocrx_word' id='word_1_705' title='bbox 3402 4365 3510 4409; x_wconf 91' lang='lat' dir='ltr'><strong>me</strong></span> <span class='ocrx_word' id='word_1_706' title='bbox 3572 4351 3767 4427; x_wconf 88' lang='lat' dir='ltr'><strong>urget</strong></span> <span class='ocrx_word' id='word_1_707' title='bbox 3822 4351 3898 4408; x_wconf 88' lang='lat' dir='ltr'><strong>ut</strong></span> <span class='ocrx_word' id='word_1_708' title='bbox 3960 4342 4408 4409; x_wconf 83' lang='lat' dir='ltr'><strong>subscribam:</strong></span> <span class='ocrx_word' id='word_1_709' title='bbox 4476 4338 4625 4408; x_wconf 81' lang='lat' dir='ltr'><strong>nilnl</strong></span> 
     </span>
     <span class='ocr_line' id='line_1_101' title="bbox 2677 4428 4624 4508; baseline -0.002 -13"><span class='ocrx_word' id='word_1_710' title='bbox 2677 4450 2819 4495; x_wconf 90' lang='lat' dir='ltr'><strong>esse</strong></span> <span class='ocrx_word' id='word_1_711' title='bbox 2881 4428 3279 4495; x_wconf 89' lang='lat' dir='ltr'><strong>insidiarum</strong></span> <span class='ocrx_word' id='word_1_712' title='bbox 3335 4428 3782 4508; x_wconf 88' lang='lat' dir='ltr'><strong>metuendum,</strong></span> <span class='ocrx_word' id='word_1_713' title='bbox 3849 4449 3993 4496; x_wconf 89' lang='lat' dir='ltr'><strong>esse</strong></span> <span class='ocrx_word' id='word_1_714' title='bbox 4058 4430 4262 4495; x_wconf 90' lang='lat' dir='ltr'><strong>bonos</strong></span> <span class='ocrx_word' id='word_1_715' title='bbox 4323 4432 4530 4508; x_wconf 84' lang='lat' dir='ltr'><strong>viros,</strong></span> <span class='ocrx_word' id='word_1_716' title='bbox 4565 4436 4624 4491; x_wconf 80' lang='lat' dir='ltr'><strong>et</strong></span> 
     </span>
     <span class='ocr_line' id='line_1_102' title="bbox 2676 4512 4624 4599; baseline -0.001 -18"><span class='ocrx_word' id='word_1_717' title='bbox 2676 4515 2847 4581; x_wconf 90' lang='lat' dir='ltr'><strong>serio</strong></span> <span class='ocrx_word' id='word_1_718' title='bbox 2891 4514 3038 4580; x_wconf 88' lang='lat' dir='ltr'><strong>illos</strong></span> <span class='ocrx_word' id='word_1_719' title='bbox 3082 4517 3372 4599; x_wconf 84' lang='lat' dir='ltr'><strong>cogitare</strong></span> <span class='ocrx_word' id='word_1_720' title='bbox 3406 4514 3488 4581; x_wconf 90' lang='lat' dir='ltr'><strong>de</strong></span> <span class='ocrx_word' id='word_1_721' title='bbox 3521 4513 3894 4583; x_wconf 85' lang='lat' dir='ltr'><strong>concordia:</strong></span> <span class='ocrx_word' id='word_1_722' title='bbox 3941 4514 4093 4597; x_wconf 90' lang='lat' dir='ltr'><strong>plus</strong></span> <span class='ocrx_word' id='word_1_723' title='bbox 4135 4514 4329 4581; x_wconf 88' lang='lat' dir='ltr'><strong>nobis</strong></span> <span class='ocrx_word' id='word_1_724' title='bbox 4374 4512 4624 4583; x_wconf 83' lang='lat' dir='ltr'><strong>concedi</strong></span> 
     </span>
     <span class='ocr_line' id='line_1_103' title="bbox 2676 4599 4624 4686; baseline -0.001 -20"><span class='ocrx_word' id='word_1_725' title='bbox 2676 4621 2873 4685; x_wconf 90' lang='lat' dir='ltr'><strong>quam</strong></span> <span class='ocrx_word' id='word_1_726' title='bbox 2919 4600 3334 4667; x_wconf 89' lang='lat' dir='ltr'><strong>adversariis.</strong></span> <span class='ocrx_word' id='word_1_727' title='bbox 3408 4602 3555 4686; x_wconf 82' lang='lat' dir='ltr'><strong>Ego</strong></span> <span class='ocrx_word' id='word_1_728' title='bbox 3613 4612 3863 4681; x_wconf 87' lang='lat' dir='ltr'><strong>contra,</strong></span> <span class='ocrx_word' id='word_1_729' title='bbox 3922 4601 4097 4667; x_wconf 88' lang='lat' dir='ltr'><strong>hanc</strong></span> <span class='ocrx_word' id='word_1_730' title='bbox 4153 4601 4402 4686; x_wconf 77' lang='lat' dir='ltr'><strong>agendi</strong></span> <span class='ocrx_word' id='word_1_731' title='bbox 4446 4599 4624 4667; x_wconf 83' lang='lat' dir='ltr'><strong>ratio-</strong></span> 
     </span>
     <span class='ocr_line' id='line_1_104' title="bbox 2679 4686 4622 4780; baseline -0.001 -29"><span class='ocrx_word' id='word_1_732' title='bbox 2679 4707 2831 4752; x_wconf 92' lang='lat' dir='ltr'><strong>nem</strong></span> <span class='ocrx_word' id='word_1_733' title='bbox 2886 4696 2954 4751; x_wconf 91' lang='lat' dir='ltr'><strong>et</strong></span> <span class='ocrx_word' id='word_1_734' title='bbox 3014 4686 3186 4753; x_wconf 87' lang='lat' dir='ltr'><strong>hanc</strong></span> <span class='ocrx_word' id='word_1_735' title='bbox 3248 4687 3730 4753; x_wconf 85' lang='lat' dir='ltr'><strong>festinationem</strong></span> <span class='ocrx_word' id='word_1_736' title='bbox 3788 4687 3955 4752; x_wconf 91' lang='lat' dir='ltr'><strong>mihi</strong></span> <span class='ocrx_word' id='word_1_737' title='bbox 4019 4708 4164 4753; x_wconf 87' lang='lat' dir='ltr'><strong>esse</strong></span> <span class='ocrx_word' id='word_1_738' title='bbox 4229 4696 4622 4780; x_wconf 65' lang='lat' dir='ltr'><strong>suspectam:</strong></span> 
     </span>
     <span class='ocr_line' id='line_1_105' title="bbox 2678 4770 4622 4857; baseline -0.001 -19"><span class='ocrx_word' id='word_1_739' title='bbox 2678 4793 2809 4838; x_wconf 89' lang='lat' dir='ltr'><strong>non</strong></span> <span class='ocrx_word' id='word_1_740' title='bbox 2866 4793 3056 4855; x_wconf 87' lang='lat' dir='ltr'><strong>posse</strong></span> <span class='ocrx_word' id='word_1_741' title='bbox 3115 4774 3323 4857; x_wconf 86' lang='lat' dir='ltr'><strong>igitur</strong></span> <span class='ocrx_word' id='word_1_742' title='bbox 3377 4775 3804 4857; x_wconf 88' lang='lat' dir='ltr'><strong>acquiescere,</strong></span> <span class='ocrx_word' id='word_1_743' title='bbox 3871 4782 3949 4837; x_wconf 89' lang='lat' dir='ltr'><strong>ut</strong></span> <span class='ocrx_word' id='word_1_744' title='bbox 4011 4773 4445 4852; x_wconf 80' lang='lat' dir='ltr'><strong>subscribam,</strong></span> <span class='ocrx_word' id='word_1_745' title='bbox 4509 4770 4622 4837; x_wconf 74' lang='lat' dir='ltr'><strong>nin</strong></span> 
     </span>
    </p>
   </div>
   <div class='ocr_carea' id='block_1_7' title="bbox 2675 4930 3088 4941">
    <p class='ocr_par' dir='ltr' id='par_1_8' title="bbox 2675 4930 3088 4941">
     <span class='ocr_line' id='line_1_106' title="bbox 2675 4930 3088 4941; baseline 0 0"><span class='ocrx_word' id='word_1_746' title='bbox 2675 4930 3088 4941; x_wconf 95' lang='lat' dir='ltr'><strong> </strong></span> 
     </span>
    </p>
   </div>
   <div class='ocr_carea' id='block_1_8' title="bbox 2676 5028 4618 5376">
    <p class='ocr_par' dir='ltr' id='par_1_9' title="bbox 2676 5028 4618 5166">
     <span class='ocr_line' id='line_1_107' title="bbox 2849 5028 4618 5099; baseline -0.001 -16"><span class='ocrx_word' id='word_1_747' title='bbox 2849 5029 2944 5096; x_wconf 79' lang='lat'><strong>12)</strong></span> <span class='ocrx_word' id='word_1_748' title='bbox 2984 5031 3248 5097; x_wconf 68' lang='lat' dir='ltr'><strong>Habeo-to,</strong></span> <span class='ocrx_word' id='word_1_749' title='bbox 3293 5033 3554 5099; x_wconf 64' lang='lat' dir='ltr'><strong>queunt</strong></span> <span class='ocrx_word' id='word_1_750' title='bbox 3597 5028 3802 5084; x_wconf 74' lang='lat' dir='ltr'><strong>Bucen·</strong></span> <span class='ocrx_word' id='word_1_751' title='bbox 3844 5029 4618 5086; x_wconf 55' lang='lat' dir='ltr'><strong>amima-Marma·-</strong></span> 
     </span>
     <span class='ocr_line' id='line_1_108' title="bbox 2676 5098 4536 5166; baseline -0.003 -11"><span class='ocrx_word' id='word_1_752' title='bbox 2676 5115 2803 5155; x_wconf 68' lang='grc' dir='ltr'><strong>πονε</strong></span> <span class='ocrx_word' id='word_1_753' title='bbox 2837 5100 3065 5155; x_wconf 70' lang='lat' dir='ltr'><strong>diaconi</strong></span> <span class='ocrx_word' id='word_1_754' title='bbox 3107 5099 3376 5155; x_wconf 66' lang='lat' dir='ltr'><strong>Romani</strong></span> <span class='ocrx_word' id='word_1_755' title='bbox 3407 5099 3664 5153; x_wconf 74' lang='lat' dir='ltr'><strong>abdicari</strong></span> <span class='ocrx_word' id='word_1_756' title='bbox 3693 5100 3909 5154; x_wconf 65' lang='lat' dir='ltr'><strong>curavit</strong></span> <span class='ocrx_word' id='word_1_757' title='bbox 3942 5098 4222 5166; x_wconf 65' lang='grc' dir='ltr'><strong>(Βόἶιήσὴ</strong></span> <span class='ocrx_word' id='word_1_758' title='bbox 4255 5098 4356 5154; x_wconf 87' lang='lat'><strong>111.</strong></span> <span class='ocrx_word' id='word_1_759' title='bbox 4399 5098 4536 5165; x_wconf 82' lang='lat' dir='ltr'><strong>uo.)</strong></span> 
     </span>
    </p>

    <p class='ocr_par' dir='ltr' id='par_1_10' title="bbox 2678 5164 4618 5376">
     <span class='ocr_line' id='line_1_109' title="bbox 2851 5164 4616 5238; baseline -0.001 -17"><span class='ocrx_word' id='word_1_760' title='bbox 2851 5164 3771 5236; x_wconf 64' lang='grc' dir='ltr'><strong>13)1νῖεπεῡαο1υο.1ἰῦ1ιήο1ιι·ιιε</strong></span> <span class='ocrx_word' id='word_1_761' title='bbox 3811 5168 4029 5238; x_wconf 68' lang='lat' dir='ltr'><strong>quiden</strong></span> <span class='ocrx_word' id='word_1_762' title='bbox 4072 5167 4192 5223; x_wconf 78' lang='lat' dir='ltr'><strong>Iac.</strong></span> <span class='ocrx_word' id='word_1_763' title='bbox 4243 5167 4616 5223; x_wconf 60' lang='lat' dir='ltr'><strong>Andr-mu</strong></span> 
     </span>
     <span class='ocr_line' id='line_1_110' title="bbox 2678 5233 4618 5306; baseline -0.002 -13"><span class='ocrx_word' id='word_1_764' title='bbox 2678 5237 3309 5306; x_wconf 64' lang='lat' dir='ltr'><strong>tormfuissedn‘cn&#39;aep.</strong></span> <span class='ocrx_word' id='word_1_765' title='bbox 3344 5235 3464 5300; x_wconf 82' lang='lat'><strong>112,</strong></span> <span class='ocrx_word' id='word_1_766' title='bbox 3509 5235 4354 5306; x_wconf 56' lang='lat' dir='ltr'><strong>mmmmm</strong></span> <span class='ocrx_word' id='word_1_767' title='bbox 4399 5233 4618 5293; x_wconf 59' lang='lat' dir='ltr'><strong>‘urh-</strong></span> 
     </span>
     <span class='ocr_line' id='line_1_111' title="bbox 2678 5304 3414 5376; baseline -0.004 -12"><span class='ocrx_word' id='word_1_768' title='bbox 2678 5308 2827 5364; x_wconf 73' lang='lat' dir='ltr'><strong>tim</strong></span> <span class='ocrx_word' id='word_1_769' title='bbox 2861 5306 3170 5376; x_wconf 70' lang='lat' dir='ltr'><strong>Bipontina</strong></span> <span class='ocrx_word' id='word_1_770' title='bbox 3199 5323 3256 5376; x_wconf 80' lang='lat' dir='ltr'><strong>p.</strong></span> <span class='ocrx_word' id='word_1_771' title='bbox 3290 5304 3414 5361; x_wconf 66' lang='lat'><strong>243.</strong></span> 
     </span>
    </p>
   </div>
   <div class='ocr_carea' id='block_1_9' title="bbox 4765 5 4828 6094">
    <p class='ocr_par' dir='ltr' id='par_1_11' title="bbox 4765 5 4828 6094">
     <span class='ocr_line' id='line_1_112' title="bbox 4765 5 4828 6094; baseline 0 0"><span class='ocrx_word' id='word_1_772' title='bbox 4765 5 4828 6094; x_wconf 95' lang='lat' dir='ltr'><strong> </strong></span> 
     </span>
    </p>
   </div>
  </div>
 </body>
</html>
