4900 6125
291 427 396 487 441

285 608 418 693 plus
457 628 648 693 quam
693 605 992 687 maiores,
1038 617 1105 676 et
1145 617 1460 693 quotquot
1501 608 1683 674 mille
1727 615 1795 675 et
1839 609 2218 694 quingentis

285 701 461 760 antea
500 693 690 760 annis
749 695 1053 773 vixerint,
1112 695 1294 773 sciat,
1341 694 1584 774 videat,
1627 694 1984 779 intelligat:
2031 694 2216 760 deni·

283 801 392 864 qne
422 785 637 862 patres
670 786 925 846 nostros
967 779 1288 847 idolorum
1323 780 1624 857 cultores,
1667 777 1804 867 [fol.
1852 786 1921 861 5)
1957 779 2218 847 delusos

281 872 753 948 occaecatosque
806 865 1029 947 fuisse,
1072 886 1144 932 se
1186 887 1423 932 verum
1467 865 1722 933 Christi
1763 866 2011 933 cultum
2058 887 2216 949 quo·

279 951 415 1016 dam
470 949 693 1016 divino
748 951 986 1034 spiritu
1044 953 1459 1037 cognovisse:
1518 961 1779 1018 nostros
1837 951 2214 1035 Episcopos,

276 1035 660 1120 impostores,
714 1036 1235 1117 cacodaemones,
1290 1036 1716 1105 antichristos
1758 1045 1828 1103 et
1871 1037 2216 1104 scelerato-

275 1142 410 1187 rum
462 1122 661 1189 duces
711 1123 946 1190 fuisse:
1006 1144 1176 1203 suos,
1223 1123 1470 1190 Christi
1530 1123 1825 1203 nuncios,
1870 1122 2214 1207 apostolos,

274 1206 553 1274 doctores
597 1208 751 1274 fore.
839 1207 1026 1276 Haec
1125 1210 1414 1276 raefatus
1457 1209 1786 1294 significat
1830 1211 2028 1275 etiam
2072 1229 2215 1276 sese

274 1292 514 1378 asylum
582 1294 649 1359 in
703 1293 1022 1377 proximis
1065 1232 1326 1361 <galliae
1379 1295 1625 1362 finibus
1678 1295 2097 1361 constituisse
2138 1315 2214 1362 ac

270 1378 637 1458 munivisse,
694 1379 778 1445 ad
821 1378 994 1463 qnod
1043 1381 1288 1462 exules,
1334 1379 1651 1461 damnati,
1694 1381 2100 1465 aborigenes,
2147 1389 2215 1446 et

269 1465 544 1529 omnium
617 1462 921 1531 ordinum
975 1467 1400 1551 gentiumque
1456 1465 1691 1551 perditi
1754 1486 1830 1532 ac
1895 1465 2213 1550 deplorati

268 1570 485 1635 greges
532 1551 674 1617 suis
735 1550 977 1618 finibus
1034 1551 1322 1637 ablegati
1373 1552 1777 1637 confugiant,
1838 1561 1905 1618 et
1958 1552 2032 1616 in
2084 1572 2212 1635 quo

267 1647 567 1720 tanquam
626 1637 698 1701 in
762 1637 1090 1704 tutissimo
1146 1645 1343 1723 portu
1406 1637 1662 1721 placide
1728 1637 2208 1722 conquiescant.

266 1718 511 1787 Deinde
574 1729 646 1787 ut
709 1721 908 1789 latins
969 1723 1144 1790 iacta
1210 1723 1512 1790 factionis
1567 1744 1722 1790 suae
1780 1722 2213 1789 fundamenta

262 1807 2215 1980 {Jiffigsst’aissbssffidffliissfisszssssiffssuigiiffiffi

262 1987 541 2044 veterem
584 1979 850 2063 pietatis
895 1980 1193 2064 regulam
1236 1946 1607 2064 coinparat:
1656 1979 1738 2045 ab
1774 2000 1853 2046 ea
1895 1979 2212 2064 populum

260 2063 457 2131 modis
495 2065 799 2131 omnibus
840 2065 1144 2145 alienare,
1183 2074 1251 2131 et
1283 2065 1367 2131 ab
1400 2065 1713 2133 ecclesiae
1747 2066 1998 2151 gremio
2034 2064 2212 2132 avel-

260 2148 411 2215 lere:
459 2158 690 2216 contra
731 2171 918 2217 suam
963 2152 1465 2219 sanctimoniam
1508 2159 1577 2216 et
1619 2152 2060 2237 integritatem
2106 2171 2211 2216 os-

259 2243 524 2314 tentare,
570 2234 934 2302 doctrinam
978 2235 1373 2320 praedicare,
1419 2259 1541 2304 sua
1582 2247 1913 2322 postremo
1957 2238 2213 2303 somnia

259 2319 679 2400 introducere,
747 2342 868 2388 sua
931 2332 1301 2389 commenta
1357 2322 1680 2407 probabili
1744 2331 1811 2390 et
1878 2321 2210 2406 plausibili

257 2405 392 2472 fuco
434 2426 783 2486 exornare,
828 2416 895 2473 et
937 2428 1131 2491 quam
1177 2408 1556 2493 longissime
1599 2409 1672 2474 in
1715 2429 1943 2475 omnes
1980 2407 2208 2475 Chris·

257 2490 406 2557 tiani
452 2493 631 2560 orbis
673 2492 974 2577 regiones
1012 2492 1441 2560 disseminare
1474 2500 1766 2561 conatur.
1846 2492 2026 2574 Quid
2063 2514 2210 2577 pos-

257 2577 395 2644 tea?
440 2577 656 2643 dicam
710 2578 1002 2645 breviter
1056 2578 1214 2662 quid
1259 2581 1458 2646 astuti
1505 2587 1573 2645 et
1615 2579 1787 2647 calvi
1831 2579 2209 2662 impostoris

256 2663 492 2748 scripta
554 2663 912 2743 effecerint,
973 2663 1084 2731 vel
1138 2665 1356 2747 potins
1414 2685 1613 2750 quam
1660 2665 1905 2732 multos
1948 2685 2206 2732 veneno

255 2749 613 2817 infecerint.
714 2750 970 2816 Vereor
1034 2749 1211 2817 enim
1270 2772 1354 2816 ne
1407 2751 1466 2817 si
1521 2750 1849 2834 permulta
1902 2747 1984 2817 de
2026 2750 2206 2816 hisce

255 2835 444 2902 rebus
503 2832 735 2914 dicam,
791 2834 1040 2919 pudeat
1079 2854 1190 2902 me
1242 2836 1323 2901 de
1367 2835 1639 2904 levitate
1683 2843 1945 2903 nostrae
1989 2836 2207 2921 gentis

255 2921 563 3001 confiteri,
621 2919 794 3005 apud
852 2941 1048 3003 quam
1106 2921 1256 3006 plus
1311 2921 1642 2988 interdum
1698 2922 1896 2988 unius
1940 2920 2209 2988 Oalvini

254 3005 486 3090 opinio,
530 3026 728 3091 quam
764 3009 1088 3073 maiorum
1129 3006 1442 3091 probitas,
1479 3027 1678 3094 quam
1714 3007 2009 3074 omnium
2054 3006 2205 3074 doc-

255 3100 465 3159 torum
510 3113 886 3175 consensus,
943 3114 1139 3178 qnam
1184 3094 1518 3162 Ecclesiae
1574 3093 1959 3174 authoritas,
2005 3114 2205 3177 quam

252 3178 500 3245 Christi
555 3176 886 3258 mandata,
946 3199 1146 3263 quam
1210 3188 1310 3247 tot
1374 3179 1614 3247 seculis
1669 3187 1891 3265 totque
2033 3178 2206 3263 pulis

251 3266 518 3415 {robata
560 3263 834 3366 vivendi
878 3272 1082 3367 recta·
1101 3263 1514 3367 consuetudo
1553 3265 1842 3366 valuisse
1881 3265 1950 3365 vi
1997 3273 2203 3365 eatur.

251 3456 428 3502 mum
458 3348 2208 3522 ffiffl32203335233ss35122ssd²m“321ss

253 3530 579 3607 vagantes,
639 3530 709 3588 et
764 3521 1061 3587 civilium
1117 3520 1614 3607 disciplinarum
1674 3521 2060 3588 difficultate
2104 3542 2208 3588 re-

251 3608 537 3673 tardatos
579 3607 834 3686 imbuit,
881 3606 963 3672 ad
1008 3610 1561 3692 contemptionem
1605 3606 2021 3675 sacerdotum
2064 3604 2207 3672 dira

252 3692 716 3760 obtrectatione
773 3692 1074 3777 impellit,
1118 3701 1186 3760 et
1228 3692 1543 3761 adversus
1583 3714 1845 3760 omnem
1887 3693 2209 3760 rationem

253 3782 721 3863 veritatemque
756 3799 894 3844 una
927 3778 1335 3863 impudentia
1369 3788 1614 3845 armat:
1652 3778 1913 3863 quidvis
1949 3777 2209 3845 dicendi

255 3874 321 3929 et
359 3863 688 3931 scribendi
751 3863 1121 3930 libertatem
1165 3866 1621 3949 licentiamque
1674 3863 2001 3931 concedit:
2070 3885 2210 3930 ma·

255 3949 458 4016 iorum
523 3950 704 4035 leges
769 3952 909 4034 ipse
973 3950 1341 4028 labefactat,
1401 3960 1469 4018 et
1531 3950 1615 4016 ad
1674 3970 1959 4016 errorem
2015 3971 2211 4016 suum

255 4035 800 4103 corroborandum
836 4036 1108 4121 prolatis
1153 4037 1496 4121 citatisque
1540 4035 1656 4103 sed
1699 4035 1954 4102 detorte
1997 4045 2062 4102 et
2099 4036 2212 4102 de-

256 4130 520 4204 pravate
597 4122 803 4188 sacris
869 4120 1079 4188 literis
1144 4121 1455 4188 abutitur.
1565 4122 1767 4188 Enim
1833 4143 1990 4187 vero
2061 4143 2212 4188 cum

255 4207 440 4273 multi
482 4227 523 4272 a
563 4228 746 4273 more
790 4228 984 4291 quem
1031 4216 1438 4290 acceperant,
1475 4216 1542 4274 et
1584 4206 1667 4274 ab
1710 4207 2028 4273 institutis
2073 4229 2213 4273 ma-

259 4293 458 4359 iorum
497 4295 570 4358 in
606 4313 772 4377 quae
807 4294 1211 4371 iuraverant,
1251 4293 1557 4360 recedere
1591 4313 1714 4358 nec
1759 4294 1902 4358 sine
1937 4291 2215 4378 perfidia

257 4399 455 4462 pesse,
501 4400 621 4444 nec
676 4379 820 4444 sine
877 4380 1214 4463 impietate
1259 4401 1329 4444 se
1385 4378 1554 4445 velle
1598 4379 1834 4444 debere
1878 4380 2212 4444 existima-

259 4472 418 4545 rent,
460 4472 690 4531 contra
733 4463 799 4529 id
845 4486 978 4531 non
1023 4463 1215 4530 modo
1249 4465 1584 4548 integrum
1629 4484 1772 4530 esse
1817 4465 2059 4544 scribit,
2097 4463 2234 4530 sed·

261 4548 619 4628 honestum,
678 4550 795 4617 sed
857 4551 1060 4634 pium,
1126 4548 1244 4617 sed
1301 4551 1590 4617 salutare
1648 4550 2013 4616 confirmat.
2104 4550 2213 4615 Ex

263 4656 383 4718 quo
436 4634 691 4715 accidit,
750 4644 826 4701 ut
879 4636 937 4701 si
989 4657 1119 4719 qna
1161 4656 1362 4720 pecus
1421 4636 1716 4703 scabiosa
1754 4644 1823 4700 et
1863 4637 1935 4701 in
1979 4655 2211 4702 coeno-

262 4720 399 4801 biis,
441 4730 508 4787 et
550 4722 619 4787 in
665 4721 938 4801 iudiciis,
976 4731 1044 4786 et
1077 4723 1145 4786 in
1191 4722 1462 4789 urbibus
1500 4722 1748 4789 secerni
1775 4741 1814 4785 a
1836 4742 2055 4807 grege,
2092 4743 2212 4788 nec

267 4809 489 4887 sanari,
534 4807 650 4874 sed
693 4809 765 4872 in
809 4830 930 4873 sua
973 4807 1082 4872 lue
1127 4806 1521 4887 sordescere,
1566 4808 1948 4890 cunctisque
1993 4808 2214 4874 obser-

267 4894 516 4960 vantiae
585 4891 656 4980 [s
704 4943 718 4959 .
768 4897 806 4958 6
908 4915 982 4959 ac
1044 4894 1405 4959 honestatis
1472 4891 1725 4978 legibus
1789 4892 1953 4960 solvi
2013 4893 2215 4959 vellet

268 4979 563 5045 continno
606 4980 677 5046 in
722 4978 777 5046 O
845 4978 987 5045 vini
1035 4978 1474 5058 Academiam,
1518 4978 1626 5046 vel
1671 4978 1890 5064 potius
1935 4979 2006 5045 in
2051 4980 2212 5062 Epi·

270 5064 396 5130 curi
446 5065 695 5143 hortos,
751 5065 865 5131 ubi
932 5067 1212 5149 turpiter
1278 5066 1708 5141 volutaretur,
1762 5072 1829 5129 et
1891 5065 2211 5148 intempe-

269 5162 477 5218 ranter
531 5150 1054 5234 voluptuaretnr,
1118 5150 1572 5218 lubentissime
1630 5149 1952 5216 deficeret.
2043 5151 2214 5217 Eam

273 5237 572 5304 rationem
626 5237 944 5321 magister
987 5235 1369 5304 Theodorus
1419 5238 1599 5304 Beza
1653 5236 1865 5314 inivit,
1925 5246 1999 5301 ut
2053 5258 2211 5320 quo-

275 5323 432 5389 niam
468 5321 795 5402 Lutetiae,
853 5323 966 5390 nbi
1023 5322 1222 5407 lippis
1279 5332 1346 5390 et
1401 5321 1790 5401 tonsoribus,
1847 5331 1914 5388 et
1958 5321 2213 5389 lanistis

2086 423 2249 487 1562
2293 420 2479 489 IUN.

4144 422 4271 486 442

2318 619 2386 675 et
2459 607 2861 694 ganeonibus
2930 615 3073 675 erat
3129 608 3433 692 inprimis
3489 609 3788 693 cognitus
3812 661 3827 687 ,
3891 629 4273 693 summeque

2316 694 2602 847 <figi-egi?
2635 696 3106 823 scossrtationum
3150 693 3560 846 etgitggofium
3594 694 3833 845 pglmis
3867 694 4269 845 nobilitatam,

2315 801 2736 950 pffiosslffle
2763 786 3275 944 ›ablffirgeret
3338 800 3770 943 cregiptglrlurz:
3820 800 4272 949 ghtigusprgerrg

2314 952 2667 1018 obstrictus
2711 951 3077 1031 tenebatur,
3112 950 3309 1016 fidem
3352 949 3598 1017 diutius
3640 951 3865 1017 fallere
3908 972 4041 1017 non
4086 961 4271 1035 pom-

2313 1046 2439 1116 rat,
2485 1037 2683 1104 exilio
2727 1046 2796 1103 et
2838 1039 2993 1121 fuga
3034 1057 3177 1103 sese
3211 1037 3392 1103 omui
3432 1036 3700 1103 vinculo
3745 1055 4047 1120 nexuque
4091 1038 4270 1104 exol-

2314 1132 2522 1202 veret,
2580 1143 2655 1190 ac
2713 1124 2785 1189 in
2842 1123 3216 1207 perfugium
3268 1121 3562 1188 libidinis
3624 1135 3816 1206 atque
3865 1123 4268 1206 petulantiae

2313 1205 2696 1276 vindicaret.
2783 1208 2957 1275 Ecce
2996 1207 3317 1275 Calvinus
3375 1206 3665 1274 advenae
3725 1209 3919 1274 istius
3962 1228 4269 1292 praesen-

2315 1294 2409 1360 tia
2431 1303 2783 1373 recreatus,
2827 1295 3041 1378 magis
3084 1315 3159 1360 ac
3186 1293 3399 1378 magis
3433 1293 3600 1358 falsa
3619 1294 3926 1360 scientiae
3965 1294 4269 1378 opinione

2312 1380 2711 1460 intumescit,
2733 1379 3143 1446 doctissimos
3177 1400 3467 1463 quosque
3489 1400 3759 1445 suarum
3794 1400 3937 1446 esse
3979 1381 4266 1463 partium

2313 1474 2664 1533 asseverat.
2753 1464 2892 1532 Our
2935 1464 3202 1531 tandem
3222 1464 3255 1526 *Ρ
3345 1465 3596 1549 Nempe
3642 1474 3718 1530 ut
3760 1464 4013 1530 facilius
4054 1464 4266 1532 homi-

2311 1574 2476 1617 num
2518 1550 2920 1636 simplicitati
2960 1550 3212 1630 illudat,
3256 1560 3325 1615 et
3367 1551 3656 1616 virorum
3695 1570 4087 1635 magnorum
4143 1551 4269 1617 ful·

2311 1637 2698 1789 {3533
2742 1637 2947 1789 ἓξὲξ
2974 1637 3539 1807 mergae,
3563 1635 4269 1806 tamam

2312 1807 2739 1875 illustriorem
2796 1808 3049 1874 reddat.
3137 1808 3319 1891 Ergo
3371 1808 3481 1873 isti
3539 1806 3667 1873 duo
3726 1815 4064 1892 susceptae
4113 1828 4268 1874 con·

2312 1894 2665 1961 iurationis
2734 1894 3068 1978 principes
3148 1894 3516 1960 arctissima
3575 1893 3894 1959 scelerum
3958 1894 4269 1960 societate

2311 1980 2488 2046 inter
2545 2000 2617 2046 se
2675 1980 3030 2060 coniuncti,
3074 1979 3356 2045 maiores
3400 1978 3658 2046 animos
3700 1978 4033 2064 colligunt,
4122 1980 4271 2047 lura

2312 2065 2550 2143 moliri,
2595 2086 2861 2148 sperare
2902 2065 3238 2149 ampliora,
3283 2075 3351 2130 et
3384 2065 3515 2130 iam
3550 2063 3676 2131 sibi
3716 2063 4019 2143 honores,
4108 2067 4270 2132 omi-

2313 2159 2673 2235 natumque
2729 2150 3022 2235 polliceri
3076 2149 3341 2215 audent.
3442 2149 3576 2231 Qui
3634 2171 3786 2216 cum
3843 2171 3928 2216 ex
3981 2151 4269 2234 antiquis

2310 2237 2767 2303 Romanorum
2826 2247 2894 2302 et
2947 2235 3454 2302 Atheniensium
3518 2235 3810 2301 historiis
3874 2235 4270 2317 didicissent,

2310 2326 2426 2407 qui
2470 2323 2661 2389 novis
2711 2323 2910 2389 rebus
2967 2319 3326 2402 studerent,
3386 2343 3496 2388 eos
3538 2323 3608 2386 in
3641 2321 4083 2389 multitudinis
4125 2342 4274 2388 sen·

2311 2429 2461 2475 sum
2504 2417 2702 2491 atque
2745 2408 3102 2474 amicitiam
3146 2428 3223 2473 ea
3258 2407 3546 2473 maxime
3589 2406 3841 2473 ratione
3886 2428 4072 2491 posse
4112 2406 4274 2473 irre-

2310 2514 2488 2578 pere,
2534 2493 2593 2560 si
2648 2515 2927 2577 magnas
2969 2513 3138 2578 spes,
3388 2515 3459 2559 as
3507 2492 3825 2558 utilitates
3866 2501 4275 2560 ostentarent

2311 2579 2396 2647 iis
2452 2600 2728 2664 quorum
2783 2600 2984 2663 opera
3040 2599 3116 2645 ac
3151 2590 3364 2664 gratia
3406 2579 3642 2645 florere
3680 2587 4022 2662 cuperent:
4066 2580 4273 2662 proti-

2311 2687 2438 2732 nus
2503 2664 2688 2731 nefas
2752 2664 2877 2732 sibi
2932 2663 3137 2731 videri
3188 2665 3398 2744 aiunt,
3456 2663 3627 2747 quod
3692 2665 3905 2731 nostri
3960 2665 4272 2748 Episcopi

2309 2757 2408 2816 tot
2465 2770 2723 2816 annuos
2785 2757 3146 2836 proventus
3188 2771 3271 2817 ex
3315 2749 3771 2817 ecclesiasticis
3825 2750 4110 2834 praediis
4165 2772 4273 2817 ca-

2310 2837 2500 2920 piant
2518 2888 2535 2916 ,
2600 2835 2771 2920 quod
2833 2836 2917 2902 ad
2981 2842 3093 2901 tur
3137 2835 3397 2902 issimos
3475 2856 3634 2902 usus
3697 2835 3830 2902 illis
3894 2836 4269 2903 abutantur.

2309 2922 2522 2989 Porro
2573 2929 2943 3005 queruntur
3000 2945 3043 2987 n
3144 2942 3259 2987 um
3324 2942 3467 2988 esse
3511 2921 3729 2988 locum
3788 2920 4100 2989 charitati
4154 2928 4273 2988 aut

2309 3008 2541 3092 pietati
2562 3058 2580 3088 ,
2661 3013 2922 3074 exteros
2985 3007 3269 3093 hospitio
3331 3027 3586 3087 carere,
3651 3008 3880 3093 inopes
3942 3007 4275 3075 alimentis

2310 3114 2525 3178 egere,
2584 3094 2862 3161 afflictos
2921 3093 3209 3160 destitui.
3300 3094 3522 3159 Aliam
3565 3094 4009 3194 apostolorum
4050 3091 4274 3159 condi-

2308 3180 2558 3246 tionem
2636 3180 2839 3246 fuisse
2903 3179 3267 3258 clamitant,
3347 3180 3461 3264 qui
3525 3177 3790 3265 quidem
3855 3182 4145 3247 tenuiter
4207 3188 4274 3245 et

2309 3286 2506 3350 parce
2542 3266 2865 3346 viverent,
2910 3271 2980 3331 et
3019 3286 3175 3350 opes
3209 3266 3265 3331 si
3306 3287 3468 3350 quas
3501 3266 3840 3346 haberent,
3876 3265 4272 3350 pauperibus

2309 3350 2670 3417 liberaliter
2729 3358 3079 3436 erogarent
3103 3402 3121 3430 ,
3186 3372 3416 3436 aegros
3494 3351 3809 3429 viserent,
3867 3373 3944 3417 su
3991 3350 4273 3435 plicibus

2310 3436 2634 3503 auxilium
2693 3436 3166 3520 consiliumque
3219 3459 3354 3504 non
3411 3436 3832 3523 denegarent.
4003 3458 4271 3503 norsum

2309 3544 2467 3589 vero
2523 3522 2686 3588 haec
2742 3521 3021 3589 duorum
3080 3523 3608 3589 concionatorum
3654 3530 3789 3589 tam
3832 3523 3962 3608 pia,
4006 3532 4274 3607 tamque

2310 3607 2654 3674 charitatis
2711 3627 2787 3673 ac
2840 3609 3149 3693 propensi
3208 3609 3451 3675 amoris
3498 3608 3699 3693 plena
3755 3610 3964 3675 oratio
3978 3608 4010 3672 Ἰ
4100 3609 4276 3673 Beza

2309 3694 2551 3777 Episco
2636 3716 2669 3759 s
2733 3692 3111 3761 sacerdotiis
3175 3693 3566 3778 locupletari
3630 3692 4091 3778 reprehendit,
4158 3693 4273 3777 qui

2310 3801 2399 3845 ex
2453 3779 2537 3846 iis
2583 3800 2687 3844 em
2744 3778 2941 3864 longe
2994 3779 3401 3845 uberrimum
3460 3788 3800 3864 quaestum
3847 3781 4071 3847 fecerit
4090 3778 4123 3842 *Ρ
4165 3778 4279 3863 qui

2309 3885 2676 3949 pauperum
2721 3864 3067 3949 pecuniam
3102 3866 3173 3930 in
3217 3866 3447 3950 epulis,
3492 3864 3667 3945 ludo,
3712 3866 3891 3945 iocis,
3936 3866 4278 3932 scortatio-

2312 3952 2508 4018 nibus
2567 3959 2703 4016 tam
2762 3950 3004 4017 multas
3061 3949 3480 4035 prodegerit?
3540 3952 3652 4035 qui
3688 3950 4067 4032 sacerdotia,
4110 3970 4277 4034 qnae

2313 4037 2476 4103 satis
2536 4036 2756 4120 ampla
2799 4045 2869 4102 et
2908 4038 3127 4121 opima
3180 4037 3480 4115 habebat,
3525 4037 3826 4120 pluribus
3871 4035 4276 4122 emptoribus

2313 4120 2542 4188 eadem
2586 4131 2765 4187 certo
2806 4123 3022 4206 pretio
3064 4121 3437 4188 addixerit?
3484 4143 3651 4206 quae
3698 4121 3834 4211 [fol.
3884 4128 3951 4201 7]
3995 4124 4052 4187 si
4077 4174 4092 4199 ,
4140 4142 4274 4186 non

2317 4207 2528 4274 dicam
2593 4228 2808 4274 novus
2867 4206 3302 4287 Christianus,
3359 4207 3475 4275 sed
3533 4210 3820 4292 antiquis
3836 4212 3898 4287 ⁴)
3953 4208 4271 4273 iuriscon-

2315 4293 2528 4360 sultus
2572 4314 2715 4361 esse
2755 4294 3086 4372 voluisset,
3132 4304 3321 4360 extra
3363 4297 3825 4360 commercium
3869 4303 3934 4360 et
3974 4294 4275 4358 licitatio-

2316 4400 2470 4445 nem
2514 4401 2656 4446 esse
2712 4380 3146 4464 cognovisset.
3236 4378 3569 4460 Quorsum
3627 4381 3828 4465 igitur
3869 4392 4056 4444 tanta
4098 4398 4275 4443 com-

2315 4467 2593 4530 mutatio
2614 4465 2647 4527 ⁴?
2736 4465 2834 4531 Ut
2885 4467 3197 4549 quoniam
3252 4465 3432 4531 Beza
3487 4466 3830 4549 plerosque
3883 4462 4271 4530 sacerdotio—

2315 4571 2466 4616 rum
2511 4551 2812 4618 censibus
2848 4549 3285 4634 adipiscendis
3325 4551 3697 4618 inhiaturos
3740 4548 4112 4629 confideret,
4150 4550 4273 4614 hac

2315 4636 2465 4702 illos
2508 4658 2625 4721 spe
2670 4637 2754 4703 ad
2798 4650 3056 4703 veteres
3106 4636 3370 4703 colonos
3407 4637 3488 4703 de
3531 4658 3649 4703 sua
3704 4634 3857 4702 sede
3907 4656 3981 4701 ac
4026 4655 4273 4719 posses-

2315 4723 2499 4789 sione
2556 4721 2997 4789 deturbandos
3041 4724 3448 4788 accenderet:
3498 4729 3575 4786 ut
3617 4723 3729 4805 qui
3769 4722 3937 4785 forte
3979 4719 4270 4786 Oalvini-

2313 4828 2460 4875 cam
2515 4819 2758 4875 sectam
2804 4830 2920 4892 per
2963 4829 3034 4874 se
3077 4830 3209 4873 non
3255 4808 3821 4892 amplecterentur,
3880 4827 4014 4889 spe,
4072 4827 4271 4890 quam

2434 5136 2445 5148 .
2520 5064 2782 5189 ἓζοῼυᾳά
2825 5080 3020 5120 nomen
3055 5065 3207 5119 Besa
3253 5065 3315 5118 ia
3356 5062 3475 5144 sauss
3509 5060 3850 5142 Iumflffius
3892 5061 4113 5144 paenae
4137 5077 4273 5117 suae

2315 5275 2476 5328 ⁶⁶⁶⁸·
2522 5273 2755 5412 43ng
2790 5272 3063 5409 ὲηξέζέη
