4900 6125
305 329 430 389 549

297 520 402 579 est
443 533 674 579 servus
717 513 1024 579 Domino.
1112 513 1420 581 Christus
1463 519 1688 579 autem
1747 513 1959 580 iustus
2003 532 2121 595 pro
2163 511 2265 577 in-

297 599 490 665 iustis
534 619 764 683 passus
809 609 928 665 est.
1019 597 1374 665 Caeterum
1428 597 1496 664 id
1602 619 1671 664 ro
1727 608 1905 665 certo
1959 596 2268 664 habetote

297 693 457 768 (quo
501 705 661 750 sane
704 685 844 750 loco
891 685 971 750 de
1014 684 1432 752 vindicandis
1490 685 1650 750 olim
1707 683 2001 750 hostibus
2060 705 2266 749 evan·

297 770 455 855 gelii
501 790 580 836 eo
637 769 969 837 lubentius
1028 772 1237 837 utitur
1280 770 1454 855 quod
1513 770 1766 836 nullam
1812 792 1954 837 rem
2011 777 2268 836 certum

298 867 403 921 est
445 856 527 922 ad
564 855 1035 922 consolandum
1070 858 1280 940 magis
1324 858 1654 923 efficacem
1690 856 1989 922 adhiberi
2027 858 2266 940 posse),

299 941 402 1020 id,
460 943 760 1026 inquam,
807 941 946 1008 fore
990 943 1299 1008 confidite
1344 951 1450 1020 ut,
1513 942 2065 1027 quemadmodum
2108 941 2266 1006 olim

297 1029 412 1111 qui
446 1029 902 1094 contumeliosi
938 1029 1202 1094 fuerant
1235 1032 1304 1093 in
1329 1028 1519 1094 Noah
1551 1050 1772 1094 arcam
1811 1028 2265 1104 adornantem,

297 1121 370 1178 et
430 1134 575 1179 eam
654 1124 917 1197 portum
986 1115 1258 1181 unicum
1335 1114 1823 1198 praedicantem
1851 1167 1866 1192 ,
1948 1113 2267 1180 suscitato

298 1198 588 1278 Christo,
635 1201 829 1285 vique
873 1202 1062 1285 regni
1107 1201 1247 1266 eius
1292 1199 1375 1265 ad
1421 1201 1667 1265 inferos
1711 1209 2073 1285 pervagata
2112 1219 2267 1282 poe·

297 1307 423 1350 nas
467 1286 916 1352 contumaciae
968 1307 1128 1351 suae
1173 1288 1496 1352 maximas
1541 1285 1892 1366 dederunt,
1955 1289 2049 1351 ita
2091 1306 2269 1350 nunc

297 1372 412 1454 qui
468 1393 589 1437 vos
645 1372 730 1438 ob
788 1371 1192 1438 simillimam
1257 1372 1815 1455 praedicationem
1874 1372 2067 1437 malis
2122 1371 2266 1435 affl-

295 1456 482 1523 ciunt
520 1457 694 1541 quod
740 1458 986 1524 scilicet
1021 1468 1216 1524 extra
1254 1459 1653 1541 baptismum
1694 1479 1924 1523 omnes
1961 1457 2267 1523 deletos·

294 1541 401 1620 iri,
445 1564 728 1627 eumque
771 1545 1043 1609 unicum
1088 1544 1320 1611 salutis
1357 1553 1623 1627 portum
1662 1543 2083 1627 profitemini,
2131 1562 2264 1607 non

293 1628 488 1694 aliter
524 1637 719 1714 atque
754 1649 976 1694 arcam
1011 1651 1203 1696 suam
1226 1630 1419 1696 Noah
1456 1628 1890 1715 praedicabat,
1916 1628 2265 1713 aliquando

293 1714 671 1781 rebellionis
729 1736 888 1781 suae
951 1735 1197 1800 poenas
1269 1717 1458 1782 luant
1521 1717 1734 1781 multo
1815 1715 2261 1800 gravissimas.

291 1799 391 1867 Ut
441 1810 508 1865 et
564 1801 938 1867 acutissime
998 1802 1446 1885 explanationi
1509 1811 1660 1867 tuae
1706 1800 2129 1885 respondeat,
2198 1809 2267 1865 et

293 1885 634 1972 integrum
678 1886 1164 1953 exhortationis
1223 1909 1489 1954 cursum
1550 1887 1759 1952 oratio
1816 1896 2263 1971 persequatur.

295 1969 492 2053 Quod
528 1973 646 2037 tibi
685 1993 805 2057 ego
841 1973 909 2037 in
944 1972 1068 2040 hoc
1092 1974 1481 2057 praesertim
1518 1971 1999 2056 interpretandi
2025 1992 2267 2056 genere

295 2058 728 2124 vehementer
769 2058 1035 2142 probari
1078 2059 1397 2144 intelligo.
1473 2058 1610 2126 Sed
1655 2080 1791 2124 non
1833 2059 2265 2135 committam,

293 2151 364 2209 te
399 2154 477 2209 ut
530 2144 603 2208 in
638 2143 1030 2227 explicanda
1076 2146 1334 2210 ratione
1378 2146 1745 2211 sententiae
1783 2166 1964 2209 meae
2001 2143 2265 2226 longius

291 2228 662 2312 detineam:
712 2231 821 2313 qui
859 2231 913 2296 si
952 2230 1373 2314 amplitudini
1411 2239 1562 2296 tuae
1598 2230 1912 2296 molestus
1954 2230 2086 2296 ista
2121 2249 2270 2294 mea

293 2314 795 2397 importunitate
860 2316 1080 2396 fuero,
1149 2337 1389 2400 quaeso
1437 2337 1477 2381 a
1535 2326 1599 2382 te
1660 2326 1736 2381 ut
1793 2318 1916 2381 hoc
1970 2316 2268 2399 priorum

295 2398 608 2467 delictum
644 2402 841 2466 venia
884 2400 1157 2486 dignum
1206 2423 1352 2468 esse
1396 2402 1794 2468 memineris.
1867 2402 2055 2467 Bene
2101 2400 2266 2478 vale,

295 2487 404 2551 vir
447 2486 842 2566 clarissime,
888 2487 1454 2571 praestantissime
1497 2489 1750 2554 Christi
1794 2488 2129 2565 minister,
2189 2507 2267 2552 ac

293 2580 487 2655 pater
528 2572 696 2637 mihi
738 2594 999 2657 semper
1042 2572 1468 2641 observande.
1544 2573 1874 2639 Dominus
1918 2580 1986 2637 te
2029 2572 2264 2655 spiritu

293 2678 416 2724 suo
457 2657 828 2743 gubernare
873 2668 1106 2744 pergat
1160 2667 1230 2724 et
1284 2659 1598 2726 ecclesiae
1650 2680 1810 2725 suae
1864 2657 2266 2724 incolumem

299 2742 668 2811 diutissime
711 2764 1123 2812 conservare.
1216 2745 1630 2812 Lausannae.
1660 2747 1711 2827 ¹)

1035 2882 1219 2948 Tuus
1262 2903 1346 2947 ex
1391 2882 1612 2947 animo
1654 2881 2091 2947 Hotomanus.

1087 3178 1118 3185 -
1163 3179 1332 3186 ,-,-,-,,
1347 3180 1478 3185 --..-—

1182 3428 1384 3501 4247.

661 3583 789 3650 DE
834 3584 962 3650 LA
1007 3583 1382 3650 PLAN'PE
1429 3584 1491 3649 A
1535 3582 1911 3650 OALVIN.

472 3754 547 3820 Il
588 3755 937 3822 mentionne
977 3775 1101 3821 une
1146 3756 1320 3822 lettre
1373 3756 1557 3822 ecrite
1595 3755 1959 3821 rboemwent
2001 3760 2062 3820 et
2099 3755 2269 3822 dans

285 3840 564 3923 laquelle
603 3841 659 3907 il
692 3844 918 3927 paruit
960 3842 1142 3907 avoir
1183 3841 1489 3907 demand&
1529 3842 1644 3908 des
1701 3842 2107 3908 instructions
2149 3861 2268 3908 sur

285 3926 364 3992 la
419 3926 691 3994 solution
732 3926 777 3991 ὰ
828 3928 1067 3993 donner
1107 3927 1152 3992 ὰ
1204 3947 1328 3993 une
1380 3926 1682 4009 difficultb
1732 3927 1993 3994 relative
2053 3926 2097 3992 ὰ
2153 3947 2266 3993 son

290 4014 759 4097 enseiynement.

284 4183 681 4254 (Antogr-pho
716 4184 786 4238 de
820 4184 875 4237 la
904 4183 1292 4255 Bibliotheqne
1326 4185 1396 4240 de
1434 4184 1656 4239 Geneve
1691 4183 1806 4240 MS.
1842 4184 1963 4252 109,
1996 4184 2089 4240 fol.
2116 4181 2266 4250 200.)

643 4356 708 4421 A
756 4354 1096 4422 Monsieur
1141 4355 1483 4423 Monsieur
1525 4354 1927 4441 Despeville.

1935 322 2728 393 SUPPLEMENTUM.

4225 333 4359 397 550

2330 505 2337 513 ’
2360 515 2581 598 jours,
2643 511 2950 578 toutefois
3000 514 3072 597 je
3117 516 3271 600 n’ay
3319 513 3517 580 voulu
3560 514 3765 580 faillir
3809 535 3849 580 a
3893 535 4061 580 vous
4104 517 4273 581 escri
4288 537 4367 580 rc

2369 620 2493 683 par
2534 620 2608 665 ce
2669 607 2939 682 present
2994 607 3265 681 porteur
3325 619 3566 683 pource
3609 622 3736 684 que
3779 622 3875 666 un
3918 621 4051 686 peu
4097 599 4368 667 devant

2369 706 2650 768 pasques
2707 706 2793 749 on
2852 683 3123 750 m’avoit
3187 685 3345 752 faict
3399 686 3716 770 quelques
3782 686 4136 752 difficultes
4195 708 4362 755 aus·

2369 769 2617 854 quellee
2661 768 2960 836 combien
2998 791 3122 853 que
3158 772 3383 855 jeusse
3421 772 3740 838 satisfaict
3776 772 3957 838 selon
3993 793 4152 837 mon
4187 793 4363 857 pou·

2369 856 2517 921 voir
2577 856 2914 921 toutesfois
2958 875 3044 920 on
3107 877 3192 921 na
3247 857 3445 923 laisss
3506 857 3588 922 de
3646 857 3743 923 les
3789 879 3895 923 me
3950 857 4191 924 refaire
4238 857 4361 924 de-

2368 944 2517 1025 puis
2578 963 2685 1006 ma
2745 939 3044 1006 derniere
3111 941 3306 1007 lettre
3367 965 3493 1025 que
3548 946 3619 1027 je
3676 964 3841 1009 vous
3901 964 3985 1029 ay
4032 965 4357 1028 envoyee.

2371 1029 2462 1093 Et
2506 1050 2545 1092 a
2589 1048 2783 1094 cause
2826 1027 2965 1110 quil
3009 1051 3055 1113 y
3100 1048 3140 1093 a
3182 1026 3297 1094 des
3353 1027 3704 1095 difficultes
3762 1051 3890 1113 que
3950 1050 4361 1113 moymesme

2359 1115 2431 1198 jc
2478 1124 2756 1179 nentcns
2800 1112 3079 1178 sachant
3121 1135 3246 1197 que
3291 1114 3336 1178 il
3383 1138 3429 1200 y
3466 1116 3648 1180 avoit
3690 1113 3956 1180 homme
3993 1115 4107 1198 qui
4150 1117 4361 1181 seroit

2371 1221 2411 1264 a
2454 1199 2521 1264 la
2566 1200 2953 1265 Pentecoste
3012 1198 3281 1281 pardela
3332 1202 3403 1284 je
3462 1202 3557 1265 les
3605 1222 3767 1267 vous
3811 1222 3895 1286 ay
3940 1201 4094 1267 bien
4154 1202 4358 1267 voulu

2369 1305 2668 1368 envoyer
2712 1287 2840 1349 afin
2880 1288 3073 1367 qu’en
3120 1297 3329 1370 ayant
3372 1295 3513 1350 este
3559 1287 3776 1352 resolu
3814 1288 3931 1370 jen
3969 1307 4205 1370 peusse
4253 1309 4359 1352 re·

2369 1371 2634 1436 souldre
2692 1370 2789 1436 les
2844 1378 3069 1435 autres
3127 1392 3250 1454 par
3308 1371 3375 1436 la
3420 1392 3735 1455 responce
3788 1393 3917 1455 que
3961 1394 4127 1438 vous
4174 1374 4358 1438 m‘en

2369 1457 2630 1540 pouriez
2688 1457 2854 1521 faire
2898 1477 3018 1540 par
3057 1457 3152 1522 les
3213 1458 3534 1540 premiers
3578 1459 3690 1541 qui
3736 1456 4159 1524 viendroient
4202 1478 4362 1540 par-

2370 1542 2547 1608 deca.
2636 1540 2738 1607 Or
2794 1541 3142 1607 Monsieur
3191 1545 3313 1627 jay
3356 1544 3602 1610 conche
3661 1565 3746 1608 cn
3808 1544 3997 1609 haste
4056 1543 4123 1609 la
4182 1543 4359 1610 diffi-

2368 1628 2564 1693 culte.
2656 1626 2757 1694 Sil
2804 1648 2965 1693 vous
3020 1627 3290 1711 plaisoit
3333 1629 3616 1712 prendre
3663 1630 3729 1694 la
3775 1630 3969 1713 peine
4015 1628 4097 1695 de
4159 1631 4360 1696 satis-

2367 1713 2535 1778 faire
2572 1735 2613 1777 a
2646 1712 2899 1780 chacun
2938 1716 3126 1796 point
3159 1730 3227 1780 et
3263 1714 3666 1797 amplement
3700 1716 3915 1781 oultre
3951 1715 4019 1781 la
4055 1714 4359 1782 doctrine

2370 1820 2497 1883 que
2550 1801 2667 1884 joy
2728 1800 3027 1881 pourrois
3095 1800 3424 1865 recueillir
3478 1802 3535 1884 jl
3597 1824 3643 1886 y
3703 1801 3919 1866 auroit
3977 1798 4356 1867 edification

2367 1905 2537 1968 pour
2583 1907 2673 1949 un
2718 1885 2994 1952 chacun.
3086 1885 3477 1970 Cependant
3523 1885 3865 1952 Monsieur
3913 1889 3984 1971 je
4043 1907 4126 1951 ne
4184 1907 4352 1953 vous

2369 1991 2548 2036 veux
2594 1970 2795 2035 faillir
2852 1993 2892 2036 a
2934 1992 3101 2036 vous
3156 1972 3441 2038 certifier
3484 1994 3614 2055 que
3660 1994 3733 2039 ce
3780 1992 3910 2056 que
3948 1975 4016 2056 je
4055 1994 4219 2038 vous
4268 1994 4352 2039 en

2369 2057 2617 2140 escrips
2661 2067 2799 2122 cest
2856 2056 3223 2122 seulement
3278 2078 3442 2141 pour
3494 2079 3576 2142 ap
3628 2057 3865 2124 rendre
3909 2078 4357 2142 moymesmes

2369 2151 2438 2208 et
2493 2163 2663 2226 pour
2705 2144 3044 2227 recepvoir
3102 2143 3496 2210 instruction
3556 2079 3637 2209 dte
3696 2165 3864 2210 ceux
3923 2143 4227 2227 desquels
4279 2147 4352 2228 je

2368 2227 2435 2293 la
2480 2248 2653 2312 puys
2697 2231 3056 2311 recepvoir.
3130 2227 3207 2295 Si
3239 2232 3486 2313 j'eusse
3531 2251 3657 2313 peu
3702 2251 3809 2294 me
3854 2229 4182 2296 satisfaire
4228 2251 4353 2313 par

2370 2313 2651 2397 quelque
2710 2315 2928 2379 moien
2985 2316 3056 2398 je
3099 2336 3183 2380 ne
3243 2336 3407 2380 vous
3465 2337 3656 2381 eusse
3715 2314 3935 2380 donne
4000 2314 4068 2380 la
4132 2317 4349 2399 peine.

2374 2399 2549 2465 Mais
2593 2409 2812 2465 estant
2854 2400 2914 2466 ic
3008 2409 3154 2465 tout
3196 2401 3358 2478 seul,
3404 2402 3637 2467 naiant
3678 2421 3937 2467 aucune
3981 2402 4351 2466 communi-

2372 2485 2611 2562 cation,
2648 2487 2719 2570 je
2755 2507 2888 2571 nay
2938 2486 3069 2553 aict
3091 2485 3410 2552 difficulte
3438 2485 3518 2552 de
3539 2508 3707 2553 vous
3745 2488 4033 2570 escripre
4068 2487 4352 2553 sachant

2372 2592 2499 2721 que
2555 2592 2722 2636 vous
2775 2592 2861 2636 ne
2918 2571 2980 2636 le
3039 2579 3385 2638 trouvercz
3440 2573 3762 2638 mauvais.
3851 2571 3989 2654 Qui
4049 2593 4199 2640 sera
4255 2574 4348 2638 fin

2419 2679 2454 2722 e
2499 2656 2696 2721 lettre
2739 2678 2931 2740 apres
2967 2677 3127 2724 vous
3166 2660 3354 2724 avoir
3389 2667 3692 2742 presente
3727 2679 3867 2724 mes
3904 2657 4352 2724 treshumbles

2372 2743 3013 2809 recommandations
3069 2764 3109 2807 a
3164 2752 3385 2809 vostre
3446 2743 3660 2810 bonne
3716 2765 3912 2829 grace
3969 2754 4038 2810 et
4095 2745 4351 2810 bonnes

2373 2831 2640 2912 prietes.
2713 2826 3077 2912 Suppliant
3113 2829 3179 2895 le
3217 2828 3549 2915 Seigneur
3592 2851 3759 2896 vous
3804 2829 4162 2895 maintenir
4204 2830 4351 2896 lon-

2373 2923 2685 2999 guement
2728 2935 2814 2979 en
2858 2934 2980 2980 son
3025 2935 3292 2982 oeuvre.
3383 2916 3650 2999 Escript
3691 2937 3767 2982 ce
3810 2915 3997 2983 xviii.
4044 2914 4229 3001 May.

2615 3052 2718 3118 Le
2761 3058 2907 3119 tout
2950 3060 3175 3120 vostre
3220 3051 3488 3120 humble
3532 3063 3601 3119 et
3642 3052 3977 3120 obeissant
4020 3052 4355 3120 servitem·

3081 3138 3328 3205 Aurele
3373 3138 3455 3205 de
3498 3139 3567 3205 la
3607 3140 3865 3206 Plauto.

3258 3683 3459 3753 4248.

2754 3839 2883 3905 DE
2930 3840 3059 3905 LA
3100 3838 3478 3905 PLAN'I'E
3524 3835 3978 3905 OALVINO.

2551 4011 2844 4094 Quaestio
2887 4011 2976 4077 ad
3029 4012 3441 4094 disciplinam
3483 4008 3985 4076 ecclesiasticam
4033 3993 4401 4083 pedm

2369 4103 2680 4182 quatenus
2722 4097 2905 4163 liceat
2941 4098 3151 4163 sacr-is
3179 4096 3532 4179 papi-dicis
3577 4092 4066 4161 communicare.
4096 4086 4151 4158 ¹)

2683 4268 2799 4333 (Ex
2835 4267 3177 4338 autographo
3212 4267 3344 4322 Ood.
3383 4266 3605 4320 Genev.
3628 4262 3761 4329 109,
3797 4263 3894 4316 sol.
3926 4255 4079 4319 201.)

2547 4439 2683 4521 Qui
2729 4441 2932 4506 sacris
2989 4436 3397 4523 papistarum
3448 4434 3971 4501 communicant
4024 4420 4319 4488 factum
4382 4394 4472 4451 οῗ·

2370 4525 2752 4610 exemplum
2798 4524 3244 4610 apostolorum
3291 4533 3362 4588 et
3402 4519 3626 4586 Pauli
3677 4518 4107 4600 praetexunt.
4189 4492 4499 4625 Aom-

2369 4612 2655 4677 tolorum
2697 4613 2810 4694 qui
2870 4613 2942 4675 in
3001 4609 3321 4691 templum
3385 4607 3770 4671 intrarunt
3827 4600 3911 4666 ad
3955 4598 4207 4661 horam
4382 4637 4405 4651 ·

2370 4699 2571 4764 tionis
2615 4705 2684 4762 et
2725 4705 2833 4773 (ut
2874 4693 3230 4762 verisimile
3275 4700 3415 4771 eet)
3486 4698 3575 4754 ut
3641 4695 3949 4752 orarent.
4036 4676 4191 4743 Neo
4253 4654 4441 4716 ⁰⁰¹¹
4492 4722 4533 4770 t·

2368 4783 2625 4850 Paulus
2690 4780 3080 4847 detrectavit
3158 4774 3501 4860 templum
3592 4770 3887 4856 ingredi
3952 4776 4030 4863 ut
4104 4734 4541 4890 αᾶὅῑὴβῐῇνῖ

2368 4869 2547 4955 (Act.
2576 4873 2659 4932 24
2694 4889 2867 4934 vers.
2903 4866 3027 4946 ll),
3065 4862 3382 4947 quamvis
3436 4858 3737 4922 iustum
3780 4858 4147 4948 divortium
4244 4893 4559 4965 ‘stum

2369 4955 2573 5021 tianis
2643 4974 2787 5019 esse
2854 4950 3186 5017 debuisset
3267 4964 3433 5011 cum
3514 4941 3831 5006 Iudaeis
3894 4956 4004 5019 qm
4188 4929 4277 4979 Γ*

293 4528 409 4594 La
464 4547 659 4611 grace
715 4526 798 4592 de
856 4535 1079 4593 nostre
1123 4526 1456 4611 Seigneur
1505 4524 1696 4591 Iesus
1751 4527 1879 4592 soit
1934 4548 2050 4593 sur
2106 4548 2269 4594 vous

358 4611 859 4679 eternellement
892 4633 1012 4697 par
1046 4615 1115 4679 la
1147 4612 1696 4680 communication
1736 4611 1824 4677 du
1862 4611 1933 4679 S.
1957 4614 2206 4697 Esprit.

475 4784 845 4861 Monsieur,
907 4785 1206 4851 combien
1249 4805 1376 4869 que
1424 4786 1583 4869 jaye
1627 4782 1824 4850 baille
1865 4806 1960 4850 un
2002 4793 2143 4850 mot
2188 4784 2270 4850 de

295 4870 497 4936 lettre
538 4889 704 4953 pour
745 4889 914 4936 vous
958 4878 1319 4954 presentet,
1362 4893 1408 4954 y
1444 4891 1486 4935 a
1527 4868 1805 4936 environ
1847 4870 1999 4955 cinq
2033 4892 2119 4937 ou
2162 4871 2268 4937 six

291 5110 502 5165 4246.
520 5110 579 5177 1)
613 5110 955 5164 Lousonna
987 5108 1211 5179 defleba!
1231 5108 1619 5165 Hotomanus
1652 5112 1724 5167 ab
1758 5128 1811 5166 u.
1843 5108 1979 5164 1547
2006 5111 2085 5167 ad
2112 5111 2264 5166 1565.

299 5179 516 5235 Eodem
560 5186 796 5248 tempore
830 5177 1039 5234 Frane.
1079 5178 1401 5247 Bourqoina
1441 5178 1694 5235 Genavae
1725 5180 2031 5237 ministerio
2074 5182 2267 5253 ᾐωρε-

293 5249 482 5305 batur.
553 5247 945 5304 Pluuiacensis
978 5262 1188 5319 quoque
1221 5248 1445 5317 saepius
1479 5255 1611 5305 tunc
1642 5250 1925 5307 laudatur.

2364 5178 2563 5233 4248·
2584 5176 2643 5241 1)
2685 5176 2820 5232 Nisi
2850 5173 3105 5239 fallimur
3136 5168 3274 5224 haec
3308 5165 3423 5220 illa
3462 5166 3561 5215 ost
3614 5158 3889 5227 epistola
3922 5153 3991 5207 de
4022 5159 4133 5217 qua
4168 5118 4452 5193 autor
4502 5103 4595 5147 ⁸⁸⁸

2365 5246 2731 5319 praecedenti.
3911 5299 4025 5357 35·
