4900 6125
293 428 398 495 437

293 615 569 683 salutant.
679 611 1004 680 Dominus
1061 612 1181 680 tibi
1247 633 1507 699 semper
1569 613 1742 682 adsit
1756 666 1774 696 ‚
1840 615 2087 682 virtute
2152 621 2222 681 et

290 699 631 769 constantia
649 699 976 767 sustineat
1015 707 1085 765 et
1117 698 1372 768 labores
1412 707 1563 767 tuos
1597 700 1954 769 benedicat.
2021 701 2221 787 Sym-

288 793 552 951 1:3qu-
562 794 986 937 ςίιὲἓίιῗοιὲιὲεέ
991 785 1291 937 ‘multam
1335 785 1614 853 salutem
1657 807 1906 871 precor.
1996 787 2221 854 Gene-

1178 1009 1465 1077 Ioannes
1509 1009 1832 1078 Calvinus
1871 1017 2044 1081 tuus.

1138 1656 1342 1727 ³8⁰4.

537 1827 894 1895 CALVIN
936 1832 998 1895 A
1043 1830 1137 1895 M.
1183 1829 1312 1895 DE
1357 1827 1854 1897 DIESBAOH.
1891 1834 1941 1908 ¹)

433 1999 699 2067 Seno-ars
737 2000 1076 2067 militaires
1118 2000 1162 2065 ὰ
1203 2021 1464 2086 envoyer
1502 2002 1544 2067 ὁ
1589 2000 1783 2086 Lyon.

272 2168 541 2241 (Ongmal.
579 2169 1477 2310 Signaturgwau'troigrtduplggblfrlcvh.
1505 2172 1829 2310 2‹210433121-ne.
1881 2172 2096 2227 Bonnet
2143 2171 2216 2226 11.

444 2410 863 2477 'Preshouore
944 2411 1256 2495 seigneur
1281 2463 1296 2489 ,
1465 2433 1547 2477 ur
1618 2432 1693 2478 ce
1756 2416 1954 2496 qu’au
2033 2414 2218 2497 jour-

273 2493 439 2581 dhuy
473 2498 619 2580 j’ay
662 2516 746 2562 eu
791 2517 922 2563 une
962 2496 1314 2583 rescharge
1357 2432 1464 2564 dpu)
1489 2506 1669 2564 coste
1711 2496 1794 2563 de
1836 2497 2009 2564 Lion
2052 2516 2220 2581 pour

271 2579 574 2649 solliciter
615 2602 742 2666 que
784 2582 847 2648 le
879 2602 1142 2649 secours
1177 2603 1248 2649 se
1284 2582 1489 2662 haste,
1526 2585 1670 2668 j’ay
1710 2583 1853 2667 prie
1886 2582 1948 2649 le
1983 2582 2220 2668 gentil-

273 2666 520 2733 homme
579 2675 847 2750 present
898 2677 1168 2751 porteur
1215 2667 1297 2735 de
1349 2677 1610 2734 monter
1657 2667 2071 2735 incontinent
2132 2688 2219 2734 en

270 2761 456 2835 poste,
511 2757 650 2820 afin
706 2773 835 2837 que
890 2753 995 2821 s’il
1050 2765 1153 2820 est
1194 2753 1477 2837 possible
1530 2753 1627 2820 les
1714 2775 1834 2821 ens
1876 2754 2222 2821 marchent

269 2839 688 2917 incontinent,
744 2859 857 2905 car
912 2839 1232 2906 d'aultant
1285 2860 1412 2923 que
1463 2840 1532 2906 la
1571 2838 1734 2906 vile
1776 2838 1857 2905 de
1902 2839 2076 2906 Lien
2119 2847 2223 2905 est

269 2921 712 3009 despourveue
765 2924 847 2992 de
892 2926 1068 2991 force
1127 2924 1222 2991 les
1275 2946 1595 3011 ennemys
1649 2924 2136 2991 s’enhardiront
2177 2931 2220 2991 a

267 3016 354 3095 θ’]
387 3014 620 3097 jecter.
707 3012 796 3078 Δί
966 3009 1013 3076 il
1048 3009 1218 3077 fault
1248 3012 1563 3096 prevenir
1605 3009 1687 3077 de
1730 3012 1946 3078 bonne
1989 3010 2216 3090 heure,

260 3097 454 3181 joinot
503 3117 709 3182 aussy
752 3097 880 3181 qu''
953 3120 1001 3181 y
1042 3098 1258 3163 auroit
1309 3096 1558 3182 danger
1600 3118 1726 3182 que
1769 3097 1865 3165 les
1901 3116 2219 3182 passages

266 3180 338 3249 de
378 3181 624 3252 Savoie
682 3204 766 3249 ne
806 3182 1068 3249 fussent
1108 3183 1365 3262 formes,
1421 3203 1535 3249 car
1575 3183 1688 3249 lon
1730 3204 1773 3247 a
1814 3181 2217 3261 descouvert‚

265 3268 568 3352 quelques
627 3268 829 3336 belles
892 3269 1358 3353 protestatione
1419 3288 1546 3351 que
1611 3269 1749 3334 face
1802 3267 2129 3347 l'Altesse‚
2159 3269 2217 3345 ²)

264 3353 407 3436 qu’il
447 3354 731 3439 pretend
775 3354 857 3420 de
893 3376 964 3421 se
1001 3353 1261 3436 joindre
1300 3373 1459 3421 avec
1493 3374 1613 3421 uos
1647 3374 1983 3438 ennemys.
2051 3353 2216 3419 Par·

263 3459 422 3525 quoy
479 3443 552 3526 je
619 3461 787 3506 vous
850 3442 1010 3523 prie,
1075 3438 1255 3506 selon
1322 3440 1387 3505 la
1450 3438 1668 3506 bonne
1723 3439 2026 3506 affection
2090 3459 2218 3522 que

262 3762 666 3829 8804.1)Au
701 3763 802 3818 dos
837 3762 916 3818 du
954 3763 1082 3818 MS.
1115 3764 1396 3820 Dicebaclo
1430 3770 1510 3819 eet
1541 3763 1751 3819 nomme
1786 3763 1941 3820 baius·
1973 3762 2215 3817 &Lau-

263 3847 443 3899 nm,
492 3848 554 3890 ce
602 3836 700 3903 qui
742 3831 1120 3889 ncs'accorde
1158 3829 2219 3904 pasamlanotioeaessuchatvl.

262 3900 358 3955 450
389 3905 668 4026 gaigrot
700 3907 832 3957 cette
862 3900 1066 3972 e'poquo
1098 3902 1226 3956 ind·
1347 3901 1678 3956 Peter-mann
1712 3899 2219 3983 a’Eu-laphssomm

262 3970 419 4025 baffi.
614 3967 781 4025 ncne
825 3977 1023 4025 mm
1056 3970 1148 4025 vl.
1256 3970 1285 4022 1
1322 3968 1427 4023 dot.
1503 3970 1776 4039 Quelques
1809 3976 2108 4039 cspntsines
2141 3968 2215 4022 du

263 4037 444 4094 vani·
479 4044 579 4110 qui
613 4042 834 4093 avoieut
867 4039 937 4094 de
972 4040 1207 4109 l'emploi
1243 4039 1278 4092 a
1299 4039 1456 4108 Lyon
1504 4039 1690 4092 furent
1734 4037 1959 4109 charges
1978 4038 2064 4117 ⁵de
2098 4038 2218 4091 leur

262 4122 515 4175 procurer
564 4108 834 4178 quelques
882 4109 1167 4177 enseigues
1212 4107 1281 4160 de
1318 4107 1548 4161 Suisses.
1619 4107 1693 4160 Ile
1738 4107 1923 4161 furent
1967 4124 2003 4159 a
2035 4107 2215 4161 Berue

261 4182 314 4228 ct
345 4177 594 4246 prierent
625 4177 736 4231 LL.
757 4177 870 4231 BE.
891 4177 960 4230 de
993 4177 1115 4230 leur
1149 4176 1406 4231 socorder
1441 4177 1493 4229 le
1527 4192 1754 4245 passage
1790 4193 1888 4245 par
1921 4176 2068 4229 leurs
2105 4182 2216 4227 ter-

261 4261 342 4298 res
374 4262 436 4299 cc
482 4247 580 4316 qui
635 4246 755 4299 leur
798 4246 882 4299 fut
916 4245 1157 4299 accorde.
1231 4245 1312 4299 En
1357 4246 1533 4297 meme
1567 4252 1678 4298 tem
1781 4260 1916 4297 ceux
1952 4244 2022 4297 de
2057 4242 2103 4297 L
2144 4260 2215 4297 on

261 4315 598 4384 envoyerent
646 4332 719 4367 un
764 4313 966 4383 deputo?
1012 4314 1046 4366 a
1081 4315 1263 4368 Berne
1384 4331 1451 4366 ur
1500 4314 1651 4383 prier
1783 4352 1794 4363 .
1833 4313 1947 4367 EE.
1991 4312 2061 4365 de
2117 4328 2217 4365 eur

261 4384 511 4437 necorder
547 4384 814 4453 quelques
846 4391 1088 4452 troupcs.
1151 4382 1262 4437 121„
1350 4382 1413 4435 Β.
1520 4380 1859 4451 euvoyerent
1891 4382 1942 4434 le
1982 4379 2062 4434 16.
2091 4380 2215 4449 juin

257 4448 550 4521 Gh‘ntcphe
583 4451 654 4506 <le
689 4451 958 4505 Diesbach
993 4467 1128 4504 avec
1161 4450 1324 4505 ordre
1356 4449 1407 4503 d’
1484 4466 1546 4504 er
1578 4454 1801 4504 trouver
1834 4451 1887 4503 le
1922 4450 2112 4516 prinoe
2147 4449 2218 4503 de

259 4517 431 4575 Cende
466 4528 527 4574 et
544 4520 616 4573 de
635 4520 712 4573 lui
732 4519 867 4573 faire
884 4520 1030 4574 leurs
1047 4535 1269 4574 excuses
1294 4536 1360 4572 eu
1391 4520 1464 4571 lui
1488 4519 1870 4588 representsnt
1902 4517 1983 4571 les
2005 4517 2217 4572 raisons

259 4585 410 4655 qu'ou
444 4591 600 4643 avoit
631 4604 761 4642 eues
795 4587 956 4642 delui
974 4588 1182 4641 refnser
1215 4587 1312 4641 des
1345 4603 1576 4642 secours.
1619 4586 1888 4641 Diesbach
1921 4586 1957 4640 a
1980 4585 2133 4656 Lyon
2155 4586 2219 4639 fit

259 4671 325 4709 uu
357 4659 524 4711 truite
562 4673 696 4711 avec
729 4660 808 4710 les
844 4656 1251 4711 commendante
1285 4673 1426 4727 pour
1460 4657 1612 4709 lever
1632 4657 1894 4737 quelques
1930 4656 2215 4725 enseignes

261 4741 324 4778 ⁸¹¹
357 4743 448 4807 '³⁸'
487 4743 597 4803 ‘¹¹¹⁹
631 4726 741 4779 ¹⁴¹²·
775 4724 889 4818 Ψ·
928 4722 2053 4848 ¹23⁶52⁰3222¹22095122233¹20¹5113ffl
2078 4740 2215 4847 ἓξὲξ

260 4801 703 4981 ἲξῖοἷζιῗνῶ
729 4811 977 4918 qtffsvgr
1027 4862 1158 4918 hors
1204 4862 1273 4944 de
1307 4812 1462 4943 ,leus-'s
1506 4834 1698 4916 terres.
1770 4860 2096 4928 christophe
2143 4861 2213 4914 (le

262 4931 728 5056 &apffi‘tbzffi
761 4930 1469 5055 '353323‘31323‘13'123122
1496 4947 1584 5053 ⁸3:
1657 4929 2214 5054 f‘zssssdzssssffi

261 5065 374 5121 leur
417 5070 650 5125 colonel.
705 5096 770 5107 -·
827 5069 978 5124 Hm.
1022 5068 1152 5149 eccl·
1188 5068 1289 5123 ΠΙ.
1332 5066 1463 5122 225:
1547 5067 1696 5122 Oeux
1737 5068 1808 5122 <le
1853 5068 2005 5138 Lyou
2052 5067 2215 5122 flrent

262 5144 378 5190 tunt
429 5138 566 5208 qn'il
585 5206 598 5219 ⁸
628 5139 744 5191 leur
796 5139 881 5193 sut
930 5137 1154 5192 necorde
1218 5138 1341 5192 huit
1392 5138 1676 5207 enseignes
1733 5137 1803 5191 <le
1853 5137 1910 5192 ln
1958 5137 2088 5217 ville
2139 5137 2210 5191 de

263 5203 453 5281 Bel-ne,
485 5214 628 5260 trois
662 5206 729 5261 de
767 5206 1113 5260 Neufcbastel
1152 5214 1209 5260 et
1253 5211 1445 5275 quatre
1480 5206 1577 5260 des
1614 5206 1898 5271 valeanus,
1938 5205 2139 5261 feisans
2174 5204 2209 5259 5

263 5290 292 5325 ⁸
323 5271 756 5409 msslfofflzic
789 5343 858 5397 (le
895 5343 1103 5399 Sevoie.

2059 429 2223 493 1562
2263 425 2448 496 IU'N.

4155 429 4288 495 438

2322 634 2494 681 vous
2537 615 2738 693 aviez,
2782 613 3148 682 d'adresser
3189 614 3252 682 le
3286 614 3422 682 dict
3454 623 3725 700 porteur
3756 622 3826 682 et
3865 615 3983 702 luy
4028 614 4291 683 donner

2320 699 2568 768 conseil
2611 698 2694 766 de
2735 719 2812 768 ce
2844 700 3003 785 qu’il
3044 720 3210 767 aura
3252 701 3497 768 affaire.

2496 786 2631 854 Sur
2681 807 2855 872 quoy
2873 837 2888 864 ,
2945 786 3331 853 treshonore
3383 788 3710 873 seigneur,
3771 808 3961 873 apres
4015 790 4287 855 m’estre

2321 871 2780 940 humblement
2826 872 3285 939 recommendo
3338 879 3381 939 a
3432 881 3651 942 vostre
3706 874 3920 940 bonne
3960 891 4175 959 grace,
4211 875 4283 959 je

2322 957 2705 1044 supplieray
2746 966 2970 1025 nostre
3013 957 3143 1025 bon
3176 956 3352 1025 Dieu
3391 979 3559 1026 vous
3593 959 3778 1026 avoir
3814 979 3899 1025 en
3943 980 4019 1026 sa
4060 958 4282 1045 garde,

2323 1050 2391 1110 et
2443 1065 2608 1112 vous
2649 1043 2998 1111 acoroistre
3054 1065 3140 1111 en
3197 1052 3344 1111 tout
3384 1045 3535 1112 bien
3593 1052 3664 1112 et
3704 1045 4085 1131 prosperite.
4174 1043 4285 1112 De

2324 1128 2646 1209 Genefve,
2691 1149 2765 1198 00
2814 1134 2910 1196 13.
2956 1128 3038 1196 de
3070 1129 3267 1216 Juing
3314 1133 3499 1197 1662.

2491 1267 2736 1335 Vostre
2779 1266 3103 1335 serviteur
3145 1275 3215 1333 et
3256 1265 3526 1338 humble
3569 1267 3762 1348 frere,

3583 1354 3633 1421 J
3631 1353 3805 1420 chan
3850 1352 4108 1423 Oalvin.

3178 1930 3379 2002 88⁰5.

3085 2093 3510 2152 RELIGIONIS

2877 2189 2998 2255 ΕΤ
3037 2185 3326 2255 REGIS
3372 2186 3729 2254 ADVER-

2669 2295 2782 2341 sus
2825 2274 3136 2341 exitiosas
3179 2272 3466 2352 Caluini,
3509 2273 3744 2354 Bezae,
3789 2283 3857 2339 et
3900 2272 4024 2340 Ot-

2771 2360 3022 2427 tomaui
3061 2360 3548 2427 coniuratorum
3592 2359 3822 2427 factio-

2937 2467 3054 2512 nes
3095 2443 3389 2512 defensio
3430 2445 3666 2529 prima,

2692 2564 2789 2621 Aa
2823 2564 3082 2621 snau-
3113 2565 3478 2634 popamque
3512 2562 3901 2620 Parium.

3094 2801 3507 2872 PARISHS

2324 3250 2719 3317 (Describimus
2752 3251 2897 3305 hunc
2931 3250 3267 3305 rarissimum
3301 3248 3549 3304 libellum
3584 3265 3653 3304 ex
3672 3249 4008 3304 bibliotheca
4040 3250 4144 3305 coll

2322 3319 2501 3374 nostri
2546 3319 2847 3374 doctissimi
2880 3317 3061 3374 Caroli
3095 3318 3401 3373 Schmidtii.
3470 3318 3628 3373 Folio
3669 3319 3821 3373 tituli
3854 3335 4017 3374 verso
4050 3319 4280 3403 inconp-

2319 3394 2437 3442 tum
2472 3394 2560 3442 est
2580 3387 2732 3444 Theo
2859 3405 2981 3443 rum
3015 3403 3244 3443 censura
3276 3403 3399 3442 cum
3428 3387 3593 3456 privil
3666 3387 3717 3442 'o
3738 3387 3852 3441 dut.
3873 3387 4127 3443 Lutetiae
4161 3390 4277 3444 xiii.

2319 3456 2460 3511 Inuii
2496 3456 2573 3512 M.
2607 3457 2675 3513 D.
2865 3497 2878 3510 .
2962 3456 3118 3579 Sunsst²
3136 3473 3173 3526 p
3274 3524 3312 3578 li
3422 3472 3520 3591 κοΐ
3555 3455 3631 3510 Δ·
3683 3494 3716 3521 .,
3751 3472 4110 3526 unaquaeque
4146 3475 4280 3530 quu-

3118 3539 3184 3580 or
3238 3539 3272 3580 o
3314 3539 3490 3580 orum.

2317 3694 2600 3763 Senatui
2663 3695 3031 3780 populoque
3084 3695 3474 3775 Parisiensi,
3535 3694 3958 3767 Christianae
4015 3697 4279 3781 pietatis

2318 3791 2385 3848 et
2438 3781 2688 3866 Regiae
2754 3781 3116 3848 maiestatis
3180 3781 3501 3847 acerrimo
3555 3779 4061 3865 fidelissimoque
4126 3804 4279 3867 pro·

2912 3866 3270 3951 pugnatori
3304 3867 3569 3933 Author
3610 3865 3683 3934 S.

2491 4036 2665 4104 Oum
2718 4036 3043 4122 permulta
3096 4046 3356 4104 vestrae
3413 4037 3698 4103 civitatis
3749 4038 3821 4104 in
3863 4039 4084 4124 Reges
4127 4060 4279 4106 suos

2317 4122 2920 4190 christianissimos
2989 4125 3169 4188 omni
3249 4130 3543 4205 tempore
3612 4123 3828 4191 officia
3892 4126 4277 4205 extiterunt,

2316 4217 2462 4275 tum
2506 4207 2630 4275 hoc
2675 4228 2884 4274 unum
2930 4207 3035 4274 vel
3068 4209 3432 4277 maximum
3473 4210 3617 4289 erit,
3652 4211 4072 4294 omniumque
4116 4231 4277 4295 gen·

2316 4296 2484 4360 tium
2526 4294 2735 4360 literis
2777 4302 2972 4378 atque
3014 4292 3254 4380 linguis
3297 4290 3749 4372 celebrabitur,
3795 4293 3967 4379 quod
4010 4295 4278 4380 pestife-

2314 4382 2408 4445 ris
2496 4379 2965 4447 nonnullorum
3053 4379 3592 4446 Catilinariorum
3678 4379 4075 4448 factionibus
4100 4432 4117 4459 ‚
4203 4382 4276 4447 in

2317 4466 2592 4533 huiusce
2644 4467 2833 4550 regni
2891 4466 3368 4543 florentissimi,
3432 4465 3769 4551 Regisque
3827 4488 3866 4531 a
4038 4467 4275 4534 tissinn

2316 4552 2589 4618 exitium
2656 4560 2723 4617 et
2796 4560 3048 4636 pestem
3120 4552 3535 4634 comparatis,
3599 4487 4274 4703 summaufiffigentia,

2314 4638 2570 4722 opibus,
2630 4637 3004 4720 viribusque
3061 4637 3322 4703 fortiter
3385 4636 3750 4704 obstitistis.
3860 4635 4012 4719 Quo
4122 4659 4276 4704 cum

2315 4725 2520 4790 nostri
2579 4723 2909 4807 principes
2964 4723 3233 4807 optimi,
3293 4732 3696 4806 cunctaeque
3753 4722 4055 4789 nationes
4117 4724 4275 4789 huic

2313 4830 2521 4894 regno
2564 4810 2796 4888 sociae,
2839 4819 2907 4875 et
2949 4808 3312 4875 inviolabili
3355 4816 3747 4891 aeternoque
3790 4809 3969 4892 pacis
4012 4808 4273 4876 foedere

2313 4896 2698 4962 coniunctae
2774 4894 2905 4960 iam
2988 4894 3140 4960 inde
3219 4893 3600 4980 intelligant
3624 4945 3638 4971 ,
3718 4901 3864 4959 tum
3927 4915 4086 4961 vero
4150 4916 4271 4961 rex

2310 4979 2933 5059 Christianissimus,
2969 4980 3084 5047 ubi
3119 4979 3203 5046 ad
3236 4980 3436 5047 robur
3470 4980 3700 5045 aetatis
3735 4978 4092 5064 iudiciique
4124 5001 4272 5064 per-

2310 5067 2586 5145 venerit,
2631 5086 2820 5134 suam
2861 5065 3249 5152 dignitatem
3291 5087 3451 5132 suae
3485 5064 3793 5131 Lutetiae
3838 5066 4168 5133 beneficiis
4204 5074 4271 5133 et

2309 5152 2547 5219 studiis
2589 5150 2714 5218 sibi
2771 5162 3221 5220 conservatam
3279 5174 3356 5219 ac
3399 5152 3781 5217 restitutam
3824 5159 4152 5236 agnoscet,
4196 5153 4269 5218 in

2309 5259 2514 5323 eaque
2557 5237 2703 5316 sibi,
2746 5246 2816 5304 et
2858 5237 3146 5324 Reginae
3189 5238 3405 5316 matri,
3450 5237 3752 5321 Regique
3796 5237 4154 5317 Navarrae,
4193 5259 4268 5307 ac

2310 5324 2586 5391 caeteris
2638 5322 3011 5407 proceribus
3051 5324 3318 5390 unicum
3362 5322 3741 5408 perfugium
3783 5324 4271 5392 firmissimum-
