4900 6125
323 390 441 455 169

317 579 703 649 Clarissimo
767 602 843 649 ac
907 580 1280 649 doctissimo
1339 581 1482 648 viro
1544 581 1630 646 D.
1701 579 1938 647 Ioanni
1994 579 2275 649 Oalvino

316 666 628 734 ccclesiae
701 665 1113 734 Genevensis
1190 666 1698 753 vigilantissimo
1762 673 1833 732 et
1894 665 2275 734 fidelissimo

596 753 847 837 pastori
892 752 1154 821 domino
1191 762 1259 819 et
1293 752 1483 819 fratri
1515 750 1994 819 colendissimo.

355 1009 372 1025 .
487 922 562 991 S.
607 924 678 990 in
720 924 1029 1026 Domino.
1081 924 1382 1025 ‚Gratias
1425 924 1683 1009 agimus
1726 923 1868 1025 tihi,
1912 923 2275 1025 clarissime

308 1030 725 1180 {was
761 1016 1376 1164 mamm*
1396 1008 2276 1196 &mmmm

308 1179 619 1249 &amri
658 1181 944 1265 querelis
987 1182 1069 1281 de
1111 1182 1298 1249 nobis
1342 1201 1464 1247 nec
1504 1200 1833 1247 movearis
1866 1201 1988 1248 nec
2021 1179 2271 1248 credas.

303 1264 644 1452 32¹2?ss
664 1277 1095 1432 tima?
1113 1276 1733 1454 Ρὲἒᾝῗωξιῖἒὲἷ
1766 1265 2051 1436 {⁸333AE
2073 1265 2273 1418 {233

304 1439 604 1505 tionibus
658 1437 739 1505 de
795 1439 1042 1507 nostris
1096 1438 1384 1505 ecclesus
1443 1437 1632 1505 facile
1692 1435 1935 1504 credas.
2019 1435 2271 1506 Sumus

304 1523 492 1591 enim
533 1524 664 1590 Dei
707 1526 943 1610 gratia,
1008 1532 1361 1609 postquam
1420 1524 1772 1608 coepimus,
1836 1532 1914 1589 ut
1976 1524 2273 1591 veritatis

302 1609 733 1695 evangelicae
766 1618 1094 1677 amatores
1129 1610 1221 1676 ita
1255 1609 1550 1676 omnium
1576 1607 1947 1676 haeresium
1968 1618 2271 1676 veterum

301 1706 371 1763 et
429 1715 751 1763 novarum
806 1697 1141 1780 praecipui
1195 1694 1438 1762 hostes.
1527 1693 1723 1777 Quod
1767 1694 1824 1761 si
1867 1715 2066 1779 quam
2125 1717 2270 1763 sus-

296 1781 633 1867 picionem
679 1782 801 1848 tibi
833 1782 1006 1866 parit
1040 1780 1119 1848 D.
1161 1780 1529 1848 Blandrata
1562 1779 1644 1847 de
1679 1781 1924 1847 nostris
1958 1780 2268 1860 ecclesiis,

295 1877 616 1953 optamus
652 1876 730 1933 ut
771 1869 941 1936 scias
985 1887 1137 1934 eum
1182 1867 1351 1933 nihil
1394 1865 1527 1932 tale
1580 1867 1650 1932 in
1692 1867 1938 1932 nostris
1981 1866 2271 1933 ecclesiis

295 1954 648 2038 sparsisse.
759 1952 1117 2021 Servetani
1183 1962 1253 2018 et
1319 1952 1555 2018 Ariani
1620 1950 1946 2037 dogmatis
2011 1951 2269 2018 hostem

667 2039 864 2106 toties
920 2059 993 2105 se
1035 2059 1179 2106 esse
1221 2038 1557 2105 confessus
1598 2050 1702 2104 est
1743 2047 1811 2103 et
1851 2036 2156 2122 probavit
2197 2038 2270 2104 in

297 2124 599 2212 synodis.
679 2125 1017 2209 Receptus
1074 2124 1338 2208 quidem
1386 2131 1488 2190 est
1528 2144 1570 2190 a
1609 2123 1800 2190 nobis
1842 2123 2109 2191 vivente
2153 2122 2267 2191 ad·

297 2209 438 2278 huc
502 2210 866 2278 clarissimo
931 2209 1045 2276 illo
1101 2211 1250 2277 viro
1303 2210 1390 2276 D.
1434 2230 1480 2277 a
1534 2208 1764 2290 Laeko,
1829 2208 1998 2275 nihil
2054 2208 2269 2277 adhuc

299 2295 437 2363 tale
480 2295 588 2364 vel
634 2295 1053 2363 audientibus
1099 2294 1201 2362 vel
1248 2294 1733 2379 suspicantibus
1773 2293 1856 2360 de
1898 2293 2033 2360 illo.
2074 2295 2268 2362 Post-

297 2402 503 2468 quam
550 2403 708 2450 vero
749 2402 978 2448 rumor
1021 2380 1103 2448 de
1144 2380 1259 2447 illo
1301 2379 1528 2447 illatus
1564 2389 1685 2461 est,
1730 2399 1845 2447 coe
1890 2381 2063 2447 imus
2107 2400 2268 2465 quo-

297 2489 429 2553 que
495 2467 879 2554 diligentius
934 2467 1270 2552 inquirere
1326 2465 1410 2532 de
1464 2466 1608 2533 eius
1662 2466 1963 2532 doctrina
2017 2488 2102 2533 ex
2149 2476 2267 2534 tuo

297 2554 551 2637 scripto
597 2563 828 2621 contra
877 2552 1215 2620 Sco-vetum.
1304 2551 1491 2618 Nihil
1538 2560 1757 2617 tamen
1805 2551 1936 2617 tale
1979 2551 2266 2618 inveniri

295 2643 521 2725 potuit
571 2639 644 2706 in
698 2639 831 2706 illo.
935 2637 1071 2705 Sed
1125 2638 1248 2705 etsi
1314 2658 1467 2703 eum
1532 2637 1782 2703 nullius
1824 2637 2069 2704 erroris
2110 2658 2266 2704 con-

299 2725 557 2825 yictum
594 2746 636 2792 a
675 2725 867 2792 nobis
911 2722 1439 2810 explosissemus,
1488 2721 1942 2789 metuebamus
1981 2744 2067 2789 ne
2096 2720 2266 2824 ‘quid

296 2811 634 2965 im
668 2907 893 2982 posset
905 2817 2036 2995 oesegziiaulrgaesvsgtgzaisioeoegliglgge
2047 2817 2265 2995 ‘1333ss

295 2981 410 3050 vel
455 2983 661 3050 etiam
701 2983 988 3051 scribere
1032 2981 1438 3049 occasionem
1481 2979 1982 3066 adipisceretur:
2029 2980 2264 3046 malui-

295 3090 449 3138 mus
492 3090 648 3136 eum
691 3068 816 3136 suh
861 3069 1017 3136 data
1058 3067 1375 3137 ecclesiae
1414 3065 1787 3136 obedientia
1818 3067 2004 3150 quasi
2037 3067 2266 3133 fraeno

295 3156 607 3235 retinere,
686 3154 892 3222 donec
955 3153 1205 3238 aliquid
1268 3154 1432 3221 certi
1495 3152 1600 3219 vel
1662 3153 1805 3237 ipse
1869 3151 1952 3218 de
2019 3172 2094 3220 sc
2160 3151 2266 3218 vel

295 3261 420 3327 per
455 3262 575 3308 vos
611 3241 974 3325 praeberet,
1025 3239 1108 3307 de
1154 3239 1270 3306 illo
1312 3237 1756 3307 edoceremur.
1780 3241 1836 3316 ⁸)
1904 3238 2265 3321 Postquam

297 3347 461 3394 vero
519 3326 664 3395 eius
718 3326 996 3396 crimina
1055 3323 1233 3425 apud
1288 3345 1413 3391 vos
1467 3324 1817 3391 commissa
1873 3322 2155 3391 dictasse
2197 3330 2266 3389 te

295 3412 553 3491 scribis,
589 3433 758 3497 quae
793 3412 877 3478 ad
911 3411 1277 3495 principem
1296 3410 1680 3477 Palatinum
1702 3408 2092 3476 Vilnensem
2128 3428 2168 3473 a
2200 3417 2267 3474 te

299 3498 750 3584 proferuntur,
808 3497 926 3563 illa
978 3497 1060 3563 ab
1104 3495 1334 3562 eodem
1380 3504 1858 3578 exspectamus,
1902 3516 1987 3561 ex
2031 3493 2268 3578 quibus

299 3582 459 3670 quid
501 3583 694 3650 nobis
736 3590 806 3650 et
837 3582 940 3648 illi
972 3583 1149 3649 facto
1183 3601 1351 3666 opus
1386 3580 1514 3648 erit
1546 3580 1929 3647 ediscemus.
2000 3578 2269 3647 Interea

298 3689 461 3738 vero
500 3690 812 3755 rogamus
856 3680 926 3733 et
967 3665 1375 3735 obtestamur
1416 3687 1501 3733 ne
1545 3662 1708 3749 quid
1750 3663 1832 3732 de
1874 3666 2062 3732 nobis
2107 3664 2269 3732 mali

300 3755 745 3840 suspicemini,
790 3753 900 3820 vel
945 3753 1254 3838 cuiquam
1300 3751 1599 3831 credatis,
1644 3749 1769 3816 nisi
1815 3750 2025 3817 literis
2057 3751 2270 3836 publi-

300 3843 394 3909 cis
436 3862 478 3908 a
521 3839 890 3908 senioribus
933 3840 1079 3906 istis
1121 3847 1239 3903 aut
1279 3838 1546 3905 illorum
1577 3835 1906 3921 plerisque
1941 3837 2268 3921 subscrip-

297 3929 402 3994 tis.
485 3927 761 3994 Literae
805 3925 985 3992 enim
1028 3945 1194 4009 quas
1235 3923 1614 3991 detulerunt
1632 3925 1668 3962 ³
1710 3921 1794 3988 ad
1828 3931 1897 3987 te
1935 3922 2268 3990 Martinus

301 4011 642 4081 Οαώουίαε
683 4020 997 4096 tanquam
1042 4010 1125 4076 ab
1168 4009 1441 4077 ecclesia
1484 4007 1691 4087 datas,
1736 4017 1993 4074 tantum
2021 4029 2069 4108 a
2103 4029 2265 4110 qua·

296 4107 467 4179 tuor,
525 4097 724 4180 idque
767 4097 835 4163 in
880 4096 1161 4180 privato,
1220 4104 1287 4161 et
1330 4095 1547 4161 adhuc
1593 4092 1851 4160 duobus
1896 4096 2267 4163 senioribus

296 4182 769 4253 circumventis
824 4181 1105 4266 scriptas
1164 4201 1308 4247 esse
1367 4179 1548 4248 scito.
1634 4179 1783 4244 Imc
1835 4199 2147 4265 rogamus
2189 4188 2267 4247 ut

295 4293 421 4338 nos
456 4268 831 4356 agnoscatis
866 4288 987 4352 pro
1022 4266 1338 4334 fratribus
1372 4265 1578 4333 vestri
1622 4265 2110 4343 amantissimis,
2154 4267 2267 4351 qui

297 4365 376 4424 ut
420 4378 462 4424 a
519 4356 711 4422 vobis
754 4355 824 4420 in
871 4353 1212 4421 doctrinae
1256 4350 1672 4436 evangelicae
1718 4351 2010 4435 puritate
2056 4349 2267 4418 adiuti

295 4464 432 4510 non
468 4439 894 4509 mediocriter
926 4459 1173 4519 sumus,
1209 4439 1306 4506 ita
1338 4437 1679 4506 vobiscum
1713 4458 1861 4502 eam
1896 4443 2265 4504 retenturos

297 4550 443 4598 esse
509 4535 580 4594 et
632 4525 1019 4594 defensuros
1076 4532 1305 4599 contra
1361 4544 1590 4591 omnes
1655 4523 1949 4588 omnium
2007 4543 2264 4590 errores

294 4624 478 4685 certo
535 4611 726 4682 vobis
868 4610 1254 4679 rsuadeatis.
1342 4611 1428 4677 D.
1481 4608 1929 4688 Blandratam,
1996 4609 2053 4676 si
2106 4608 2265 4692 quid

293 4720 602 4769 errorum
636 4719 768 4783 apu
856 4718 974 4764 vos
1009 4698 1269 4782 sparsit,
1304 4718 1429 4763 nec
1465 4693 1876 4762 defendimus
1910 4714 2034 4761 nec
2067 4714 2263 4779 porro

293 4786 752 4855 defendemus.
852 4781 991 4851 Sed
1053 4790 1124 4850 et
1180 4783 1262 4849 de
1326 4782 1440 4848 illo
1505 4801 1848 4866 speramus
1911 4801 2064 4847 eum
2119 4801 2264 4847 esse

294 4891 645 4942 casurum
677 4871 809 4954 piis
843 4868 1158 4949 consiliis,
1203 4868 1319 4936 ubi
1352 4889 1425 4935 se
1470 4868 1542 4933 in
1586 4868 1858 4934 caritate
1900 4865 2265 4933 christiana

296 4980 338 5025 a
377 4957 576 5026 nohis
637 4955 944 5022 omnibus
1002 4954 1276 5021 tractari
1331 4953 1628 5022 senserit.
1715 4952 1903 5019 Bene
1946 4952 2114 5037 vale,
2156 4953 2264 5021 vir

497 5178 562 5249 2)
596 5179 687 5235 hic
730 5184 908 5234 uxta·
951 5176 1115 5232 uobis
1156 5191 1269 5232 non
1314 5175 1537 5231 omnim
1589 5189 1763 5230 sanus
1804 5174 2036 5231 videm.
2116 5174 2260 5230 For·

297 5257 442 5307 m
473 5252 496 5306 1
546 5247 784 5387 ›caet-15⁸:
821 5247 1198 5302 metuebamus
1234 5261 1322 5312 ue,
1357 5246 1404 5299 si
1441 5244 1590 5317 quid.

2025 392 2188 458 1561
2226 386 2638 460 Ditem.

4199 400 4330 465 170

2374 579 2752 647 clarissime.
2813 580 3142 649 Dominus
3176 590 3243 649 te
3276 588 3500 650 servet
3532 582 3840 651 ecclesiae
3874 603 4032 651 suae
4064 582 4326 653 fidelem

2371 666 2774 733 ministrum.
2880 665 3060 734 Data
3114 665 3473 736 Oracoviae
3530 690 3618 735 ex
3684 668 3935 755 synodo
3992 670 4327 738 seniorum

2372 751 2492 837 xiij
2536 751 2881 820 Decembr.
2947 754 3147 821 Anno
3187 752 3463 821 Domini
3514 754 3611 821 M.
3633 755 3720 821 D.
3736 752 3915 821 LXI.

2548 885 2924 956 Stanislaus
2980 890 3381 977 Liassoczky
3423 891 3502 957 P.
3546 911 3750 956 manu
3800 891 4069 974 propria
4108 894 4333 960 senior

2683 975 3102 1042 ecclesiarum
3148 975 3462 1044 dioecesis
3504 975 3984 1045 cracoviensis.

2548 1074 2921 1145 Stanislaus
2963 1078 3382 1165 Karnynsky
3424 1078 3612 1160 Iuan,
3656 1080 3875 1149 senior
3906 1079 4326 1148 ecclesiarum

2684 1161 2995 1231 dioecesis
3035 1163 3494 1232 cracoviensis
3536 1186 3741 1232 manu
3787 1166 4068 1250 propria.

2544 1266 2788 1333 Petrus
2879 1265 3144 1334 Stezala
3157 1318 3176 1348 ,
3255 1268 3476 1335 senior
3552 1268 3974 1336 ecclesiarum
4051 1267 4329 1338 ducatus

2681 1352 3120 1420 Zatorirensis
3162 1362 3231 1419 et
3267 1352 3766 1439 Osnyzimensis
3802 1375 4007 1421 manu
4042 1354 4327 1439 propria.

2544 1454 2764 1521 Adam
2798 1453 3290 1556 Spinkonsvus,
3333 1456 3553 1524 senior
3607 1456 4027 1524 ecclesiarum
4073 1456 4330 1525 distric-

2682 1550 2793 1606 tus
2833 1543 2928 1625 pii
2969 1561 3010 1607 a
3043 1544 3074 1626 j
3100 1591 3283 1608 .....
3327 1562 3531 1608 manu
3570 1544 3854 1627 propria.

2546 1640 2781 1709 Foelix
2852 1642 3200 1728 Oruciger,
3288 1642 3837 1728 superintendens
3904 1645 4329 1713 ecclesiarum

2680 1729 2953 1796 minoris
3003 1729 3333 1797 Poloniae.

2545 1827 2921 1898 Stanislaus
2961 1831 3465 1910 Linthomirski,
3531 1832 4081 1915 superintendens
4121 1831 4329 1901 eccle-

2679 1916 2927 1982 siarum
2964 1916 3275 1984 dioecesis
3295 1918 3794 1985 Pinczoviensis
3818 1938 4021 1985 manu
4042 1919 4326 2003 propria.

2542 2017 2608 2084 G
2730 2020 2907 2086 orius
2963 2019 3233 2100 Paulus,
3300 2019 3854 2105 superintendens
3914 2030 3983 2087 et
4022 2021 4333 2088 minister

2733 2126 2900 2174 raca.

2538 2207 2791 2273 Paulus
2857 2208 3182 2287 Gilonius,
3260 2208 3566 2276 minister
3629 2231 3706 2276 ac
3777 2208 4329 2293 superintendens

2677 2293 2989 2361 ecclesiae
3030 2294 3160 2360 Dei
3197 2292 3474 2362 ducatus
3517 2292 3976 2363 Sacomiensis.

2542 2395 2877 2482 Georgius
2917 2396 3300 2477 Blandrata,
3344 2398 3452 2464 D¹.
3498 2406 3567 2464 et
3609 2398 3847 2466 senior.

2813 3097 3399 3169 LISMANINUS
3443 3099 3881 3167 GALVINO.

2544 3268 2798 3338 Multus
2836 3277 2929 3338 est
2969 3271 3043 3337 in
3082 3270 3521 3339 conscribenda
3563 3271 3855 3357 apoloyia
3885 3277 4147 3356 propter
4187 3292 4331 3340 eam

2370 3375 2534 3439 quae
2589 3357 2721 3439 ipsi
2762 3376 2903 3423 ciam
2943 3355 3317 3424 Blando-ata
3366 3362 3505 3424 erat
3550 3357 4074 3440 familiar-itatenus,
4133 3359 4330 3425 sinuat

2539 3441 2553 3457 Ο
2598 3441 2612 3456 O
2811 3440 3005 3594 quma
3106 3443 3120 3458 0
3280 3464 3321 3595 v·
3451 3448 3464 3508 t
3618 3464 3685 3510 ω
3892 3445 3929 3510 §t
4050 3446 4124 3510 tm
4210 3444 4261 3511 l·

2368 3699 2830 3823 Qum&
2849 3699 3207 3823 ..9332ssss
3242 3699 3450 3823 ΒΗ,
3475 3699 3729 3838 ῗὲῗςὲἰξ
3746 3699 4331 3840 isslzffim:

2797 3837 2949 3891 nulla
2981 3837 3087 3891 tibi
3121 3809 3454 3893 enucleanda
3487 3838 3897 3909 permittimus.)

2542 4006 2930 4094 Clarissimo
2995 4008 3142 4076 viro
3207 4007 3294 4075 D.
3360 4008 3599 4076 Ioanni
3670 4009 3952 4077 Calvino
4017 4011 4328 4080 ecclesiae

2369 4092 2789 4162 Genevensis
2823 4094 3070 4180 pastori
3093 4093 3475 4163 fidelissimo
3498 4096 3690 4200 tratri
3710 4097 4326 4252 ⁰b⁵32vss¹ffifimm

2538 4339 2875 4418 Martinus
2933 4349 3324 4432 Geechouv’us,
3351 4350 3402 4438 ¹)
3459 4353 3775 4438 principis
3830 4354 4104 4439 palatini
4145 4354 4326 4421 Wil-

2365 4437 2590 4504 nensis
2634 4437 2718 4504 ad
2761 4446 2829 4504 te
2866 4438 3170 4518 nuncius,
3214 4437 3500 4504 reddidit
3539 4439 3708 4505 mihi
3750 4444 3975 4521 tuas²)
4012 4462 4217 4525 quum
4248 4440 4326 4507 in

2367 4520 2619 4609 synodo
2676 4524 3011 4590 seniorum
3030 4526 3089 4606 ⁸)
3145 4545 3356 4591 essem
3399 4544 3567 4608 quae
3610 4523 3968 4593 Oracoviae
4013 4549 4078 4592 x.
4124 4525 4329 4593 huius

2365 4608 2617 4676 mensis
2662 4610 2886 4677 habita
2929 4618 3051 4692 est,
3094 4609 3209 4675 ubi
3253 4617 3321 4676 et
3362 4615 3516 4676 tuae
3559 4610 3642 4675 ad
3687 4611 3772 4679 D.
3818 4612 4112 4680 Felicem
4162 4610 4325 4681 oru-

2364 4696 2643 4780 merum
2719 4702 2789 4762 et
2864 4703 3269 4781 symmystas
3288 4700 3343 4775 ⁴)
3419 4695 3680 4780 publice
3755 4697 3963 4765 lectae
4034 4698 4326 4765 fuerunt.

2364 4781 2599 4867 Egone
2632 4788 2929 4864 repetam
2950 4802 3116 4866 quae
3151 4782 3343 4848 toties
3378 4783 3634 4868 scripsi:
3681 4803 3903 4849 coram
3925 4782 4063 4851 Deo
4096 4790 4327 4850 sancte

2364 4874 2595 4950 testor,
2652 4867 2819 4933 mihi
2876 4888 3213 4953 nunquam
3267 4868 3337 4940 in
3394 4868 3615 4935 animo
3668 4868 3876 4937 fuisse
3933 4879 4010 4935 ut
4049 4867 4159 4936 vel
4204 4869 4325 4937 tibi

2568 5108 2739 5370 ἓξὲξ

2777 5107 2937 5370 ἓξὲξ

2605 5255 2632 5382 >³
2730 5286 2747 5369 .·
