4900 6125
634 414 763 476 5⁷5

635 600 753 685 qui
803 599 879 664 in
922 618 1000 664 ea
1052 597 1497 682 principatum
1551 598 1850 664 obtinere
1892 597 2229 664 videntur.
2317 598 2478 682 Ipsa
2522 618 2609 662 ex

634 708 709 754 se
772 684 935 752 satis
996 684 1292 767 loquitur
1316 734 1333 763 ,
1396 692 1465 749 et
1528 705 1646 750 vos
1711 704 1854 749 rem
1920 705 2183 750 omnem
2248 705 2336 748 ex
2401 682 2612 749 literis

639 770 964 853 Stephani,
981 773 1040 849 ²)
1074 769 1366 856 collegae
1401 771 1614 835 nostri
1658 777 1726 836 et
1759 769 1975 836 fidelis
2009 768 2265 836 Christi
2300 768 2610 845 ministri,

636 856 879 923 melius
923 856 1349 941 cognoscetis.
1415 855 1650 922 Faciat
1671 856 1860 923 Deus
1896 864 1972 921 ut
2006 855 2349 922 videamus
2382 854 2613 920 minis·

637 944 900 1020 terium,
943 940 1117 1027 quod
1161 942 1533 1025 aooepimus
1576 943 1648 1007 in
1681 942 1971 1008 Domino
2013 950 2090 1008 ut
2130 941 2294 1007 illud
2340 941 2613 1025 implea-

636 1050 806 1096 mus.
874 1028 1115 1095 Gratia
1158 1028 1519 1094 vobiscum.
1593 1029 1700 1094 Ex
1737 1028 2019 1112 Alpibus
2064 1028 2286 1094 saeris.

1801 1165 2043 1230 Vester
2087 1186 2172 1230 ex
2217 1165 2438 1230 animo

1880 1251 1967 1317 D.
2003 1249 2370 1316 Vineanus.

1528 1796 1724 1869 4261.

1183 1952 1585 2021 vtmtws
1631 1949 2073 2019 CALVINO.

816 2124 1073 2192 Literae
1112 2124 1671 2193 commendatitiae.

967 2297 1084 2363 (Ex
1118 2299 1456 2366 autographo
1491 2294 1620 2351 Cod.
1658 2295 1861 2350 Gener.
1902 2293 2018 2362 115,
2050 2294 2141 2349 rol.
2176 2291 2290 2362 57.)

815 2468 1084 2535 Eximio
1126 2468 1381 2535 Christi
1424 2487 1619 2534 servo
1662 2465 1749 2531 D.
1794 2465 2034 2532 Ioanni
2077 2465 2382 2532 Calvino.

2098 2550 2435 2618 Genevae.

816 2725 888 2794 S.
947 2726 1293 2793 Rediimus
1325 2723 1472 2792 heri
1507 2745 1549 2790 a
1569 2722 1861 2791 Grueria
1904 2723 2077 2789 salvi
2120 2731 2187 2788 et
2227 2722 2611 2790 incolumes.

643 2811 944 2879 ramnus
1009 2813 1201 2880 hodie
1266 2812 1421 2880 hine
1486 2811 1801 2877 discessit.
1891 2809 2024 2875 Hie
2082 2808 2293 2874 bonus
2335 2809 2444 2875 vir
2498 2810 2612 2893 qui

642 2898 768 2965 has
827 2899 947 2965 tibi
1000 2898 1248 2976 reddit,
1306 2899 1411 2965 oui
1469 2916 1712 2963 nomen
1770 2904 1873 2961 est
1928 2894 2090 2961 Ieau
2132 2894 2439 2979 Πάρωνα,
2501 2895 2613 2963 hio

643 2984 818 3051 vixit
850 2983 1000 3070 plus
1035 2987 1259 3052 miuus
1293 2993 1439 3051 osto
1474 2982 1814 3049 mensibus
1847 3002 2000 3048 oum
2036 2980 2391 3066 bibliopola
2424 2981 2613 3048 ouius

643 3071 847 3138 habet
888 3072 1421 3158 chirographum.
1487 3068 1671 3136 Nihil
1708 3068 1791 3134 de
1823 3088 1900 3134 eo
1935 3066 2310 3134 audivimus
2344 3067 2614 3134 homine

643 3157 1003 3225 ohristiano
1044 3159 1117 3224 in
1166 3159 1180 3172 ”
1280 3179 1411 3223 um.
1502 3153 1701 3238 Quod
1758 3161 1835 3220 ut
1891 3154 2010 3220 tibi
2071 3159 2387 3221 metatum
2440 3154 2613 3220 faos-

643 3262 791 3309 rem
832 3245 1109 3330 rogavit.
1247 3244 1370 3310 ale.
1440 3243 1823 3309 Lausanna.
1900 3244 1958 3304 5.
1997 3238 2179 3306 Maii.
2207 3239 2259 3324 ¹)

1713 3377 1899 3443 Tuus
1942 3376 2185 3442 Petrus
2229 3374 2526 3441 Viretus.

1437 3672 1844 3681 —————

1542 3922 1746 3994 4262.

1184 4079 1596 4148 VIBE‘PUS
1645 4076 2083 4145 CALVINO.

828 4252 1228 4320 Commudat
1279 4249 1737 4335 typoqraphum
1797 4249 2189 4316 Germanum
2247 4251 2361 4332 qui
2417 4250 2618 4316 aliam

650 4341 898 4423 quaerit
939 4340 1369 4405 conditionem,

975 4511 1084 4576 (Ex
1122 4507 1465 4579 autographo
1503 4507 1636 4563 Cod-
1672 4507 1879 4562 Genev.
1917 4506 2038 4569 115.
2072 4507 2164 4562 sol.
2201 4507 2310 4572 63.)

826 4678 1082 4764 Insigni
1128 4679 1381 4747 Christi
1426 4700 1623 4746 servo
1668 4678 1754 4744 D.
1790 4680 2028 4746 Ioanni
2071 4679 2350 4747 Calvino
2395 4679 2620 4747 Gene-

654 4766 878 4832 vensis
933 4766 1242 4832 eeclesiae
1307 4767 1554 4850 pastori
1620 4764 2002 4833 fidelissimo
2068 4767 2253 4832 fratri
2314 4773 2382 4831 et
2440 4788 2619 4853 sym-

654 4861 911 4937 mystae
951 4850 1380 4918 observando.
2112 4939 2445 5005 Genava&

860 5126 925 5193 2)
962 5126 1129 5180 Hunc
1160 5125 1507 5181 Valdensium
1541 5128 1854 5181 ministrum
1890 5128 2111 5196 saepius
2146 5127 2358 5182 obviam
2377 5127 2623 5182 habuisti

655 5192 1835 5400 fflmmv'ffffffitffl
1844 5263 2618 5389 mtmwm

2163 408 2695 479 EPISTOLAE
2739 413 3169 477 4260-4266
4528 418 4618 480 576

2885 598 2957 666 S.
3028 598 3163 667 Hio
3221 597 3602 665 tabellarius
3657 599 3828 665 mihi
3870 621 3908 665 a
3953 598 4246 666 Mascula
4296 600 4505 667 literas
4547 612 4624 667 tt·

2713 683 2866 749 tulit
2906 703 2995 749 ex
3037 686 3280 769 quibus
3324 704 3680 770 eognosoes
3723 684 3886 770 quid
3930 685 4013 751 ad
4058 707 4165 752 me
4206 685 4463 753 scribat
4522 687 4626 753 De-

2714 769 2812 836 dit
2854 789 3121 853 operam
3165 771 3665 857 typographiae.
3739 771 4020 853 Quaerit
4053 772 4505 850 conditionem,
4539 774 4627 838 sed

2711 876 2843 941 qua
2884 857 3071 922 malit
3115 878 3156 922 a
3199 858 3680 941 typographiae
3721 857 4060 924 laboribus
4099 857 4371 924 liberari
4388 908 4405 935 ,
4445 860 4497 924 si
4519 880 4632 1009 Κ

2712 943 2856 1008 fieri
2901 944 3155 1008 ratione
3196 943 3435 1026 possit,
3495 963 3692 1027 quam
3751 943 3849 1009 illi
3892 944 4173 1028 pistrino
4225 965 4485 1010 rursum
4593 945 4604 958 '

2713 1028 2874 1112 gari.
2964 1030 3113 1113 Ego
3154 1050 3318 1094 vero
3358 1050 3490 1095 non
3530 1030 3726 1096 video
3768 1050 3968 1114 quam
4010 1031 4222 1114 possit
4263 1030 4458 1095 aliam
4495 1030 4633 1115 apud

2712 1134 2834 1179 vos
2875 1113 3185 1180 invenire
3241 1114 3716 1194 conditionem,
3780 1116 3838 1182 si
3896 1116 4091 1181 modo
4147 1115 4321 1181 hano
4380 1116 4634 1181 inveniro

2713 1200 2938 1283 possit.
3010 1200 3208 1284 Apud
3251 1222 3372 1267 nos
3414 1201 3603 1267 nulla
3646 1210 3764 1267 est.
3837 1200 4088 1268 Scribit
4108 1200 4447 1268 Maesulus
4482 1202 4637 1267 illum

2712 1306 2858 1351 esse
2921 1308 3008 1351 ex
3079 1284 3446 1353 Germania
3521 1287 3818 1352 inferiori
3844 1339 3858 1364 ‚
3939 1286 4116 1371 quod
4193 1289 4338 1372 ipse
4416 1288 4636 1352 fatetur.

2712 1371 2949 1438 Posset
2992 1372 3271 1439 fortasse
3315 1373 3464 1438 usui
3497 1394 3641 1439 esse
3676 1373 3854 1458 apud
3889 1372 4205 1450 Rhaews,
4287 1394 4448 1438 num
4477 1374 4639 1457 probs

2714 1460 2823 1539 (ut
2863 1459 3007 1542 ipse
3052 1458 3175 1542 ait)
3230 1457 3529 1542 linguam
3579 1458 3872 1525 italicam
3916 1458 4166 1525 calleat.
4426 1459 4639 1525 coelun

2712 1543 2878 1609 illud
2920 1564 2993 1609 se
3035 1543 3208 1609 ferre
3241 1565 3437 1628 posse
3470 1553 3690 1629 negat.
3756 1545 4078 1611 Narravit
4102 1544 4399 1611 Rhaetos
4439 1565 4640 1629 magns

2713 1627 3013 1695 laborare
3045 1630 3503 1696 ministrorum
3528 1632 3825 1714 penuria,
3863 1641 4061 1715 atque
4089 1630 4262 1697 hano
4297 1630 4385 1696 ob
4419 1649 4642 1695 esum

2714 1714 2942 1780 multis
3006 1715 3220 1782 adhue
3282 1717 3357 1781 in
3420 1715 3582 1783 loeis
3646 1716 3918 1782 missam
3981 1717 4273 1782 retineri.
4363 1714 4643 1797 Quen-itur

2715 1799 2917 1866 etiam
2952 1800 3033 1866 de
3066 1802 3289 1885 gentis
3323 1804 3674 1886 asperitate
3717 1812 3787 1868 et
3819 1803 4140 1870 barbarie.
4205 1802 4310 1867 'Pu
4345 1802 4646 1866 hominem

2715 1885 2946 1951 audies
2990 1895 3060 1952 et
3113 1886 3494 1954 admonebis
3539 1887 3622 1953 de
3679 1909 3797 1971 spe
3853 1887 4248 1955 eonditiouis
4290 1906 4491 1970 quam
4528 1887 4645 1953 istie

2715 1990 2907 2054 posse
2948 1973 3235 2038 inveniri
3278 1973 3627 2057 intelliges.
3696 1973 3985 2040 Videtur
4020 1975 4124 2039 vir
4163 1974 4381 2040 bonus
4423 1982 4494 2038 et
4529 1974 4650 2039 sin-

2714 2057 2888 2207 Elex,
2935 2069 3259 2142 quantum
3304 2079 3391 2123 ex
3434 2057 3747 2125 diuturno
3788 2059 4114 2143 oolloquio
4157 2057 4334 2143 quod
4378 2079 4526 2126 eum
4561 2058 4648 2123 mo

2763 2144 2917 2209 abui
2960 2145 3146 2228 potui
3186 2144 3527 2212 ooniioere.
3614 2144 3932 2212 Salutant
3975 2155 4042 2211 te
4086 2166 4255 2211 uxor
4299 2152 4373 2209 et
4415 2153 4546 2210 tota
4577 2144 4650 2209 ia·

2714 2229 2917 2295 milia.
2989 2230 3175 2296 Vale.
3247 2230 3644 2297 Lausannae
3687 2234 3748 2298 8.
3787 2233 4008 2316 Augu.
4035 2236 4086 2310 ⁸)

3782 2368 3968 2434 Tuus
4011 2368 4257 2435 Petrus
4304 2367 4586 2434 Vitem

3505 2663 3705 2674 *-

3602 2878 3804 2952 42⁶3.

3250 3016 3662 3087 VIRETUS
3706 3017 4147 3086 CALVINO.

2889 3172 2996 3240 De
3036 3172 3272 3256 novatio
3312 3172 3527 3255 aliquo
3570 3173 3893 3240 flozbraci.

3039 3342 3153 3411 (Ex
3188 3345 3528 3414 autographo
3564 3344 3698 3400 cod.
3732 3345 3943 3401 Genev.
3979 3344 4097 3411 115,
4133 3345 4227 3401 fol.
4261 3344 4384 3412 66.)

2894 3497 3165 3563 Eximio
3208 3496 3464 3565 Christi
3506 3520 3699 3566 servo
3744 3498 3828 3564 D.
3866 3500 4102 3565 Ioanni
4147 3498 4441 3566 Calvino
4477 3499 4666 3566 Geno-

2720 3584 2944 3650 vensis
3007 3583 3317 3652 eeclesiae
3376 3583 3514 3649 fido
3578 3585 3828 3669 pastori
3891 3586 4084 3651 fratri
4141 3597 4210 3651 et
4272 3594 4664 3670 symmyuno

2719 3670 2962 3755 plunm’
2963 3691 3078 3736 um
3120 3669 3549 3737 observando.
4177 3757 4524 3824 amm

2895 3890 2966 3959 S.
3038 3893 3188 3959 Nou
3236 3892 3464 3958 dubito
3507 3894 3665 3975 quin
3721 3891 3801 3955 sd
3861 3903 3925 3959 ts
3981 3891 4226 3959 scribat
4270 3895 4666 3975 Rubrum

2724 4001 2804 4045 ea
2846 3978 2928 4043 de
2971 3999 3044 4045 re
3088 4000 3284 4062 quam
3330 3978 3448 4045 abs
3494 3988 3561 4044 te
3621 3979 3801 4063 cupit
3845 3999 3953 4043 ms
3997 3979 4197 4043 utiam
4262 3979 4666 4047 intercessor-.-

2722 4067 3084 4147 impetrari.
3174 4063 3625 4130 Nihilominus
3685 4079 3905 4127 tamen
3961 4067 4101 4127 sius
4161 4063 4242 4127 ad
4302 4087 4418 4131 me
4474 4067 4666 4131 literne

2722 4149 2806 4216 ad
2851 4162 2915 4215 te
2960 4152 3169 4226 mitto,
3213 4171 3298 4216 ex
3341 4150 3578 4233 quibus
3621 4171 3973 4231 cognossent
4017 4147 4254 4215 melius
4298 4151 4462 4235 quid
4510 4175 4546 4215 a
4586 4171 4670 4211 me

2723 4235 3026 4320 postulet.
3116 4236 3261 4321 Ego
3322 4256 3512 4313 vero,
3580 4259 3709 4301 nnn
3781 4235 3993 4299 sulum
4053 4239 4205 4319 quia.
4266 4259 4350 4299 ΕΙ.
4430 4239 4554 4303 tuis
4606 4235 4670 4299 sd

2723 4343 2831 4387 me
2873 4321 3083 4388 literis
3125 4323 3288 4387 satis
3329 4321 3633 4387 intellexi
3669 4343 3869 4403 quam
3909 4323 4029 4387 hun
4065 4323 4282 4403 ipsum
4334 4323 4458 4387 tibi
4506 4323 4670 4387 noda

2723 4409 2810 4473 sit
2853 4406 3118 4474 difficile
3160 4406 3332 4490 quod
3377 4406 3685 4490 postulat,
3733 4407 3845 4471 sed
3889 4407 4089 4471 stiam
4133 4411 4286 4487 quia
4334 4411 4482 4491 ipse
4526 4407 4666 4471 diffi-

2723 4493 3003 4560 cultates
3045 4493 3249 4561 oeulis
3291 4493 3581 4573 intueor,
3637 4515 3769 4559 nun
3809 4495 4025 4555 ausim
4069 4495 4189 4559 hac
4238 4495 4322 4559 de
4374 4515 4446 4559 rs
4490 4507 4554 4555 ts
4594 4499 4666 4555 in-

2724 4579 3087 4664 terpellare.
3169 4578 3326 4646 Seio
3370 4579 3545 4644 enim
3596 4579 3765 4643 nihil
3825 4579 4001 4663 apud
4061 4591 4121 4643 te
4177 4603 4346 4663 opus
4402 4603 4546 4643 ess-s
4590 4583 4670 4639 in*

2725 4666 3191 4732 teroessoribus
3250 4665 3321 4730 in
3380 4684 3582 4731 causa
3637 4687 3833 4747 quam
3893 4667 4201 4731 eeclesias
4266 4667 4498 4731 utilem
4558 4667 4666 4727 fon·

2724 4752 2925 4827 nosti,
2993 4760 3059 4816 et
3102 4751 3208 4817 oui
3252 4758 3327 4815 tu
3370 4759 3557 4832 potes
3600 4758 3781 4815 tuam
3829 4763 4161 4831 praestare
4205 4771 4502 4835 operam.
4586 4751 4666 4811 'h

2724 4847 2985 4902 tantum
3045 4856 3240 4902 mone
3298 4836 3455 4918 quid
3513 4847 3705 4920 putes
3753 4835 3909 4899 mihi
3973 4859 4113 4899 asse
4161 4835 4546 4919 Ηώαφιὶῡ
4586 4859 4666 4899 τε·-

2722 4921 3192 5006 spondendum.
3253 4921 3424 4987 Vale
3458 4924 3701 5007 optime
3741 4943 3813 4988 an
3837 4923 4226 4988 diutissime.
4294 4923 4666 4988 Lausum

2731 5013 2828 5073 18.
2875 5008 3184 5093 Augusti.
3212 5011 3264 5091 ¹)

3793 5096 3973 5160 Tuus
4025 5096 4266 5160 Petrus
4310 5096 4594 5160 viratus.

2721 5264 2915 5319 4262.
2943 5265 2998 5332 1)
3035 5266 3178 5320 aaut·
3206 5280 3437 5334 prov-m
3469 5265 3673 5322 incerti.

2721 5333 2914 5389 4268.
2941 5334 2998 5400 1)
3033 5335 3176 5389 anni
3207 5337 3420 5391 incerti.
