<?xml version="1.0" encoding="UTF-8"?>
<!DOCTYPE html PUBLIC "-//W3C//DTD XHTML 1.0 Transitional//EN"
    "http://www.w3.org/TR/xhtml1/DTD/xhtml1-transitional.dtd">
<html xmlns="http://www.w3.org/1999/xhtml" xml:lang="en" lang="en">
 <head>
  <title>
</title>
<meta http-equiv="Content-Type" content="text/html;charset=utf-8" />
  <meta name='ocr-system' content='tesseract 3.04.00' />
  <meta name='ocr-capabilities' content='ocr_page ocr_carea ocr_par ocr_line ocrx_word'/>
</head>
<body>
  <div class='ocr_page' id='page_1' title='image "./ioanniscalvinio12unkngoog/ioanniscalvinio12unkngoog_0788.png"; bbox 0 0 4900 6125; ppageno 0'>
   <div class='ocr_carea' id='block_1_1' title="bbox 610 431 4625 507">
    <p class='ocr_par' dir='ltr' id='par_1_1' title="bbox 610 431 4625 507">
     <span class='ocr_line' id='line_1_1' title="bbox 610 431 4625 507; baseline 0 -7"><span class='ocrx_word' id='word_1_1' title='bbox 610 441 739 502; x_wconf 89' lang='grc'><strong>719</strong></span> <span class='ocrx_word' id='word_1_2' title='bbox 2073 431 2463 504; x_wconf 79' lang='lat' dir='ltr'>INDICES</span> <span class='ocrx_word' id='word_1_3' title='bbox 2508 435 3206 507; x_wconf 83' lang='lat' dir='ltr'><strong>EPISTOLARUM.</strong></span> <span class='ocrx_word' id='word_1_4' title='bbox 4523 441 4625 502; x_wconf 85' lang='grc'><strong>720</strong></span> 
     </span>
    </p>
   </div>
   <div class='ocr_carea' id='block_1_2' title="bbox 608 623 2043 4059">
    <p class='ocr_par' dir='ltr' id='par_1_2' title="bbox 608 623 1941 1122">
     <span class='ocr_line' id='line_1_2' title="bbox 608 623 1597 694; baseline -0.011 0"><span class='ocrx_word' id='word_1_5' title='bbox 608 626 909 694; x_wconf 87' lang='lat' dir='ltr'><strong>Tandem</strong></span> <span class='ocrx_word' id='word_1_6' title='bbox 950 626 1125 691; x_wconf 85' lang='lat' dir='ltr'><strong>iacta</strong></span> <span class='ocrx_word' id='word_1_7' title='bbox 1166 632 1269 690; x_wconf 88' lang='lat' dir='ltr'><strong>est</strong></span> <span class='ocrx_word' id='word_1_8' title='bbox 1312 623 1458 689; x_wconf 90' lang='lat' dir='ltr'><strong>alea</strong></span> <span class='ocrx_word' id='word_1_9' title='bbox 1502 627 1597 685; x_wconf 86' lang='lat'><strong>13.</strong></span> 
     </span>
     <span class='ocr_line' id='line_1_3' title="bbox 611 709 1896 796; baseline -0.003 -17"><span class='ocrx_word' id='word_1_10' title='bbox 611 713 911 780; x_wconf 83' lang='lat' dir='ltr'><strong>Tandem</strong></span> <span class='ocrx_word' id='word_1_11' title='bbox 952 711 1162 796; x_wconf 84' lang='lat' dir='ltr'><strong>igitur</strong></span> <span class='ocrx_word' id='word_1_12' title='bbox 1205 709 1660 794; x_wconf 89' lang='lat' dir='ltr'><strong>accipiendum</strong></span> <span class='ocrx_word' id='word_1_13' title='bbox 1708 714 1896 776; x_wconf 87' lang='grc'><strong>4114.</strong></span> 
     </span>
     <span class='ocr_line' id='line_1_4' title="bbox 612 795 1902 865; baseline -0.003 0"><span class='ocrx_word' id='word_1_14' title='bbox 612 797 912 865; x_wconf 88' lang='lat' dir='ltr'><strong>Tandem</strong></span> <span class='ocrx_word' id='word_1_15' title='bbox 953 795 1119 861; x_wconf 89' lang='lat' dir='ltr'><strong>mihi</strong></span> <span class='ocrx_word' id='word_1_16' title='bbox 1165 795 1462 862; x_wconf 81' lang='lat' dir='ltr'>redditae</span> <span class='ocrx_word' id='word_1_17' title='bbox 1505 805 1668 861; x_wconf 90' lang='lat' dir='ltr'><strong>sunt</strong></span> <span class='ocrx_word' id='word_1_18' title='bbox 1713 801 1902 861; x_wconf 89' lang='grc'><strong>4019.</strong></span> 
     </span>
     <span class='ocr_line' id='line_1_5' title="bbox 613 881 1941 952; baseline -0.002 -1"><span class='ocrx_word' id='word_1_19' title='bbox 613 885 910 952; x_wconf 89' lang='lat' dir='ltr'><strong>Tandem</strong></span> <span class='ocrx_word' id='word_1_20' title='bbox 954 881 1152 948; x_wconf 81' lang='lat' dir='ltr'><strong>rediit</strong></span> <span class='ocrx_word' id='word_1_21' title='bbox 1192 891 1417 948; x_wconf 87' lang='lat' dir='ltr'><strong>noster</strong></span> <span class='ocrx_word' id='word_1_22' title='bbox 1460 882 1706 946; x_wconf 88' lang='lat' dir='ltr'><strong>Petrus</strong></span> <span class='ocrx_word' id='word_1_23' title='bbox 1752 884 1941 949; x_wconf 82' lang='lat'><strong>2474.</strong></span> 
     </span>
     <span class='ocr_line' id='line_1_6' title="bbox 613 968 1716 1037; baseline -0.008 0"><span class='ocrx_word' id='word_1_24' title='bbox 613 968 913 1037; x_wconf 82' lang='lat' dir='ltr'><strong>Tandem</strong></span> <span class='ocrx_word' id='word_1_25' title='bbox 959 968 1157 1034; x_wconf 91' lang='lat' dir='ltr'><strong>rediit</strong></span> <span class='ocrx_word' id='word_1_26' title='bbox 1199 969 1484 1035; x_wconf 89' lang='lat' dir='ltr'><strong>nuncius</strong></span> <span class='ocrx_word' id='word_1_27' title='bbox 1537 970 1716 1029; x_wconf 84' lang='lat'><strong>1884.</strong></span> 
     </span>
     <span class='ocr_line' id='line_1_7' title="bbox 612 1055 1513 1122; baseline -0.006 0"><span class='ocrx_word' id='word_1_28' title='bbox 612 1056 909 1122; x_wconf 90' lang='lat' dir='ltr'><strong>Tandem</strong></span> <span class='ocrx_word' id='word_1_29' title='bbox 954 1055 1075 1120; x_wconf 91' lang='lat' dir='ltr'><strong>sub</strong></span> <span class='ocrx_word' id='word_1_30' title='bbox 1118 1056 1321 1119; x_wconf 91' lang='lat' dir='ltr'><strong>finem</strong></span> <span class='ocrx_word' id='word_1_31' title='bbox 1368 1056 1513 1118; x_wconf 94' lang='grc'><strong>273.</strong></span> 
     </span>
    </p>

    <p class='ocr_par' dir='ltr' id='par_1_3' title="bbox 613 1140 1750 1293">
     <span class='ocr_line' id='line_1_8' title="bbox 613 1140 1750 1208; baseline -0.004 0"><span class='ocrx_word' id='word_1_32' title='bbox 613 1142 829 1208; x_wconf 85' lang='lat' dir='ltr'><strong>Tanta</strong></span> <span class='ocrx_word' id='word_1_33' title='bbox 870 1150 972 1207; x_wconf 92' lang='lat' dir='ltr'><strong>est</strong></span> <span class='ocrx_word' id='word_1_34' title='bbox 1014 1141 1085 1205; x_wconf 91' lang='lat' dir='ltr'><strong>in</strong></span> <span class='ocrx_word' id='word_1_35' title='bbox 1122 1140 1247 1206; x_wconf 90' lang='grc'><strong>1188</strong></span> <span class='ocrx_word' id='word_1_36' title='bbox 1282 1140 1526 1204; x_wconf 89' lang='lat' dir='ltr'><strong>misera</strong></span> <span class='ocrx_word' id='word_1_37' title='bbox 1564 1142 1750 1203; x_wconf 92' lang='grc'><strong>3072.</strong></span> 
     </span>
     <span class='ocr_line' id='line_1_9' title="bbox 615 1225 1596 1293; baseline -0.005 0"><span class='ocrx_word' id='word_1_38' title='bbox 615 1229 849 1293; x_wconf 91' lang='lat' dir='ltr'><strong>Tantis</strong></span> <span class='ocrx_word' id='word_1_39' title='bbox 893 1247 1074 1292; x_wconf 89' lang='grc'><strong>1111118</strong></span> <span class='ocrx_word' id='word_1_40' title='bbox 1119 1225 1362 1291; x_wconf 87' lang='lat' dir='ltr'><strong>obruor</strong></span> <span class='ocrx_word' id='word_1_41' title='bbox 1409 1228 1596 1288; x_wconf 92' lang='grc'><strong>2295.</strong></span> 
     </span>
    </p>

    <p class='ocr_par' dir='ltr' id='par_1_4' title="bbox 613 1313 1876 1551">
     <span class='ocr_line' id='line_1_10' title="bbox 613 1313 1876 1394; baseline -0.005 -14"><span class='ocrx_word' id='word_1_42' title='bbox 613 1316 829 1380; x_wconf 89' lang='lat' dir='ltr'><strong>Tanto</strong></span> <span class='ocrx_word' id='word_1_43' title='bbox 872 1313 1040 1377; x_wconf 89' lang='lat' dir='ltr'><strong>mihi</strong></span> <span class='ocrx_word' id='word_1_44' title='bbox 1086 1313 1407 1394; x_wconf 79' lang='lat' dir='ltr'>gratiores</span> <span class='ocrx_word' id='word_1_45' title='bbox 1452 1319 1642 1375; x_wconf 88' lang='lat' dir='ltr'><strong>erant</strong></span> <span class='ocrx_word' id='word_1_46' title='bbox 1696 1314 1876 1374; x_wconf 83' lang='lat'><strong>1861.</strong></span> 
     </span>
     <span class='ocr_line' id='line_1_11' title="bbox 613 1397 1652 1481; baseline -0.009 -16"><span class='ocrx_word' id='word_1_47' title='bbox 613 1402 827 1466; x_wconf 87' lang='lat' dir='ltr'><strong>Tanto</strong></span> <span class='ocrx_word' id='word_1_48' title='bbox 873 1407 1167 1481; x_wconf 89' lang='lat' dir='ltr'><strong>tempore</strong></span> <span class='ocrx_word' id='word_1_49' title='bbox 1210 1397 1422 1463; x_wconf 89' lang='lat' dir='ltr'><strong>literis</strong></span> <span class='ocrx_word' id='word_1_50' title='bbox 1467 1400 1652 1459; x_wconf 90' lang='grc'><strong>4240.</strong></span> 
     </span>
     <span class='ocr_line' id='line_1_12' title="bbox 613 1484 1402 1551; baseline -0.006 0"><span class='ocrx_word' id='word_1_51' title='bbox 613 1484 940 1551; x_wconf 91' lang='lat' dir='ltr'><strong>Tarditati</strong></span> <span class='ocrx_word' id='word_1_52' title='bbox 984 1504 1168 1550; x_wconf 89' lang='lat' dir='ltr'><strong>meae</strong></span> <span class='ocrx_word' id='word_1_53' title='bbox 1214 1486 1402 1547; x_wconf 88' lang='grc'><strong>3972.</strong></span> 
     </span>
    </p>

    <p class='ocr_par' dir='ltr' id='par_1_5' title="bbox 614 1568 1536 1653">
     <span class='ocr_line' id='line_1_13' title="bbox 614 1568 1536 1653; baseline -0.003 -16"><span class='ocrx_word' id='word_1_54' title='bbox 614 1570 899 1637; x_wconf 76' lang='lat' dir='ltr'>Tardius</span> <span class='ocrx_word' id='word_1_55' title='bbox 942 1568 1301 1653; x_wconf 80' lang='lat' dir='ltr'><strong>respondeo</strong></span> <span class='ocrx_word' id='word_1_56' title='bbox 1348 1573 1536 1634; x_wconf 90' lang='grc'><strong>4053.</strong></span> 
     </span>
    </p>

    <p class='ocr_par' dir='ltr' id='par_1_6' title="bbox 615 1653 1939 1827">
     <span class='ocr_line' id='line_1_14' title="bbox 615 1653 1939 1740; baseline -0.002 -17"><span class='ocrx_word' id='word_1_57' title='bbox 615 1659 710 1723; x_wconf 91' lang='lat' dir='ltr'><strong>Te</strong></span> <span class='ocrx_word' id='word_1_58' title='bbox 754 1677 998 1740; x_wconf 77' lang='lat' dir='ltr'><strong>quaeso</strong></span> <span class='ocrx_word' id='word_1_59' title='bbox 1041 1663 1312 1740; x_wconf 89' lang='lat' dir='ltr'><strong>propter</strong></span> <span class='ocrx_word' id='word_1_60' title='bbox 1355 1653 1701 1720; x_wconf 79' lang='lat' dir='ltr'>Christum</span> <span class='ocrx_word' id='word_1_61' title='bbox 1754 1658 1939 1721; x_wconf 88' lang='grc'><strong>1959.</strong></span> 
     </span>
     <span class='ocr_line' id='line_1_15' title="bbox 615 1743 1659 1827; baseline -0.003 -18"><span class='ocrx_word' id='word_1_62' title='bbox 615 1745 711 1809; x_wconf 90' lang='lat' dir='ltr'><strong>Te</strong></span> <span class='ocrx_word' id='word_1_63' title='bbox 754 1761 1015 1827; x_wconf 91' lang='lat' dir='ltr'><strong>quoque</strong></span> <span class='ocrx_word' id='word_1_64' title='bbox 1058 1743 1125 1806; x_wconf 91' lang='lat' dir='ltr'><strong>in</strong></span> <span class='ocrx_word' id='word_1_65' title='bbox 1172 1749 1428 1824; x_wconf 89' lang='lat' dir='ltr'><strong>partem</strong></span> <span class='ocrx_word' id='word_1_66' title='bbox 1477 1746 1659 1806; x_wconf 91' lang='grc'><strong>1345.</strong></span> 
     </span>
    </p>

    <p class='ocr_par' dir='ltr' id='par_1_7' title="bbox 614 1828 1653 1895">
     <span class='ocr_line' id='line_1_16' title="bbox 614 1828 1653 1895; baseline -0.003 -1"><span class='ocrx_word' id='word_1_67' title='bbox 614 1830 711 1895; x_wconf 93' lang='lat' dir='ltr'><strong>Te</strong></span> <span class='ocrx_word' id='word_1_68' title='bbox 755 1828 1017 1894; x_wconf 90' lang='lat' dir='ltr'><strong>salvum</strong></span> <span class='ocrx_word' id='word_1_69' title='bbox 1062 1847 1139 1894; x_wconf 88' lang='lat' dir='ltr'><strong>ac</strong></span> <span class='ocrx_word' id='word_1_70' title='bbox 1183 1848 1420 1893; x_wconf 89' lang='lat' dir='ltr'><strong>sanum</strong></span> <span class='ocrx_word' id='word_1_71' title='bbox 1467 1830 1653 1891; x_wconf 88' lang='grc'><strong>3632.</strong></span> 
     </span>
    </p>

    <p class='ocr_par' dir='ltr' id='par_1_8' title="bbox 617 1913 1462 1999">
     <span class='ocr_line' id='line_1_17' title="bbox 617 1913 1462 1999; baseline -0.007 -19"><span class='ocrx_word' id='word_1_72' title='bbox 617 1916 715 1980; x_wconf 88' lang='lat' dir='ltr'><strong>Te</strong></span> <span class='ocrx_word' id='word_1_73' title='bbox 759 1913 1042 1999; x_wconf 80' lang='lat' dir='ltr'><strong>singulis</strong></span> <span class='ocrx_word' id='word_1_74' title='bbox 1085 1913 1267 1979; x_wconf 88' lang='lat' dir='ltr'><strong>horis</strong></span> <span class='ocrx_word' id='word_1_75' title='bbox 1314 1915 1462 1974; x_wconf 88' lang='grc'><strong>672.</strong></span> 
     </span>
    </p>

    <p class='ocr_par' dir='ltr' id='par_1_9' title="bbox 618 1996 1651 2169">
     <span class='ocr_line' id='line_1_18' title="bbox 618 1996 1651 2083; baseline -0.001 -18"><span class='ocrx_word' id='word_1_76' title='bbox 618 2002 716 2066; x_wconf 93' lang='lat' dir='ltr'><strong>Te</strong></span> <span class='ocrx_word' id='word_1_77' title='bbox 762 2010 857 2065; x_wconf 85' lang='lat' dir='ltr'><strong>tot</strong></span> <span class='ocrx_word' id='word_1_78' title='bbox 900 1999 1207 2083; x_wconf 88' lang='lat' dir='ltr'><strong>impediri</strong></span> <span class='ocrx_word' id='word_1_79' title='bbox 1249 1996 1461 2063; x_wconf 90' lang='lat' dir='ltr'><strong>modis</strong></span> <span class='ocrx_word' id='word_1_80' title='bbox 1508 2001 1651 2064; x_wconf 92' lang='grc'><strong>802.</strong></span> 
     </span>
     <span class='ocr_line' id='line_1_19' title="bbox 626 2087 1138 2169; baseline -0.004 -20"><span class='ocrx_word' id='word_1_81' title='bbox 626 2087 902 2169; x_wconf 74' lang='grc' dir='ltr'><strong><em>Τήμερον</em></strong></span> <span class='ocrx_word' id='word_1_82' title='bbox 949 2089 1138 2147; x_wconf 82' lang='lat'><strong>4178.</strong></span> 
     </span>
    </p>

    <p class='ocr_par' dir='ltr' id='par_1_10' title="bbox 622 2170 1724 2428">
     <span class='ocr_line' id='line_1_20' title="bbox 623 2170 1550 2255; baseline -0.008 -16"><span class='ocrx_word' id='word_1_83' title='bbox 623 2172 1044 2255; x_wconf 87' lang='lat' dir='ltr'><strong>Tempestive</strong></span> <span class='ocrx_word' id='word_1_84' title='bbox 1079 2170 1318 2237; x_wconf 88' lang='lat' dir='ltr'><strong>accidit</strong></span> <span class='ocrx_word' id='word_1_85' title='bbox 1362 2175 1550 2232; x_wconf 84' lang='grc'><strong>4014.</strong></span> 
     </span>
     <span class='ocr_line' id='line_1_21' title="bbox 622 2255 1724 2341; baseline -0.004 -18"><span class='ocrx_word' id='word_1_86' title='bbox 622 2259 1041 2341; x_wconf 88' lang='lat' dir='ltr'><strong>Tempestive</strong></span> <span class='ocrx_word' id='word_1_87' title='bbox 1084 2255 1264 2321; x_wconf 91' lang='lat' dir='ltr'><strong>domi</strong></span> <span class='ocrx_word' id='word_1_88' title='bbox 1307 2276 1491 2322; x_wconf 91' lang='lat' dir='ltr'><strong>meae</strong></span> <span class='ocrx_word' id='word_1_89' title='bbox 1538 2259 1724 2319; x_wconf 84' lang='lat'><strong>3161.</strong></span> 
     </span>
     <span class='ocr_line' id='line_1_22' title="bbox 622 2342 1528 2428; baseline -0.009 -18"><span class='ocrx_word' id='word_1_90' title='bbox 622 2342 1055 2428; x_wconf 77' lang='lat' dir='ltr'><strong>Temporibus</strong></span> <span class='ocrx_word' id='word_1_91' title='bbox 1099 2342 1295 2408; x_wconf 89' lang='lat' dir='ltr'><strong>certis</strong></span> <span class='ocrx_word' id='word_1_92' title='bbox 1345 2345 1528 2405; x_wconf 91' lang='grc'><strong>1601.</strong></span> 
     </span>
    </p>

    <p class='ocr_par' dir='ltr' id='par_1_11' title="bbox 623 2428 1532 2514">
     <span class='ocr_line' id='line_1_23' title="bbox 623 2428 1532 2514; baseline -0.003 -19"><span class='ocrx_word' id='word_1_93' title='bbox 623 2429 969 2514; x_wconf 73' lang='lat' dir='ltr'><strong>Temporis</strong></span> <span class='ocrx_word' id='word_1_94' title='bbox 1011 2428 1305 2495; x_wconf 73' lang='lat' dir='ltr'><strong>brevitas</strong></span> <span class='ocrx_word' id='word_1_95' title='bbox 1344 2431 1532 2492; x_wconf 84' lang='grc'><strong>3498.</strong></span> 
     </span>
    </p>

    <p class='ocr_par' dir='ltr' id='par_1_12' title="bbox 625 2513 1881 2667">
     <span class='ocr_line' id='line_1_24' title="bbox 625 2513 1881 2582; baseline -0.004 0"><span class='ocrx_word' id='word_1_96' title='bbox 625 2517 808 2582; x_wconf 87' lang='lat' dir='ltr'><strong>Tene</strong></span> <span class='ocrx_word' id='word_1_97' title='bbox 853 2514 1016 2582; x_wconf 90' lang='lat' dir='ltr'><strong>adeo</strong></span> <span class='ocrx_word' id='word_1_98' title='bbox 1059 2514 1260 2580; x_wconf 86' lang='lat' dir='ltr'><strong>fuisse</strong></span> <span class='ocrx_word' id='word_1_99' title='bbox 1304 2513 1646 2580; x_wconf 85' lang='lat' dir='ltr'><strong>credulum</strong></span> <span class='ocrx_word' id='word_1_100' title='bbox 1693 2514 1881 2577; x_wconf 90' lang='grc'><strong>3509.</strong></span> 
     </span>
     <span class='ocr_line' id='line_1_25' title="bbox 626 2600 1495 2667; baseline -0.008 0"><span class='ocrx_word' id='word_1_101' title='bbox 626 2601 899 2667; x_wconf 90' lang='lat' dir='ltr'><strong>Tenetis</strong></span> <span class='ocrx_word' id='word_1_102' title='bbox 944 2600 1262 2667; x_wconf 89' lang='lat' dir='ltr'><strong>memoria</strong></span> <span class='ocrx_word' id='word_1_103' title='bbox 1312 2605 1495 2662; x_wconf 89' lang='grc'><strong>1006.</strong></span> 
     </span>
    </p>

    <p class='ocr_par' dir='ltr' id='par_1_13' title="bbox 626 2684 1548 2754">
     <span class='ocr_line' id='line_1_26' title="bbox 626 2684 1548 2754; baseline -0.009 -2"><span class='ocrx_word' id='word_1_104' title='bbox 626 2688 882 2754; x_wconf 83' lang='lat' dir='ltr'><strong>Ternas</strong></span> <span class='ocrx_word' id='word_1_105' title='bbox 927 2686 1011 2752; x_wconf 89' lang='lat' dir='ltr'><strong>ad</strong></span> <span class='ocrx_word' id='word_1_106' title='bbox 1057 2697 1121 2751; x_wconf 86' lang='lat' dir='ltr'><strong>te</strong></span> <span class='ocrx_word' id='word_1_107' title='bbox 1165 2684 1314 2751; x_wconf 89' lang='lat' dir='ltr'><strong>dedi</strong></span> <span class='ocrx_word' id='word_1_108' title='bbox 1362 2689 1548 2747; x_wconf 85' lang='lat'><strong>3884.</strong></span> 
     </span>
    </p>

    <p class='ocr_par' dir='ltr' id='par_1_14' title="bbox 628 2770 1946 2925">
     <span class='ocr_line' id='line_1_27' title="bbox 628 2770 1946 2840; baseline -0.004 -1"><span class='ocrx_word' id='word_1_109' title='bbox 628 2775 883 2840; x_wconf 87' lang='lat' dir='ltr'><strong>Ternas</strong></span> <span class='ocrx_word' id='word_1_110' title='bbox 925 2773 1033 2839; x_wconf 85' lang='lat' dir='ltr'><strong>bis</strong></span> <span class='ocrx_word' id='word_1_111' title='bbox 1077 2772 1329 2837; x_wconf 91' lang='lat' dir='ltr'><strong>duobus</strong></span> <span class='ocrx_word' id='word_1_112' title='bbox 1374 2770 1711 2836; x_wconf 88' lang='lat' dir='ltr'><strong>mensibus</strong></span> <span class='ocrx_word' id='word_1_113' title='bbox 1756 2771 1946 2834; x_wconf 84' lang='grc'><strong>2640.</strong></span> 
     </span>
     <span class='ocr_line' id='line_1_28' title="bbox 629 2858 1487 2925; baseline -0.002 -1"><span class='ocrx_word' id='word_1_114' title='bbox 629 2858 867 2925; x_wconf 89' lang='lat' dir='ltr'><strong>Ternis</strong></span> <span class='ocrx_word' id='word_1_115' title='bbox 910 2859 1044 2924; x_wconf 91' lang='lat' dir='ltr'><strong>tuis</strong></span> <span class='ocrx_word' id='word_1_116' title='bbox 1085 2858 1296 2923; x_wconf 88' lang='lat' dir='ltr'><strong>literis</strong></span> <span class='ocrx_word' id='word_1_117' title='bbox 1347 2860 1487 2922; x_wconf 92' lang='grc'><strong>126.</strong></span> 
     </span>
    </p>

    <p class='ocr_par' dir='ltr' id='par_1_15' title="bbox 630 2943 1971 3098">
     <span class='ocr_line' id='line_1_29' title="bbox 630 2943 1971 3026; baseline -0.004 -16"><span class='ocrx_word' id='word_1_118' title='bbox 630 2945 856 3012; x_wconf 90' lang='lat' dir='ltr'><strong>Tertio</strong></span> <span class='ocrx_word' id='word_1_119' title='bbox 901 2943 1007 3009; x_wconf 91' lang='lat' dir='ltr'><strong>die</strong></span> <span class='ocrx_word' id='word_1_120' title='bbox 1052 2963 1178 3026; x_wconf 92' lang='lat' dir='ltr'><strong>quo</strong></span> <span class='ocrx_word' id='word_1_121' title='bbox 1225 2944 1342 3009; x_wconf 89' lang='lat' dir='ltr'><strong>tibi</strong></span> <span class='ocrx_word' id='word_1_122' title='bbox 1386 2943 1781 3026; x_wconf 74' lang='lat' dir='ltr'><strong>scripseram</strong></span> <span class='ocrx_word' id='word_1_123' title='bbox 1829 2946 1971 3005; x_wconf 87' lang='grc'><strong>421.</strong></span> 
     </span>
     <span class='ocr_line' id='line_1_30' title="bbox 631 3029 1585 3098; baseline -0.003 0"><span class='ocrx_word' id='word_1_124' title='bbox 631 3033 858 3098; x_wconf 90' lang='lat' dir='ltr'><strong>Tertio</strong></span> <span class='ocrx_word' id='word_1_125' title='bbox 902 3031 1037 3097; x_wconf 91' lang='lat' dir='ltr'><strong>iam</strong></span> <span class='ocrx_word' id='word_1_126' title='bbox 1081 3029 1351 3097; x_wconf 87' lang='lat' dir='ltr'><strong>sinistra</strong></span> <span class='ocrx_word' id='word_1_127' title='bbox 1404 3033 1585 3095; x_wconf 90' lang='grc'><strong>1645.</strong></span> 
     </span>
    </p>

    <p class='ocr_par' dir='ltr' id='par_1_16' title="bbox 632 3115 1430 3201">
     <span class='ocr_line' id='line_1_31' title="bbox 632 3115 1430 3201; baseline -0.008 -17"><span class='ocrx_word' id='word_1_128' title='bbox 632 3118 858 3184; x_wconf 88' lang='lat' dir='ltr'><strong>Tertio</strong></span> <span class='ocrx_word' id='word_1_129' title='bbox 901 3124 1050 3201; x_wconf 90' lang='lat' dir='ltr'><strong>post</strong></span> <span class='ocrx_word' id='word_1_130' title='bbox 1092 3115 1198 3181; x_wconf 92' lang='lat' dir='ltr'><strong>die</strong></span> <span class='ocrx_word' id='word_1_131' title='bbox 1244 3119 1430 3178; x_wconf 83' lang='lat'><strong>2071.</strong></span> 
     </span>
    </p>

    <p class='ocr_par' dir='ltr' id='par_1_17' title="bbox 632 3201 1771 3373">
     <span class='ocr_line' id='line_1_32' title="bbox 632 3201 1771 3271; baseline -0.006 0"><span class='ocrx_word' id='word_1_132' title='bbox 632 3201 1039 3271; x_wconf 84' lang='lat' dir='ltr'><strong>Theofredus</strong></span> <span class='ocrx_word' id='word_1_133' title='bbox 1083 3201 1580 3267; x_wconf 76' lang='lat' dir='ltr'><strong>matrimonium</strong></span> <span class='ocrx_word' id='word_1_134' title='bbox 1626 3204 1771 3264; x_wconf 90' lang='grc'><strong>686.</strong></span> 
     </span>
     <span class='ocr_line' id='line_1_33' title="bbox 634 3286 1577 3373; baseline -0.007 -18"><span class='ocrx_word' id='word_1_135' title='bbox 634 3289 785 3356; x_wconf 89' lang='lat' dir='ltr'><strong>Tibi</strong></span> <span class='ocrx_word' id='word_1_136' title='bbox 831 3297 900 3354; x_wconf 88' lang='lat' dir='ltr'><strong>et</strong></span> <span class='ocrx_word' id='word_1_137' title='bbox 942 3288 1091 3354; x_wconf 85' lang='lat' dir='ltr'><strong>aliis</strong></span> <span class='ocrx_word' id='word_1_138' title='bbox 1135 3286 1430 3373; x_wconf 82' lang='lat' dir='ltr'><strong>gratulor</strong></span> <span class='ocrx_word' id='word_1_139' title='bbox 1476 3291 1577 3348; x_wconf 87' lang='lat'><strong>88.</strong></span> 
     </span>
    </p>

    <p class='ocr_par' dir='ltr' id='par_1_18' title="bbox 635 3371 2043 3629">
     <span class='ocr_line' id='line_1_34' title="bbox 635 3371 2043 3458; baseline -0.005 -13"><span class='ocrx_word' id='word_1_140' title='bbox 635 3377 787 3445; x_wconf 73' lang='lat' dir='ltr'><strong>&#39;ribi</strong></span> <span class='ocrx_word' id='word_1_141' title='bbox 830 3374 1139 3458; x_wconf 88' lang='lat' dir='ltr'><strong>inprimis</strong></span> <span class='ocrx_word' id='word_1_142' title='bbox 1183 3394 1306 3439; x_wconf 90' lang='grc'><strong>1188</strong></span> <span class='ocrx_word' id='word_1_143' title='bbox 1348 3395 1483 3438; x_wconf 87' lang='grc'><strong>11811</strong></span> <span class='ocrx_word' id='word_1_144' title='bbox 1530 3371 1808 3440; x_wconf 86' lang='lat' dir='ltr'><strong>caeteris</strong></span> <span class='ocrx_word' id='word_1_145' title='bbox 1856 3375 2043 3438; x_wconf 90' lang='grc'><strong>3295.</strong></span> 
     </span>
     <span class='ocr_line' id='line_1_35' title="bbox 636 3458 1636 3541; baseline -0.004 -13"><span class='ocrx_word' id='word_1_146' title='bbox 636 3461 788 3528; x_wconf 93' lang='lat' dir='ltr'><strong>Tibi</strong></span> <span class='ocrx_word' id='word_1_147' title='bbox 831 3462 1046 3527; x_wconf 90' lang='lat' dir='ltr'><strong>locum</strong></span> <span class='ocrx_word' id='word_1_148' title='bbox 1089 3458 1402 3541; x_wconf 83' lang='lat' dir='ltr'><strong>obtigisse</strong></span> <span class='ocrx_word' id='word_1_149' title='bbox 1449 3461 1636 3524; x_wconf 86' lang='grc'><strong>2002.</strong></span> 
     </span>
     <span class='ocr_line' id='line_1_36' title="bbox 637 3545 1450 3629; baseline -0.009 -15"><span class='ocrx_word' id='word_1_150' title='bbox 637 3549 973 3629; x_wconf 84' lang='lat' dir='ltr'><strong>Torqueor</strong></span> <span class='ocrx_word' id='word_1_151' title='bbox 1015 3545 1229 3611; x_wconf 91' lang='lat' dir='ltr'><strong>indies</strong></span> <span class='ocrx_word' id='word_1_152' title='bbox 1266 3547 1450 3607; x_wconf 90' lang='grc'><strong>2435.</strong></span> 
     </span>
    </p>

    <p class='ocr_par' dir='ltr' id='par_1_19' title="bbox 635 3632 1591 3715">
     <span class='ocr_line' id='line_1_37' title="bbox 635 3632 1591 3715; baseline -0.005 -16"><span class='ocrx_word' id='word_1_153' title='bbox 635 3635 805 3699; x_wconf 88' lang='lat' dir='ltr'><strong>Tota</strong></span> <span class='ocrx_word' id='word_1_154' title='bbox 846 3633 940 3699; x_wconf 86' lang='lat' dir='ltr'><strong>cis</strong></span> <span class='ocrx_word' id='word_1_155' title='bbox 984 3632 1361 3715; x_wconf 83' lang='lat' dir='ltr'><strong>Sequanam</strong></span> <span class='ocrx_word' id='word_1_156' title='bbox 1405 3635 1591 3694; x_wconf 88' lang='grc'><strong>3923.</strong></span> 
     </span>
    </p>

    <p class='ocr_par' dir='ltr' id='par_1_20' title="bbox 637 3715 1979 4059">
     <span class='ocr_line' id='line_1_38' title="bbox 637 3715 1940 3800; baseline -0.003 -15"><span class='ocrx_word' id='word_1_157' title='bbox 637 3721 883 3785; x_wconf 92' lang='lat' dir='ltr'><strong>Totum</strong></span> <span class='ocrx_word' id='word_1_158' title='bbox 928 3730 1188 3800; x_wconf 90' lang='lat' dir='ltr'><strong>tempus</strong></span> <span class='ocrx_word' id='word_1_159' title='bbox 1232 3715 1752 3800; x_wconf 89' lang='lat' dir='ltr'><strong>pomeridianum</strong></span> <span class='ocrx_word' id='word_1_160' title='bbox 1798 3719 1940 3781; x_wconf 90' lang='grc'><strong>266.</strong></span> 
     </span>
     <span class='ocr_line' id='line_1_39' title="bbox 638 3803 1716 3889; baseline -0.009 -17"><span class='ocrx_word' id='word_1_161' title='bbox 638 3803 1215 3889; x_wconf 86' lang='lat' dir='ltr'><strong>Tranquillitatem</strong></span> <span class='ocrx_word' id='word_1_162' title='bbox 1260 3825 1483 3868; x_wconf 89' lang='lat' dir='ltr'><strong>rerum</strong></span> <span class='ocrx_word' id='word_1_163' title='bbox 1530 3807 1716 3864; x_wconf 89' lang='grc'><strong>3584.</strong></span> 
     </span>
     <span class='ocr_line' id='line_1_40' title="bbox 637 3888 1979 3974; baseline -0.004 -17"><span class='ocrx_word' id='word_1_164' title='bbox 637 3889 1094 3974; x_wconf 77' lang='lat' dir='ltr'><strong>Tranquillum</strong></span> <span class='ocrx_word' id='word_1_165' title='bbox 1141 3888 1452 3955; x_wconf 85' lang='lat' dir='ltr'><strong>ecclesiae</strong></span> <span class='ocrx_word' id='word_1_166' title='bbox 1496 3896 1745 3954; x_wconf 87' lang='lat' dir='ltr'><strong>statum</strong></span> <span class='ocrx_word' id='word_1_167' title='bbox 1792 3891 1979 3952; x_wconf 83' lang='lat'><strong>3173.</strong></span> 
     </span>
     <span class='ocr_line' id='line_1_41' title="bbox 638 3974 1588 4059; baseline -0.004 -16"><span class='ocrx_word' id='word_1_168' title='bbox 638 3977 933 4043; x_wconf 85' lang='lat' dir='ltr'><strong>Transiit</strong></span> <span class='ocrx_word' id='word_1_169' title='bbox 976 3976 1085 4041; x_wconf 76' lang='lat' dir='ltr'><strong>hio</strong></span> <span class='ocrx_word' id='word_1_170' title='bbox 1129 3974 1450 4059; x_wconf 82' lang='lat' dir='ltr'><strong>Sinapius</strong></span> <span class='ocrx_word' id='word_1_171' title='bbox 1487 3980 1588 4039; x_wconf 93' lang='grc'><strong>53.</strong></span> 
     </span>
    </p>
   </div>
   <div class='ocr_carea' id='block_1_3' title="bbox 637 4060 2127 4143">
    <p class='ocr_par' dir='ltr' id='par_1_21' title="bbox 637 4060 2127 4143">
     <span class='ocr_line' id='line_1_42' title="bbox 637 4060 2127 4143; baseline -0.003 -15"><span class='ocrx_word' id='word_1_172' title='bbox 637 4060 1470 4129; x_wconf 84' lang='lat' dir='ltr'><strong>Transsubstantiationem</strong></span> <span class='ocrx_word' id='word_1_173' title='bbox 1505 4060 1892 4143; x_wconf 88' lang='lat' dir='ltr'><strong>papisticam</strong></span> <span class='ocrx_word' id='word_1_174' title='bbox 1939 4060 2127 4124; x_wconf 87' lang='grc'><strong>2463.</strong></span> 
     </span>
    </p>
   </div>
   <div class='ocr_carea' id='block_1_4' title="bbox 637 4147 2043 5414">
    <p class='ocr_par' dir='ltr' id='par_1_22' title="bbox 637 4147 1535 4214">
     <span class='ocr_line' id='line_1_43' title="bbox 637 4147 1535 4214; baseline -0.009 0"><span class='ocrx_word' id='word_1_175' title='bbox 637 4147 1034 4214; x_wconf 90' lang='lat' dir='ltr'><strong>Tremellius</strong></span> <span class='ocrx_word' id='word_1_176' title='bbox 1078 4156 1305 4213; x_wconf 88' lang='lat' dir='ltr'><strong>noster</strong></span> <span class='ocrx_word' id='word_1_177' title='bbox 1351 4150 1535 4209; x_wconf 88' lang='grc'><strong>2089.</strong></span> 
     </span>
    </p>

    <p class='ocr_par' dir='ltr' id='par_1_23' title="bbox 639 4234 1418 4301">
     <span class='ocr_line' id='line_1_44' title="bbox 639 4234 1418 4301; baseline -0.004 -1"><span class='ocrx_word' id='word_1_178' title='bbox 639 4237 805 4301; x_wconf 86' lang='lat' dir='ltr'><strong>Tres</strong></span> <span class='ocrx_word' id='word_1_179' title='bbox 850 4234 947 4299; x_wconf 90' lang='lat' dir='ltr'><strong>illi</strong></span> <span class='ocrx_word' id='word_1_180' title='bbox 992 4234 1185 4299; x_wconf 91' lang='lat' dir='ltr'><strong>amici</strong></span> <span class='ocrx_word' id='word_1_181' title='bbox 1231 4236 1418 4297; x_wconf 91' lang='grc'><strong>3132.</strong></span> 
     </span>
    </p>

    <p class='ocr_par' dir='ltr' id='par_1_24' title="bbox 640 4317 1958 4488">
     <span class='ocr_line' id='line_1_45' title="bbox 640 4317 1958 4403; baseline -0.003 -18"><span class='ocrx_word' id='word_1_182' title='bbox 640 4320 888 4386; x_wconf 88' lang='lat' dir='ltr'><strong>Triduo</strong></span> <span class='ocrx_word' id='word_1_183' title='bbox 934 4330 1287 4403; x_wconf 90' lang='lat' dir='ltr'><strong>antequam</strong></span> <span class='ocrx_word' id='word_1_184' title='bbox 1328 4317 1723 4401; x_wconf 78' lang='lat' dir='ltr'><strong>posteriores</strong></span> <span class='ocrx_word' id='word_1_185' title='bbox 1773 4317 1958 4381; x_wconf 89' lang='grc'><strong>1129.</strong></span> 
     </span>
     <span class='ocr_line' id='line_1_46' title="bbox 641 4406 1583 4488; baseline -0.007 -16"><span class='ocrx_word' id='word_1_186' title='bbox 641 4406 891 4472; x_wconf 88' lang='lat' dir='ltr'><strong>Triduo</strong></span> <span class='ocrx_word' id='word_1_187' title='bbox 938 4427 1068 4470; x_wconf 90' lang='lat' dir='ltr'><strong>non</strong></span> <span class='ocrx_word' id='word_1_188' title='bbox 1116 4426 1347 4488; x_wconf 91' lang='lat' dir='ltr'><strong>parum</strong></span> <span class='ocrx_word' id='word_1_189' title='bbox 1399 4407 1583 4465; x_wconf 79' lang='grc'><strong>3163.</strong></span> 
     </span>
    </p>

    <p class='ocr_par' dir='ltr' id='par_1_25' title="bbox 641 4488 2043 4901">
     <span class='ocr_line' id='line_1_47' title="bbox 641 4488 1915 4574; baseline -0.004 -16"><span class='ocrx_word' id='word_1_190' title='bbox 641 4493 860 4558; x_wconf 79' lang='lat' dir='ltr'><strong>Triste</strong></span> <span class='ocrx_word' id='word_1_191' title='bbox 904 4490 1068 4556; x_wconf 89' lang='lat' dir='ltr'><strong>illud</strong></span> <span class='ocrx_word' id='word_1_192' title='bbox 1113 4490 1283 4574; x_wconf 91' lang='lat' dir='ltr'><strong>quod</strong></span> <span class='ocrx_word' id='word_1_193' title='bbox 1331 4488 1678 4573; x_wconf 89' lang='lat' dir='ltr'><strong>postremis</strong></span> <span class='ocrx_word' id='word_1_194' title='bbox 1725 4492 1915 4553; x_wconf 87' lang='grc'><strong>3624.</strong></span> 
     </span>
     <span class='ocr_line' id='line_1_48' title="bbox 643 4572 2043 4654; baseline -0.006 -10"><span class='ocrx_word' id='word_1_195' title='bbox 643 4580 929 4644; x_wconf 88' lang='lat' dir='ltr'><strong>Tristem</strong></span> <span class='ocrx_word' id='word_1_196' title='bbox 973 4575 1330 4654; x_wconf 86' lang='lat' dir='ltr'><strong>admodum</strong></span> <span class='ocrx_word' id='word_1_197' title='bbox 1375 4597 1482 4641; x_wconf 91' lang='lat' dir='ltr'><strong>me</strong></span> <span class='ocrx_word' id='word_1_198' title='bbox 1524 4572 1811 4640; x_wconf 89' lang='lat' dir='ltr'><strong>reddidit</strong></span> <span class='ocrx_word' id='word_1_199' title='bbox 1855 4576 2043 4637; x_wconf 90' lang='grc'><strong>3832.</strong></span> 
     </span>
     <span class='ocr_line' id='line_1_49' title="bbox 645 4661 1629 4730; baseline -0.004 -1"><span class='ocrx_word' id='word_1_200' title='bbox 645 4664 898 4730; x_wconf 87' lang='lat' dir='ltr'><strong>Tristes</strong></span> <span class='ocrx_word' id='word_1_201' title='bbox 942 4683 1062 4728; x_wconf 87' lang='lat' dir='ltr'><strong>nos</strong></span> <span class='ocrx_word' id='word_1_202' title='bbox 1107 4661 1395 4727; x_wconf 90' lang='lat' dir='ltr'><strong>reddunt</strong></span> <span class='ocrx_word' id='word_1_203' title='bbox 1440 4664 1629 4725; x_wconf 91' lang='grc'><strong>3915.</strong></span> 
     </span>
     <span class='ocr_line' id='line_1_50' title="bbox 646 4746 1849 4815; baseline -0.004 0"><span class='ocrx_word' id='word_1_204' title='bbox 646 4749 1094 4815; x_wconf 87' lang='lat' dir='ltr'><strong>Tristissimus</strong></span> <span class='ocrx_word' id='word_1_205' title='bbox 1138 4747 1325 4813; x_wconf 88' lang='lat' dir='ltr'><strong>nobis</strong></span> <span class='ocrx_word' id='word_1_206' title='bbox 1367 4747 1493 4812; x_wconf 85' lang='lat' dir='ltr'><strong>fuit</strong></span> <span class='ocrx_word' id='word_1_207' title='bbox 1539 4748 1702 4808; x_wconf 88' lang='grc'><strong>2353</strong></span> <span class='ocrx_word' id='word_1_208' title='bbox 1729 4746 1849 4812; x_wconf 92' lang='lat' dir='ltr'><strong>bis.</strong></span> 
     </span>
     <span class='ocr_line' id='line_1_51' title="bbox 648 4833 1577 4901; baseline -0.004 1"><span class='ocrx_word' id='word_1_209' title='bbox 648 4836 883 4901; x_wconf 86' lang='lat' dir='ltr'><strong>Trium</strong></span> <span class='ocrx_word' id='word_1_210' title='bbox 918 4834 1171 4900; x_wconf 92' lang='lat' dir='ltr'><strong>dierum</strong></span> <span class='ocrx_word' id='word_1_211' title='bbox 1218 4833 1344 4898; x_wconf 89' lang='lat' dir='ltr'><strong>iter</strong></span> <span class='ocrx_word' id='word_1_212' title='bbox 1391 4836 1577 4898; x_wconf 91' lang='grc'><strong>3096.</strong></span> 
     </span>
    </p>

    <p class='ocr_par' dir='ltr' id='par_1_26' title="bbox 648 4920 1364 4987">
     <span class='ocr_line' id='line_1_52' title="bbox 648 4920 1364 4987; baseline -0.004 0"><span class='ocrx_word' id='word_1_213' title='bbox 648 4921 947 4987; x_wconf 90' lang='lat' dir='ltr'><strong>Troilum</strong></span> <span class='ocrx_word' id='word_1_214' title='bbox 991 4920 1172 4985; x_wconf 85' lang='lat' dir='ltr'><strong>Critz</strong></span> <span class='ocrx_word' id='word_1_215' title='bbox 1220 4922 1364 4984; x_wconf 91' lang='grc'><strong>823.</strong></span> 
     </span>
    </p>

    <p class='ocr_par' dir='ltr' id='par_1_27' title="bbox 649 5004 1614 5089">
     <span class='ocr_line' id='line_1_53' title="bbox 649 5004 1614 5089; baseline -0.004 -18"><span class='ocrx_word' id='word_1_216' title='bbox 649 5008 755 5071; x_wconf 87' lang='lat' dir='ltr'><strong>Tu</strong></span> <span class='ocrx_word' id='word_1_217' title='bbox 799 5005 954 5089; x_wconf 89' lang='lat' dir='ltr'><strong>quid</strong></span> <span class='ocrx_word' id='word_1_218' title='bbox 994 5006 1288 5071; x_wconf 84' lang='lat' dir='ltr'><strong>facturus</strong></span> <span class='ocrx_word' id='word_1_219' title='bbox 1332 5004 1423 5070; x_wconf 93' lang='lat' dir='ltr'><strong>sis</strong></span> <span class='ocrx_word' id='word_1_220' title='bbox 1471 5006 1614 5067; x_wconf 89' lang='grc'><strong>809.</strong></span> 
     </span>
    </p>

    <p class='ocr_par' dir='ltr' id='par_1_28' title="bbox 650 5088 2010 5260">
     <span class='ocr_line' id='line_1_54' title="bbox 650 5088 2010 5175; baseline -0.001 -18"><span class='ocrx_word' id='word_1_221' title='bbox 650 5093 753 5157; x_wconf 92' lang='lat' dir='ltr'><strong>Tu</strong></span> <span class='ocrx_word' id='word_1_222' title='bbox 798 5090 1061 5175; x_wconf 89' lang='lat' dir='ltr'><strong>quidem</strong></span> <span class='ocrx_word' id='word_1_223' title='bbox 1109 5111 1263 5155; x_wconf 90' lang='lat' dir='ltr'><strong>vere</strong></span> <span class='ocrx_word' id='word_1_224' title='bbox 1307 5102 1375 5155; x_wconf 85' lang='lat' dir='ltr'><strong>et</strong></span> <span class='ocrx_word' id='word_1_225' title='bbox 1416 5088 1774 5175; x_wconf 87' lang='lat' dir='ltr'><strong>prudenter</strong></span> <span class='ocrx_word' id='word_1_226' title='bbox 1826 5093 2010 5155; x_wconf 87' lang='lat'><strong>1619.</strong></span> 
     </span>
     <span class='ocr_line' id='line_1_55' title="bbox 652 5176 1719 5260; baseline -0.004 -18"><span class='ocrx_word' id='word_1_227' title='bbox 652 5179 760 5242; x_wconf 92' lang='lat' dir='ltr'><strong>Tu</strong></span> <span class='ocrx_word' id='word_1_228' title='bbox 803 5198 959 5243; x_wconf 89' lang='lat' dir='ltr'><strong>vero</strong></span> <span class='ocrx_word' id='word_1_229' title='bbox 1003 5177 1198 5260; x_wconf 87' lang='lat' dir='ltr'><strong>longe</strong></span> <span class='ocrx_word' id='word_1_230' title='bbox 1243 5176 1487 5242; x_wconf 84' lang='lat' dir='ltr'><strong>falleris</strong></span> <span class='ocrx_word' id='word_1_231' title='bbox 1540 5178 1719 5238; x_wconf 89' lang='grc'><strong>1600.</strong></span> 
     </span>
    </p>

    <p class='ocr_par' dir='ltr' id='par_1_29' title="bbox 654 5261 1757 5328">
     <span class='ocr_line' id='line_1_56' title="bbox 654 5261 1757 5328; baseline -0.001 -1"><span class='ocrx_word' id='word_1_232' title='bbox 654 5264 758 5327; x_wconf 87' lang='lat' dir='ltr'><strong>Tu</strong></span> <span class='ocrx_word' id='word_1_233' title='bbox 802 5284 957 5328; x_wconf 90' lang='lat' dir='ltr'><strong>vero</strong></span> <span class='ocrx_word' id='word_1_234' title='bbox 1001 5262 1271 5327; x_wconf 90' lang='lat' dir='ltr'><strong>minime</strong></span> <span class='ocrx_word' id='word_1_235' title='bbox 1314 5261 1524 5326; x_wconf 89' lang='lat' dir='ltr'><strong>literis</strong></span> <span class='ocrx_word' id='word_1_236' title='bbox 1572 5263 1757 5326; x_wconf 90' lang='grc'><strong>2421.</strong></span> 
     </span>
    </p>

    <p class='ocr_par' dir='ltr' id='par_1_30' title="bbox 652 5348 1564 5414">
     <span class='ocr_line' id='line_1_57' title="bbox 652 5348 1564 5414; baseline -0.003 -1"><span class='ocrx_word' id='word_1_237' title='bbox 652 5350 801 5413; x_wconf 85' lang='lat' dir='ltr'><strong>Tua</strong></span> <span class='ocrx_word' id='word_1_238' title='bbox 842 5349 958 5413; x_wconf 90' lang='lat' dir='ltr'><strong>illa</strong></span> <span class='ocrx_word' id='word_1_239' title='bbox 998 5348 1373 5414; x_wconf 87' lang='lat' dir='ltr'><strong>humanitas</strong></span> <span class='ocrx_word' id='word_1_240' title='bbox 1420 5350 1564 5410; x_wconf 88' lang='grc'><strong>550.</strong></span> 
     </span>
    </p>
   </div>
   <div class='ocr_carea' id='block_1_5' title="bbox 2635 635 2685 5403">
    <p class='ocr_par' dir='ltr' id='par_1_31' title="bbox 2635 635 2685 5403">
     <span class='ocr_line' id='line_1_58' title="bbox 2635 635 2685 5403; baseline 0 0"><span class='ocrx_word' id='word_1_241' title='bbox 2635 635 2685 5403; x_wconf 95' lang='lat' dir='ltr'><strong> </strong></span> 
     </span>
    </p>
   </div>
   <div class='ocr_carea' id='block_1_6' title="bbox 2694 624 4122 2598">
    <p class='ocr_par' dir='ltr' id='par_1_32' title="bbox 2694 624 3907 778">
     <span class='ocr_line' id='line_1_59' title="bbox 2695 624 3907 710; baseline -0.003 -17"><span class='ocrx_word' id='word_1_242' title='bbox 2695 628 2845 693; x_wconf 87' lang='lat' dir='ltr'><strong>Tua</strong></span> <span class='ocrx_word' id='word_1_243' title='bbox 2879 647 3197 710; x_wconf 87' lang='lat' dir='ltr'><strong>responsa</strong></span> <span class='ocrx_word' id='word_1_244' title='bbox 3241 625 3324 691; x_wconf 91' lang='lat' dir='ltr'><strong>ad</strong></span> <span class='ocrx_word' id='word_1_245' title='bbox 3362 624 3673 692; x_wconf 75' lang='lat' dir='ltr'><strong>articulos</strong></span> <span class='ocrx_word' id='word_1_246' title='bbox 3722 628 3907 689; x_wconf 89' lang='grc'><strong>3432.</strong></span> 
     </span>
     <span class='ocr_line' id='line_1_60' title="bbox 2694 711 3727 778; baseline -0.001 -1"><span class='ocrx_word' id='word_1_247' title='bbox 2694 713 2878 778; x_wconf 90' lang='lat' dir='ltr'><strong>Tuae</strong></span> <span class='ocrx_word' id='word_1_248' title='bbox 2921 712 3213 778; x_wconf 86' lang='lat' dir='ltr'><strong>caritatis</strong></span> <span class='ocrx_word' id='word_1_249' title='bbox 3302 711 3490 777; x_wconf 89' lang='lat' dir='ltr'><strong>lenae</strong></span> <span class='ocrx_word' id='word_1_250' title='bbox 3537 712 3727 776; x_wconf 88' lang='grc'><strong>2468.</strong></span> 
     </span>
    </p>

    <p class='ocr_par' dir='ltr' id='par_1_33' title="bbox 2694 797 3862 967">
     <span class='ocr_line' id='line_1_61' title="bbox 2696 797 3862 882; baseline -0.003 -18"><span class='ocrx_word' id='word_1_251' title='bbox 2696 799 2880 864; x_wconf 86' lang='lat' dir='ltr'><strong>Tuae</strong></span> <span class='ocrx_word' id='word_1_252' title='bbox 2923 797 3190 882; x_wconf 89' lang='lat' dir='ltr'><strong>quidem</strong></span> <span class='ocrx_word' id='word_1_253' title='bbox 3280 806 3427 864; x_wconf 89' lang='lat' dir='ltr'><strong>atae</strong></span> <span class='ocrx_word' id='word_1_254' title='bbox 3469 805 3631 863; x_wconf 91' lang='lat' dir='ltr'><strong>sunt</strong></span> <span class='ocrx_word' id='word_1_255' title='bbox 3676 798 3862 862; x_wconf 91' lang='grc'><strong>2064.</strong></span> 
     </span>
     <span class='ocr_line' id='line_1_62' title="bbox 2694 883 3669 967; baseline -0.003 -18"><span class='ocrx_word' id='word_1_256' title='bbox 2694 883 2910 966; x_wconf 86' lang='lat' dir='ltr'><strong>Tuam</strong></span> <span class='ocrx_word' id='word_1_257' title='bbox 2955 884 3433 967; x_wconf 81' lang='lat' dir='ltr'><strong>benignitatem</strong></span> <span class='ocrx_word' id='word_1_258' title='bbox 3483 886 3669 946; x_wconf 90' lang='grc'><strong>2916.</strong></span> 
     </span>
    </p>

    <p class='ocr_par' dir='ltr' id='par_1_34' title="bbox 2698 968 4116 1140">
     <span class='ocr_line' id='line_1_63' title="bbox 2698 968 4116 1036; baseline -0.001 0"><span class='ocrx_word' id='word_1_259' title='bbox 2698 971 2912 1036; x_wconf 87' lang='lat' dir='ltr'><strong>Tuam</strong></span> <span class='ocrx_word' id='word_1_260' title='bbox 2957 970 3028 1034; x_wconf 94' lang='lat' dir='ltr'><strong>in</strong></span> <span class='ocrx_word' id='word_1_261' title='bbox 3073 968 3417 1036; x_wconf 89' lang='lat' dir='ltr'><strong>scribendo</strong></span> <span class='ocrx_word' id='word_1_262' title='bbox 3462 968 3880 1035; x_wconf 84' lang='lat' dir='ltr'><strong>sedulitatem</strong></span> <span class='ocrx_word' id='word_1_263' title='bbox 3929 972 4116 1034; x_wconf 90' lang='grc'><strong>2833.</strong></span> 
     </span>
     <span class='ocr_line' id='line_1_64' title="bbox 2699 1055 3539 1140; baseline -0.004 -18"><span class='ocrx_word' id='word_1_264' title='bbox 2699 1057 2880 1122; x_wconf 88' lang='lat' dir='ltr'><strong>Tuas</strong></span> <span class='ocrx_word' id='word_1_265' title='bbox 2925 1077 2966 1121; x_wconf 89' lang='lat' dir='ltr'><strong>a</strong></span> <span class='ocrx_word' id='word_1_266' title='bbox 3005 1055 3303 1140; x_wconf 86' lang='lat' dir='ltr'><strong>patruele</strong></span> <span class='ocrx_word' id='word_1_267' title='bbox 3352 1058 3539 1119; x_wconf 87' lang='grc'><strong>3206.</strong></span> 
     </span>
    </p>

    <p class='ocr_par' dir='ltr' id='par_1_35' title="bbox 2700 1141 3763 1222">
     <span class='ocr_line' id='line_1_65' title="bbox 2700 1141 3763 1222; baseline -0.002 -15"><span class='ocrx_word' id='word_1_268' title='bbox 2700 1142 2879 1207; x_wconf 86' lang='lat' dir='ltr'><strong>Tuas</strong></span> <span class='ocrx_word' id='word_1_269' title='bbox 2923 1141 3244 1207; x_wconf 91' lang='lat' dir='ltr'><strong>desiderio</strong></span> <span class='ocrx_word' id='word_1_270' title='bbox 3289 1161 3530 1222; x_wconf 83' lang='lat' dir='ltr'><strong>magno</strong></span> <span class='ocrx_word' id='word_1_271' title='bbox 3580 1143 3763 1205; x_wconf 88' lang='grc'><strong>1239.</strong></span> 
     </span>
    </p>

    <p class='ocr_par' dir='ltr' id='par_1_36' title="bbox 2700 1226 3721 1310">
     <span class='ocr_line' id='line_1_66' title="bbox 2700 1226 3721 1310; baseline -0.002 -18"><span class='ocrx_word' id='word_1_272' title='bbox 2700 1229 2880 1293; x_wconf 88' lang='lat' dir='ltr'><strong>Tuas</strong></span> <span class='ocrx_word' id='word_1_273' title='bbox 2925 1227 3162 1294; x_wconf 87' lang='lat' dir='ltr'><strong>dilecte</strong></span> <span class='ocrx_word' id='word_1_274' title='bbox 3206 1226 3486 1310; x_wconf 88' lang='lat' dir='ltr'><strong>scriptas</strong></span> <span class='ocrx_word' id='word_1_275' title='bbox 3538 1230 3721 1290; x_wconf 91' lang='grc'><strong>1083.</strong></span> 
     </span>
    </p>

    <p class='ocr_par' dir='ltr' id='par_1_37' title="bbox 2700 1313 3688 1398">
     <span class='ocr_line' id='line_1_67' title="bbox 2700 1313 3688 1398; baseline -0.001 -20"><span class='ocrx_word' id='word_1_276' title='bbox 2700 1315 2878 1379; x_wconf 91' lang='lat' dir='ltr'><strong>Tuas</strong></span> <span class='ocrx_word' id='word_1_277' title='bbox 2921 1313 3452 1398; x_wconf 78' lang='lat' dir='ltr'><strong>exoptatissimae</strong></span> <span class='ocrx_word' id='word_1_278' title='bbox 3498 1313 3688 1377; x_wconf 88' lang='grc'><strong>2132.</strong></span> 
     </span>
    </p>

    <p class='ocr_par' dir='ltr' id='par_1_38' title="bbox 2700 1398 4122 1913">
     <span class='ocr_line' id='line_1_68' title="bbox 2700 1398 4028 1482; baseline -0.005 -18"><span class='ocrx_word' id='word_1_279' title='bbox 2700 1401 2881 1465; x_wconf 90' lang='lat' dir='ltr'><strong>Tuas</strong></span> <span class='ocrx_word' id='word_1_280' title='bbox 2928 1398 3121 1465; x_wconf 90' lang='lat' dir='ltr'><strong>hodie</strong></span> <span class='ocrx_word' id='word_1_281' title='bbox 3164 1399 3380 1482; x_wconf 87' lang='lat' dir='ltr'><strong>accepi</strong></span> <span class='ocrx_word' id='word_1_282' title='bbox 3427 1419 3510 1463; x_wconf 84' lang='lat' dir='ltr'><strong>ex</strong></span> <span class='ocrx_word' id='word_1_283' title='bbox 3553 1398 3792 1482; x_wconf 90' lang='lat' dir='ltr'><strong>quibus</strong></span> <span class='ocrx_word' id='word_1_284' title='bbox 3843 1401 4028 1460; x_wconf 87' lang='grc'><strong>1194.</strong></span> 
     </span>
     <span class='ocr_line' id='line_1_69' title="bbox 2700 1484 3865 1568; baseline -0.003 -18"><span class='ocrx_word' id='word_1_285' title='bbox 2700 1487 2879 1551; x_wconf 88' lang='lat' dir='ltr'><strong>Tuas</strong></span> <span class='ocrx_word' id='word_1_286' title='bbox 2924 1485 3117 1551; x_wconf 80' lang='lat' dir='ltr'><strong>hodie</strong></span> <span class='ocrx_word' id='word_1_287' title='bbox 3162 1486 3382 1568; x_wconf 85' lang='lat' dir='ltr'><strong>accepi</strong></span> <span class='ocrx_word' id='word_1_288' title='bbox 3427 1484 3631 1549; x_wconf 89' lang='lat' dir='ltr'><strong>miror</strong></span> <span class='ocrx_word' id='word_1_289' title='bbox 3677 1487 3865 1547; x_wconf 85' lang='grc'><strong>3044.</strong></span> 
     </span>
     <span class='ocr_line' id='line_1_70' title="bbox 2701 1569 3910 1637; baseline -0.003 0"><span class='ocrx_word' id='word_1_290' title='bbox 2701 1572 2880 1637; x_wconf 84' lang='lat' dir='ltr'><strong>Tuas</strong></span> <span class='ocrx_word' id='word_1_291' title='bbox 2919 1572 3145 1637; x_wconf 88' lang='lat' dir='ltr'><strong>literas</strong></span> <span class='ocrx_word' id='word_1_292' title='bbox 3188 1571 3377 1636; x_wconf 87' lang='lat' dir='ltr'><strong>datas</strong></span> <span class='ocrx_word' id='word_1_293' title='bbox 3421 1569 3727 1635; x_wconf 87' lang='lat' dir='ltr'><strong>vicesimo</strong></span> <span class='ocrx_word' id='word_1_294' title='bbox 3766 1573 3910 1633; x_wconf 89' lang='grc'><strong>763.</strong></span> 
     </span>
     <span class='ocr_line' id='line_1_71' title="bbox 2701 1656 3808 1740; baseline -0.003 -17"><span class='ocrx_word' id='word_1_295' title='bbox 2701 1659 2878 1722; x_wconf 89' lang='lat' dir='ltr'><strong>Tuas</strong></span> <span class='ocrx_word' id='word_1_296' title='bbox 2922 1657 3150 1723; x_wconf 88' lang='lat' dir='ltr'><strong>literas</strong></span> <span class='ocrx_word' id='word_1_297' title='bbox 3192 1677 3363 1740; x_wconf 88' lang='lat' dir='ltr'><strong>quae</strong></span> <span class='ocrx_word' id='word_1_298' title='bbox 3405 1656 3574 1720; x_wconf 89' lang='lat' dir='ltr'><strong>mihi</strong></span> <span class='ocrx_word' id='word_1_299' title='bbox 3625 1658 3808 1720; x_wconf 91' lang='grc'><strong>1326.</strong></span> 
     </span>
     <span class='ocr_line' id='line_1_72' title="bbox 2702 1740 4122 1809; baseline -0.002 -1"><span class='ocrx_word' id='word_1_300' title='bbox 2702 1745 2881 1809; x_wconf 92' lang='lat' dir='ltr'><strong>Tuas</strong></span> <span class='ocrx_word' id='word_1_301' title='bbox 2925 1742 3087 1807; x_wconf 84' lang='lat' dir='ltr'><strong>mihi</strong></span> <span class='ocrx_word' id='word_1_302' title='bbox 3132 1741 3422 1808; x_wconf 89' lang='lat' dir='ltr'><strong>reddidit</strong></span> <span class='ocrx_word' id='word_1_303' title='bbox 3464 1740 3888 1807; x_wconf 86' lang='lat' dir='ltr'><strong>Hotomanus</strong></span> <span class='ocrx_word' id='word_1_304' title='bbox 3932 1742 4122 1805; x_wconf 87' lang='grc'><strong>2319.</strong></span> 
     </span>
     <span class='ocr_line' id='line_1_73' title="bbox 2702 1827 3757 1913; baseline -0.004 -18"><span class='ocrx_word' id='word_1_305' title='bbox 2702 1830 2880 1895; x_wconf 84' lang='lat' dir='ltr'><strong>Tuas</strong></span> <span class='ocrx_word' id='word_1_306' title='bbox 2922 1828 3136 1913; x_wconf 91' lang='lat' dir='ltr'><strong>pridie</strong></span> <span class='ocrx_word' id='word_1_307' title='bbox 3178 1827 3330 1893; x_wconf 88' lang='lat' dir='ltr'><strong>Kal.</strong></span> <span class='ocrx_word' id='word_1_308' title='bbox 3373 1827 3515 1892; x_wconf 90' lang='lat' dir='ltr'><strong>Ian.</strong></span> <span class='ocrx_word' id='word_1_309' title='bbox 3566 1830 3757 1892; x_wconf 89' lang='grc'><strong>4064.</strong></span> 
     </span>
    </p>

    <p class='ocr_par' dir='ltr' id='par_1_39' title="bbox 2703 1913 3770 1998">
     <span class='ocr_line' id='line_1_74' title="bbox 2703 1913 3770 1998; baseline -0.003 -18"><span class='ocrx_word' id='word_1_310' title='bbox 2703 1917 2879 1981; x_wconf 83' lang='lat' dir='ltr'><strong>Tuas</strong></span> <span class='ocrx_word' id='word_1_311' title='bbox 2923 1923 3168 1998; x_wconf 91' lang='lat' dir='ltr'><strong>quanto</strong></span> <span class='ocrx_word' id='word_1_312' title='bbox 3213 1913 3535 1997; x_wconf 84' lang='lat' dir='ltr'><strong>gratiores</strong></span> <span class='ocrx_word' id='word_1_313' title='bbox 3584 1917 3770 1977; x_wconf 91' lang='grc'><strong>1155.</strong></span> 
     </span>
    </p>

    <p class='ocr_par' dir='ltr' id='par_1_40' title="bbox 2703 1999 3772 2084">
     <span class='ocr_line' id='line_1_75' title="bbox 2703 1999 3772 2084; baseline -0.003 -18"><span class='ocrx_word' id='word_1_314' title='bbox 2703 2003 2884 2067; x_wconf 83' lang='grc' dir='ltr'><strong>Τ1188</strong></span> <span class='ocrx_word' id='word_1_315' title='bbox 2928 2000 3205 2084; x_wconf 88' lang='lat' dir='ltr'><strong>scriptas</strong></span> <span class='ocrx_word' id='word_1_316' title='bbox 3250 2000 3323 2064; x_wconf 92' lang='lat' dir='ltr'><strong>in</strong></span> <span class='ocrx_word' id='word_1_317' title='bbox 3366 1999 3538 2065; x_wconf 92' lang='lat' dir='ltr'><strong>Iulio</strong></span> <span class='ocrx_word' id='word_1_318' title='bbox 3590 2002 3772 2063; x_wconf 89' lang='grc'><strong>1083.</strong></span> 
     </span>
    </p>

    <p class='ocr_par' dir='ltr' id='par_1_41' title="bbox 2704 2086 3481 2170">
     <span class='ocr_line' id='line_1_76' title="bbox 2704 2086 3481 2170; baseline -0.008 -19"><span class='ocrx_word' id='word_1_319' title='bbox 2704 2088 2883 2151; x_wconf 82' lang='lat' dir='ltr'><strong>Tuas</strong></span> <span class='ocrx_word' id='word_1_320' title='bbox 2932 2086 3250 2170; x_wconf 83' lang='lat' dir='ltr'><strong>vigesima</strong></span> <span class='ocrx_word' id='word_1_321' title='bbox 3295 2087 3481 2148; x_wconf 88' lang='grc'><strong>3956.</strong></span> 
     </span>
    </p>

    <p class='ocr_par' dir='ltr' id='par_1_42' title="bbox 2704 2169 3703 2238">
     <span class='ocr_line' id='line_1_77' title="bbox 2704 2169 3703 2238; baseline -0.002 -2"><span class='ocrx_word' id='word_1_322' title='bbox 2704 2173 2867 2237; x_wconf 93' lang='lat' dir='ltr'><strong>Tuis</strong></span> <span class='ocrx_word' id='word_1_323' title='bbox 2911 2172 3203 2238; x_wconf 87' lang='lat' dir='ltr'><strong>inclusas</strong></span> <span class='ocrx_word' id='word_1_324' title='bbox 3246 2169 3512 2236; x_wconf 88' lang='lat' dir='ltr'><strong>obsecro</strong></span> <span class='ocrx_word' id='word_1_325' title='bbox 3559 2172 3703 2234; x_wconf 87' lang='grc'><strong>242.</strong></span> 
     </span>
    </p>

    <p class='ocr_par' dir='ltr' id='par_1_43' title="bbox 2704 2256 3889 2426">
     <span class='ocr_line' id='line_1_78' title="bbox 2704 2256 3889 2324; baseline -0.003 -1"><span class='ocrx_word' id='word_1_326' title='bbox 2704 2258 2870 2323; x_wconf 83' lang='grc' dir='ltr'><strong>Τ1118</strong></span> <span class='ocrx_word' id='word_1_327' title='bbox 2914 2257 3127 2324; x_wconf 90' lang='lat' dir='ltr'><strong>literis</strong></span> <span class='ocrx_word' id='word_1_328' title='bbox 3170 2257 3254 2322; x_wconf 90' lang='lat' dir='ltr'><strong>ad</strong></span> <span class='ocrx_word' id='word_1_329' title='bbox 3299 2256 3653 2322; x_wconf 88' lang='lat' dir='ltr'><strong>Hallerum</strong></span> <span class='ocrx_word' id='word_1_330' title='bbox 3704 2259 3889 2319; x_wconf 91' lang='grc'><strong>1149.</strong></span> 
     </span>
     <span class='ocr_line' id='line_1_79' title="bbox 2705 2339 3732 2426; baseline -0.006 -17"><span class='ocrx_word' id='word_1_331' title='bbox 2705 2346 2865 2410; x_wconf 89' lang='lat' dir='ltr'><strong>Tuis</strong></span> <span class='ocrx_word' id='word_1_332' title='bbox 2909 2363 3123 2426; x_wconf 88' lang='lat' dir='ltr'><strong>pauca</strong></span> <span class='ocrx_word' id='word_1_333' title='bbox 3166 2344 3377 2409; x_wconf 88' lang='lat' dir='ltr'><strong>habeo</strong></span> <span class='ocrx_word' id='word_1_334' title='bbox 3420 2346 3584 2405; x_wconf 88' lang='grc'><strong>2293</strong></span> <span class='ocrx_word' id='word_1_335' title='bbox 3615 2339 3732 2407; x_wconf 84' lang='grc'><strong>1118.</strong></span> 
     </span>
    </p>

    <p class='ocr_par' dir='ltr' id='par_1_44' title="bbox 2705 2426 3882 2598">
     <span class='ocr_line' id='line_1_80' title="bbox 2705 2426 3882 2514; baseline -0.003 -18"><span class='ocrx_word' id='word_1_336' title='bbox 2705 2431 2868 2496; x_wconf 92' lang='lat' dir='ltr'><strong>Tuis</strong></span> <span class='ocrx_word' id='word_1_337' title='bbox 2911 2430 3216 2514; x_wconf 81' lang='lat' dir='ltr'><strong>precibus</strong></span> <span class='ocrx_word' id='word_1_338' title='bbox 3258 2426 3645 2494; x_wconf 91' lang='lat' dir='ltr'><strong>commendo</strong></span> <span class='ocrx_word' id='word_1_339' title='bbox 3697 2430 3882 2493; x_wconf 91' lang='grc'><strong>1627.</strong></span> 
     </span>
     <span class='ocr_line' id='line_1_81' title="bbox 2707 2517 3494 2598; baseline -0.004 -16"><span class='ocrx_word' id='word_1_340' title='bbox 2707 2517 2896 2582; x_wconf 86' lang='lat' dir='ltr'><strong>Tune</strong></span> <span class='ocrx_word' id='word_1_341' title='bbox 2940 2536 3190 2598; x_wconf 89' lang='lat' dir='ltr'><strong>aequus</strong></span> <span class='ocrx_word' id='word_1_342' title='bbox 3235 2535 3305 2580; x_wconf 89' lang='lat' dir='ltr'><strong>es</strong></span> <span class='ocrx_word' id='word_1_343' title='bbox 3351 2518 3494 2579; x_wconf 90' lang='grc'><strong>863.</strong></span> 
     </span>
    </p>
   </div>
   <div class='ocr_carea' id='block_1_7' title="bbox 3649 2723 3741 2790">
    <p class='ocr_par' dir='ltr' id='par_1_45' title="bbox 3649 2723 3741 2790">
     <span class='ocr_line' id='line_1_82' title="bbox 3649 2723 3741 2790; baseline -0.054 0"><span class='ocrx_word' id='word_1_344' title='bbox 3649 2723 3741 2790; x_wconf 88' lang='lat' dir='ltr'><strong>U.</strong></span> 
     </span>
    </p>
   </div>
   <div class='ocr_carea' id='block_1_8' title="bbox 2711 2857 4042 5416">
    <p class='ocr_par' dir='ltr' id='par_1_46' title="bbox 2711 2857 4042 3028">
     <span class='ocr_line' id='line_1_83' title="bbox 2711 2857 4042 2927; baseline -0.007 0"><span class='ocrx_word' id='word_1_345' title='bbox 2711 2859 2845 2927; x_wconf 90' lang='lat' dir='ltr'><strong>Ubi</strong></span> <span class='ocrx_word' id='word_1_346' title='bbox 2887 2859 3113 2925; x_wconf 89' lang='lat' dir='ltr'><strong>literas</strong></span> <span class='ocrx_word' id='word_1_347' title='bbox 3155 2878 3338 2922; x_wconf 89' lang='lat' dir='ltr'><strong>meas</strong></span> <span class='ocrx_word' id='word_1_348' title='bbox 3380 2857 3810 2923; x_wconf 83' lang='lat' dir='ltr'><strong>absolvissem</strong></span> <span class='ocrx_word' id='word_1_349' title='bbox 3859 2861 4042 2919; x_wconf 91' lang='grc'><strong>1317.</strong></span> 
     </span>
     <span class='ocr_line' id='line_1_84' title="bbox 2712 2943 3436 3028; baseline -0.008 -15"><span class='ocrx_word' id='word_1_350' title='bbox 2712 2945 2845 3012; x_wconf 90' lang='lat' dir='ltr'><strong>Ubi</strong></span> <span class='ocrx_word' id='word_1_351' title='bbox 2890 2943 3245 3028; x_wconf 87' lang='lat' dir='ltr'><strong>perlegeris</strong></span> <span class='ocrx_word' id='word_1_352' title='bbox 3293 2947 3436 3007; x_wconf 90' lang='grc'><strong>791.</strong></span> 
     </span>
    </p>

    <p class='ocr_par' dir='ltr' id='par_1_47' title="bbox 2713 3028 3991 3528">
     <span class='ocr_line' id='line_1_85' title="bbox 2713 3028 3961 3115; baseline -0.004 -16"><span class='ocrx_word' id='word_1_353' title='bbox 2713 3031 2845 3100; x_wconf 90' lang='lat' dir='ltr'><strong>Ubi</strong></span> <span class='ocrx_word' id='word_1_354' title='bbox 2890 3032 3155 3115; x_wconf 90' lang='lat' dir='ltr'><strong>propius</strong></span> <span class='ocrx_word' id='word_1_355' title='bbox 3198 3028 3322 3094; x_wconf 92' lang='lat' dir='ltr'><strong>sibi</strong></span> <span class='ocrx_word' id='word_1_356' title='bbox 3366 3028 3728 3094; x_wconf 89' lang='lat' dir='ltr'><strong>innotuerit</strong></span> <span class='ocrx_word' id='word_1_357' title='bbox 3775 3031 3961 3094; x_wconf 89' lang='grc'><strong>2246.</strong></span> 
     </span>
     <span class='ocr_line' id='line_1_86' title="bbox 2713 3114 3991 3202; baseline -0.003 -17"><span class='ocrx_word' id='word_1_358' title='bbox 2713 3118 2846 3185; x_wconf 91' lang='lat' dir='ltr'><strong>Ubi</strong></span> <span class='ocrx_word' id='word_1_359' title='bbox 2891 3114 3377 3202; x_wconf 72' lang='lat' dir='ltr'><strong>stuttgardiam</strong></span> <span class='ocrx_word' id='word_1_360' title='bbox 3422 3116 3754 3180; x_wconf 83' lang='lat' dir='ltr'><strong>venissem</strong></span> <span class='ocrx_word' id='word_1_361' title='bbox 3803 3116 3991 3181; x_wconf 89' lang='grc'><strong>2464.</strong></span> 
     </span>
     <span class='ocr_line' id='line_1_87' title="bbox 2713 3201 3923 3271; baseline -0.002 -1"><span class='ocrx_word' id='word_1_362' title='bbox 2713 3205 2846 3271; x_wconf 93' lang='lat' dir='ltr'><strong>Ubi</strong></span> <span class='ocrx_word' id='word_1_363' title='bbox 2891 3203 3200 3269; x_wconf 89' lang='lat' dir='ltr'><strong>viderunt</strong></span> <span class='ocrx_word' id='word_1_364' title='bbox 3246 3201 3692 3268; x_wconf 88' lang='lat' dir='ltr'><strong>Wesalienses</strong></span> <span class='ocrx_word' id='word_1_365' title='bbox 3739 3203 3923 3268; x_wconf 86' lang='grc'><strong>2588.</strong></span> 
     </span>
     <span class='ocr_line' id='line_1_88' title="bbox 2716 3288 3730 3357; baseline -0.007 0"><span class='ocrx_word' id='word_1_366' title='bbox 2716 3290 2987 3357; x_wconf 90' lang='lat' dir='ltr'><strong>Ultimis</strong></span> <span class='ocrx_word' id='word_1_367' title='bbox 3030 3289 3164 3354; x_wconf 92' lang='lat' dir='ltr'><strong>tuis</strong></span> <span class='ocrx_word' id='word_1_368' title='bbox 3207 3288 3498 3353; x_wconf 87' lang='lat' dir='ltr'><strong>breviter</strong></span> <span class='ocrx_word' id='word_1_369' title='bbox 3542 3292 3730 3350; x_wconf 89' lang='grc'><strong>3534.</strong></span> 
     </span>
     <span class='ocr_line' id='line_1_89' title="bbox 2714 3373 3654 3457; baseline -0.007 -14"><span class='ocrx_word' id='word_1_370' title='bbox 2714 3376 2965 3443; x_wconf 81' lang='lat' dir='ltr'><strong>Ultimo</strong></span> <span class='ocrx_word' id='word_1_371' title='bbox 3010 3373 3423 3457; x_wconf 83' lang='lat' dir='ltr'><strong>Septembris</strong></span> <span class='ocrx_word' id='word_1_372' title='bbox 3468 3377 3654 3436; x_wconf 87' lang='grc'><strong>2743.</strong></span> 
     </span>
     <span class='ocr_line' id='line_1_90' title="bbox 2714 3460 3736 3528; baseline -0.006 0"><span class='ocrx_word' id='word_1_373' title='bbox 2714 3462 3005 3528; x_wconf 87' lang='lat' dir='ltr'><strong>Ultimus</strong></span> <span class='ocrx_word' id='word_1_374' title='bbox 3051 3461 3280 3525; x_wconf 83' lang='lat' dir='ltr'><strong>beatae</strong></span> <span class='ocrx_word' id='word_1_375' title='bbox 3322 3460 3502 3525; x_wconf 90' lang='lat' dir='ltr'><strong>vitae</strong></span> <span class='ocrx_word' id='word_1_376' title='bbox 3552 3462 3736 3522; x_wconf 89' lang='grc'><strong>1559.</strong></span> 
     </span>
    </p>

    <p class='ocr_par' dir='ltr' id='par_1_48' title="bbox 2713 3546 3548 3615">
     <span class='ocr_line' id='line_1_91' title="bbox 2713 3546 3548 3615; baseline -0.007 0"><span class='ocrx_word' id='word_1_377' title='bbox 2713 3548 2866 3615; x_wconf 89' lang='lat' dir='ltr'><strong>Una</strong></span> <span class='ocrx_word' id='word_1_378' title='bbox 2905 3568 3056 3612; x_wconf 90' lang='lat' dir='ltr'><strong>cum</strong></span> <span class='ocrx_word' id='word_1_379' title='bbox 3101 3546 3314 3611; x_wconf 88' lang='lat' dir='ltr'><strong>literis</strong></span> <span class='ocrx_word' id='word_1_380' title='bbox 3359 3549 3548 3609; x_wconf 88' lang='grc'><strong>3576.</strong></span> 
     </span>
    </p>

    <p class='ocr_par' dir='ltr' id='par_1_49' title="bbox 2714 3631 3711 3802">
     <span class='ocr_line' id='line_1_92' title="bbox 2714 3631 3703 3700; baseline -0.006 0"><span class='ocrx_word' id='word_1_381' title='bbox 2714 3631 3080 3700; x_wconf 86' lang='lat' dir='ltr'><strong>Undecimo</strong></span> <span class='ocrx_word' id='word_1_382' title='bbox 3121 3632 3364 3697; x_wconf 89' lang='lat' dir='ltr'><strong>abhinc</strong></span> <span class='ocrx_word' id='word_1_383' title='bbox 3408 3631 3513 3696; x_wconf 90' lang='lat' dir='ltr'><strong>die</strong></span> <span class='ocrx_word' id='word_1_384' title='bbox 3560 3634 3703 3694; x_wconf 83' lang='grc'><strong>762.</strong></span> 
     </span>
     <span class='ocr_line' id='line_1_93' title="bbox 2714 3717 3711 3802; baseline -0.011 -16"><span class='ocrx_word' id='word_1_385' title='bbox 2714 3718 3028 3802; x_wconf 91' lang='lat' dir='ltr'><strong>Undique</strong></span> <span class='ocrx_word' id='word_1_386' title='bbox 3072 3737 3194 3783; x_wconf 89' lang='lat' dir='ltr'><strong>nos</strong></span> <span class='ocrx_word' id='word_1_387' title='bbox 3281 3717 3479 3782; x_wconf 88' lang='lat' dir='ltr'><strong>remit</strong></span> <span class='ocrx_word' id='word_1_388' title='bbox 3529 3719 3711 3777; x_wconf 87' lang='grc'><strong>1127.</strong></span> 
     </span>
    </p>

    <p class='ocr_par' dir='ltr' id='par_1_50' title="bbox 2714 3804 3956 4144">
     <span class='ocr_line' id='line_1_94' title="bbox 2714 3804 3956 3887; baseline -0.003 -17"><span class='ocrx_word' id='word_1_389' title='bbox 2714 3805 2865 3871; x_wconf 93' lang='lat' dir='ltr'><strong>Uno</strong></span> <span class='ocrx_word' id='word_1_390' title='bbox 2909 3811 3102 3887; x_wconf 89' lang='lat' dir='ltr'><strong>atque</strong></span> <span class='ocrx_word' id='word_1_391' title='bbox 3147 3824 3222 3869; x_wconf 89' lang='lat' dir='ltr'><strong>eo</strong></span> <span class='ocrx_word' id='word_1_392' title='bbox 3269 3824 3372 3868; x_wconf 91' lang='lat' dir='ltr'><strong>em</strong></span> <span class='ocrx_word' id='word_1_393' title='bbox 3419 3811 3716 3885; x_wconf 89' lang='lat' dir='ltr'><strong>tempore</strong></span> <span class='ocrx_word' id='word_1_394' title='bbox 3768 3804 3956 3866; x_wconf 90' lang='grc'><strong>2328.</strong></span> 
     </span>
     <span class='ocr_line' id='line_1_95' title="bbox 2714 3887 3955 3958; baseline -0.004 -2"><span class='ocrx_word' id='word_1_395' title='bbox 2714 3891 2942 3958; x_wconf 91' lang='lat' dir='ltr'><strong>Unum</strong></span> <span class='ocrx_word' id='word_1_396' title='bbox 2991 3889 3157 3954; x_wconf 90' lang='lat' dir='ltr'><strong>mihi</strong></span> <span class='ocrx_word' id='word_1_397' title='bbox 3200 3887 3444 3953; x_wconf 90' lang='lat' dir='ltr'><strong>nudius</strong></span> <span class='ocrx_word' id='word_1_398' title='bbox 3489 3888 3725 3954; x_wconf 89' lang='lat' dir='ltr'><strong>tertius</strong></span> <span class='ocrx_word' id='word_1_399' title='bbox 3771 3890 3955 3951; x_wconf 89' lang='grc'><strong>4020.</strong></span> 
     </span>
     <span class='ocr_line' id='line_1_96' title="bbox 2715 3973 3877 4057; baseline -0.003 -16"><span class='ocrx_word' id='word_1_400' title='bbox 2715 3977 2942 4043; x_wconf 93' lang='lat' dir='ltr'><strong>Unum</strong></span> <span class='ocrx_word' id='word_1_401' title='bbox 2985 3975 3152 4040; x_wconf 89' lang='lat' dir='ltr'><strong>mihi</strong></span> <span class='ocrx_word' id='word_1_402' title='bbox 3196 3973 3523 4057; x_wconf 90' lang='lat' dir='ltr'><strong>prioribus</strong></span> <span class='ocrx_word' id='word_1_403' title='bbox 3571 3976 3735 4035; x_wconf 91' lang='grc'><strong>2833</strong></span> <span class='ocrx_word' id='word_1_404' title='bbox 3760 3973 3877 4039; x_wconf 87' lang='lat' dir='ltr'><strong>bis.</strong></span> 
     </span>
     <span class='ocr_line' id='line_1_97' title="bbox 2715 4059 3705 4144; baseline -0.01 -15"><span class='ocrx_word' id='word_1_405' title='bbox 2715 4063 2942 4144; x_wconf 89' lang='lat' dir='ltr'><strong>Usque</strong></span> <span class='ocrx_word' id='word_1_406' title='bbox 2987 4059 3203 4126; x_wconf 88' lang='lat' dir='ltr'><strong>adhuc</strong></span> <span class='ocrx_word' id='word_1_407' title='bbox 3246 4059 3473 4126; x_wconf 89' lang='lat' dir='ltr'><strong>distuli</strong></span> <span class='ocrx_word' id='word_1_408' title='bbox 3519 4063 3705 4121; x_wconf 89' lang='grc'><strong>3311.</strong></span> 
     </span>
    </p>

    <p class='ocr_par' dir='ltr' id='par_1_51' title="bbox 2714 4147 3474 4217">
     <span class='ocr_line' id='line_1_98' title="bbox 2714 4147 3474 4217; baseline -0.012 1"><span class='ocrx_word' id='word_1_409' title='bbox 2714 4150 2809 4217; x_wconf 88' lang='lat' dir='ltr'><strong>Ut</strong></span> <span class='ocrx_word' id='word_1_410' title='bbox 2852 4149 3118 4215; x_wconf 91' lang='lat' dir='ltr'><strong>brevior</strong></span> <span class='ocrx_word' id='word_1_411' title='bbox 3159 4147 3284 4212; x_wconf 90' lang='lat' dir='ltr'><strong>sim</strong></span> <span class='ocrx_word' id='word_1_412' title='bbox 3330 4147 3474 4209; x_wconf 88' lang='grc'><strong>682.</strong></span> 
     </span>
    </p>

    <p class='ocr_par' dir='ltr' id='par_1_52' title="bbox 2716 4230 3854 4571">
     <span class='ocr_line' id='line_1_99' title="bbox 2716 4230 3853 4314; baseline -0.006 -12"><span class='ocrx_word' id='word_1_413' title='bbox 2716 4236 2812 4302; x_wconf 93' lang='lat' dir='ltr'><strong>Ut</strong></span> <span class='ocrx_word' id='word_1_414' title='bbox 2856 4233 2938 4300; x_wconf 93' lang='lat' dir='ltr'><strong>de</strong></span> <span class='ocrx_word' id='word_1_415' title='bbox 2982 4232 3177 4299; x_wconf 90' lang='lat' dir='ltr'><strong>rebus</strong></span> <span class='ocrx_word' id='word_1_416' title='bbox 3216 4232 3381 4298; x_wconf 90' lang='lat' dir='ltr'><strong>meis</strong></span> <span class='ocrx_word' id='word_1_417' title='bbox 3424 4230 3673 4314; x_wconf 91' lang='lat' dir='ltr'><strong>aliquid</strong></span> <span class='ocrx_word' id='word_1_418' title='bbox 3709 4236 3853 4295; x_wconf 91' lang='grc'><strong>384.</strong></span> 
     </span>
     <span class='ocr_line' id='line_1_100' title="bbox 2717 4315 3839 4388; baseline -0.005 -2"><span class='ocrx_word' id='word_1_419' title='bbox 2717 4322 2813 4388; x_wconf 91' lang='lat' dir='ltr'><strong>Ut</strong></span> <span class='ocrx_word' id='word_1_420' title='bbox 2855 4321 2978 4385; x_wconf 90' lang='lat' dir='ltr'><strong>has</strong></span> <span class='ocrx_word' id='word_1_421' title='bbox 3021 4319 3101 4384; x_wconf 91' lang='lat' dir='ltr'><strong>ad</strong></span> <span class='ocrx_word' id='word_1_422' title='bbox 3149 4327 3214 4384; x_wconf 87' lang='lat' dir='ltr'><strong>te</strong></span> <span class='ocrx_word' id='word_1_423' title='bbox 3257 4315 3613 4383; x_wconf 88' lang='lat' dir='ltr'><strong>scriberem</strong></span> <span class='ocrx_word' id='word_1_424' title='bbox 3652 4320 3839 4380; x_wconf 87' lang='grc'><strong>2961.</strong></span> 
     </span>
     <span class='ocr_line' id='line_1_101' title="bbox 2718 4403 3854 4489; baseline -0.009 -16"><span class='ocrx_word' id='word_1_425' title='bbox 2718 4407 2813 4473; x_wconf 92' lang='lat' dir='ltr'><strong>Ut</strong></span> <span class='ocrx_word' id='word_1_426' title='bbox 2855 4406 3071 4489; x_wconf 83' lang='lat' dir='ltr'><strong>magis</strong></span> <span class='ocrx_word' id='word_1_427' title='bbox 3115 4405 3316 4469; x_wconf 85' lang='lat' dir='ltr'><strong>etiam</strong></span> <span class='ocrx_word' id='word_1_428' title='bbox 3362 4403 3624 4467; x_wconf 87' lang='lat' dir='ltr'><strong>mireris</strong></span> <span class='ocrx_word' id='word_1_429' title='bbox 3670 4406 3854 4464; x_wconf 84' lang='grc'><strong>2663.</strong></span> 
     </span>
     <span class='ocr_line' id='line_1_102' title="bbox 2718 4490 3748 4571; baseline -0.005 -13"><span class='ocrx_word' id='word_1_430' title='bbox 2718 4493 2813 4559; x_wconf 91' lang='lat' dir='ltr'><strong>Ut</strong></span> <span class='ocrx_word' id='word_1_431' title='bbox 2857 4491 3144 4555; x_wconf 84' lang='lat' dir='ltr'><strong>maxime</strong></span> <span class='ocrx_word' id='word_1_432' title='bbox 3188 4490 3514 4571; x_wconf 87' lang='lat' dir='ltr'><strong>desipiant</strong></span> <span class='ocrx_word' id='word_1_433' title='bbox 3566 4491 3748 4553; x_wconf 90' lang='grc'><strong>1011.</strong></span> 
     </span>
    </p>

    <p class='ocr_par' dir='ltr' id='par_1_53' title="bbox 2719 4576 3620 4644">
     <span class='ocr_line' id='line_1_103' title="bbox 2719 4576 3620 4644; baseline -0.004 -2"><span class='ocrx_word' id='word_1_434' title='bbox 2719 4578 2812 4644; x_wconf 92' lang='lat' dir='ltr'><strong>Ut</strong></span> <span class='ocrx_word' id='word_1_435' title='bbox 2854 4576 3160 4641; x_wconf 88' lang='lat' dir='ltr'><strong>notitiam</strong></span> <span class='ocrx_word' id='word_1_436' title='bbox 3205 4585 3386 4641; x_wconf 89' lang='lat' dir='ltr'><strong>tuam</strong></span> <span class='ocrx_word' id='word_1_437' title='bbox 3434 4576 3620 4639; x_wconf 79' lang='grc'><strong>2227.</strong></span> 
     </span>
    </p>

    <p class='ocr_par' dir='ltr' id='par_1_54' title="bbox 2719 4659 3773 4730">
     <span class='ocr_line' id='line_1_104' title="bbox 2719 4659 3773 4730; baseline -0.007 0"><span class='ocrx_word' id='word_1_438' title='bbox 2719 4664 2814 4730; x_wconf 91' lang='lat' dir='ltr'><strong>Ut</strong></span> <span class='ocrx_word' id='word_1_439' title='bbox 2860 4663 3045 4727; x_wconf 86' lang='lat' dir='ltr'><strong>nulla</strong></span> <span class='ocrx_word' id='word_1_440' title='bbox 3087 4660 3253 4725; x_wconf 89' lang='lat' dir='ltr'><strong>mihi</strong></span> <span class='ocrx_word' id='word_1_441' title='bbox 3297 4659 3627 4727; x_wconf 87' lang='lat' dir='ltr'><strong>scribendi</strong></span> <span class='ocrx_word' id='word_1_442' title='bbox 3673 4664 3773 4723; x_wconf 91' lang='grc'><strong>56.</strong></span> 
     </span>
    </p>

    <p class='ocr_par' dir='ltr' id='par_1_55' title="bbox 2720 4745 3788 4815">
     <span class='ocr_line' id='line_1_105' title="bbox 2720 4745 3788 4815; baseline -0.006 0"><span class='ocrx_word' id='word_1_443' title='bbox 2720 4749 2816 4815; x_wconf 91' lang='lat' dir='ltr'><strong>Ut</strong></span> <span class='ocrx_word' id='word_1_444' title='bbox 2860 4747 3046 4813; x_wconf 89' lang='lat' dir='ltr'><strong>nulla</strong></span> <span class='ocrx_word' id='word_1_445' title='bbox 3090 4769 3196 4813; x_wconf 92' lang='lat' dir='ltr'><strong>res</strong></span> <span class='ocrx_word' id='word_1_446' title='bbox 3242 4745 3554 4812; x_wconf 87' lang='lat' dir='ltr'><strong>ecclesias</strong></span> <span class='ocrx_word' id='word_1_447' title='bbox 3607 4749 3788 4809; x_wconf 88' lang='grc'><strong>1614.</strong></span> 
     </span>
    </p>

    <p class='ocr_par' dir='ltr' id='par_1_56' title="bbox 2721 4832 3750 4901">
     <span class='ocr_line' id='line_1_106' title="bbox 2721 4832 3750 4901; baseline -0.009 0"><span class='ocrx_word' id='word_1_448' title='bbox 2721 4835 2816 4901; x_wconf 91' lang='lat' dir='ltr'><strong>Ut</strong></span> <span class='ocrx_word' id='word_1_449' title='bbox 2858 4854 3042 4900; x_wconf 89' lang='lat' dir='ltr'><strong>nunc</strong></span> <span class='ocrx_word' id='word_1_450' title='bbox 3084 4832 3372 4898; x_wconf 87' lang='lat' dir='ltr'><strong>habeant</strong></span> <span class='ocrx_word' id='word_1_451' title='bbox 3415 4854 3521 4898; x_wconf 86' lang='lat' dir='ltr'><strong>res</strong></span> <span class='ocrx_word' id='word_1_452' title='bbox 3568 4835 3750 4894; x_wconf 89' lang='grc'><strong>1095.</strong></span> 
     </span>
    </p>

    <p class='ocr_par' dir='ltr' id='par_1_57' title="bbox 2721 4918 3812 5002">
     <span class='ocr_line' id='line_1_107' title="bbox 2721 4918 3812 5002; baseline -0.005 -15"><span class='ocrx_word' id='word_1_453' title='bbox 2721 4921 2816 4987; x_wconf 89' lang='lat' dir='ltr'><strong>Ut</strong></span> <span class='ocrx_word' id='word_1_454' title='bbox 2858 4920 3045 5002; x_wconf 89' lang='lat' dir='ltr'><strong>paria</strong></span> <span class='ocrx_word' id='word_1_455' title='bbox 3090 4928 3302 4984; x_wconf 88' lang='lat' dir='ltr'><strong>tecum</strong></span> <span class='ocrx_word' id='word_1_456' title='bbox 3350 4918 3585 4985; x_wconf 83' lang='lat' dir='ltr'><strong>faciam</strong></span> <span class='ocrx_word' id='word_1_457' title='bbox 3635 4922 3812 4981; x_wconf 90' lang='grc'><strong>1441.</strong></span> 
     </span>
    </p>

    <p class='ocr_par' dir='ltr' id='par_1_58' title="bbox 2721 5004 3787 5089">
     <span class='ocr_line' id='line_1_108' title="bbox 2721 5004 3787 5089; baseline -0.005 -17"><span class='ocrx_word' id='word_1_458' title='bbox 2721 5007 2817 5073; x_wconf 91' lang='lat' dir='ltr'><strong>Ut</strong></span> <span class='ocrx_word' id='word_1_459' title='bbox 2856 5006 3144 5089; x_wconf 88' lang='lat' dir='ltr'><strong>primum</strong></span> <span class='ocrx_word' id='word_1_460' title='bbox 3190 5004 3549 5070; x_wconf 83' lang='lat' dir='ltr'><strong>Montoiam</strong></span> <span class='ocrx_word' id='word_1_461' title='bbox 3599 5007 3787 5067; x_wconf 90' lang='grc'><strong>3099.</strong></span> 
     </span>
    </p>

    <p class='ocr_par' dir='ltr' id='par_1_59' title="bbox 2722 5089 3886 5345">
     <span class='ocr_line' id='line_1_109' title="bbox 2722 5089 3844 5174; baseline -0.004 -16"><span class='ocrx_word' id='word_1_462' title='bbox 2722 5091 2818 5158; x_wconf 91' lang='lat' dir='ltr'><strong>Ut</strong></span> <span class='ocrx_word' id='word_1_463' title='bbox 2861 5089 3112 5156; x_wconf 86' lang='lat' dir='ltr'><strong>reditus</strong></span> <span class='ocrx_word' id='word_1_464' title='bbox 3155 5111 3340 5156; x_wconf 90' lang='lat' dir='ltr'><strong>meus</strong></span> <span class='ocrx_word' id='word_1_465' title='bbox 3385 5100 3613 5174; x_wconf 83' lang='lat' dir='ltr'><strong>gratus</strong></span> <span class='ocrx_word' id='word_1_466' title='bbox 3660 5092 3844 5153; x_wconf 87' lang='grc'><strong>3680.</strong></span> 
     </span>
     <span class='ocr_line' id='line_1_110' title="bbox 2723 5175 3886 5243; baseline -0.004 0"><span class='ocrx_word' id='word_1_467' title='bbox 2723 5177 2819 5243; x_wconf 92' lang='lat' dir='ltr'><strong>Ut</strong></span> <span class='ocrx_word' id='word_1_468' title='bbox 2859 5198 3080 5243; x_wconf 90' lang='lat' dir='ltr'><strong>rerum</strong></span> <span class='ocrx_word' id='word_1_469' title='bbox 3125 5175 3235 5243; x_wconf 90' lang='lat' dir='ltr'><strong>hic</strong></span> <span class='ocrx_word' id='word_1_470' title='bbox 3278 5185 3652 5241; x_wconf 90' lang='lat' dir='ltr'><strong>nostrarum</strong></span> <span class='ocrx_word' id='word_1_471' title='bbox 3700 5177 3886 5238; x_wconf 88' lang='grc'><strong>2652.</strong></span> 
     </span>
     <span class='ocr_line' id='line_1_111' title="bbox 2724 5263 3530 5345; baseline -0.01 -15"><span class='ocrx_word' id='word_1_472' title='bbox 2724 5264 2818 5330; x_wconf 91' lang='lat' dir='ltr'><strong>Ut</strong></span> <span class='ocrx_word' id='word_1_473' title='bbox 2860 5283 2969 5328; x_wconf 87' lang='lat' dir='ltr'><strong>res</strong></span> <span class='ocrx_word' id='word_1_474' title='bbox 3013 5263 3425 5345; x_wconf 85' lang='lat' dir='ltr'><strong>rationesque</strong></span> <span class='ocrx_word' id='word_1_475' title='bbox 3472 5268 3530 5323; x_wconf 91' lang='grc'><strong>4.</strong></span> 
     </span>
    </p>

    <p class='ocr_par' dir='ltr' id='par_1_60' title="bbox 2725 5347 3615 5416">
     <span class='ocr_line' id='line_1_112' title="bbox 2725 5347 3615 5416; baseline -0.001 -1"><span class='ocrx_word' id='word_1_476' title='bbox 2725 5349 2822 5415; x_wconf 94' lang='lat' dir='ltr'><strong>Ut</strong></span> <span class='ocrx_word' id='word_1_477' title='bbox 2863 5348 3144 5416; x_wconf 89' lang='lat' dir='ltr'><strong>scribam</strong></span> <span class='ocrx_word' id='word_1_478' title='bbox 3189 5347 3270 5412; x_wconf 89' lang='lat' dir='ltr'><strong>ad</strong></span> <span class='ocrx_word' id='word_1_479' title='bbox 3315 5360 3383 5414; x_wconf 90' lang='lat' dir='ltr'><strong>te</strong></span> <span class='ocrx_word' id='word_1_480' title='bbox 3435 5352 3615 5414; x_wconf 87' lang='grc'><strong>1049.</strong></span> 
     </span>
    </p>
   </div>
   <div class='ocr_carea' id='block_1_9' title="bbox 4202 5956 4854 6102">
    <p class='ocr_par' dir='ltr' id='par_1_61' title="bbox 4202 5956 4854 6102">
     <span class='ocr_line' id='line_1_113' title="bbox 4202 5956 4854 6102; baseline 0 23"><span class='ocrx_word' id='word_1_481' title='bbox 4202 5956 4854 6102; x_wconf 95' lang='lat' dir='ltr'><strong> </strong></span> 
     </span>
    </p>
   </div>
   <div class='ocr_carea' id='block_1_10' title="bbox 4808 5 4900 5900">
    <p class='ocr_par' dir='ltr' id='par_1_62' title="bbox 4808 5 4900 5900">
     <span class='ocr_line' id='line_1_114' title="bbox 4808 5 4900 5900; baseline 0 0"><span class='ocrx_word' id='word_1_482' title='bbox 4808 5 4900 5900; x_wconf 95' lang='lat' dir='ltr'><strong> </strong></span> 
     </span>
    </p>
   </div>
   <div class='ocr_carea' id='block_1_11' title="bbox 4807 5 4900 6098">
    <p class='ocr_par' dir='ltr' id='par_1_63' title="bbox 4807 5 4900 6098">
     <span class='ocr_line' id='line_1_115' title="bbox 4807 5 4900 6098; baseline 0 0"><span class='ocrx_word' id='word_1_483' title='bbox 4807 5 4900 6098; x_wconf 95' lang='lat' dir='ltr'><strong> </strong></span> 
     </span>
    </p>
   </div>
  </div>
 </body>
</html>
