4900 6125
614 397 733 460 711

615 582 1065 668 Martiumque
1094 581 1148 668 ⁸)
1184 581 1415 650 scribit
1447 579 1849 649 cardinalem
1873 579 2328 664 Lotharinqum
2360 599 2572 646 moes·

613 677 758 735 tum
823 675 890 735 et
954 669 1142 753 cquis
1205 669 1353 734 citis
1415 689 1538 752 per
1595 665 2097 734 Pedemontium
2164 665 2438 731 rediisse
2501 666 2572 731 in

616 755 928 822 Galliam.
948 758 1007 830 ⁷)
1063 753 1358 820 Venetos
1390 754 1823 820 vehementer
1856 753 1938 820 ob
1974 752 2308 818 interitum
2340 751 2577 836 G'uysii

612 840 862 926 lugere.
944 840 1350 906 Mercatores
1392 839 1605 906 nostri
1647 838 2088 904 Franckforto
2129 835 2427 903 nondum
2473 859 2577 903 re·

616 926 815 992 diere.
875 924 1161 1007 Quidam
1200 925 1460 1010 quidem
1506 925 1779 1001 rediere,
1825 923 1940 991 sed
1983 923 2099 1008 qui
2143 922 2308 989 nihil
2353 924 2577 990 obser·

612 1019 879 1078 varunt.
940 1011 1435 1078 Froschoverum
1457 1012 1562 1077 his
1584 1010 1812 1077 diebus
1834 1017 2309 1093 exspectamus.
2356 1008 2577 1090 Quam

615 1119 777 1166 vero
834 1118 1139 1181 cuperem
1208 1098 1615 1163 occasionem
1677 1095 1820 1163 dari
1886 1096 2071 1162 nobis
2136 1094 2577 1179 consequendi

615 1184 811 1250 istius
853 1183 1114 1267 antiqui
1157 1182 1378 1249 calicis
1424 1182 1895 1265 Oenipontani,
1956 1182 2069 1265 qui
2127 1182 2422 1249 carmina
2465 1181 2579 1246 illa

615 1270 731 1354 pia
772 1268 1063 1348 exhibet,
1127 1268 1208 1333 de
1265 1269 1503 1352 quibus
1546 1269 1713 1333 mihi
1769 1267 2124 1334 iucundam
2168 1266 2576 1334 historiolam

615 1359 689 1421 in
756 1357 887 1422 tuis
952 1356 1157 1420 refers
1221 1354 1450 1420 literis.
1478 1359 1529 1432 ⁸)
1610 1354 1848 1421 Poloni
1911 1352 2221 1420 dicuntur
2285 1353 2580 1438 graviter

617 1441 845 1541 urgeri
891 1461 930 1507 a
972 1441 1234 1507 Moscis.
1251 1443 1312 1520 ⁹)
1386 1440 1716 1506 Dominus
1760 1439 1998 1506 liberet
2049 1461 2177 1519 eos,
2238 1447 2307 1504 et
2361 1440 2580 1523 potius

617 1525 882 1611 quidem
929 1524 1013 1592 ab
1038 1526 1537 1612 Lysmanninis‚
1574 1524 2057 1592 Blandradistis
2102 1533 2171 1591 et
2214 1524 2359 1590 aliis
2402 1524 2584 1590 Itali-

618 1613 714 1679 cis
760 1613 1097 1679 monstris.
1168 1611 1351 1679 Satis
1394 1612 1601 1677 multa
1644 1633 1874 1677 rursus
1919 1610 2002 1676 ad
2048 1621 2115 1677 te
2151 1610 2232 1676 de
2268 1611 2376 1676 his
2419 1610 2581 1678 scri-

616 1698 721 1766 bit
778 1699 1115 1784 piissimus
1172 1699 1280 1763 vir
1329 1698 1598 1764 Tretius.
1671 1697 1747 1764 Si
1807 1695 1964 1781 quid
2024 1719 2179 1782 ergo
2234 1703 2421 1781 potes
2478 1696 2583 1763 fac

617 1784 728 1851 vel
795 1785 869 1849 in
943 1785 1223 1868 gratiam
1294 1791 1390 1849 tot
1463 1785 1721 1868 piorum
1789 1783 1860 1848 in
1927 1783 2205 1849 Polonia
2270 1784 2581 1849 virorum.

622 1869 914 1954 Operam
974 1879 1040 1935 et
1097 1871 1461 1954 impensam
1518 1890 1653 1935 non
1696 1869 1947 1953 perdes.
2018 1868 2349 1934 Dominus
2388 1868 2585 1935 bene-

622 1954 798 2021 dicat
842 1955 981 2032 tibi,
1040 1966 1106 2021 et
1161 1963 1386 2021 servet
1442 1966 1506 2021 te
1550 1955 1737 2022 nobis
1783 1954 1895 2019 diu
1940 1955 2357 2021 incolumem.
2424 1954 2587 2020 Filii

618 2043 774 2120 mei,
820 2043 1070 2126 generi,
1116 2044 1367 2120 affines,
1407 2042 1645 2108 fratres
1689 2048 1759 2107 et
1800 2051 2206 2126 symmystae
2249 2061 2479 2107 omnes
2521 2050 2587 2107 et

621 2129 939 2194 universa
1001 2126 1231 2193 domus
1282 2148 1433 2193 mea
1477 2133 1541 2193 te
1599 2127 1843 2193 salutat
1899 2135 2296 2193 reverenter.
2368 2128 2585 2192 Recu-

622 2211 816 2279 detur
859 2233 1013 2279 mox
1058 2235 1206 2279 mea
1264 2214 1599 2296 responsio
1644 2213 1798 2278 data
1840 2212 2094 2290 ultima,
2141 2212 2425 2279 BrentiO.
2505 2211 2585 2279 Si

618 2299 778 2383 quid
840 2299 1235 2365 mutandum
1296 2298 1573 2377 videtur,
1634 2318 1872 2381 quaeso
1929 2299 2259 2382 significes
2302 2301 2370 2364 in
2418 2308 2582 2364 tem-

664 2406 796 2451 ore.
869 2386 999 2452 Ubi
1046 2387 1219 2451 enim
1281 2383 1523 2450 librum
1582 2395 1646 2449 te
1704 2386 2030 2469 accepisse
2076 2406 2159 2449 ex
2204 2387 2337 2450 tuis
2393 2382 2582 2450 intel-

644 2472 771 2552 exi,
834 2492 1022 2553 spero
1078 2481 1145 2536 te
1200 2472 1413 2537 obiter
1462 2472 1845 2553 inspexisse.
1928 2468 2198 2554 Optime
2241 2470 2407 2549 vale,
2470 2469 2582 2535 do·

617 2557 801 2622 mine
847 2558 937 2622 mi
999 2565 1065 2622 et
1118 2558 1339 2622 frater.
1412 2555 1648 2623 Saluta
1702 2556 1942 2623 fratres
2001 2565 2069 2622 et
2121 2558 2381 2637 amicos,
2429 2556 2580 2621 Ion-

617 2643 879 2709 m‘lleum
921 2644 1262 2727 imprimis.
1337 2643 1571 2727 Tiguri
1626 2647 1717 2707 17.
1767 2642 2019 2728 Aprilis
2069 2645 2251 2708 1563.

1744 2779 2178 2864 Bullingerus
2222 2786 2393 2845 tuus.

1500 3325 1701 3398 3⁹86.

1129 3481 1566 3551 zANOHUS
1612 3482 2052 3550 OALVINO.

792 3654 1120 3721 Summam
1162 3662 1220 3721 et
1261 3656 1497 3722 exitum
1539 3656 1732 3720 totius
1766 3677 1920 3723 suae
1967 3655 2337 3739 trayoediae,
2383 3672 2577 3738 quam

610 3747 803 3822 vocat,
843 3742 991 3824 fuse
1024 3742 1228 3824 refert.

893 3914 1004 3979 (Ex
1039 3913 1212 3970 Tomo
1250 3915 1410 3969 VIII.
1448 3913 1586 3986 Opp.
1626 3916 1832 3970 Zanchi
1867 3915 1926 3970 P.
1962 3912 2031 3967 11.
2066 3930 2123 3984 p.
2163 3912 2307 3983 135.)

786 4084 861 4152 S.
935 4091 1147 4152 Actus
1190 4097 1456 4154 nostrae
1504 4088 1890 4173 tragoediae,
1939 4108 2107 4171 quae
2153 4085 2496 4152 biennium
2532 4089 2582 4163 ¹)

619 4170 901 4250 duravit,
948 4192 1289 4255 nunquam
1326 4173 1504 4239 volui
1546 4174 1628 4239 ad
1674 4182 1756 4253 te,
1804 4173 2180 4242 doctissime
2220 4181 2408 4257 pater
2434 4168 2583 4238 caz-

614 4258 777 4336 vine,
823 4259 1020 4324 certis
1081 4256 1162 4324 de
1218 4261 1429 4325 causis
1484 4260 1799 4327 scribere:
1823 4262 1878 4338 2)
1925 4279 2205 4344 quarum
2252 4279 2385 4324 non
2429 4277 2581 4341 pos-

617 4350 832 4409 trema
875 4344 1021 4422 fnit,
1073 4344 1247 4428 quod
1292 4344 1460 4411 nihil
1504 4348 1716 4430 magis
1761 4347 2084 4430 potuisset
2127 4353 2353 4424 totam,
2400 4363 2582 4409 eam-

825 4632 884 4702 6)
928 4632 1149 4705 Uzyms
1222 4634 1371 4691 Celsi
1413 4652 1465 4692 a.
1522 4635 1658 4690 155⁷
1715 4636 1965 4692 Genevae
2009 4635 2215 4690 mortui
2256 4633 2466 4700 affinis,
2519 4638 2586 4688 ut

665 4703 677 4715 ⁶
808 4742 851 4782 ·,
909 4716 1085 4758 conec
1121 4678 1473 4768 &archen-sis,
1514 4706 1788 4775 patricius
1835 4706 2079 4772 Venetus,
2117 4703 2335 4758 Zanehs'
2373 4703 2587 4757 amicus

615 4773 716 4842 qus·
766 4786 819 4825 ιι
851 4787 905 4824 a.
956 4770 1093 4828 1585
1140 4774 1529 4840 confessionem
1575 4791 1732 4831 suam
1779 4776 2001 4830 dicavit.
2077 4772 2252 4843 (Opp.
2298 4772 2432 4827 vn.
2477 4769 2585 4824 463

614 4840 793 5034 z:
826 4906 881 4975 7)
974 4841 1459 4968 ·,·,¹,{·;„{,¹¹')R,d,-,·2
1502 4914 1646 4967 enen·
1692 4911 1901 4967 aeman
1947 4927 2019 4967 ιη.
2069 4910 2205 4965 Dec.
2250 4909 2410 4977 finito
2456 4925 2587 4965 con-

617 5182 789 5237 asse
823 5043 886 5234 ἕξ
915 5044 999 5233 ᾗ
1015 5046 1189 5238 3³}

614 5316 730 5384 m
767 5186 1137 5373 &gaggi-m
1157 5226 1292 5310 'eiua
1326 5255 1409 5311 ad
1426 5254 1718 5312 Calvinum
1746 5272 1914 5326 quam
1947 5270 2050 5311 nos
2081 5254 2297 5326 quiden·
2325 5253 2584 5312 habemus

2126 388 2657 458 EPISTOLAE
2699 391 3125 455 3935—3936

4477 395 4580 458 712

2672 600 2799 664 que
2834 577 3094 660 bonam,
3129 577 3426 644 funditus
3446 585 3742 645 nostram
3777 587 4072 646 evertere
4104 600 4364 647 causam
4397 583 4588 658 (tauta

2674 673 2778 732 est
2818 664 3015 731 huius
3057 664 3305 731 saeculi
3345 666 3418 730 in
3449 666 3624 732 viros
3668 663 3750 731 de
3791 666 4063 733 ecclesia
4084 666 4337 733 Christi
4375 669 4591 752 optime

2676 753 2944 817 meritos
2978 750 3411 850 ingratitudo)
3449 772 3648 834 quam
3683 752 3742 817 si
3776 773 3812 817 a
3849 753 4093 819 nostris
4127 754 4436 820 rescitum
4475 753 4593 819 ulla

2676 837 2932 904 ratione
2985 837 3240 916 fuisset,
3285 857 3389 903 me
3449 836 3534 902 ad
3598 834 3934 906 Calvinum
3986 837 4067 902 de
4124 858 4322 904 causa
4376 849 4592 918 nostn,

2677 923 2869 1007 quasi
2910 922 3161 989 consilii
3199 920 3282 989 ab
3325 943 3401 988 eo
3443 922 3741 1007 capiendi
3785 945 3988 990 causa
4021 925 4372 1010 scripsisse.

2677 1008 2854 1093 quod
2905 1028 3027 1093 per
3078 1010 3204 1074 hoc
3258 1018 3521 1092 tempus
3573 1009 3778 1094 piger,
3831 1011 3964 1075 imo
4009 1010 4235 1077 nullus
4275 1010 4502 1076 fuerim
4537 1013 4598 1077 in

2678 1094 3021 1162 scribendo
3075 1094 3159 1160 ad
3214 1103 3301 1174 te,
3360 1115 3521 1180 rogo
3574 1097 3646 1159 in
3702 1115 3848 1161 eam
3891 1096 4171 1181 accipias
4227 1105 4491 1181 partem,
4539 1098 4600 1162 in

2680 1202 2878 1265 quam
2923 1189 2999 1247 ut
3031 1181 3314 1266 accipias
3348 1181 3494 1264 ipsa
3526 1181 3821 1264 aequitas
3855 1190 3924 1247 et
3956 1183 4169 1265 pietas
4201 1193 4396 1267 atque
4427 1182 4604 1248 etiam

2678 1288 2827 1333 mea
2867 1266 2936 1332 in
2983 1274 3049 1333 te
3092 1267 3514 1334 observantia
3555 1267 3865 1351 postulat.
3936 1268 4092 1335 Huc
4135 1268 4404 1346 accedit,
4455 1268 4606 1352 quod

2680 1352 2995 1435 quamdiu
3059 1354 3227 1418 vixit
3291 1373 3478 1418 meus
3554 1374 3708 1419 vere
3785 1354 4239 1420 observandus
4317 1365 4497 1438 pater
4549 1363 4607 1420 et

2679 1447 3067 1523 praeceptor
3121 1437 3499 1505 carissimus
3548 1438 3778 1505 Petrus
3821 1438 4095 1524 Mastya
4117 1440 4175 1541 ⁸)
4231 1439 4411 1506 illius
4459 1461 4608 1505 sem·

2681 1545 2817 1608 per,
2864 1535 2939 1589 ut
2983 1524 3317 1602 debebam,
3376 1524 3472 1589 ita
3515 1545 3676 1591 usus
3720 1545 3866 1590 sum
3911 1526 4218 1604 consiliis,
4263 1535 4346 1591 ut
4389 1524 4608 1592 iudica-

2681 1610 2829 1688 rim,
2896 1610 3061 1676 alios
3117 1630 3391 1695 magnos
3443 1612 3620 1677 viros
3687 1619 3755 1676 et
3818 1613 3891 1677 in
3956 1611 4153 1678 rebus
4217 1612 4614 1696 gravioribus

2682 1706 3029 1780 occupatos
3064 1696 3241 1762 haud
3286 1717 3428 1762 esse
3471 1718 3510 1761 a
3544 1717 3650 1762 me
3686 1697 4144 1764 molestandos.
4214 1697 4414 1764 Nunc
4455 1719 4614 1764 sum·

2682 1802 2879 1860 mam,
2916 1783 3298 1866 praesertim
3326 1802 3483 1848 vero
3517 1783 3787 1860 exitum,
3826 1785 4027 1850 totius
4067 1783 4463 1868 tragoediae,
4483 1784 4618 1867 quia

2685 1866 2854 1946 licet,
2899 1868 2980 1933 ad
3026 1876 3094 1932 te
3136 1867 3364 1935 scribo.
3435 1868 3666 1952 Neque
3702 1869 3824 1936 hoc
3870 1878 4133 1946 temere,
4177 1870 4292 1935 sed
4339 1879 4414 1935 ut
4455 1879 4616 1934 tuam

2685 1954 2766 2019 de
2801 1974 2878 2018 ea
2913 1955 3312 2020 sententiam
3347 1954 3630 2035 audiam,
3666 1954 4161 2039 consiliumque,
4197 1956 4254 2022 si
4276 1956 4438 2039 quid
4473 1956 4619 2020 facto

2685 2059 2853 2124 opus
2895 2040 2998 2118 sit,
3043 2061 3161 2123 pro
3204 2039 3414 2124 gloria
3458 2040 3584 2105 Dei
3629 2041 3959 2124 accipiam.

2855 2125 3130 2191 Initium
3165 2125 3363 2192 huius
3400 2127 3881 2193 controversiae
3903 2127 4074 2210 quod
4111 2137 4176 2193 et
4210 2127 4413 2211 quale
4447 2127 4620 2191 fuerit

2682 2209 2876 2276 credo
2917 2219 2983 2275 te
3018 2234 3103 2277 ex
3143 2210 3370 2277 multis
3414 2211 3837 2291 intellexisse,
3875 2214 4181 2279 affectum
4219 2213 4468 2280 scilicet
4503 2214 4622 2277 vin-

2683 2297 2895 2363 dictae
2939 2298 3008 2361 in
3055 2297 3428 2364 Mar-bachio
3471 2308 3698 2363 contra
3742 2320 3867 2377 me,
3925 2299 4096 2382 quod
4155 2300 4507 2376 effecerim,
4559 2307 4622 2362 ut

2684 2383 3208 2467 supprimeretur
3251 2383 3560 2449 Heshucii
3613 2382 3796 2462 liber,
3814 2385 3874 2470 ⁴)
3929 2406 4122 2469 quem
4181 2385 4317 2464 ille,
4377 2385 4502 2450 hoc
4539 2393 4623 2449 est

2685 2468 3115 2548 MarbachiuS,
3152 2470 3559 2553 Argentinae
3604 2471 3922 2536 ementito
3957 2471 4244 2537 civitatis
4287 2471 4622 2548 nomine,³)

2683 2562 2752 2619 et
2814 2553 2981 2620 clam
3048 2556 3442 2639 magistratu
3508 2564 3864 2640 contraque
3938 2557 4148 2642 legem
4214 2560 4625 2642 magistratus

2682 2640 3197 2724 imprimendum
3223 2651 3591 2707 curaverat.
3649 2642 3809 2707 Fuit
3844 2663 4001 2727 ergo
4038 2641 4185 2708 leve
4208 2644 4622 2726 principium:

2683 2736 2751 2789 at
2795 2746 3182 2810 progressus
3224 2728 3371 2806 fuit,
3431 2737 3504 2792 ut
3547 2729 3740 2792 etiam
3787 2730 3982 2795 credo
4026 2737 4090 2793 te
4135 2750 4268 2795 non
4316 2730 4624 2813 ignorare,

2683 2813 2978 2896 gravior:
3026 2813 3243 2878 exitus
3281 2834 3435 2879 vero
3480 2811 3658 2878 haud
3700 2815 4046 2880 iucundus.
4117 2815 4289 2880 Nam
4341 2814 4516 2898 quod
4555 2812 4624 2877 ad

2681 2918 3099 2981 progressum
3155 2900 3409 2978 attinet,
3468 2911 3812 2966 accusatus
3864 2901 3954 2965 fui
4000 2920 4155 2966 mox
4200 2900 4282 2964 de
4329 2899 4624 2985 gravissi·

2680 2984 2808 3048 mis
2851 2984 3253 3065 criminibus,
3311 3005 3444 3050 non
3501 2983 3762 3069 quidem
3815 2987 3887 3051 in
3933 2989 4085 3065 vita,
4131 2986 4258 3051 Dei
4307 2986 4624 3060 beneficio,

2681 3069 2795 3135 sed
2831 3070 2899 3135 in
2940 3070 3321 3151 doctrina.⁶)
3385 3070 3612 3153 Quum
3638 3080 3906 3138 ventum
3944 3080 4045 3138 est
4079 3072 4158 3137 ad
4198 3074 4622 3156 probationes,

2681 3164 3093 3223 accusatores
3149 3155 3318 3222 nihil
3377 3166 3730 3240 potuerunt
3786 3179 3905 3241 per
3962 3158 4299 3224 biennium
4349 3158 4623 3243 probare.

2681 3241 2757 3307 Si
2813 3243 2987 3307 enim
3049 3242 3173 3311 hoc
3230 3244 3619 3327 potuissent,
3685 3245 3830 3327 quis
3896 3243 4154 3309 dubitat
4217 3265 4308 3309 an
4379 3245 4624 3310 fuissem

2678 3348 2833 3392 mox
2879 3328 3397 3394 condemnatus?
3468 3330 3615 3413 Ego
3638 3350 3793 3395 vero
3826 3339 4053 3396 contra
4084 3331 4418 3414 principio
4451 3350 4626 3414 quas-

2679 3412 2832 3478 dam
2867 3412 3089 3498 depuli
3135 3416 3583 3481 accusationes
3628 3425 3940 3499 tanquam
3978 3416 4445 3495 calumniosas,
4491 3416 4626 3481 sim-

2678 3498 2831 3583 plici
2875 3500 3256 3585 negatione:
3303 3501 3616 3585 quasdam
3664 3500 3933 3567 admisi:
3995 3500 4110 3567 sed
4156 3522 4236 3567 ea
4279 3499 4368 3568 de
4414 3501 4628 3587 quibm

2678 3587 3049 3666 accusabar,
3110 3608 3319 3669 neque
3364 3588 3432 3652 in
3478 3587 3604 3653 hac
3658 3587 3885 3653 schola
3932 3588 4413 3672 Argentinensi
4459 3604 4628 3661 nova,

2678 3692 2890 3754 neque
2953 3672 3022 3736 in
3078 3693 3149 3736 se
3204 3673 3555 3751 haeretica,
3623 3672 3741 3738 sed
3807 3675 4077 3755 antiqua
4140 3684 4208 3738 et
4270 3673 4629 3738 orthodoxa

2678 3776 2823 3821 esse
2888 3758 3210 3823 contendi.
3308 3760 3476 3824 Rem
3544 3761 3638 3824 ita
3698 3778 3770 3824 se
3828 3759 4072 3825 habere
4127 3760 4348 3842 recepi
4409 3780 4532 3837 me,
4581 3757 4628 3820 ai

2678 3843 3097 3925 permitterer
3139 3844 3207 3909 in
3252 3843 3640 3911 lectionibus
3682 3844 3850 3910 meis
3888 3865 4183 3929 pergere,
4230 3842 4628 3910 demonstra·

2679 3939 2921 3992 turum.
2992 3927 3427 3996 Interdictum
3473 3931 3650 3996 enim
3694 3930 3858 3995 mihi
3902 3932 4124 3997 statim
4169 3931 4397 3996 fuerat
4441 3928 4630 3997 conti·

2678 4014 2992 4079 nuatione
3035 4036 3219 4080 meae
3277 4017 3689 4082 tractationis
3745 4014 3824 4080 de
3879 4016 4418 4099 perseveratione
4461 4036 4626 4081 sanc-

2682 4114 2917 4166 torum.
3014 4101 3420 4167 Adversario
3487 4111 3707 4168 autem
3796 4102 4112 4185 quidquid
4175 4101 4380 4167 libuit
4446 4102 4628 4168 licuit.

2681 4185 2830 4252 Hac
2887 4184 2969 4251 de
3025 4206 3222 4252 causa
3276 4188 3520 4254 factum
3564 4195 3667 4255 est
3709 4198 3785 4254 ut
3846 4188 3915 4253 in
3973 4186 4284 4265 scholam,
4404 4187 4534 4253 uod
4571 4186 4628 4249 in

2683 4292 2762 4336 ea
2818 4270 2985 4337 mihi
3043 4293 3177 4337 non
3243 4273 3473 4340 liceret
3526 4272 3780 4339 Christi
3838 4273 4203 4339 doctrinam
4269 4272 4360 4339 de
4391 4274 4628 4347 endere,

2681 4355 2898 4423 redire
2960 4356 3307 4438 noluerim,
3375 4358 3727 4439 rediturus,
3795 4381 3995 4444 quum
4060 4360 4356 4443 primum
4425 4366 4628 4442 ereptt

2683 4442 3132 4509 defendendae
3197 4446 3498 4512 veritatis
3574 4445 3843 4512 libertas
3919 4446 4087 4511 mihi
4162 4447 4627 4511 restitueretur.

2683 4526 2820 4595 Sed
2883 4530 3222 4612 impetrari
3288 4531 3414 4599 hoc
3479 4552 3819 4615 nunquam
3883 4532 4120 4614 potuit.
4221 4530 4508 4597 Interim
4565 4530 4628 4593 fit

2682 4614 3044 4682 coniuratio
3087 4623 3317 4682 contra
3359 4638 3465 4683 me
3508 4625 3827 4702 tanquam
3864 4616 4291 4695 haereticum,
4336 4628 4416 4682 ut
4460 4632 4629 4681 nemo

2886 4904 2949 4976 3)
2988 4905 3138 4962 obiit
3167 4906 3319 4975 prid.
3358 4908 3452 4962 Ια.
3490 4907 3639 4964 Non.
3679 4906 3830 4963 1562.

2888 4974 2950 5043 4>
2981 4974 3065 5031 De
3099 4977 3414 5043 praesentia
3458 4977 3703 5048 corporis
3749 4976 3958 5032 Christi
4003 4977 4062 5030 in
4110 4991 4283 5031 coena
4317 4975 4509 5029 D-ctn
4547 4972 4626 5027 &-

2681 5050 3097 5181 mengum:
3134 5044 3461 5182 5¹:301}ss
3461 5086 3509 5128 ‘·
3573 5114 3789 5170 Addua
3814 5120 3936 5169 erae
3970 5112 4242 5193 ῌιειιωει·
4269 5112 4548 5180 maso
4577 5109 4628 5161 ι’-

2679 5183 3855 5386 ῗεᾞὲἴὲιδξὛέοΤώέἔεῗωῗ
3891 5249 3952 5304 Ν.
3990 5248 4146 5305 8247.
4185 5248 4341 5305 3254.
4381 5248 4560 5315 assa)
4613 5215 4624 5227 ’
