4900 6125
342 371 406 430 41
2145 367 2308 430 1563
2348 363 2536 433 ῙΠΝ.
4258 367 4345 431 42

339 572 474 636 ceps
528 549 1103 638 Wmnberymsis
1144 551 1398 620 libellos
1416 555 1476 630 ²)
1523 558 1796 637 spargat
1883 574 1955 620 er
1991 551 2283 620 Gallim

338 646 399 704 et
450 636 674 703 turbas
732 647 931 722 atque
987 639 1442 706 contentiones
1500 638 1757 705 excitet.
1894 638 2126 706 edulus
2183 648 2285 704 est

337 722 440 789 ille
478 723 782 808 princeps
825 731 893 790 et
924 723 1140 791 modis
1172 724 1479 791 omnibus
1501 722 1767 790 Lathon*
1801 723 2166 792 doctrinam
2203 724 2284 790 de

336 828 526 875 coena
581 806 876 890 Domini,
936 810 1060 877 hoc
1118 819 1235 891 est,
1280 809 1776 877 confessionem
1818 813 2284 895 Augustanam

335 915 475 961 cnm
531 895 858 980 Apologia
921 896 1222 963 omnibus
1277 895 1629 962 obtrudere
1692 899 1951 981 satagit.
2052 896 2284 962 Bonus

334 989 430 1046 est
460 978 700 1063 alioqui
743 982 1069 1069 princeps,
1115 980 1231 1048 sed
1274 980 1400 1048 hac
1444 982 1514 1047 in
1551 1003 1623 1047 re
1660 981 1828 1047 mire
1862 982 2201 1048 festinans.
2228 980 2281 1067 ³)

332 1066 614 1132 Exortae
658 1077 819 1132 sunt
862 1089 1041 1134 nunc
1098 1067 1329 1134 turbae
1382 1068 1454 1132 in
1500 1067 1800 1134 Saxonia
1839 1079 2110 1152 propter
2153 1067 2282 1133 Oa-

334 1150 717 1217 techismum
765 1152 1079 1230 Palatini,
1103 1153 1158 1238 ⁴)
1201 1153 1307 1219 his
1350 1153 1614 1237 quidem
1668 1175 1819 1219 eum
1860 1152 2282 1237 approbanti-

330 1237 463 1315 bus,
506 1236 641 1302 illis
684 1238 968 1304 eundem
1012 1238 1559 1305 abominantibus.
1637 1237 1891 1304 Dicunt
1931 1239 2002 1304 hi
2037 1239 2281 1323 princi-

328 1342 473 1406 pem
516 1323 761 1388 factum
807 1345 949 1390 esse
991 1324 1427 1409 Zwinglicum
1493 1333 1561 1389 et
1605 1324 2041 1391 Calvinicum.
2132 1323 2283 1391 Scis

331 1407 656 1475 §ulcerum
699 1410 1160 1493 subscripsisse
1208 1412 1612 1494 Argentinae
1669 1413 1740 1475 in
1799 1431 1999 1477 causa
2043 1409 2283 1476 Zanchi

326 1495 754 1577 Augustanae
798 1495 1213 1563 Confessioni
1277 1509 1344 1561 et
1387 1495 1764 1580 Apologiae.
1784 1498 1842 1576 ⁶)
1929 1495 2076 1562 Scis
2120 1494 2284 1562 Ebe-

326 1599 465 1645 mm
484 1583 538 1658 ⁶)
595 1590 824 1646 contra
869 1590 1164 1647 nostram
1220 1582 1584 1646 doctrinam
1639 1584 1980 1666 scripsisse
2036 1580 2281 1647 librum

327 1665 406 1730 de
458 1686 678 1746 coena,
738 1668 808 1731 in
874 1688 1002 1750 quo
1058 1667 1343 1733 absurda
1395 1677 1550 1734 sunt
1606 1667 1909 1750 plurima.
1997 1668 2082 1732 In
2141 1689 2284 1753 ger-

323 1752 580 1818 manico
623 1753 926 1836 exemplo
972 1754 1171 1819 habet
1211 1774 1451 1819 nomen
1500 1753 1752 1819 Calvini
1794 1752 1967 1837 quod
2006 1754 2280 1820 coniun-

324 1839 419 1922 git
474 1858 625 1904 cum
674 1838 975 1922 Zwinylii
1026 1839 1265 1922 palam,
1322 1838 1439 1905 sed
1503 1840 1574 1904 in
1618 1839 1823 1905 latino
1867 1861 1999 1905 non
2042 1840 2279 1923 posuit.

491 1924 594 1989 Le
644 1933 791 1990 atus
837 1924 1013 2009 regis
1059 1924 1317 1990 Galliae
1336 1929 1394 2004 ⁷)
1461 1925 1670 1991 multa
1714 1947 1971 1993 mecum
2017 1935 2282 1992 conten-

321 2007 418 2074 dit
461 2008 543 2075 de
612 2009 846 2075 oedere
889 2010 1237 2094 pangendo
1272 2032 1421 2077 cum
1468 2033 1639 2095 rege,
1685 2010 1882 2095 idque
1928 2021 2040 2076 tuo
2076 2014 2280 2090 iussu,

320 2095 430 2177 qui
473 2095 888 2179 colloquutus
932 2097 1022 2161 sis
1065 2117 1216 2162 cum
1253 2118 1327 2161 66
1371 2097 1673 2163 Basileae
1717 2118 1794 2163 ea
1837 2095 1917 2163 de
1960 2119 2050 2163 re.
2131 2097 2279 2180 Ego

316 2181 592 2247 finxisse
636 2181 824 2246 illum
867 2181 1091 2248 omnia
1156 2182 1453 2248 arbitror.
1543 2183 1771 2267 Neque
1828 2184 2004 2248 enim
2058 2182 2154 2247 illi
2197 2184 2278 2247 fi·-

317 2263 612 2332 dendum
657 2289 799 2333 esse
844 2267 1056 2333 audio.

488 2353 773 2418 Librum
826 2352 1050 2419 Ochini
1068 2356 1121 2430 θ)
1168 2374 1299 2418 11611
1344 2353 1496 2437 legi,
1542 2375 1664 2421 nec
1721 2363 1987 2421 vacaret
2040 2355 2275 2438 legere.

306 2437 595 2503 Minime
663 2447 888 2503 autem
946 2447 1105 2520 puto
1162 2439 1350 2503 illum
1404 2440 1617 2506 facere
1674 2463 1822 2507 cum
1869 2440 2273 2520 Servetanis‚

308 2522 763 2608 Grybaldistis
819 2535 886 2589 et
928 2524 1418 2604 Blandratistis,
1480 2547 1645 2608 quos
1700 2527 1919 2612 palam
1977 2547 2273 2592 exsecra-

307 2619 434 2673 tur.
530 2610 627 2675 Et
675 2609 930 2676 Thretio
973 2611 1045 2674 in
1090 2611 1436 2676 Poloniam
1502 2612 1873 2695 profecturo
1916 2613 2274 2679 affirmavit

302 2704 536 2760 sancte
596 2717 667 2761 se
725 2694 1087 2760 abominari
1139 2696 1347 2761 Italos
1403 2699 1473 2761 in
1517 2698 1793 2764 Polonia
1848 2707 2076 2764 contra
2118 2698 2272 2764 ado-

302 2781 593 2846 randam
637 2782 1000 2846 trinitatem
1048 2783 1473 2866 disputantes.
1559 2785 1877 2849 Promisit
1928 2785 2130 2850 etiam
2172 2784 2271 2848 illi

298 2885 370 2930 se
415 2866 734 2931 daturum
777 2866 1003 2933 literas
1038 2879 1268 2932 contra
1300 2868 1461 2934 istos
1494 2870 1870 2935 nebulones.
1937 2874 2038 2936 Ac
2073 2868 2268 2949 dedit,

296 2951 369 3016 ni
416 2951 636 3019 fallor.
726 2952 909 3036 Ergo
956 2954 1013 3018 si
1056 2954 1282 3019 firmas
1326 2955 1611 3020 rationes
1663 2955 1854 3020 diluit
1894 2956 2269 3021 infirmiori·

297 3035 426 3105 bus
486 3037 791 3105 inscitiae
851 3038 1062 3122 magis
1120 3049 1187 3104 et
1230 3040 1413 3105 senio
1472 3038 1679 3108 deliro
1735 3064 1933 3126 quam
1977 3041 2268 3108 malitiae

294 3124 547 3189 tribue.
642 3124 1106 3208 Superioribus
1148 3124 1376 3191 diebus
1419 3148 1504 3192 ex
1562 3147 1719 3193 casu
1776 3130 1967 3212 gravi
2008 3136 2270 3194 mortua

294 3220 399 3274 est
444 3212 599 3276 eius
642 3231 829 3289 uxor,
875 3210 1123 3277 relictis
1164 3211 1264 3276 illi
1308 3210 1532 3277 liberis
1576 3222 1696 3281 etc.
1755 3214 2134 3280 Admodum
2169 3224 2270 3280 est

286 3297 521 3362 miser.
546 3298 609 3371 ⁹)
696 3297 871 3362 Puto
926 3297 1143 3380 ipsum
1201 3297 1702 3364 afflictissimum
1758 3299 1904 3366 aliis
1963 3321 2097 3366 non
2155 3300 2268 3365 diu

286 3382 858 3466 supervicturum.

471 3468 587 3534 De
642 3467 916 3533 caeteris
970 3467 1203 3551 scripsi
1257 3466 1341 3532 ad
1384 3470 1468 3534 D.
1520 3468 1853 3536 Calvinum
1918 3478 1988 3536 et
2032 3470 2269 3536 louva-

288 3552 483 3618 leum.
585 3553 681 3618 'Pe
739 3573 852 3618 oro
912 3562 987 3617 ut
1039 3572 1275 3636 pergas
1329 3554 1555 3621 sedulo
1612 3554 1696 3621 ad
1739 3577 1860 3622 nos
1924 3555 2007 3620 de
2070 3555 2266 3621 rebus

287 3637 568 3705 Galliae
612 3636 917 3705 scribere.
1004 3638 1161 3704 Vale
1203 3647 1273 3704 et
1313 3660 1432 3706 nos
1477 3662 1643 3707 ama.
1731 3645 1806 3705 12
1850 3641 2029 3707 Iunii
2079 3645 2263 3707 1563.

1439 3775 1865 3862 Bullingerus
1915 3785 2091 3843 tuus.

464 3929 631 3994 Non
678 3928 900 4012 relegi.

502 4116 573 4181 2)
608 4115 834 4171 Βνεοιτοϊ
866 4114 1264 4198 Cauchis-mu·
1294 4115 1491 4185 ynasco
1524 4131 1739 4172 vasum
1770 4116 1878 4185 (N.
1911 4116 2089 4185 4009).

497 4185 570 4323 ἒξ
602 4184 1261 4319 ff3m,01man.
1294 4269 1348 4333 ρ.
1388 4253 1504 4306 140.
1645 4323 1656 4337 .

495 4323 570 4445 ἓ)
602 4322 684 4446 ἐξ
716 4320 1186 4445 33513169.
1219 4327 1272 4377 a
1303 4321 1462 4388 carm
1497 4338 1737 4393 saeptus.

492 4528 535 4583 s
598 4458 1039 4583 ffh3950'xxx.
1092 4528 1149 4581 in
1203 4526 1341 4582 «ιω.
1392 4529 1566 4583 libros
1617 4528 1797 4583 divisi.
1885 4528 2049 4585 sun.
2106 4528 2258 4584 1563.

265 4598 533 4668 Propter
571 4596 718 4653 hunc
898 4613 952 4650 ιιι
985 4613 1024 4651 a
1069 4595 1456 4652 farisei-ntae
1500 4597 1673 4652 soluo·
1708 4604 1912 4653 vertas
1944 4600 2131 4653 mm
2165 4606 2261 4654 est.

256 4666 547 4803 &inaltat
583 4665 680 4720 VI.
715 4664 851 4733 566;
902 4664 1110 4735 Meyer,
1147 4665 1409 4721 Loeomo
1450 4665 1519 4720 11.
1557 4664 1688 4733 168,·
1740 4665 2020 4734 Boumelo,
2063 4666 2254 4724 Odoin.

491 4802 565 4870 9)
613 4800 766 4858 Uxor
806 4801 1837 4874 &manusculum-aduocata&
1898 4802 2258 4873 Ipuayobat

254 4889 495 4929 m
536 4878 755 4926 sexta-
789 4886 965 4940 θυμω
998 4872 1470 4939 oeptuaoeainun.
1524 4872 1722 4927 Lubet-i
1752 4876 1805 4927 ei
1837 4880 2255 4943 amq-tamor

250 4945 481 5000 aeraria
521 4955 874 5011 neququam
903 4948 1206 5010 ρνουοοωο.
1271 4940 1494 5011 (Meyer
1532 4940 1649 5011 171,
1683 4944 1822 5010 not.)

1084 5216 1485 5229 *—

3258 551 3462 622 39⁶8.

2795 705 3463 775 BULLINGERUS
3508 704 3941 774 OALVINO.

2563 877 2914 961 Respondet
2954 879 3041 945 ad
3081 879 3270 945 varia
3314 884 3684 965 aryumenta
3725 898 4004 960 nuperae
4035 879 4342 959 epistolae.

2384 963 3307 1116 gmssluthemnismus
3340 987 3460 1049 per
3505 964 3838 1032 Sulzerum
3871 962 4346 1031 Basiliensibus

2382 1221 2496 1290 (Ex
2541 1222 2881 1291 autographo
2916 1221 3082 1275 Arch.
3121 1221 3301 1276 Turio.
3339 1222 3480 1277 Plnt.
3516 1223 3605 1278 VI.
3642 1220 3761 1277 vol.
3796 1221 3947 1284 117¹»,
3992 1222 4124 1275 olim
4168 1222 4344 1277 Scrin-

2631 1290 2691 1344 Ο.
2727 1291 2867 1360 Epp.
2907 1289 3061 1344 Tom.
3097 1289 3166 1344 11.
3204 1291 3294 1344 fol.
3330 1290 3450 1347 514.
3489 1321 3552 1331 —
3589 1291 3803 1348 Simler.
3835 1291 3957 1346 Vol.
3996 1288 4139 1359 107.)

2558 1461 2938 1527 Clarissimo
3009 1461 3155 1528 viro
3197 1464 3283 1532 D.
3328 1462 3563 1529 Ioanni
3608 1462 3885 1530 Calvino
3931 1461 4344 1529 Genevensis

2387 1547 2696 1614 ecclesiae
2739 1546 3123 1614 fidelissimo
3166 1550 3408 1631 pastori
3466 1549 3727 1614 domino
3769 1570 3916 1614 meo
3958 1547 4343 1614 honorando

2386 1643 2452 1698 et
2497 1633 2688 1699 fratri
2733 1633 3089 1699 carissimo,
3949 1719 4012 1785 G
4102 1720 4160 1783 ff

4017 1740 4097 1786 en
4154 1767 4169 1783 .

2561 1887 2633 1955 S.
2680 1887 2764 1953 D.
2856 1888 3042 1955 Nihil
3086 1890 3356 1955 omnino
3402 1889 3503 1955 vel
3550 1900 3814 1956 tuarum
3858 1890 3963 1956 vel
4007 1889 4221 1957 Besae
4261 1890 4342 1955 li-

2386 1983 2677 2040 terarum
2719 1975 2932 2056 periit.
3000 1975 3171 2040 Nam
3219 1975 3514 2041 redditae
3555 1985 3712 2041 sunt
3754 1976 3921 2041 mihi
3963 1974 4155 2042 binae
4192 1984 4344 2043 tuae

2383 2061 2618 2126 literae
2663 2062 2910 2144 priores
2955 2064 3014 2126 3.
3041 2060 3237 2140 Iunii,
3284 2062 3675 2144 posteriores
3722 2066 3778 2128 6.
3824 2062 4118 2127 eiusdem
4164 2083 4344 2128 men-

2383 2147 2474 2212 sis
2519 2141 2823 2230 scriptae.
2849 2148 2901 2229 ¹)
2988 2146 3202 2213 Video
3247 2155 3469 2212 autem
3527 2149 3757 2231 quanti
3797 2169 3902 2213 me
3945 2147 4165 2227 facias,
4226 2149 4341 2233 qui

2381 2232 2608 2298 morbo
2651 2253 3002 2316 oppressus
3045 2233 3257 2298 nihilo
3310 2233 3529 2300 minus
3584 2235 3690 2301 vel
3745 2255 3830 2299 ex
3887 2235 4053 2301 lecto
4105 2255 4343 2320 pergas

2380 2319 2464 2384 ad
2507 2340 2614 2384 me
2659 2317 2814 2384 dare
2857 2318 3099 2385 literas.
3189 2319 3384 2386 Unde
3427 2327 3494 2383 et
3535 2319 3860 2385 maximas
3905 2330 4058 2385 tuae
4102 2319 4341 2385 huma-

2379 2406 2572 2472 nitati
2617 2404 2866 2488 gratias
2911 2424 3035 2488 ago
3078 2411 3148 2470 et
3188 2406 3551 2470 Dominum
3596 2426 3710 2470 oro
3754 2411 3829 2471 ut
3886 2413 3954 2470 te
3997 2404 4184 2471 nobis
4233 2428 4338 2472 re-

2380 2490 2611 2556 stituat
2658 2499 2726 2554 et
2769 2488 3082 2557 ecclesiae
3117 2511 3274 2556 suae
3310 2491 3425 2556 diu
3467 2491 3860 2556 incolumem
3904 2500 4140 2558 servet.
4204 2492 4338 2558 Mi-

2378 2577 2558 2642 nime
2619 2575 2861 2642 suadeo
2914 2585 2991 2642 ut
3043 2597 3223 2644 nunc
3279 2575 3635 2660 quidquam
3690 2577 4010 2660 suscipias
4075 2577 4335 2658 laboris,

2378 2662 2493 2728 sed
2553 2662 2778 2727 hortor
2835 2672 2911 2727 ut
2963 2662 3261 2744 quietum
3317 2673 3381 2728 te
3439 2684 3662 2728 serves
3725 2663 4123 2728 melioribus.
4214 2662 4338 2730 Sat

2376 2748 2536 2814 alias
2604 2759 2670 2813 et
2732 2747 2884 2831 plus
2948 2748 3227 2813 nimium
3296 2749 3621 2815 exerceris
3683 2748 3931 2815 morbo.
4017 2748 4170 2814 Non
4235 2758 4338 2815 est

2377 2832 2550 2917 quod
2608 2855 2786 2898 nunc
2842 2834 3174 2899 tantillum
3233 2835 3478 2917 cogites
3537 2834 3619 2899 de
3676 2833 4093 2900 confutandis
4136 2834 4340 2902 Blan-

2378 2921 2599 2986 drame
2633 2920 2854 3002 impiis
2898 2918 3255 3003 discipulis.
3342 2920 3822 3003 Exspectemus
3864 2921 4082 3004 potius
4124 2931 4191 2986 et
4234 2923 4337 2987 vi-

2375 3004 2648 3071 deamus
2715 3005 3039 3089 quomodo
3094 3005 3206 3072 isti
3256 3005 3770 3072 admonitionem
3819 3014 4004 3073 tuam
4023 3008 4083 3083 ²)
4128 3005 4337 3074 velint

2373 3093 2693 3175 excipere.
2783 3092 2920 3158 Res
2962 3102 3156 3175 atque
3217 3100 3477 3176 tempus
3534 3101 3900 3177 opportune
3952 3093 4109 3177 quid
4165 3094 4337 3160 facto

2371 3198 2536 3261 opus
2580 3179 2667 3242 sit
2709 3190 3086 3263 suggerent.
3176 3180 3398 3262 Atque
3441 3179 3693 3243 utinam
3750 3186 3825 3244 tu
3869 3180 4138 3244 interim
4182 3199 4336 3246 con-

2371 3264 2687 3330 valescas.

2545 3349 2916 3414 Verissima
2959 3357 3118 3414 sunt
3156 3370 3326 3432 quae
3393 3358 3468 3415 tu
3525 3350 3760 3416 scribis
3800 3348 3881 3416 de
3925 3351 4334 3419 Tertulliano

2371 3442 2440 3499 et
2475 3433 2753 3499 Hilario.
2830 3435 2935 3500 Ab
2980 3433 3178 3499 huius
3223 3435 3499 3501 lectione
3543 3434 3855 3501 abhorrui
3891 3458 4167 3521 semper.
4239 3437 4332 3502 11-

2370 3520 2511 3584 lum
2555 3540 2690 3584 non
2726 3519 3061 3586 illibenter
3093 3521 3223 3604 legi
3259 3520 3429 3604 quod
3466 3522 3776 3588 brevibus
3811 3522 4020 3587 multa
4056 3522 4232 3589 dicat
4266 3530 4334 3589 et

2370 3606 2780 3688 argumentis
2839 3604 3042 3671 densa
3098 3616 3167 3672 et
3218 3627 3499 3673 nervosa
3552 3608 3643 3673 sit
3699 3607 3841 3673 eius
3894 3609 4123 3690 oratic,
4176 3608 4332 3676 licet

2371 3689 2538 3756 dura
2581 3698 2648 3755 et
2692 3691 2938 3757 scabra.

2542 3775 2943 3860 Exemplum
2987 3776 3298 3860 epistolae
3342 3776 3426 3841 ad
3474 3778 3762 3844 Trebium
3795 3799 3914 3862 per
3962 3778 4333 3846 sav-niciam

2369 3862 2650 3945 scriptae
2673 3865 2729 3936 ³)
2809 3860 3147 3928 exhibebit
3222 3870 3374 3928 tuae
3453 3863 3851 3929 humanitati
3915 3875 4143 3932 noster
4219 3865 4332 3931 ille

2369 3947 2734 4013 Ionvilleus.
2822 3947 2975 4013 Non
3032 3949 3175 4013 sine
3238 3948 3492 4033 ingenti
3565 3949 3801 4049 gaudio
3857 3949 3990 4035 legi
4047 3952 4332 4018 serenis-

2369 4034 2604 4098 simam
2652 4033 2996 4100 Navarrae
3036 4034 3333 4117 reginam
3392 4035 3703 4118 petivisse
3758 4056 3798 4101 a
3855 4037 4040 4104 vobis
4096 4036 4329 4103 mihis-

2368 4126 2526 4184 tros.
2542 4122 2600 4195 ⁴)
2698 4119 2904 4184 Faxit
2945 4118 3257 4185 Christus
3314 4129 3392 4185 ut
3441 4121 3650 4187 multo
3704 4143 3856 4188 cum
3927 4123 4148 4188 fructu
4205 4143 4328 4188 suo

2366 4204 2484 4269 fun
2621 4212 2735 4270 tur
2797 4224 3093 4280 munere,
3166 4214 3235 4271 et
3300 4205 3522 4273 Gallia
3587 4207 4020 4274 afflictissima
4096 4215 4328 4291 pacata

2367 4225 2636 4355 tanggrnn
2677 4291 3004 4365 cervicem
3026 4290 3295 4357 Christo
3342 4294 3667 4359 servatori
3709 4294 4070 4361 submittat.
4141 4295 4329 4359 Bene

2364 4376 2682 4442 monuisti
2747 4398 2835 4441 ne
2899 4375 3244 4443 credamus
3308 4399 3476 4462 quac
3540 4378 3844 4445 nonnulli
3889 4388 4204 4463 spargant
4248 4379 4329 4446 de

2362 4460 2690 4545 Principe.
2719 4466 2770 4539 ⁸)
2836 4461 3015 4528 Sunt
3055 4463 3168 4546 qui
3211 4464 3460 4530 iactant
3500 4465 3717 4549 ipsum
3759 4465 3832 4530 in
3876 4465 4027 4530 aula
4060 4465 4328 4549 quidem

2361 4567 2525 4623 esse,
2591 4546 2706 4613 sed
2749 4558 3192 4632 contemptum
3237 4557 3306 4615 et
3349 4553 3700 4634 privatum,
3758 4558 3827 4616 et
3882 4549 4043 4616 adeo
4087 4551 4327 4634 guber-

2360 4644 2661 4697 natorem
2706 4635 2997 4717 primum
3037 4655 3170 4700 non
3215 4656 3359 4702 esse
3400 4646 3480 4702 ut
3522 4657 3607 4701 ne
3651 4636 3921 4720 quidem
3956 4637 4044 4702 sit
4086 4639 4157 4702 in
4201 4657 4325 4702 nu·

2357 4872 2978 4997 ...maildumssmass-
3072 4876 3388 5000 ...53⁶²
3421 4858 3694 4945 ΜΝ
3727 4874 3826 4932 ¹⁷¹⁰
3859 4881 3940 4932 ‘⁸²
3971 4891 4137 4946 Μ
4171 4873 4324 4931 ³³²⁶

2566 5014 2625 5072 2)
2663 5010 2726 5064 N.
2763 5008 2918 5064 3914.
3096 5052 3109 5066 .

2563 5080 2622 5146 3)
2655 5079 2721 5132 N.
2756 5078 2915 5134 3938.

2562 5148 2598 5201 4
2660 5148 2720 5200 N.
2762 5148 2918 5203 3961.

2563 5216 2599 5270 5
2661 5216 2933 5273 conduco.
3002 5216 3241 5275 Gan-oue
3287 5217 3403 5274 IX.
3450 5236 3505 5275 a.
3552 5220 3605 5276 d.
3655 5220 3719 5276 V.
3764 5217 3881 5274 Cal.
3918 5217 4027 5273 1111.
4072 5217 4319 5275 absoluto

2355 5300 2507 5341 anno
2543 5295 2648 5342 aet.
2687 5285 2755 5339 14
2788 5288 2879 5342 mi
2909 5288 3055 5344 iuris
3088 5288 3401 5345 declarem
3435 5294 3530 5346 est.
