4900 6125
312 422 414 486 165

1154 605 1349 676 4⁰31.

693 758 1164 828 CALVINUS
1211 701 1851 829 BULLINGERO.

457 928 853 998 Conmendat
894 932 955 997 ei
996 933 1302 1013 quosdam
1342 939 1712 1001 mercatores
1757 933 1929 1017 apud
1966 933 2243 1001 Rhaetos

295 1016 586 1084 mercibus
643 1017 782 1084 suis
837 1017 1139 1099 spoliatos
1180 1024 1237 1084 et
1279 1020 1414 1084 iam
1469 1020 1700 1086 iudicii
1756 1021 1824 1085 in
1882 1039 2005 1085 sua
2046 1040 2243 1088 causa

294 1103 400 1168 zati
453 1103 950 1185 exsequutionem
1001 1109 1378 1185 quaerentes.
1468 1106 1674 1173 Addit
1729 1107 2037 1189 quaedam
2080 1127 2243 1174 nova

291 1209 362 1255 a
403 1187 623 1255 Gallia
665 1188 843 1255 modo
885 1186 1103 1256 allata.

287 1359 620 1483 ῼὶιοωρὶςιτο
652 1359 935 1414 Ionvillaei
991 1365 1175 1415 exstat
1225 1361 1282 1415 in
1337 1361 1464 1444 Cod.
1520 1360 1724 1417 GeneV.
1782 1362 1924 1427 107⁸,
1977 1364 2068 1420 fol.
2120 1362 2242 1418 274.

330 1435 557 1483 uri-etim
604 1446 659 1482 in
697 1428 827 1483 Cod.
866 1427 983 1490 108,
1032 1429 1122 1484 fol.
1160 1429 1279 1483 154.
1351 1431 1613 1486 Simlerus
1660 1432 1829 1487 habet
1864 1434 1988 1488 Vol.
2024 1431 2129 1486 108
2171 1449 2241 1487 ex

912 1497 1041 1552 eod.
1078 1498 1242 1554 Bern.
1279 1498 1375 1554 VI.
1415 1498 1597 1568 1126.)

446 1667 519 1734 S.
604 1668 773 1734 Ecce
837 1668 1077 1735 iterum
1145 1671 1300 1736 boni
1357 1671 1489 1736 viri
1546 1693 1709 1756 quos
1776 1673 1894 1738 tibi
1961 1674 2241 1739 antehac

280 1752 912 1833 commendaveram,
942 1759 993 1834 ¹)
1058 1775 1098 1820 a
1163 1778 1268 1822 me
1335 1757 1804 1840 impetrarunt,
1872 1767 1948 1825 ut
2012 1780 2241 1825 eorum

278 1860 470 1906 causa
507 1839 628 1904 tibi
665 1860 876 1904 essem
911 1840 1243 1907 molestus.
1316 1843 1598 1925 Experti
1634 1856 1808 1923 sunt,
1846 1865 2041 1928 quam
2078 1846 2242 1910 utile

278 1925 474 1989 fuerit
536 1936 722 1989 tuum
781 1927 1254 2007 patrocinium:
1322 1929 1477 2011 quia
1534 1939 1792 1995 tantum
1854 1930 2241 2014 amplissimi

275 2009 568 2077 Senatus
634 2012 836 2077 vestri
915 2014 1230 2080 autoritas
1294 2014 1467 2098 apud
1534 2015 1826 2081 Rhaetos
1890 2015 2102 2081 valuit
2166 2025 2243 2082 ut

274 2095 460 2162 facile
497 2097 999 2180 impetraverint
1021 2098 1193 2181 quod
1218 2098 1541 2165 volebant.
1613 2100 1982 2166 Meministi
2019 2112 2240 2167 autem

269 2202 596 2265 quaenam
663 2182 862 2248 fuerit
918 2183 1382 2266 postulationis
1448 2206 1726 2264 summa,
1795 2208 2032 2271 nempe
2089 2189 2242 2270 quia

269 2269 519 2333 iniuste
576 2267 838 2351 spoliati
894 2268 1157 2334 fuerant
1224 2270 1361 2336 suis
1406 2271 1750 2350 mercibus,
1817 2281 1895 2336 ut
1956 2274 2240 2355 pretium

266 2361 737 2437 recuperarent
784 2374 865 2418 ex
914 2353 1129 2420 reditu
1172 2376 1366 2439 quem
1412 2355 1628 2422 adhuc
1671 2358 1948 2423 sacrifici
1988 2358 2241 2424 Medio-

264 2438 600 2515 lanenses,
645 2439 718 2503 in
762 2438 1161 2518 Vultullina‚
1207 2451 1324 2506 aut
1373 2441 1556 2508 Valle
1600 2442 1858 2509 Tellina
1901 2442 2237 2528 colligunt.

262 2523 343 2589 Id
378 2546 630 2610 magno
667 2544 992 2591 consensu
1030 2527 1362 2593 decretum
1400 2528 1543 2593 fuit.
1604 2526 1923 2611 Superest
1959 2541 2033 2593 ut
2071 2531 2241 2596 serio

261 2631 511 2676 manus
558 2610 888 2675 iniiciant:
957 2613 1109 2695 quia
1152 2612 1470 2679 hactenus
1524 2635 1843 2697 suspensa
1884 2614 2011 2678 fuit
2053 2636 2238 2680 exse·

260 2696 518 2777 quutio.
578 2695 655 2762 Si
680 2696 979 2763 hortatus
1014 2698 1213 2763 fuerit
1235 2698 1679 2781 amplissimus
1702 2701 1994 2765 Senatus
2019 2712 2241 2767 vester

257 2781 587 2860 Rhactos,
632 2803 765 2847 non
805 2781 1107 2849 dubitant
1147 2786 1482 2867 negotium
1519 2806 1674 2850 mox
1719 2786 2090 2852 confectum
2135 2787 2236 2851 iri.

255 2866 415 2932 Erit
462 2877 688 2933 autem
735 2888 841 2932 res
881 2867 964 2933 ad
999 2868 1525 2952 persuadendum
1565 2890 1699 2935 non
1737 2871 2040 2949 difficilis,
2088 2873 2242 2955 quia

252 2953 388 3019 nisi
436 2975 516 3019 re
562 2954 707 3037 ipsa
750 2954 1036 3020 efficiant
1057 2955 1301 3021 Rhaeti
1335 2954 1507 3038 quod
1544 2955 2029 3024 denunciarunt
2072 2957 2241 3023 ludi-

252 3037 402 3105 brio
462 3060 540 3105 se
599 3049 947 3124 exponent,
1010 3063 1086 3107 ac
1144 3041 1201 3107 si
1260 3052 1507 3109 temere
1561 3051 1628 3108 et
1694 3042 1971 3110 futiliter
2023 3045 2240 3109 minas

246 3125 738 3208 profudissent,
826 3126 1007 3212 Ergo
1074 3128 1584 3194 existimationis
1651 3150 1879 3194 eorum
1944 3130 2240 3209 interest,

249 3221 651 3277 constanter
712 3213 1024 3293 perficere
1067 3212 1238 3296 quod
1300 3212 1638 3278 decretum
1697 3215 1822 3279 fuit
1864 3215 1934 3279 in
1978 3214 2239 3298 publico

245 3317 491 3362 eorum
554 3307 919 3362 conventu:
987 3320 1111 3365 nec
1167 3318 1329 3363 vero
1388 3299 1741 3364 honestum
1810 3309 1984 3365 esset
2050 3321 2235 3383 spem

242 3380 592 3449 bonorum
629 3382 916 3448 virorum
962 3384 1285 3449 frustrari.
1361 3384 1768 3450 Beneficium
1805 3406 1998 3468 porro
2043 3407 2234 3450 suum

244 3469 428 3534 tueri
468 3468 614 3534 fere
658 3468 791 3534 illis
827 3490 1095 3535 necesse
1140 3477 1275 3535 est:
1317 3478 1385 3534 et
1420 3471 1586 3535 forte
1622 3470 1783 3536 haec
1827 3491 1934 3537 res
1968 3471 2235 3553 longius

239 3554 593 3631 trahetur,
649 3555 804 3638 qnia
860 3555 1192 3620 contentio
1255 3554 1501 3636 aliquid
1558 3556 1944 3621 mutationis
2002 3556 2231 3639 pariet.

238 3639 583 3724 Ignoscas
636 3641 877 3723 itaque,
922 3640 1298 3707 venerande
1345 3641 1565 3720 frater,
1626 3641 1682 3707 si
1742 3650 1809 3707 te
1854 3664 2085 3707 rursus
2129 3642 2234 3706 in-

232 3726 558 3810 terpello.
644 3725 902 3791 Deinde
959 3726 1119 3791 mihi
1180 3724 1538 3792 secundam
1598 3727 2231 3793 commendationem

232 3833 375 3877 non
432 3812 737 3896 negabis.

418 3898 578 3963 Res
613 3895 873 3964 Galliae
916 3917 1179 3980 semper
1218 3896 1527 3964 confusae
1569 3907 1746 3963 sunt.
1818 3898 2232 3965 Parisienses

229 3982 507 4067 aliquid
568 3983 966 4049 remiserunt
1024 4003 1108 4048 ex
1164 4005 1286 4049 sua
1338 3984 1711 4066 pertinacia.
1800 3984 1944 4050 Rex
2011 3995 2230 4051 tamen

274 4070 351 4134 ui
442 4089 656 4153 prope
737 4089 959 4135 muros
1036 4078 1417 4146 accesserat,
1500 4090 1764 4135 cursum
1844 4072 2228 4137 retroflexit.

395 4157 513 4221 ‘na
557 4154 797 4233 Mater,
820 4154 876 4240 ²)
920 4175 1125 4238 quum
1169 4176 1257 4220 ex
1301 4175 1465 4238 equo
1524 4153 1883 4234 cecidisset,
1932 4157 2227 4222 cranium

220 4446 435 4501 4081.
466 4448 533 4507 1)
575 4445 887 4500 Pandataria·
917 4443 1068 4511 (cide
1140 4444 1544 4512 Μεσσάπιοι).

458 4515 533 4579 2)
582 4511 696 4568 mr.
718 4513 954 4582 Mera
976 4530 1068 4636 af.
1180 4520 1361 4583 nasot,
1393 4529 1517 4583 epp.
1552 4513 1622 4567 11.
1644 4512 1751 4567 264
1785 4513 1915 4572 dd.
1944 4513 2028 4569 26.
2052 4514 2229 4585 Sept..-

218 4588 384 4639 Ante
440 4601 555 4638 sex
602 4588 695 4636 aut
748 4592 961 4652 septem
1036 4583 1114 4636 ies
1168 4589 1389 4637 enatum
1437 4590 1523 4636 est
1558 4583 1799 4649 Reginae
1852 4590 2134 4653 apostema
2170 4586 2224 4639 in

214 4655 444 4777 Ἢ·
549 4651 2083 4791 ⁰:20³3b3⁰tssssflffipssaffiaeat¹ffii{225333032‘30
2100 4671 2227 4775 ³3¹⁶·

414 4761 431 4775 .
2104 4750 2127 4776 ι
2154 4740 2225 4777 on

212 4793 436 4861 procul
482 4796 675 4844 antem
712 4790 783 4842 sb
817 4790 944 4842 aula
977 4796 1136 4843 erant
1168 4789 1422 4844 cohortes
1454 4790 1787 4857 Helveticae,
1824 4800 1880 4843 et
1904 4790 2127 4845 Gallicis
2163 4809 2227 4846 ac

211 4860 537 4931 equitatui
583 4859 909 4927 imperatum
955 4864 1076 4912 erat
1108 4875 1143 4912 a
1177 4858 1559 4913 connestabile
1606 4865 1667 4911 ut
1710 4875 1812 4927 pro
1853 4861 1935 4913 ius
1970 4860 2040 4914 ad
2086 4860 2227 4915 hsnc

212 4932 435 4985 urbem
478 4926 831 4981 accederent.
886 4926 1006 4981 Hoc
1041 4926 1259 4997 quidem
1296 4927 1503 4981 fecerat
1537 4926 1804 4982 Connests
1846 4928 1932 4982 ilis
1968 4936 2095 4983 ante
2118 4930 2225 4983 Re·

256 5000 268 5011 ⁹
318 5016 396 5051 ae
452 4996 737 5059 morbum,
789 4995 953 5049 credo
1002 5003 1063 5048 ut
1105 4996 1233 5049 huic
1280 4997 1401 5051 urbi
1456 5003 1633 5050 metus
1680 4997 2032 5065 incuteretur,
2085 5015 2225 5067 quse

208 5068 558 5123 videbatur
592 5065 737 5119 nolle
773 5065 1155 5147 obtemperare
1192 5065 1327 5135 Regi
1374 5065 1583 5118 iubenti
1619 5071 1682 5118 ut
1715 5081 1868 5119 arma
1902 5066 2223 5136 deponeret.

206 5138 333 5191 Sed
354 5137 535 5189 facta
567 5151 600 5186 a
703 5135 922 5188 tematis
956 5135 1218 5188 incisione
1253 5141 1311 5187 et
1326 5134 1720 5204 suppuratione
1740 5134 1945 5203 Regina
1968 5137 2227 5189 restituta

207 5212 307 5261 ut
361 5204 579 5258 valeta
619 5204 691 5256 ini
730 5239 1004 5256 ......
1050 5202 1225 5257 Guisii
1266 5202 1427 5256 hodie
1472 5219 1669 5272 magna
1712 5220 1913 5273 pompa
1960 5211 2157 5273 petunt
2192 5223 2226 5258 a

202 5276 379 5357 Rege
424 5280 503 5326 ut
557 5272 873 5326 instituatur
908 5271 1161 5326 iudicium
1199 5272 1268 5326 de
1314 5272 1597 5325 autoribus
1632 5272 1814 5325 caedis
1846 5273 1999 5326 ducis
2034 5272 2225 5330 onisii.

206 5345 371 5410 Quid
418 5341 513 5396 sit
552 5339 679 5395 inde
713 5345 1069 5409 sequntur-um
1106 5342 1303 5407 nescio,
1339 5339 1436 5394 sed
1473 5355 1667 5395 vereor
1701 5357 1771 5395 ne
1808 5342 1941 5396 nihil
1977 5343 2105 5396 boni
2142 5360 2224 5396 se·

1749 424 1910 489 1563
1957 419 2831 492 SEPTEMB.—OO'1*OB.

4184 425 4306 488 166

2342 612 2637 696 graviter
2701 609 2909 689 laesit,
2967 606 3236 674 videtur
3299 617 3522 675 tamen
3578 608 3802 692 elapsa
3858 629 3942 673 ex
3997 608 4311 692 periculo.

2345 696 2744 782 Quanquam
2780 716 2852 763 se
2884 693 3172 761 mediam
3205 714 3351 760 esse
3393 695 3681 772 simulat,
3729 701 4042 759 notantur
4089 704 4309 760 tamen

2341 784 2555 849 multa
2596 782 2910 867 perfidiae
2954 780 3095 846 eius
3155 780 3364 865 signa.
3454 779 3906 846 cancellarius
3966 801 4085 846 suo
4129 801 4313 846 more

2341 870 2418 933 in
2464 869 2695 936 edictis
2738 876 2841 934 est
2883 866 3195 944 liberalis,
3257 866 3372 933 sed
3418 865 3611 930 multi
3654 888 3789 930 non
3832 865 4314 948 obtemperant.

2342 954 2493 1021 Nisi
2537 953 2914 1040 propediem
2946 952 3197 1036 Reyina
3230 972 3270 1017 a
3310 951 3667 1034 Guysianis
3710 950 4045 1030 desciscat,
4093 972 4314 1017 erum-

2343 1049 2507 1123 pent
2564 1041 2646 1106 de
2714 1041 2976 1123 integro
3041 1036 3444 1102 formidolosi
3504 1046 3740 1102 motus.
3812 1036 3992 1119 Quid
4057 1037 4312 1103 consilii

2342 1127 2553 1210 agitet
2593 1125 3024 1193 Admiraldus
3077 1124 3312 1190 nescio,
3386 1123 3469 1188 In
3525 1123 3731 1188 literis
3788 1144 3950 1207 quas
4005 1122 4150 1189 heri
4208 1143 4312 1188 re-

2343 1213 2843 1364 gil'ssmmfflffi'
2877 1208 4314 1378 335⁰gffia1352033030‘2a10532033233

2343 1383 2630 1466 relinqui
2686 1383 2871 1448 iubet
2926 1382 3232 1446 omnibus
3290 1381 3402 1463 qui
3445 1400 3650 1463 purae
3708 1380 4007 1463 religioni
4068 1399 4312 1446 nomen

2344 1467 2666 1535 dederint.
2756 1469 2945 1547 Vale,
2992 1466 3352 1532 clarissime
3396 1468 3500 1530 vir
3556 1475 3625 1530 et
3680 1465 4034 1548 plurimum
4090 1466 4312 1531 obser-

2343 1553 2564 1621 vande
2623 1556 2840 1621 frater.
2934 1552 3234 1619 Salutem
3289 1550 3644 1635 plurimam
3700 1551 3965 1634 collegis
4008 1551 4312 1616 omnibus

2344 1649 2412 1705 et
2459 1641 2748 1706 familiae
2794 1648 2945 1705 tuae
2986 1657 3234 1722 precor.
3301 1638 3488 1702 Deus
3524 1657 3645 1701 vos
3681 1645 3902 1702 servet
3934 1636 4311 1703 incolumes.

2346 1725 2665 1794 Genevae
2710 1725 2921 1809 pridie
2964 1724 3292 1791 Calendas
3336 1722 3656 1788 Octobres
3708 1726 3891 1789 1563.

3265 1861 3552 1928 Ioannes
3595 1859 3918 1927 Calvinus
3963 1869 4139 1925 tuus.

2519 2067 2913 2135 lonvillaeus
2994 2076 3149 2133 tuus
3225 2075 3611 2133 reverenter
3676 2076 3741 2132 ct
3815 2087 3898 2132 ex
3969 2066 4188 2132 animo
4254 2072 4319 2132 te

2342 2152 2603 2220 salutat.

3238 2698 3433 2768 4⁰32.

2741 2852 3251 2920 FABRICIUS
3287 2852 3929 2921 BULLINGERO.

2524 3025 2830 3093 smum·
2870 3023 3115 3131 leemas
3157 3027 3369 3090 contra
3415 3021 3764 3091 calvinum.

2346 3196 2461 3264 (Ex
2496 3196 2839 3267 autographo
2878 3196 3040 3250 Arch.
3089 3194 3274 3249 Turic.
3328 3195 3471 3249 Plnt.
3520 3194 3608 3249 VI.
3645 3195 3763 3250 Vol.
3800 3194 3921 3260 159,
3965 3197 4097 3251 olim
4132 3197 4305 3253 Scrin.

2574 3265 2634 3319 B.
2670 3265 2815 3335 Epp.
2851 3264 3006 3319 Tom.
3042 3262 3128 3331 38,
3162 3265 3254 3318 fol.
3290 3263 3377 3318 98.
3415 3291 3479 3302 -
3515 3264 3726 3319 Simler.
3770 3264 3885 3320 Vol.
3925 3264 4068 3328 108.)

2514 3433 2947 3518 Amplissimo
3005 3434 3152 3500 viro
3194 3434 3280 3500 D.
3327 3434 3715 3519 Heinrycho
3756 3436 4147 3521 Bullingero
4200 3458 4307 3506 ec·

2338 3520 2576 3587 clesiae
2621 3520 2982 3604 Tigurinae
3026 3519 3308 3585 antistiti
3364 3521 3727 3587 reverendo
3766 3520 4032 3588 domino
4078 3545 4196 3590 suo
4240 3533 4308 3590 et

2336 3607 2410 3671 in
2454 3606 2723 3673 Christo
2766 3607 2938 3690 patri
2983 3604 3382 3671 honorando.
3880 3695 4129 3779 Tiguri-

2334 3986 2419 3997 —-
2465 3988 2548 4003 --
2598 3947 3012 4015 Smiuhaeum
3050 3953 3098 4025 ¹)
3158 3949 3454 4033 Anglum
3513 3970 3856 4031 superesse
3909 3951 4300 4019 nesciebam.

2333 4035 2631 4101 Transiit
2709 4034 2834 4101 hac
2910 4036 3196 4119 episcopi
3276 4034 3830 4113 Constantiensis‚
3920 4037 4294 4103 Cardinalis

2332 4121 2682 4200 Enwensis,
2741 4120 3106 4206 presbyter,
3166 4121 3361 4186 homo
3403 4142 3532 4185 non
3592 4121 3911 4201 indoctuS,
3970 4124 4083 4206 qui
4128 4124 4292 4188 mihi

2332 4216 2483 4289 post
2525 4207 2802 4272 amicam
2845 4207 2926 4272 de
2971 4207 3290 4289 religione
3326 4206 3861 4289 disceptationem
3898 4209 4069 4273 dono
4113 4208 4294 4275 dedit

2336 4292 2667 4358 Smiuhaei
2744 4291 3038 4358 libellum
3120 4293 3244 4359 hoc
3324 4313 3500 4358 anno
3568 4292 3882 4360 Coloniae
3959 4314 4293 4361 excusum.

2331 4377 2597 4444 Titulus
2641 4386 2745 4443 est
2789 4376 2869 4443 dc
2911 4380 3279 4445 Infantiam
3336 4378 3658 4461 baptismo
3702 4392 3934 4445 contra
3978 4379 4292 4446 Ioannem

2334 4464 2686 4541 Calvinum,
2733 4483 2807 4530 ac
2854 4464 2934 4529 de
2977 4466 3281 4549 operibus
3317 4463 3910 4548 supererogationis
3946 4475 4012 4531 et
4057 4466 4291 4532 merito

2329 4551 2561 4616 mortis
2606 4549 2860 4616 Christi
2918 4549 3233 4617 adversus
3290 4549 3571 4614 eundem
3632 4549 3964 4615 Calvintnn
4026 4562 4094 4616 et
4150 4553 4290 4618 eius

2329 4634 2705 4719 discipulos.
2779 4633 3029 4702 Crebra
3070 4638 3142 4701 in
3187 4656 3264 4702 eo
3308 4634 3527 4700 libello
3570 4644 3637 4699 et
3679 4635 3991 4719 frequens
4025 4637 4287 4704 Bullin-

2327 4932 2544 4996 qustur.
2617 4925 3013 4981 connestsbilis
3057 4931 3284 4980 conatur
3328 4941 3444 4979 rem
3496 4925 3764 4981 deducere
3810 4928 3880 4980 ad
3926 4929 4286 4995 concordiam,

2324 4995 2423 5049 sed
2457 5010 2653 5048 vereor
2687 5011 2756 5049 ne
2793 5012 2900 5051 non
2937 4996 3091 5050 facile
3127 4996 3184 5048 id
3219 4995 3395 5064 possit
3427 4993 3658 5049 efficere.
3708 4993 4044 5062 efficiam
4063 4996 4144 5053 17.
4169 4996 4285 5054 Oct.

2322 5061 2794 5199 {togfifglgtffih
2836 5131 3012 5187 Smin·
3056 5131 3329 5187 oriundus
3376 5147 3442 5189 σω
3495 5132 3767 5188 Comitatu
3814 5110 4176 5187 Worcestriae
4208 5132 4285 5187 D.

2324 5208 2375 5257 ct
2412 5201 2569 5267 Prof.
2614 5202 2770 5257 theol.
2819 5200 3027 5256 Oaeom‘t‘
3068 5208 3118 5256 e!
3155 5200 3416 5265 Lovanii,
3461 5209 3728 5271 postremo
3773 5201 3967 5256 Duum·
4009 5202 4107 5257 ubi
4150 5202 4286 5258 obiit

2325 5287 2379 5325 a.
2419 5271 2474 5325 d.
2511 5270 2646 5326 VII.
2680 5270 2773 5325 Id.
2807 5269 2916 5325 lul.
2957 5269 3106 5335 1563,
3143 5277 3309 5325 autor
3340 5271 3452 5336 fuit
3483 5270 3728 5339 plurima
3763 5273 4092 5339 scriptorum
4128 5272 4286 5329 theol.

2323 5346 2373 5396 et
2403 5340 2808 5410 polonicorum,
2842 5341 2988 5396 inter
3019 5340 3138 5395 alia
3171 5344 3367 5397 contra
3405 5339 3726 5411 amyra-⁸.
3765 5425 3877 5479 u·
