4900 6125
300 419 410 481 205

294 607 614 686 regantur.
711 599 848 668 Sed
901 601 1169 670 interim
1227 601 1353 670 hoc
1411 609 1666 670 certum
1721 610 1853 670 est:
1925 600 2005 670 Si
2054 602 2242 670 initio

294 686 556 754 Hermus
609 707 752 754 sese
809 687 906 754 ita
970 696 1048 755 ut
1100 689 1442 773 oportebat
1498 690 1908 774 opposuisset
1962 689 2244 756 Tussani

293 772 636 859 tyrannidi,
681 794 815 839 non
848 773 947 840 ita
964 775 1423 842 miserabiliter
1445 796 1718 842 eversae
1739 781 1961 842 essent
1981 774 2244 841 illorum

293 859 713 927 comitatuum
759 858 1088 927 ecclesiae.
1168 860 1305 927 Sed
1341 867 1501 928 tunc
1546 882 1750 945 quum
1793 859 2011 927 adhuc
2055 868 2246 926 erant

291 952 649 1028 opportuna
689 944 997 1023 remedia,
1056 945 1270 1013 voluit
1327 945 1410 1012 ab
1452 945 1570 1012 illo
1621 946 1971 1033 hypocrita
2014 945 2154 1012 deci
2200 946 2242 1025 i,

290 1031 393 1114 qui
433 1052 608 1097 nunc
651 1032 850 1097 istam
910 1052 1106 1115 quam
1163 1031 1353 1099 vides
1409 1034 1690 1116 gratiam
1755 1032 1854 1097 illi
1919 1053 2123 1117 repen
2172 1033 2243 1097 it.

291 1116 523 1182 Tristia
588 1124 766 1184 certe
819 1118 1123 1202 exempla
1179 1126 1259 1184 ut
1313 1118 1585 1184 minime
1609 1118 1882 1186 ‘mirum
1933 1119 2020 1184 sit
2074 1118 2244 1183 iram

289 1201 411 1268 Dei
452 1202 774 1285 paulatim
820 1202 1125 1287 gliscere:
1186 1203 1302 1270 sed
1347 1204 1470 1270 hoc
1513 1204 1759 1270 mirum
1805 1205 2024 1288 potius
2068 1202 2244 1288 quod

289 1286 535 1353 tamdiu
577 1288 752 1354 iusta
793 1309 917 1355 sua
958 1289 1203 1356 iudicia
1246 1288 1527 1355 differat.
1573 1326 1656 1340 —
1711 1327 1789 1337 —-
1836 1325 1915 1336 —
1962 1326 2048 1337 —
2094 1324 2175 1337 —-

322 1457 335 1473 .
425 1373 626 1472 ,Puto
668 1382 737 1440 te
781 1373 1023 1444 vidisse
1079 1373 1420 1459 exemplar
1470 1374 1653 1442 illius
1709 1374 1918 1476 bellae
1971 1395 2243 1473 consen-

287 1469 1204 1630 mnzzfizzffrzessssssifft
1232 1482 1405 1630 55:251
1440 1459 1918 1613 ruffam
1948 1459 2247 1630 3²3¹ae

284 1637 439 1696 toris
479 1631 702 1695 minae
742 1638 810 1698 et
841 1632 1064 1698 nullae
1108 1653 1226 1716 per
1259 1641 1362 1698 tot
1395 1651 1606 1697 annos
1641 1640 2069 1717 tempestates
2105 1631 2245 1698 effi-

285 1734 423 1782 cere
465 1723 837 1801 potuerant.
904 1718 1108 1784 Mitto
1152 1724 1376 1784 tamen
1415 1715 1499 1783 ad
1534 1727 1601 1784 te
1635 1738 1869 1784 verum
1909 1716 2248 1801 exemplar

283 1820 427 1866 cum
492 1802 800 1868 omnibus
865 1803 1491 1890 subscriptionibus,
1559 1810 1632 1869 ut
1691 1824 1921 1870 omnes
1977 1803 2248 1870 videant

283 1906 471 1970 quam
516 1886 828 1955 frivolum
872 1890 959 1955 sit
993 1887 1169 1973 quod
1203 1887 1304 1954 illi
1336 1895 1831 1973 praetexerunt,
1873 1909 2078 1973 quum
2113 1910 2248 1955 una

283 1993 427 2038 cum
493 1971 642 2038 aliis
708 1974 1217 2057 subscripserint
1295 1973 1480 2040 nulla
1559 1972 1782 2040 addita
1844 1975 2245 2057 exceptione.

281 2055 536 2124 Deinde
577 2057 735 2143 quid
779 2058 903 2127 hoc
945 2060 1045 2126 rei
1090 2067 1191 2126 est
1231 2059 1510 2125 suadere
1545 2059 1690 2126 aliis
1723 2059 1901 2144 quod
1935 2061 2078 2144 ipse
2112 2081 2247 2126 non

279 2142 552 2226 probes?
642 2144 919 2211 Liberet
958 2145 1287 2212 Dominus
1343 2144 1652 2213 ecclesias
1693 2165 1849 2212 suas
1892 2147 1974 2213 ab
2025 2146 2247 2213 istius-

283 2227 458 2295 modi
506 2230 942 2297 conscientiis.
993 2266 2248 2280 ——————————

443 2313 554 2381 De
597 2314 901 2402 Dialogis
951 2315 1200 2384 Gabini.
1223 2318 1281 2395 ⁸)
1367 2315 1580 2383 Miror
1633 2317 1962 2382 duntaxat
2018 2315 2246 2401 exagi-

280 2401 404 2466 tari
447 2400 788 2486 dialogum
835 2401 916 2467 de
958 2402 1354 2488 polygamia,
1410 2422 1615 2485 quum
1681 2403 1796 2469 vix
1839 2401 1979 2468 ulla
2031 2403 2119 2468 sit
2174 2401 2248 2468 in

277 2484 387 2550 illo
421 2485 593 2552 libro
638 2487 882 2572 pagina
915 2509 1081 2571 quae
1126 2486 1335 2553 foedis
1393 2487 1728 2554 erroribus
1784 2507 1920 2553 non
1978 2495 2244 2555 scateat.

278 2568 421 2637 Scis
463 2570 628 2657 quid
687 2572 768 2637 de
822 2594 901 2639 ea
954 2594 1029 2638 re
1085 2572 1219 2639 iam
1275 2571 1535 2656 pridem
1590 2573 1673 2639 ad
1731 2579 1796 2639 te
1849 2572 2245 2657 scripserim.

276 2655 489 2723 Audio
548 2656 956 2742 prohibitum
1009 2679 1151 2725 esse
1212 2680 1296 2724 ne
1352 2657 1660 2742 deinceps
1715 2667 2017 2726 veneant.
2108 2656 2246 2725 Sed

275 2741 529 2810 interea
596 2764 817 2810 annon
885 2745 1174 2827 oportuit
1236 2743 1497 2829 publico
1564 2743 1801 2810 saltem
1865 2743 2245 2810 testimonio

278 2827 580 2895 damnari
626 2836 768 2895 tum
812 2830 1074 2908 librum,
1121 2836 1265 2895 tum
1311 2830 1453 2895 eius
1495 2837 1814 2904 autorem,
1858 2836 2000 2894 tum
2045 2829 2246 2895 etiam

275 2914 700 2999 interpretem
747 2923 943 3000 atque
985 2913 1149 2981 adeo
1185 2914 1725 2999 typographum?
1791 2914 2022 2998 Neque
2064 2913 2246 2980 enim

275 2999 380 3068 hic
420 3007 771 3085 peccatum
815 3014 918 3068 est
959 3021 1183 3067 errore
1227 2999 1345 3067 sed
1388 3021 1571 3067 mera
1629 3000 2064 3085 improbitate.
2152 3000 2249 3067 Et

275 3086 878 3257 2022231331223332
888 3084 2246 3257 vzzuzrzxssffltzffsszssffizwffss

273 3279 417 3323 rum
441 3280 483 3324 a
527 3278 634 3323 me
677 3259 1018 3325 convictus
1063 3266 1164 3324 est
1190 3255 1566 3336 Castellio.⁴)
1633 3257 1727 3323 Et
1767 3265 1992 3323 tamen
2028 3255 2246 3323 surdis

274 3346 541 3410 canitur
604 3342 842 3409 fabula.
944 3342 1213 3409 Interea
1276 3343 1404 3409 nisi
1471 3349 1731 3408 mature
1795 3343 2244 3422 occurrissem,

271 3430 404 3494 iam
447 3438 595 3495 erat
648 3429 894 3495 infecta
937 3428 1176 3495 Gallia.
1266 3428 1414 3494 Imo
1466 3449 1552 3494 ne
1605 3449 1783 3494 nunc
1839 3427 2104 3511 quidem
2164 3426 2248 3492 ab

271 3514 380 3582 ino
418 3535 684 3583 veneno
726 3535 895 3597 pura
938 3523 1058 3593 est,
1118 3512 1288 3580 clam
1341 3513 1780 3597 irrepentibus
1823 3513 1895 3578 in
1940 3513 2248 3581 ecclesias

272 3602 382 3685 qui
435 3600 748 3667 Basileae
806 3622 848 3667 a
901 3598 1229 3666 nebulone
1283 3598 1396 3664 illo
1453 3599 1886 3679 fascinantur,
1946 3599 2248 3682 quamvis

272 3686 400 3752 Dei
442 3687 668 3772 gratia
704 3683 931 3753 sedulo
976 3693 1121 3750 tum
1175 3684 1490 3750 adversus
1541 3683 1691 3750 illos
1749 3692 1817 3749 et
1872 3683 2249 3766 ubiquarios

274 3779 338 3837 et
382 3771 854 3854 Anabaptistas
896 3771 1179 3855 vigilent
1219 3778 1537 3853 pastores.
1627 3770 1775 3854 Ego
1832 3769 2007 3853 quod
2062 3769 2248 3853 potui

314 3859 594 3925 raestiti.
649 3888 2249 3907 —————————————

272 3878 315 3942 p
452 3943 771 4011 Guisiani
813 3963 967 4009 cum
1010 3941 1156 4007 aliis
1199 3941 1447 4025 aliquot
1489 3939 1711 4007 omnia
1752 3940 1825 4006 in
1992 3940 2051 4007 'o
2094 3959 2249 4006 con-

275 4029 420 4096 silio
464 4037 729 4095 tentare
770 4027 855 4093 ad
899 4026 1320 4095 ecclesiarum
1370 4026 1749 4110 perniciem.
1837 4022 1889 4091 S
2014 4024 2247 4092 Domi-

273 4138 402 4181 nus
445 4134 681 4181 omnes
723 4113 987 4179 illorum
1030 4122 1305 4180 conatus
1339 4112 1730 4179 mirabiliter
1762 4110 2111 4195 aliquoties
2143 4113 2246 4177 in-

274 4202 491 4286 fregit,
537 4199 703 4267 adeo
744 4209 820 4265 ut
861 4220 1041 4266 nunc
1085 4220 1193 4265 res
1234 4199 1447 4264 omnis
1489 4198 1564 4263 in
1602 4197 1848 4282 optimo
1880 4205 2064 4263 statu
2105 4217 2249 4263 esse

277 4287 608 4354 videatur.
635 4289 689 4363 ³)
731 4323 806 4334 —
833 4322 917 4333 —
942 4283 1254 4351 Edictum
1297 4283 1463 4349 illud
1507 4283 1591 4350 de
1631 4290 2007 4351 nostrorum
2051 4282 2247 4349 liber-

276 4586 477 4636 mm
511 4593 636 4633 cun
670 4576 873 4645 coucam
911 4574 1186 4645 Koem‘aio
1225 4573 1691 4644 Rappouovma-
1724 4588 1783 4627 ει
1815 4572 2123 4629 contulerat
2153 4573 2254 4630 ubo·

281 4647 375 4720 Ea
510 4649 977 4730 'ommam
1138 4644 1160 4763 ².
1211 4644 1549 4767 legss3'om
1597 4711 1610 4725 ⁶
1665 4682 1678 4695 ⁶
1726 4640 2252 4766 fflmzoxss

279 4717 585 4851 tqmstbtgt
607 4715 1096 4865 aessfflfmarcoeo‘
1096 4729 1145 4836 ,α
1165 4780 1380 4837 Erbo‘us
1409 4726 1690 4836 ver-ow·
1765 4777 2222 4905 &fiscanna-1571

352 4965 367 4978 ‘
492 4989 558 5059 2)
590 4960 668 5046 iv.
701 4986 858 5043 4020.

492 5059 558 5126 3)
598 5059 675 5115 N.
705 5056 870 5113 4048.
942 5055 1242 5126 IpseBera
1269 5058 1466 5125 postea
1496 5059 1692 5111 coum
1723 5053 1992 5113 Ochum
2024 5057 2250 5125 ner-'put

453 5130 466 5143 ⁴
534 5143 616 5183 cs·
650 5132 945 5183 umam
978 5125 1046 5180 de
1072 5124 1412 5196 palmensia.

378 5337 391 5350 ξ
429 5336 465 5349 ..
495 5195 562 5334 ἓ)
658 5236 680 5348 J
718 5196 796 5251 N
829 5193 1017 5346 4οεἷθξι.
1038 5260 1121 5345 ις.
1137 5259 1276 5318 Now.
1308 5278 1363 5331 ρ.
1389 5258 1527 5315 268:
1559 5259 1944 5343 conmyeraia
1976 5260 2048 5315 «ιο
2081 5259 2247 5315 mede

287 5335 468 5392 Gumi
504 5334 754 5391 noumlul
790 5337 1143 5404 conquiescit,
1181 5347 1283 5385 nec
1318 5336 1501 5385 tamen
1537 5335 1624 5384 est
1658 5334 1853 5400 sopit·-

1973 416 2139 480 1563
2184 414 2596 484 DEOEMB.

4171 419 4299 516 206

2347 610 2485 671 tate
2540 625 2772 671 rursus
2827 603 3310 670 confirmatum.
3327 604 3384 678 ⁶)
3484 601 3778 671 Vocatus
3834 601 4218 683 Amin-alius,
4240 607 4297 682 ⁷)

2343 690 2459 774 qui
2500 712 2596 756 xx
2656 687 2763 756 die
2815 688 3171 773 superioris
3222 689 3467 755 mensis
3511 688 3847 755 Lutetiam
3895 709 4049 756 cum
4105 688 4298 772 quin-

2428 775 2560 842 ntis
2624 774 2951 859 equitibus
3004 776 3340 859 ingressus
3395 774 3623 840 eodem
3689 773 3795 840 die
3860 796 3902 841 a
3969 772 4299 855 condensi,

2344 797 2742 940 Ξξὶπεπαόἰῑί,
2786 869 3066 944 utroque
3107 861 3310 926 fiatre
3354 868 3423 926 et
3467 860 3616 926 aliis
3657 858 4107 942 frequentibus
4148 880 4299 942 pro-

2344 946 2605 1014 ceribus
2649 967 2908 1014 summa
2940 966 3089 1012 cum
3124 946 3445 1013 bonorum
3480 945 3922 1030 gratulatione
3942 943 4027 1011 ad
4045 944 4302 1030 Regem

2346 1039 2450 1099 est
2491 1032 2809 1099 deductus
2850 1039 2923 1098 et
2974 1033 3057 1099 ab
3114 1053 3191 1098 eo
3253 1032 3347 1097 ita
3409 1031 3789 1097 humaniter
3852 1038 4165 1115 exceptus
4227 1035 4303 1098 ut

2345 1118 2527 1185 intra
2568 1119 2783 1204 ipsam
2826 1137 3047 1184 arcem
3090 1118 3359 1202 regiam,
3418 1138 3615 1201 quam
3657 1116 3997 1201 Luparam
4037 1122 4301 1194 vocant,

2346 1204 2408 1271 ei
2464 1203 2826 1288 hospitium
2886 1199 3160 1269 attribui
3215 1203 3498 1270 iusserit.
3606 1201 3916 1269 Guim'ani
3963 1202 4303 1285 conquesti

2346 1288 2521 1374 quod
2559 1288 2930 1356 Amin-azius
2986 1287 3072 1353 ad
3127 1288 3382 1374 Regem
3447 1294 3620 1356 esset
3680 1287 4116 1367 intromissus,
4177 1286 4304 1354 hoc

2344 1390 3192 1546 ztffiffi¹¹ff03ss⁰⁰3ffi
3249 1372 4304 1544 fflusssssffli-Zgffl‘ffiaeffi

2346 1546 2539 1613 illum
2582 1545 2667 1614 ad
2710 1546 2884 1612 latus
2927 1566 3124 1612 suum
3167 1511 3425 1612 habere.
3504 1543 3583 1612 Si
3624 1543 3875 1612 vellent
3915 1544 4042 1630 ipsi
4084 1543 4158 1609 in
4197 1563 4303 1611 re-

2347 1632 2528 1717 giam
2572 1631 2799 1699 venire
2841 1639 3069 1715 patere
3110 1631 3310 1699 etiam
3352 1631 3515 1717 ipsis
3555 1630 3763 1697 fores:
3809 1630 3914 1697 sin
3953 1630 4192 1709 minus,
4227 1638 4306 1695 ut

2350 1717 2526 1785 domi
2565 1735 2709 1785 sese
2751 1716 3187 1784 continerent.
3210 1753 3295 1767 —
3318 1753 3403 1769 -
3427 1750 3511 1764 —
3533 1753 3619 1766 —
3654 1714 3838 1783 Scito
3878 1736 3986 1783 res
4019 1724 4301 1796 nostras,

2347 1803 2420 1869 id
2487 1812 2607 1886 est,
2671 1802 3009 1888 religionis
3070 1811 3226 1886 post
3285 1809 3591 1886 coeptum
3656 1800 3900 1868 bellum
3965 1821 4304 1886 nunquam

2348 1890 2621 1957 meliore
2662 1888 2804 1956 loco
2845 1889 3050 1956 fuisse
3093 1908 3287 1973 quam
3332 1909 3508 1956 nunc
3549 1888 3704 1955 sint.
3744 1923 3834 1935 —
3878 1925 3960 1936 -
4004 1924 4089 1936 —
4136 1922 4213 1934 —

2523 1975 2838 2043 Genevae
2879 1980 2939 2040 4.
2985 1973 3371 2041 Decembris
3418 1977 3605 2042 1563.

3709 2110 3894 2176 Tuus
3938 2109 4131 2175 Beza.

3140 2401 3545 2411 ——.———

3238 2653 3437 2724 4⁰54.

2957 2808 3203 2876 BEZA
3242 2806 3723 2874 HALLERO.

2527 2982 2900 3048 Novissima
2926 2980 3242 3066 quaedam
3275 3000 3355 3046 ea:
3383 2978 3622 3059 Gallia,
3644 2976 3869 3064 Belyio
3901 2981 3958 3044 et
3980 2975 4302 3054 Navarra,

2347 3069 2497 3136 item
2537 3070 2615 3137 de
2657 3066 2921 3143 calvino
2960 3072 3018 3134 ct
3073 3066 3301 3134 Vir-eto.

2347 3240 2463 3308 (ι’
2526 3239 2840 3309 ...W
2884 3237 3034 3361 (ιι.
3063 3234 3843 3372 {emanas
3879 3233 4035 3289 ‘fm-
4067 3232 4168 3301 ³¹2

2522 3476 2708 3544 Deus
2728 3477 2893 3543 mihi
2935 3478 3124 3543 testis
3167 3485 3286 3555 est,
3329 3475 3534 3541 frater
3562 3473 3636 3539 in
3658 3472 3924 3540 Christo
3945 3471 4304 3556 plurimum

2347 3561 2637 3642 colende,
2679 3583 2786 3628 me
2829 3583 2964 3627 non
3006 3561 3137 3628 alia
3178 3561 3433 3626 ratione
3474 3557 3724 3624 tamdia
3773 3560 4052 3625 tacuisse
4105 3577 4306 3641 quam

2348 3659 2428 3714 ut
2472 3649 2589 3714 tibi
2626 3668 2984 3732 parcerem,
3029 3647 3335 3731 quoniam
3371 3646 3684 3730 pleraque
3718 3645 3932 3711 tristia
3979 3643 4100 3709 tibi
4135 3664 4307 3708 nun-

2350 3734 2643 3801 ciassem.
2716 3733 2913 3800 Nunc
2958 3753 3116 3818 ergo
3161 3752 3365 3817 quum
3407 3731 3682 3798 laetiora
3725 3731 4085 3796 afferantur
4126 3728 4309 3794 nolui

2348 3820 2562 3888 officio
2619 3840 2766 3886 meo
2819 3818 3062 3886 deesse.
3160 3818 3532 3884 Antio-alius
3577 3816 3915 3882 Lutetiam
3969 3815 4306 3900 ingressus

2348 3926 2503 3972 cum
2558 3903 2884 3989 equitibus
2937 3903 3317 3988 quingentis
3380 3901 3640 3969 medius
3694 3901 3870 3967 inter
3928 3899 4306 3968 Οοπᾶεηεαπ

2349 4004 2417 4057 et
2460 3990 2862 4058 avunculum
3254 4009 3367 4067 em,
3411 3988 3484 4054 in
3525 3987 3777 4073 optima
3819 3994 3921 4054 est
3959 3986 4136 4070 apud
4170 3986 4305 4052 Re·

2348 4096 2501 4161 gem
2546 4077 2776 4161 gratia,
2821 4096 2973 4142 cum
3015 4096 3145 4160 quo
3188 4075 3389 4141 etiam
3431 4074 3661 4140 eodem
3697 4072 3982 4156 hospitio
4015 4073 4239 4138 utitur.
4256 4074 4307 4149 ¹)

2354 4162 2667 4228 Guisiani
2720 4162 3013 4227 fremunt
3066 4169 3138 4227 et
3198 4168 3583 4245 queruntur,
3646 4158 3762 4225 sed
3825 4158 4088 4223 flustra.
4181 4156 4306 4222 Di-

2347 4248 2590 4315 missae
2632 4256 2793 4313 sunt
2833 4255 2902 4313 et
2943 4254 3370 4313 exautoratae
3413 4266 3641 4312 omnes
3685 4243 4146 4310 Helvetiorum
4199 4262 4304 4308 co-

2348 4333 2528 4416 piae:
2575 4340 2871 4401 cessatur
2905 4332 2988 4399 ab
3012 4330 3499 4398 Aureliensium
3534 4329 4173 4414 propugnaculorum
4206 4325 4304 4392 di-

2348 4419 2694 4498 rutione.²)
2757 4419 3004 4486 Factae
3045 4425 3204 4484 sunt
3245 4437 3399 4484 cum
3433 4415 3673 4502 Anglis
3713 4413 4072 4481 triennales
4112 4412 4306 4480 indu·

2555 4708 2618 4779 6)
2650 4709 2732 4765 La
2763 4709 3116 4791 Declaration
3158 4708 3289 4764 saite
3336 4724 3437 4778 par
3482 4707 3551 4788 le·
3570 4706 3690 4778 Boy
3723 4706 3796 4759 de
3839 4722 3902 4760 sa
3934 4704 4200 4787 major-ite,
4248 4709 4307 4757 et

2350 4778 2713 4834 Ordomuoe
2821 4848 2835 4861 ·
2918 4779 3011 4850 luy
3045 4778 3177 4832 faite
3220 4794 3360 4848 pour
3410 4776 3463 4830 le
3496 4774 3623 4830 bien
3675 4780 3734 4830 et
3784 4790 3946 4857 repes
3995 4774 4183 4843 pubhc
4230 4772 4306 4826 du

2348 4848 2760 4972 Quumeilgi
2796 4847 2902 4901 hee
2938 4864 3007 4901 en
3040 4847 3097 4900 la
3129 4862 3260 4901 cour
3292 4845 3366 4898 du
3384 4844 3700 4927 Parlement
3731 4844 3938 4900 &Paris
3971 4843 4025 4897 le
4048 4840 4134 4897 28.
4153 4842 4305 4910 Sept.

2351 4919 2392 5068 l·
2491 4958 2504 4970 ⁶
2556 4920 2618 5054 7()
2648 4916 2904 5054 Langen
2937 4982 3055 5067 qul.
3076 4914 3218 5040 Dlez.
3253 4912 3784 5064 ‘’j'wsingnlius
3818 4979 4038 5036 tandem
4073 4979 4307 5059 fisemep-

2348 5055 2499 5109 tibus
2535 5070 2653 5109 οιιιιι
2686 5057 3013 5109 adversariis
3048 5069 3159 5108 non
3194 5068 3256 5134 so
3276 5069 3369 5134 um
3404 5055 3558 5133 vemt
3591 5068 3650 5105 m
3684 5050 3879 5132 aulam,
3914 5048 4011 5103 sed
4047 5052 4213 5102 etiam
4246 5063 4305 5100 m

2348 5124 2489 5177 hanc
2535 5123 2728 5178 urbem
2772 5129 2832 5177 et
2871 5122 3042 5177 habet
3087 5121 3384 5191 hospitium
3426 5138 3483 5174 m
3530 5136 3655 5174 ame
3703 5134 3852 5189 regis
3900 5117 3998 5184 (cf.
4035 5116 4113 5172 N.
4146 5112 4302 5169 4049.
