4900 6125
591 352 728 419 519

964 604 1065 658 lut.
1100 603 1200 660 VI.
1233 603 1404 658 Aroh.
1438 602 1639 672 Turio..
1689 604 1823 659 olim
1859 550 2066 675 prn
2084 540 2319 675 0324,
2351 606 2446 662 tol.
2484 555 2574 661 δῖ

595 673 865 758 Reperio·
900 672 1067 728 etiam
1104 671 1360 728 Genevne
1412 672 1499 727 bis
1531 673 1593 728 in
1626 672 1760 729 eod.
1798 671 1918 795 lm}i
1962 672 2056 755 fol.
2103 671 2208 728 182
2243 682 2302 730 et
2346 674 2472 741 140,
2515 681 2575 730 et

593 744 690 798 ...
725 743 956 811 ”m
989 741 1150 866 Es.
1167 738 2244 881 vt3oe43.v3.11.2221.5==22=÷5,·2
2279 744 2574 801 mm

591 535 964 668 ινᾱὶῗοιίιὲιὲιτι)
973 534 1352 591 authenticum
1401 550 1568 589 manu
1623 532 1910 592 lenvillaei

647 622 685 661 o
709 645 725 662 .

591 984 986 1052 Clarissimo
1042 982 1189 1048 viro
1230 982 1317 1049 D.
1360 981 1727 1049 Heinricho
1769 982 2164 1068 Bullingero
2209 983 2574 1069 Tigurinae

591 1070 912 1139 ecclesiae
974 1067 1354 1136 fidelissimo
1375 1069 1967 1222 offirtortiddonatri
2033 1079 2101 1136 et
2163 1079 2575 1156 symmystae

774 1325 995 1413 Oogor
1038 1347 1267 1392 eorum
1309 1334 1547 1411 rogatu
1602 1327 1716 1411 qui
1768 1324 2042 1393 consilio
2083 1346 2236 1392 meo
2278 1346 2415 1392 non
2457 1325 2573 1393 ob-

597 1420 978 1498 temperant
1011 1411 1130 1478 tibi
1163 1411 1480 1479 molestus
1514 1433 1678 1492 esse,
1712 1410 2090 1480 venerande
2109 1414 2335 1479 frater.
2392 1411 2573 1479 Cou-

595 1500 808 1566 iectus
852 1497 980 1565 fuit
1020 1498 1095 1564 in
1136 1518 1466 1565 carcerem
1510 1496 1721 1564 bonus
1755 1497 2026 1582 quidam
2059 1498 2167 1565 vir
2186 1496 2571 1577 Mediolani,

644 1586 759 1652 uia
820 1584 1094 1650 liberius
1149 1592 1378 1649 eontra
1439 1583 1846 1668 impietatem
1909 1593 2193 1670 papatus
2255 1583 2572 1668 loquutus

599 1607 840 1738 aieret.
915 1670 1042 1736 Est
1083 1669 1349 1753 quidem
1392 1669 1805 1754 Burgundio,
1863 1669 1981 1736 sed
2032 1670 2147 1754 qui
2201 1667 2454 1736 dudum
2497 1670 2572 1736 in

599 1757 728 1824 hac
781 1757 944 1824 urbe
1003 1754 1259 1820 habitat
1317 1764 1383 1822 et
1440 1755 1510 1821 in
1568 1755 1764 1821 Italia
1815 1756 2212 1842 negotiatur.
2282 1755 2572 1823 Paratus

601 1841 869 1926 quidem
926 1843 1158 1908 fuisset
1211 1854 1477 1907 senatus
1536 1850 1761 1909 noster
1815 1862 1937 1925 pro
2001 1843 2145 1926 ipso
2210 1841 2570 1926 deprecari,

601 1928 718 1995 sed
763 1929 918 2012 quia
975 1925 1258 1994 ludibrio
1298 1925 1560 1993 habitae
1615 1927 1896 1994 fuissent
1950 1927 2182 1994 literae
2226 1926 2569 1994 abstinuit.

601 2013 778 2081 Dedi
820 2014 1167 2080 consilium
1202 2011 1376 2096 quod
1420 2012 1852 2096 repudiarunt
1894 2014 2090 2080 amici
2133 2014 2292 2080 eius.
2358 2015 2572 2080 Puta·

601 2108 764 2166 runt
805 2100 1000 2177 enim,
1049 2099 1107 2163 si
1142 2107 1425 2183 quatuor
1464 2099 1765 2165 civitatee
1799 2097 2182 2179 helveticae‚
2228 2120 2397 2182 quae
2446 2120 2573 2182 pu-

601 2183 2572 2355 ffirssffgfflffiffissp‘ssixoenffla‹123⁹ssssssssss

601 2357 810 2440 Atqui
851 2376 1085 2424 vereor
1127 2377 1213 2422 ne
1254 2363 1626 2421 vestrorum
1668 2377 1925 2440 quoque
1969 2357 2286 2423 autoritas
2333 2356 2456 2423 hac
2500 2358 2569 2421 in

601 2453 790 2526 parte
856 2442 1025 2508 levis
1090 2450 1157 2506 et
1218 2462 1423 2526 prope
1487 2440 1739 2508 nullius
1797 2443 2115 2509 momenti
2179 2443 2407 2508 futura
2463 2443 2567 2509 sit.

600 2527 777 2610 Quia
832 2535 1055 2594 tamen
1110 2547 1312 2593 causa
1364 2528 1511 2611 ipsa
1562 2548 1697 2593 non
1752 2528 2095 2613 vulgarem
2149 2527 2567 2594 commenda-

597 2616 847 2680 tionem
882 2621 1196 2692 meretur,
1241 2613 1444 2679 etiam
1479 2621 1675 2695 atque
1718 2615 1920 2680 etiam
1964 2623 2031 2680 te
2072 2633 2234 2699 rogo
2278 2623 2353 2679 ut
2397 2636 2569 2680 nun-

597 2701 777 2768 cium
820 2700 891 2765 in
936 2698 1146 2765 literis
1188 2697 1625 2783 impetrandis
1669 2720 1799 2783 qua
1842 2700 2088 2785 poteris
2131 2698 2262 2765 fide
2307 2705 2377 2766 et
2419 2700 2569 2765 dili-

598 2786 824 2871 gentia
865 2785 1159 2852 adiuves.
1230 2783 1421 2865 Vale,
1476 2783 1838 2851 clarissime
1881 2788 2007 2868 vir,
2062 2795 2130 2852 et
2182 2784 2571 2851 honorande

595 2873 822 2939 frater.
917 2870 1247 2938 Dominus
1303 2879 1370 2936 te
1426 2870 1752 2955 gubernet
1813 2893 1932 2938 suo
1997 2871 2254 2955 spiritu,
2321 2873 2570 2938 virtute

593 2960 919 3114 sustineat
953 2978 1031 3023 ac
1046 2956 1470 3108 2incolumem
1514 2967 1876 3025 conservet.
1949 2958 2264 3024 Genevae
2301 2962 2360 3024 9.
2399 2956 2568 3043 Sep·

595 3053 730 3112 tem
777 3045 870 3113 ris
921 3046 1040 3110 156
1090 3094 1105 3111 .

1540 3183 1727 3250 Tuus
1769 3182 2054 3249 Ioannes
2098 3181 2434 3250 Calvinus.

1366 3476 1775 3486 -—-—

1476 3731 1677 3802 385⁰.

810 3883 938 3950 m
980 3867 1287 3951 SENAT
1330 3886 1460 3952 DE
1506 3868 1894 3953 onnam
1937 3883 2003 3949 A
2047 3882 2356 3950 mm.

595 4052 1226 4225 niue.⁰¹⁹)⁸pr⁰²⁰”9⁶
1279 4076 1397 4125 son
1449 4057 1745 4144 εοηρὲει
1800 4058 2153 4124 onasoin
2208 4056 2286 4123 de
2336 4076 2414 4123 sa
2467 4056 2571 4140 fa-

811 4311 1109 4381 (Anhim
1141 4314 1212 4370 de
1244 4314 1483 4372 Geueve.
1541 4316 1762 4371 Lettre·
1797 4315 1867 4371 de
1901 4316 1957 4370 la
1990 4314 2360 4385 seigneurie.)

1133 4488 1198 4552 A
1238 4486 1518 4555 Maistre
1559 4488 1790 4556 Pierre
1834 4488 2049 4555 Viret.

781 4661 1008 4741 Ayaut
1057 4657 1166 4724 leu
1224 4656 1321 4724 les
1373 4658 1603 4726 lettres
1656 4682 1783 4745 que
1828 4682 1998 4727 nous
2054 4680 2212 4725 aves
2254 4659 2573 4742 escriptes

607 4762 777 4808 nous
829 4762 1038 4809 avons
1094 4756 1232 4810 este
1283 4746 1534 4828 joyeux
1590 4758 1657 4811 ct
1712 4768 1922 4814 avons
1979 4744 2190 4812 rendu
2246 4765 2480 4830 graces
2533 4765 2575 4810 a

603 4928 795 4984 8860.
816 4929 876 4996 1)
921 4930 1072 4985 Vini
1114 4932 1268 4985 avait
1297 4930 1493 4998 prcche'
1536 4939 1588 4986 et
1620 4932 1821 4989 celebre
1854 4934 1912 4988 la
1944 4935 2071 4990 cm
2101 4936 2141 4990 ὰ
2177 4931 2373 4989 Ninus
2405 4932 2456 4988 le
2487 4930 2574 4986 24.

607 4998 756 5063 Mai,
791 5006 844 5053 et
874 4994 1010 5053 duic
1177 5002 1199 5051 ι’
1244 5000 1294 5053 le
1326 4998 1633 5054 landenam
1846 5003 2026 5073 Lyca.
2097 5001 2219 5057 Des
2250 5003 2301 5057 le
2332 5004 2475 5056 nois
2508 5002 2578 5056 de

606 5064 752 5121 διὰ·
783 5066 983 5134 venun
1121 5072 1253 5121 cette
1286 5068 1412 5121 cille
1443 5019 1831 5125 densamus
1869 5072 2282 5140 prolouqement
2315 5070 2384 5125 de
2407 5070 2578 5139 cona&

604 5147 753 5201 pour
795 5138 879 5191 lui
939 5134 1112 5204 laquel
1159 5136 1253 5197 fut
1295 5137 1523 5190 accorde'
1554 5154 1699 5205 pour
1732 5139 1878 5194 deae
1912 5140 2053 5194 nois
2085 5138 2192 5205 (N.
2228 5137 2368 5194 8817
2405 5140 2576 5205 suiv.)

623 5202 802 5326 νομ.
843 5174 980 5272 ιὶῳ.
1027 5202 1106 5255 a·
1158 5202 1379 5256 Coma
1422 5220 1536 5258 m
1585 5205 1668 5260 18.
1709 5214 1761 5263 a
1802 5207 1888 5263 24.
1925 5208 2079 5280 mn,
2123 5212 2176 5264 4.
2221 5217 2273 5267 a
2320 5209 2404 5264 ιο.
2444 5207 2580 5277 Sep-

2127 345 2662 420 EPISOEOLAE
2702 349 3133 418 3849—3852

4493 354 4597 420 5²⁰

2675 535 2854 603 Dieu
2899 536 2983 604 de
3024 536 3091 603 la
3144 536 3359 604 bonne
3414 537 3723 604 affection
3764 537 3905 622 quil
3944 558 4110 605 vous
4166 539 4345 607 avoit
4384 537 4599 607 donnes

2676 621 2760 690 de
2801 642 2892 689 ne
2931 624 3125 708 point
3174 622 3601 691 abandonner
3650 623 3722 689 la
3761 643 4053 707 paouvre
4105 623 4310 709 eglise
4347 622 4427 690 de
4471 624 4604 709 lyon

2675 728 2764 774 en
2816 708 2974 775 telle
3024 710 3345 776 necessita
3403 730 3532 794 que
3572 730 3738 776 vous
3793 708 3864 776 la
3915 709 4233 777 declaires
4286 719 4358 776 et
4408 709 4606 778 lum

2675 795 2856 861 aussi
2897 795 3192 861 entendu
3228 794 3540 862 dallieurs
3582 816 3698 863 car
3739 816 3814 861 ce
3848 815 4017 862 nous
4060 803 4211 862 eust
4251 803 4391 862 este
4427 793 4607 881 grand

2673 889 2898 966 regret
2940 880 3080 966 quil
3120 903 3168 967 y
3210 882 3345 948 fust
3398 881 3662 949 advenu
3704 880 4089 966 dissipation
4147 902 4234 947 ou
4288 881 4471 948 ruine
4504 902 4609 965 par

2675 975 2898 1033 vostre
2963 966 3258 1034 absence.
3356 966 3451 1032 Et
3506 986 3759 1034 comme
3816 986 3891 1034 ce
3946 986 3989 1033 a
4041 975 4180 1035 este
4230 989 4329 1033 un
4391 968 4607 1034 service

2675 1051 2982 1137 agreable
3025 1075 3068 1120 a
3109 1054 3283 1119 Dieu
3328 1053 3506 1119 aussi
3549 1052 3633 1118 de
3676 1061 3902 1119 nostre
3941 1060 4121 1120 coste
4173 1073 4343 1137 pour
4382 1052 4441 1119 le
4486 1054 4611 1120 soin

2676 1147 2747 1203 et
2808 1158 2953 1205 com
3002 1138 3221 1205 assion
3286 1159 3414 1223 que
3476 1159 3649 1204 nous
3719 1160 3925 1206 avons
3990 1139 4106 1206 des
4168 1139 4487 1206 membres
4541 1138 4611 1204 de

2674 1224 2725 1292 J
2724 1244 2878 1290 esus
2899 1159 3128 1291 CErist
3162 1234 3390 1291 nostre
3432 1224 3590 1292 chef
3616 1246 3926 1292 commun
3967 1246 4136 1292 nous
4169 1246 4338 1291 vous
4368 1244 4613 1294 soavons

2676 1309 2945 1376 tresbon
2986 1331 3107 1396 gre
3151 1309 3233 1376 de
3276 1331 3351 1377 ce
3401 1331 3530 1395 que
3568 1331 3737 1378 vous
3790 1331 3995 1378 naves
4037 1311 4227 1395 point
4268 1309 4505 1394 defally
4540 1331 4614 1376 au

2673 1393 2900 1462 besoin
2950 1417 2992 1462 a
3033 1415 3108 1463 ce
3149 1417 3447 1483 paouvre
3503 1397 3740 1482 peuple
3794 1396 3905 1481 qui
3965 1405 4184 1481 estoyt
4235 1417 4406 1481 pour
4456 1396 4615 1463 lhors

2675 1489 2824 1548 tant
2865 1491 3161 1549 estonne.
3231 1482 3546 1568 Despuys
3581 1503 3751 1549 nous
3791 1502 3998 1548 avons
4042 1504 4237 1549 receu
4276 1482 4502 1548 lettres
4540 1482 4616 1548 du

2673 1567 2918 1634 conseil
2975 1567 3058 1634 de
3113 1567 3347 1653 leglise
3399 1589 3525 1654 par
3579 1568 3930 1653 lesquelles
3983 1568 4077 1652 jlz
4122 1589 4293 1635 nous
4356 1567 4620 1651 suplient

2672 1655 2808 1719 fort
2857 1655 3300 1738 jnstamment
3342 1654 3424 1721 de
3465 1675 3634 1721 vous
3675 1654 4027 1738 prolonger
4068 1674 4266 1721 encor
4311 1653 4621 1738 lespaoe²)

2674 1739 2758 1805 de
2800 1749 2985 1839 troys
3026 1761 3219 1825 moys
3274 1739 3487 1825 lequel
3532 1761 3700 1807 nous
3753 1738 4003 1807 semble
4060 1739 4212 1806 bien
4266 1739 4429 1823 long
4478 1760 4622 1823 pour

2672 1824 2738 1891 le
2782 1825 2960 1891 desir
3015 1847 3142 1909 que
3199 1846 3367 1892 nous
3427 1846 3637 1893 avons
3681 1825 3763 1892 de
3807 1834 4028 1891 vostre
4084 1834 4311 1892 retour
4362 1846 4475 1891 car
4524 1824 4623 1890 lan

2674 1931 2824 1977 sera
2858 1920 3114 1977 tantost
3146 1912 3374 1995 expire
3409 1933 3535 1995 que
3569 1932 3738 1978 vous
3773 1912 4086 1995 partiates
4119 1910 4289 1995 dicy.
4339 1912 4624 1977 Touttes-

2674 1997 2799 2063 fois
2841 2018 3083 2082 pource
3140 2019 3269 2081 que
3320 2017 3489 2062 nous
3549 1997 3847 2064 desirons
3890 1998 3974 2064 de
4025 1998 4123 2063 les
4165 1995 4377 2083 ayder
4417 2005 4627 2063 entant

2674 2104 2872 2235 ἓξὲξ.
2907 2103 3282 2234 ’ἓῗῗοεῗίΐ
3302 2103 4022 2267 αῗὲοἳέωἰζωέωἱῗὲῗ
4073 2081 4629 2252 ξῗθὲῗὲἑᾞ

2674 2276 2761 2320 ne
2805 2252 3195 2320 delaisseres
3252 2262 3436 2338 point
3491 2264 3717 2321 vostre
3770 2254 3977 2339 eglise
4032 2253 4381 2320 tellement
4435 2252 4630 2337 quelle

2674 2349 2824 2423 soyt
2860 2338 3116 2439 desolee
3159 2346 3227 2405 et
3270 2340 3449 2439 aussi
3483 2361 3740 2439 comme
3783 2348 4008 2407 estant
4039 2361 4157 2406 sur
4175 2339 4262 2439 ‘le
4308 2339 4444 2406 lieu
4478 2359 4631 2404 vous

2674 2446 2886 2576 11ξέἔέ
2889 2447 2923 2491 8
2949 2445 3152 2576 &¹13¹
3157 2445 3533 2578 ¹atlvvtilsrcrsss}³
3577 2435 4313 2578 Ἇὲἷιοθῦἒθηῖθιοιπὲἓι·
4326 2434 4443 2577 mie
4497 2510 4558 2595 pl
4566 2531 4631 2574 us

2674 2604 2808 2662 tost
2850 2616 2976 2679 que
3020 2617 3188 2662 vous
3244 2617 3392 2664 sera
3444 2597 3732 2682 possible
3789 2598 4158 2664 touttesfois
4214 2618 4379 2664 avec
4432 2597 4633 2663 bonne

2674 2682 3052 2767 oportunite
3110 2691 3179 2748 et
3222 2703 3350 2767 que
3409 2704 3573 2750 vous
3632 2683 3863 2749 laisses
3917 2683 4149 2768 leglise
4206 2703 4291 2747 en
4353 2691 4523 2749 estat
4561 2680 4633 2746 de

2675 2769 3497 2922 2⁶.¹<’‚2¹.²5.⁰i}.3;}ff.0‘2.¹²³{·
3527 2768 3695 2922 003?
3712 2788 4635 2939 d2⁰3030¹22023022n¹2233

2673 2939 2937 3006 lamour
2979 2959 3105 3024 que
3162 2961 3332 3007 nous
3388 2962 3554 3009 vous
3617 2949 3896 3026 portons
3951 2947 4020 3006 et
4081 2940 4148 3007 le
4206 2941 4467 3007 service
4519 2957 4635 3023 que

2676 3047 2844 3127 vous
2900 3046 3057 3094 aves
3121 3025 3245 3093 fait
3301 3026 3393 3129 de.
3444 3027 3606 3113 long
3668 3035 3888 3113 temps
3947 3048 3989 3094 a
4029 3027 4205 3094 Dieu
4263 3033 4334 3092 et
4378 3047 4421 3093 a
4474 3033 4639 3093 ceste

2676 3111 3400 3284 351¹z⁶⁰933ffiq2¹2⁸12¹
3442 3134 3613 3267 33:12·
3653 3113 4053 3267 3353?
4077 3112 4637 3297 3332331335.

2674 3304 2760 3349 en
2797 3284 2950 3367 plus
2993 3284 3209 3370 grand
3251 3284 3464 3352 chose.
3554 3284 3868 3371 Sul-quoy
3910 3306 4080 3352 nous
4121 3286 4431 3369 prierons
4472 3285 4635 3350 Dieu

2673 3389 2842 3436 vous
2860 3370 3222 3522 ωὲἰυιοὲιίι·
3242 3372 3577 3437 tousiours
3598 3392 3681 3437 en
3708 3392 3785 3439 sa
3805 3372 4054 3438 saincte
4075 3371 4299 3457 garde.
4372 3370 4637 3438 Geneve

2672 3475 2748 3521 ee
2790 3455 2888 3521 xi·
2978 3476 3016 3521 e
3061 3460 3097 3518 7
3147 3478 3218 3521 re
3274 3459 3457 3523 1562.

3565 4208 3763 4280 3851.

3088 4380 3756 4450 BULLINGERUS
3800 4380 4243 4449 OALVINO.

2849 4568 4645 4656 Deyaaioisrebusoertiorfioeicupihundefflt·

2676 4658 3285 4829 mmmm
3361 4658 3761 4724 nunciantur.
3868 4654 4269 4724 Commendat
4338 4656 4647 4724 Polum.

2676 4930 3099 5002 (Autographon
3118 4931 3369 5000 sequitur
3387 4931 3806 5000 praecedentem
3830 4931 4127 5000 Bullingeri
4157 4932 4213 4984 in
4236 4931 4429 4985 eodem
4448 4930 4645 4986 Codice

3006 5000 3305 5065 Turiensi,
3336 5001 3469 5054 item
3507 5007 3691 5055 exstat
3723 5017 3810 5070 ap.
3848 5001 4137 5054 Simlerum
4177 5001 4210 5054 Ι.
4247 5000 4313 5067 l.)

2891 5273 2954 5343 3)
2984 5280 3110 5330 not.
3147 5274 3403 5331 doum
