4900 6125
672 385 751 452 w
2184 377 2722 448 EPIS'POLAE
2760 382 3187 449 3952—3953
4575 389 4641 452 20

672 567 1167 640 memorabilan
1244 567 1597 648 exstiti-se,
1674 567 1841 636 natis
1920 588 2083 635 vere
2148 575 2217 636 et
2281 567 2642 668 diligenter

670 657 879 746 pou-dt
916 661 1183 722 neutrae
1224 651 1381 720 hnic
1422 655 1623 720 aetati
1666 663 1869 739 atque
1925 653 2125 721 etiam
2188 665 2475 740 posteris
2518 676 2635 722 ex-

670 741 931 828 plicare.
1020 739 1453 808 Paudnimis
1484 741 1743 806 interea
1795 739 2211 824 complectar,
2269 761 2439 825 quae
2483 762 2640 808 nos-

670 841 849 894 trem
892 825 1057 892 illud
1287 827 1425 891 'um
1452 827 1509 912 ⁸)
1552 835 1713 892 sunt
1765 837 2191 910 consequuta,
2252 828 2325 893 in
2368 827 2451 894 iis
2495 827 2640 911 qui-

668 913 821 980 dm
878 911 1037 980 locis
1096 935 1165 978 m
1222 913 1463 996 quibus
1522 932 1673 978 snm
1731 925 2058 980 versatus.
2148 912 2325 979 Nam
2391 912 2638 997 alioqui

666 1001 853 1066 mua
894 1013 997 1066 est
1040 997 1301 1064 Galliae
1338 999 1539 1082 regio,
1585 1019 1753 1082 quae
1988 999 2143 1066 'aris
2176 999 2494 1066 historiae
2530 1021 2637 1066 ar·

664 1097 1055 1172 ‘mentum
1100 1105 1231 1150 non
1278 1085 1487 1168 pouit
1528 1084 1970 1168 suppeditare.

840 1171 1053 1238 Paulo
1118 1183 1269 1256 pest
1334 1171 1657 1255 proelium
1722 1172 1911 1238 cuius
1976 1181 2045 1237 et
2099 1192 2269 1255 quae
2312 1171 2528 1237 forma
2570 1179 2636 1238 et

662 1259 815 1342 quis
868 1259 1091 1324 exitus
1152 1257 1347 1324 faerit
1406 1255 1669 1322 abunde
1724 1257 1859 1324 iam
1916 1257 2339 1342 cognovistis,
2405 1265 2635 1324 noster

664 1345 1011 1416 anticus,
1072 1343 1417 1408 Amiraldo
1474 1343 1657 1420 duce,
1723 1344 1997 1410 traiecto
2055 1342 2233 1409 infra
2290 1343 2633 1409 Aureliam

670 1429 931 1510 Ligeris
980 1431 1179 1494 fluvio
1222 1429 1347 1494 Sili
1398 1431 1717 1508 oniam,⁴)
1783 1449 1981 1514 quam
2038 1439 2291 1504 vocant,
2361 1430 2634 1513 provin·

662 1521 833 1580 niam
882 1517 1135 1580 invasit
1200 1527 1269 1580 ct
1322 1517 1575 1598 aiquot
1633 1516 2035 1600 expugnatis
2092 1513 2368 1599 oppidis,
2425 1522 2634 1581 totam

666 1605 803 1668 tem
852 1601 1189 1682 Bituriges
1248 1623 1345 1664 unt
1374 1623 1455 1666 ue
1512 1602 1581 1666 in
1645 1601 1807 1684 ipsis
1869 1601 2155 1667 hostium
2215 1600 2421 1668 oculis
2478 1600 2633 1667 sub-

664 1709 795 1768 esg:
896 1689 1263 1752 liutwinus
1306 1709 1345 1751 a
1376 1687 1557 1768 iquot
1604 1698 1750 1768 post
1786 1687 2017 1753 diebus
2061 1687 2240 1752 lento
2275 1684 2633 1752 admodum

666 1791 901 1838 sunere
948 1797 1351 1856 prwgrcmnun,
1418 1773 1511 1838 lte
1552 1795 1581 1836 e
1627 1793 1702 1838 ac
1748 1773 1998 1856 Reyina
2042 1772 2312 1839 Blaesos
2356 1782 2424 1837 et
2469 1775 2633 1838 Am-

666 1865 913 1924 bonam
974 1883 1351 1942 praemis-em
1396 1871 1465 1922 et
1544 1859 1821 1942 'rincipe
1867 1869 2087 1924 nostro
2137 1859 2445 1924 Condensi
2489 1867 2633 1924 tuto

666 1959 807 2010 lm»
874 1949 1049 2010 intur
1118 1959 1467 2028 utramque
1533 1945 1715 2009 illam
1788 1943 2013 2010 urbem
2082 1945 2413 2023 collocatO,
2484 1965 2632 2011 eam

664 2055 873 2096 unsara
932 2033 1159 2096 urbem
1218 2053 1349 2114 qua
1408 2030 1603 2116 paulo
1659 2039 1813 2096 ante
1872 2031 2363 2108 traieceramus,
2432 2050 2631 2114 quam

696 2119 1239 2194 salaputimzmnb)
1286 2129 1539 2194 vocant,
1586 2127 1835 2198 septem
1881 2116 2054 2182 infra
2100 2117 2435 2182 Aureliam
2482 2116 2632 2180 mil-

660 2205 953 2280 hautun,
1002 2205 1182 2268 nullo
1232 2203 1491 2284 negotio
1537 2203 1902 2288 occupavit,
1960 2211 2035 2268 ut
2092 2201 2370 2268 liborum
2415 2202 2630 2267 utrin-

658 2313 785 2372 que
834 2291 911 2354 ml
968 2289 1295 2356 Aureliam
1344 2287 1791 2368 obsidendum,
1840 2287 1944 2356 vol
1992 2287 2075 2353 ad
2122 2311 2242 2354 nos
2278 2289 2630 2371 insequen-

658 2375 777 2440 elon
826 2375 1075 2440 salitum
1128 2375 1413 2440 lmlmrnt.
1514 2375 1887 2440 simii-aldus
1950 2374 2059 2440 ubi
2118 2375 2241 2440 hoc
2302 2373 2482 2440 videt
2527 2395 2630 2439 re-

656 2475 877 2528 are-alo
923 2463 1219 2526 exercitu
1267 2461 1463 2526 aliani
1513 2473 1578 2524 et
1624 2461 1765 2544 ipse
1804 2461 2050 2538 urbem,
2097 2459 2630 2544 Gergucllum,⁰)

656 2569 951 2632 qumque
1022 2569 1221 2632 supra
1292 2547 1625 2612 Aurelium
1688 2545 2121 2624 milliaribus,
2211 2569 2363 2612 cum
2430 2555 2628 2629 ponto

658 2633 922 2714 iunculil,
972 2645 1044 2698 ut
1090 2647 1231 2698 tuni
1282 2633 1444 2712 urbi,
1494 2635 1547 2698 si
1596 2633 1765 2698 forto
1810 2633 2236 2712 obsideretur,
2287 2651 2627 2698 succurre-

660 2735 776 2796 ret,
828 2731 967 2784 tuin
1007 2719 1205 2784 etiarn
1248 2719 1435 2796 hosti,
1472 2739 1602 2802 qua
1646 2717 1947 2784 libuisset
1984 2727 2188 2802 parte,
2235 2727 2625 2784 occurreret.

660 2805 766 2872 lta
836 2805 1230 2890 praeteriere
1276 2805 1416 2870 dics
1471 2805 1737 2887 aliquot,
1797 2804 1908 2887 qui
1975 2805 2045 2868 in
2098 2804 2365 2870 Aurelia
2410 2803 2627 2869 muni-

656 2891 830 2958 enda
874 2903 1033 2956 siunt
1076 2890 1471 2974 consumpti,
1520 2891 1761 2955 nostris
1863 2889 2143 2956 roelium
2196 2890 2469 2956 minime
2514 2888 2625 2954 de·

660 2977 1112 3054 trementibus,
1180 2979 1412 3042 Guisio
1456 2997 1611 3042 vero
1668 2976 1801 3041 aliu
1898 2975 2159 3058 quidvis
2214 2975 2433 3058 potius
2488 2995 2626 3040 me-

659 3064 934 3139 ditante,
982 3084 1218 3146 nempe
1264 3063 1500 3145 quibus
1561 3061 1815 3127 artibus
1860 3061 2273 3128 Germanum
2319 3061 2626 3144 equitem,

660 3152 763 3213 oui
816 3150 1015 3215 trium
1062 3150 1390 3214 mensium
1450 3147 1857 3231 stipendium
1913 3149 2291 3221 debebatur,
2358 3168 2399 3212 a
2442 3148 2628 3213 nobis

660 3234 1034 3307 abduceret,
1080 3244 1145 3299 ct
1190 3234 1422 3299 urbem
1477 3234 1850 3317 proditione
1894 3236 2111 3316 potius
2158 3254 2353 3316 quam
2399 3242 2628 3316 aperta

662 3322 725 3385 vi
774 3328 1137 3401 occuparet.
1230 3320 1527 3385 Tandem
1584 3321 1789 3403 igitur
1828 3320 2214 3385 Amiraldus
2280 3317 2510 3385 relicto
2556 3320 2629 3387 in

666 3406 825 3471 urbe
892 3406 1071 3469 omni
1141 3405 1453 3488 peditatu,
1518 3408 1633 3487 qui
1696 3414 1974 3488 quatuor
2041 3405 2302 3472 circiter
2338 3404 2630 3471 millibus

662 3489 1021 3565 venustabat,
1068 3500 1133 3555 et
1176 3491 1479 3555 Andeloto
1526 3493 1729 3556 tratre
1784 3512 1919 3557 una
1960 3512 2113 3557 cum
2158 3490 2403 3573 aliquot
2446 3490 2630 3556 nobi-

664 3574 821 3639 lium
871 3576 1217 3640 Gallorum
1261 3578 1558 3657 equitum
1596 3578 1833 3642 turmis
1870 3577 2019 3642 urbi
2056 3578 2401 3659 praefecte,
2450 3586 2630 3643 recta

668 3660 1139 3725 Not-manniam
1224 3682 1457 3724 versus
1532 3684 1683 3725 eum
1748 3662 2017 3744 reliquis
2094 3663 2325 3745 copiis,
2394 3662 2462 3726 id
2528 3671 2630 3728 est

664 3748 955 3823 equitum
1006 3746 1661 3811 instructissimornm
1708 3747 1998 3812 millibus
2054 3762 2333 3830 quatuor
2378 3760 2445 3811 et
2489 3768 2628 3812 am·

668 3830 840 3911 plius
899 3852 1015 3913 per
1080 3832 1383 3894 Baeotiae
1408 3834 1463 3906 τ)
1528 3854 1791 3914 campos
1850 3834 2207 3912 contendit,
2276 3834 2627 3916 pecuniam

676 3914 973 3977 vuli-licet
1031 3928 1097 3977 et
1152 3938 1395 3979 novum
1450 3918 1727 3981 militem
1786 3919 1869 3984 ab
1928 3919 2155 4002 Anglis
2214 3930 2623 4003 accepturus.
2675 3914 2682 4009 ff

674 3998 809 4065 lior
868 4000 1053 4063 nobis
1114 4014 1329 4064 tutum
1393 4014 1459 4065 et
1518 4018 1819 4084 pacatum
1880 4006 2021 4079 fnit,
2100 4006 2365 4071 nemine
2422 4006 2627 4071 tantis

671 4086 876 4167 copiis
921 4084 1235 4149 obsistere
1282 4108 1457 4151 auso.
1548 4088 1681 4153 Sed
1727 4111 1937 4172 neque
1980 4090 2198 4157 adhuc
2242 4093 2313 4156 in
2360 4102 2626 4174 portum

672 4170 1179 4247 ‹an-uoivnsoms)
1225 4170 1427 4235 allata
1468 4186 1611 4236 erat
1654 4178 1947 4258 pecunia,
2009 4198 2220 4259 neque
2272 4198 2484 4243 novus
2527 4178 2626 4243 ul·
2673 4158 2680 4289 ζ
2995 4266 3054 4328 A
3097 4262 3140 4325 d
3285 4262 3346 4326 b.
3573 4261 3662 4325 'ta
3713 4261 3761 4324 ’t
3966 4260 3978 4271 .
4047 4260 4059 4273 ·
4117 4259 4256 4323 oerf
4325 4268 4396 4324 ω
4467 4260 4522 4325 G
4579 4258 4642 4269 ..

2733 4276 2946 4329 terum
3058 4284 3094 4327 o
3199 4284 3282 4327 no
3329 4285 3384 4327 is
3449 4280 3593 4326 exet
3664 4283 3731 4325 vl
3775 4311 3790 4337 ,
3871 4280 3986 4342 qui
4043 4281 4112 4322 in
4248 4281 4322 4324 ec
4527 4276 4668 4321 ussto

674 4256 775 4319 ln*
844 4278 925 4319 ox
990 4254 1225 4335 anglia
1290 4258 1477 4321 miles
1546 4261 1905 4325 traiecerat.
2010 4264 2222 4327 Erant
2286 4274 2628 4348 praeterea

680 4342 855 4405 venti
895 4338 1359 4419 adversissimi,
1416 4364 1580 4425 quae
1620 4368 1721 4409 res
1757 4347 1827 4410 in
1861 4358 2231 4414 extremum
2270 4350 2626 4415 discrimen
2674 4362 2681 4385 ¹

672 4446 775 4487 ros
826 4436 1080 4489 nostras
1126 4426 1503 4505 adducebat,
1567 4452 1769 4511 quum
1828 4436 2213 4517 peregrinus
2276 4436 2464 4501 miles
2509 4436 2626 4500 sti·

670 4510 979 4591 pendium
1042 4512 1483 4577 minabundus
1540 4518 1885 4597 flagitaret,
1945 4530 2011 4583 et
2068 4534 2413 4603 propterea
2459 4522 2624 4595 urbi,
2675 4548 2680 4563 ·

668 4616 865 4677 «luam
917 4597 1193 4661 (iustius
1240 4598 1487 4663 interea
1532 4604 1912 4685 gravissime
1956 4608 2312 4689 premebat,
2360 4628 2398 4673 a
2436 4606 2626 4673 nobis

881 4814 941 4871 3)
982 4814 1306 4873 Dru-'densa
1342 4820 1441 4883 RN.
1483 4820 1617 4873 tiss?
1658 4840 1708 4875 se
1765 4824 1783 4879 l

880 4884 941 4941 4)
980 4884 1217 4953 sologne.
1302 4888 1377 4941 De
1426 4890 1511 4939 tm
1562 4844 1809 4945 nonnullae
1858 4900 1925 4959 cf.
1970 4896 2039 4949 11.
2088 4898 2229 4951 h'ccl.
2282 4900 2347 4953 11.
2398 4898 2506 4952 2⁴5
2560 4914 2628 4953 ts.

2743 570 3038 638 succurri
3100 571 3286 637 nulla
3346 572 3601 639 ratione
3659 581 3894 656 posset.
3983 570 4121 639 Sed
4184 579 4253 638 et
4315 573 4486 638 intra
4530 574 4645 657 ipss

2741 655 3189 724 Normanniae
3246 657 3500 726 viscera
3556 658 3944 724 versabatur
4000 678 4153 723 cum
4211 658 4498 725 exercitu
4541 681 4646 726 non

2741 742 3220 809 contemnendo
3279 743 3690 828 RinymviuS,
3757 744 4066 827 Sequana
4128 744 4308 809 inter
4365 745 4554 827 ipsius
4596 755 4650 812 et

2742 836 3000 895 nostras
3041 830 3258 912 copias
3292 828 3650 908 interiecta,
3717 838 3784 895 et
3835 850 4012 894 unus
4070 850 4153 895 ex
4204 829 4429 896 Gai-rii
4465 830 4650 896 fratri·

2737 916 2883 994 bus,
2928 936 3123 998 quem
3145 914 3574 982 Marchionem
3619 923 3872 993 vocant,
3917 935 4146 981 recens
4191 915 4263 980 in
4307 937 4516 982 arcem
4551 916 4651 982 Cs-

2742 1000 3138 1081 domensem,
3159 1003 3213 1078 ⁹)
3247 1001 3444 1086 longe
3480 1002 3989 1067 munitissimam
4013 1011 4081 1066 et
4118 1000 4304 1067 nobis
4327 1003 4652 1086 proximam

2740 1095 2886 1152 erat
2928 1088 3282 1172 ingressus,
3328 1096 3405 1152 ut
3446 1088 3669 1153 omnia
3724 1097 3950 1152 nostra
4003 1086 4284 1152 consilia
4327 1088 4651 1171 impediret.

2738 1173 2911 1239 Ecce
2954 1194 3112 1240 vero
3153 1171 3307 1238 dum
3351 1173 3426 1237 in
3467 1174 3613 1238 istis
3671 1174 3946 1238 summis
4007 1173 4498 1239 difficultatibus
4537 1195 4653 1238 ver-

2739 1279 2982 1334 samur,
3013 1270 3094 1336 ,et
3135 1280 3219 1325 ex
3262 1257 3470 1324 altera
3513 1257 3860 1341 Sequanae
3895 1267 4099 1342 parte,
4142 1261 4330 1324 euius
4367 1260 4526 1323 ostia
4559 1281 4656 1324 nos

2739 1366 2778 1410 a
2823 1344 3169 1411 Graeiensi
3212 1354 3408 1428 portu
3449 1344 3995 1423 intercludebant,
4052 1344 4376 1410 secundos
4429 1365 4506 1409 ex
4549 1345 4656 1408 An·

2736 1430 2871 1580 {lia
2925 1441 3156 1497 ventos
3211 1441 3683 1513 exspectamus,
3742 1432 3976 1496 fratres
4019 1431 4131 1514 qui
4177 1430 4452 1496 cadomi
4491 1431 4659 1496 mira·

2779 1517 2957 1581 iliter
3001 1517 3082 1581 ad
3128 1537 3279 1581 eum
3335 1538 3540 1600 usque
3595 1515 3768 1581 diem
3826 1515 4091 1581 fuerant
4144 1537 4184 1581 a
4227 1517 4376 1581 Deo
4435 1537 4658 1582 conser-

2737 1603 2897 1682 vati,
2941 1603 3351 1668 Amiraldum
3393 1612 3648 1686 rogant,
3705 1609 3780 1666 ut
3837 1600 3958 1666 sibi
4004 1602 4324 1667 adversus
4373 1601 4659 1666 Marchub-

2736 1709 2877 1754 nem
2918 1709 3106 1772 opem
3142 1689 3328 1765 ferat,
3373 1687 3697 1770 simulque
3740 1697 4030 1764 monent,
4077 1709 4295 1752 arcem
4341 1708 4476 1752 non
4520 1687 4660 1752 diffi-

2736 1774 2946 1840 culter
2990 1774 3136 1857 capi
3179 1795 3388 1857 posse,
3435 1774 3760 1838 munitam
3805 1772 4066 1857 quidem
4111 1773 4314 1852 illam,
4373 1773 4486 1838 sed
4526 1793 4660 1856 quae

2737 1861 2818 1926 ab
2899 1859 3142 1926 imbelli
3226 1859 3388 1924 duce
3454 1869 3519 1924 et
3584 1858 3808 1941 paucis
3874 1858 4194 1923 militibus
4263 1860 4659 1925 obtineretur.

2734 1946 2968 2029 Itaque
3012 1947 3294 2029 acceptis
3338 1967 3417 2010 ex
3459 1945 3802 2011 Gracieusi
3841 1954 4034 2027 portu
4070 1946 4363 2027 quinque
4402 1944 4660 2028 peditum

2738 2031 3097 2116 Anglorum
3142 2032 3531 2110 cohortibus,
3579 2039 3644 2094 et
3687 2029 4006 2096 militibus
4050 2031 4303 2114 aliquot
4351 2041 4664 2114 praeterea

2734 2139 2817 2183 ex
2863 2117 3094 2200 Diepa,
3151 2118 3261 2200 qui
3316 2117 3487 2182 alter
3541 2117 3855 2181 remotior
3911 2127 4141 2198 portus
4188 2124 4344 2181 ante
4403 2137 4662 2180 mensem

2735 2226 2775 2269 a
2818 2205 3062 2269 nostris
3108 2213 3406 2285 receptus
3449 2203 3677 2280 fuerat,
3725 2200 3810 2266 ad
3854 2211 4110 2266 nostros
4147 2224 4283 2266 una
4326 2224 4482 2267 cum
4528 2201 4664 2266 duce

2732 2289 3085 2355 fortissimo
3129 2288 3622 2372 Monyommerio
3679 2289 4192 2365 accurrentibus,
4257 2299 4440 2353 rocta
4484 2286 4664 2353 Cade-

2733 2396 2916 2439 mum
3003 2395 3154 2439 cum
3241 2383 3383 2440 octo
3460 2374 3696 2438 crassis
3781 2375 4126 2438 tormentis
4211 2373 4664 2438 contendimus.

2733 2461 2911 2528 Urbs
2954 2461 3176 2526 statim
3221 2482 3260 2525 a
3323 2460 3638 2526 fratribus
3703 2458 4008 2536 traditur,
4076 2469 4486 2541 quassantur
4527 2461 4665 2523 areis

2736 2547 3013 2625 moenia,
3061 2544 3224 2612 adeo
3249 2553 3322 2610 ut
3344 2546 3548 2610 altero
3583 2555 3729 2628 post
3763 2546 4326 2628 oppugnationem
4369 2545 4498 2622 die,
4539 2566 4665 2610 eon·

2736 2643 2837 2697 tra
2880 2632 3166 2698 omnium
3211 2632 3785 2715 exspectationem,
3832 2631 4005 2695 ultro
4050 2651 4121 2695 se
4165 2630 4359 2695 nobis
4409 2630 4663 2695 dederet.

2735 2717 2869 2800 Qui
2913 2720 3092 2783 intus
3150 2718 3413 2784 fuerant
3470 2738 3620 2782 cum
3675 2716 3877 2781 armis
3934 2715 4198 2799 quidem
4246 2715 4525 2793 dimissi,
4575 2713 4668 2778 sed

2734 2815 2959 2888 postea
3011 2803 3268 2888 spoliati
3326 2824 3365 2867 a
3420 2803 3668 2868 nostris
3725 2802 4053 2885 equitibus
4097 2811 4165 2867 et
4205 2803 4500 2884 pessime
4539 2813 4668 2866 sunt

2733 2890 2960 2970 habiti,
3004 2890 3238 2972 quibus
3283 2888 3787 2971 Rotomagensis
3828 2887 4045 2954 clades
4089 2887 4307 2953 adhuc
4353 2888 4442 2953 ob
4477 2887 4666 2953 oculos

2734 2986 2897 3041 erat.
2988 2976 3091 3041 Ea
3133 2997 3324 3058 porro
3368 2975 3643 3040 victoria
3685 2974 3780 3038 sie
3825 2974 4023 3057 fregit
4079 2973 4378 3038 hostium
4425 2975 4666 3039 animos.

2734 3072 2999 3146 accepto
3044 3063 3243 3128 etiam
3289 3059 3368 3126 de
3420 3060 3638 3126 Grais-ii
3680 3058 3878 3125 caede
3920 3059 4181 3131 nuncio,
4238 3070 4315 3123 ut
4363 3061 4542 3124 intra
4580 3057 4666 3123 de-

2734 3170 2876 3215 cem
2944 3148 3082 3213 dies
3146 3168 3281 3213 non
3348 3145 3535 3211 modo
3599 3145 3914 3212 tredecim
3978 3144 4265 3210 celebres
4333 3147 4568 3222 arbee,
4615 3146 4668 3208 in

2734 3235 2968 3317 quibus
3011 3242 3169 3299 sunt
3212 3242 3494 3316 quatuor
3537 3229 3933 3314 episcopales
3977 3229 4182 3309 sedes,
4230 3234 4668 3314 receperimus,

2733 3319 2848 3387 sed
2915 3321 3116 3385 etiam
3162 3318 3544 3395 Cenomani,
3599 3316 3967 3400 Andegavi,
4011 3317 4347 3393 Pictones,
4401 3318 4668 3382 Turones

2734 3415 2802 3470 et
2846 3405 3046 3471 vicini
3089 3426 3312 3470 omnes
3356 3403 3595 3486 populi,
3664 3424 3940 3485 prorsua
3983 3402 4054 3466 in
4098 3410 4326 3467 nostra
4373 3414 4668 3486 potestate

2735 3492 2869 3557 fore
2913 3490 3309 3555 viderentur.
3377 3488 3559 3554 Dum
3605 3489 3764 3554 haec
3807 3488 3880 3551 in
3925 3487 4336 3553 Normannia
4377 3500 4670 3573 geruntur

2734 3577 3045 3642 Aureliae
3109 3576 3489 3649 Guisiusw)
3557 3573 3961 3651 suburbium,
4031 3572 4205 3656 quod
4273 3574 4548 3657 Ligeris
4607 3574 4668 3635 ab

2733 3662 2897 3727 urbe
2941 3672 3219 3745 separat,
3266 3683 3399 3726 una
3442 3681 3590 3725 cum
3636 3661 3854 3742 pontis
3891 3658 4176 3736 castelle,
4223 3663 4476 3741 partim
4511 3680 4668 3742 prae-

2732 3748 3150 3814 sidiariorum
3193 3748 3480 3812 militum
3525 3746 3812 3829 ignavia,
3879 3746 4120 3828 partim
4165 3743 4546 3827 proditione
4585 3766 4669 3809 cs-

2731 3836 2846 3916 pit.
2937 3834 3134 3899 Cives
3178 3854 3261 3898 ex
3304 3832 3580 3897 adverso
3625 3831 3870 3913 aliquot
3914 3830 4133 3913 pontis
4177 3832 4547 3898 fornicibus
4587 3851 4668 3892 re-

2732 3930 2928 4003 pente
2973 3920 3226 3995 dirutis,
3272 3928 3339 3983 et
3380 3918 3677 3983 excitatis
3721 3916 4090 4001 aggeribus,
4153 3918 4552 4001 munitaque
4591 3918 4668 3979 in·

2730 4005 2874 4073 sula
2899 4011 2983 4077 ¹¹)
3049 4026 3214 4087 quae
3257 4014 3520 4087 pontem
3582 4002 3871 4067 medium
3930 3999 4286 4077 dividebat,
4343 4022 4668 4087 oppugna·

2733 4094 2978 4157 tionem
3043 4092 3300 4157 fortiter
3365 4087 3794 4165 sustinebant,
3865 4087 4186 4169 tantisper
4252 4087 4420 4152 dum
4489 4091 4668 4153 victor

2731 4188 2951 4243 noster
2995 4178 3322 4243 exercitus
3372 4176 3843 4258 superveniret,
3910 4195 4116 4256 quum
4169 4193 4320 4238 ecce
4369 4175 4558 4239 Deus
4597 4172 4670 4236 al·

2731 4370 2866 4413 non
2913 4362 3046 4413 tam
3091 4349 3321 4413 urbem
3369 4347 3569 4423 illam,
3614 4367 3812 4429 quam
3857 4354 4062 4409 totam
4110 4344 4408 4410 Galliam
4455 4346 4668 4409 libera·

2733 4448 2850 4500 ret.
2941 4434 3045 4500 Ab
3102 4456 3177 4499 eo
3233 4444 3544 4517 tempore,
3603 4432 3761 4497 dum
3820 4450 3961 4507 nos,
4021 4429 4360 4512 persoluto
4427 4429 4666 4495 tandem

2737 4521 3060 4586 militibus
3103 4521 3346 4585 nostris
3391 4516 3735 4601 stipendio,
3797 4516 3882 4580 ad
3926 4536 4115 4598 opem
4159 4516 4452 4583 obsessis
4495 4518 4684 4581 seren·

2736 4606 2886 4672 dam
2935 4606 3356 4679 accurrimus,
3419 4604 3500 4669 de
3552 4623 3712 4687 pace
3769 4604 3878 4685 agi
3938 4610 4262 4683 coeptum.
4360 4602 4678 4667 conam

2675 4750 2682 4771 ,
2732 4694 3022 4777 primum
3088 4702 3154 4757 et
3229 4690 3633 4759 Cone-nabilis
3699 4690 3768 4753 in
3833 4686 4066 4766 insula,
4160 4686 4318 4752 data
4387 4688 4676 4769 utrinque

2677 4782 2682 4809 ¹
2732 4780 2869 4844 suis
2911 4777 3292 4845 custodibus
3335 4774 3482 4851 fide,
3526 4796 3610 4840 ex
3659 4774 3942 4857 Reyinae
3984 4772 4332 4837 voluntate
4367 4793 4670 4839 convene·

2731 4874 2906 4929 runt.
2997 4862 3323 4930 Postridie
3367 4862 3477 4927 ille
3537 4862 3604 4926 in
3667 4861 3896 4926 urbem
3953 4858 4038 4924 ad
4083 4868 4362 4935 nostros,
4431 4862 4552 4923 iste
4601 4854 4668 4919 sd

674 4952 823 5007 Hui.
860 4954 955 5006 dee
990 4956 1175 5007 eho-ten
1212 4974 1358 5010 utem.
1406 4958 1547 5011 ibim.
1584 4978 1635 5027 μ.
1682 4962 1780 5013 160
1834 4980 1903 5021 u.
1984 4966 2319 5035 Pnpmmcre
2360 4968 2405 5021 1.
2442 4972 2484 5033 f.
2524 4968 2630 5019 350
2733 5024 2748 5031 ,

672 5040 743 5073 n.
786 5024 853 5075 de
900 5021 1049 5075 Thou
1090 5022 1182 5076 lll.
1219 5024 1350 5089 388,-
1388 5030 1609 5087 st'oldun.
1651 5030 1713 5082 ll.
1752 5032 1835 5087 92.

880 5090 940 5151 5)
978 5092 1311 5162 Bmyeucy.

882 5160 941 5215 6)
982 5159 1011 5212 1
1185 5180 1231 5211 u.

884 5228 943 5287 ἵ)
974 5228 1031 5281 ln
1226 5246 1281 5283 ce

882 5302 941 5353 b)
980 5296 1027 5351 Ie
1066 5297 1253 5351 Hae-re
1292 5300 1353 5353 de
1396 5302 1585 5355 (ι’νιίοε.
1661 5304 1835 5369 (ΗΜΛ
1872 5306 1991 5363 ecel.
2033 5308 2081 5363 11
2142 5310 2287 5371 2³⁴⁸.)

2939 5108 3000 5161 9)
3039 5103 3186 5157 Cam
3223 5104 3374 5157 cibid.
3413 5102 3552 5154 233³.

2911 5174 3000 5235 lo)
3041 5175 3168 5227 ibid.
3203 5172 3324 5224 266.

2741 5242 3002 5365 Manli-2⁸)
3039 5242 3146 5297 file
3183 5257 3296 5295 aas
3341 5240 3543 5303 boens-m
3578 5237 3735 5303 (ibid.
3773 5236 3920 5301 278.)
3991 5238 4110 5293 Hoc
4141 5239 4351 5305 factu-
4391 5244 4474 5291 est
4507 5237 4668 5294 Non-a
