4900 6125
281 404 382 470 225

277 611 441 674 quem
497 590 626 656 etsi
667 588 977 657 lethalem
1020 610 1164 657 esse
1207 598 1454 676 negant
1495 590 1751 671 medici,
1818 589 2210 657 diuturnum

274 695 474 742 tamen
532 677 670 743 fore
726 676 1017 742 coniicio.
1107 676 1396 742 Gratum
1457 677 1644 745 nobis
1697 678 1843 755 erit,
1909 677 1966 743 si
2009 697 2209 759 quam

313 763 538 827 rimum
606 760 783 827 adsit
884 760 954 828 ui
1017 761 1334 829 Baduello
1387 761 1710 830 succedat.
1809 761 2132 830 Barmaeo
2149 761 2209 848 ⁸)

299 848 598 913 'terarum
641 868 807 930 quas
875 850 1102 915 erebat
1141 848 1546 931 exemplaria
1584 848 1846 929 tradidi,
1890 869 2058 931 quae
2092 848 2211 913 tibi

272 933 576 1000 redderet.
634 932 1162 1001 Describendum
1184 935 1382 1000 etiam
1416 937 1661 1015 curavi,
1685 933 1863 1018 quod
1885 933 2212 1001 Baldaino

270 1019 745 1101 responderam:
815 1031 893 1084 ut
946 1019 1103 1086 inde
1145 1026 1470 1086 statueres
1513 1019 1845 1104 aliquidne
1899 1020 2213 1104 temporis

271 1105 457 1171 velles
514 1102 808 1187 perdere,
876 1103 1031 1170 dum
1091 1106 1210 1171 tibi
1268 1106 1465 1188 paulo
1509 1107 1657 1190 plus
1699 1108 1815 1172 otii
1862 1105 1992 1173 erit
2034 1103 2211 1189 apud

269 1204 527 1275 patrem.
617 1191 968 1256 Venerunt
1029 1190 1160 1259 huc
1225 1191 1651 1269 Parisienses‚
1721 1194 1832 1276 qui
1898 1191 1983 1257 ad
2051 1190 2213 1257 Pas·

267 1278 415 1343 sium
437 1281 495 1355 ⁹)
564 1275 1049 1342 extrahendum
1106 1277 1294 1343 missi
1335 1278 1626 1343 fuerant:
1692 1298 1920 1343 eorum
1979 1297 2051 1342 ro
2167 1298 2213 1341 ιι

269 1362 801 1430 Uxelodunenses
825 1365 907 1436 ¹⁰)
949 1362 1261 1427 hortabor
1293 1374 1370 1428 ut
1411 1384 1562 1429 eum
1605 1362 1959 1428 dimittant.
2073 1383 2210 1446 pse,

266 1462 332 1514 ut
404 1448 621 1524 audio,
701 1448 970 1515 consilio
1040 1460 1264 1515 nostro
1339 1450 1834 1532 obtemperabit.
1943 1448 2215 1515 Habent

266 1536 451 1602 etiam
485 1534 712 1601 literas
754 1534 992 1617 quibus
1036 1533 1393 1601 accersitur
1454 1534 1725 1601 Vir-etue.
1752 1540 1839 1613 ¹¹)
1924 1536 2212 1601 Senatus

265 1620 553 1703 permisit
611 1633 686 1685 ut
741 1621 1049 1685 Lutetiae
1104 1630 1427 1686 transeat:
1496 1621 1591 1686 sic
1648 1633 1869 1687 tamen
1930 1631 2007 1685 ut
2059 1640 2212 1685 eum

265 1713 500 1773 aestate
575 1721 932 1788 recuperet.
1034 1706 1454 1772 Turonenses
1527 1708 1726 1772 etiam
1785 1708 2213 1773 vehementer

266 1790 665 1858 contendunt
710 1792 790 1857 de
834 1791 1163 1869 Amathe,
1190 1792 1274 1862 ¹²)
1321 1813 1516 1875 quem
1559 1801 1797 1876 putant
1838 1793 1963 1858 sibi
2008 1790 2212 1857 fuisse

264 1876 608 1953 addictum,
653 1899 854 1959 quum
900 1899 940 1941 a
982 1896 1090 1943 me
1133 1890 1402 1961 rogatus
1445 1879 1572 1943 fuit
1606 1891 1684 1943 ιιι
1716 1877 1802 1943 ad
1836 1899 1948 1944 eos
1981 1897 2214 1944 conce-

264 1964 468 2113 dereg}
544 1964 638 2028 Et
686 1978 864 2029 certe
919 1962 1229 2029 videntur
1271 1963 1679 2030 Parisienses
1732 1986 1879 2031 esse
1931 1964 2213 2028 nimium

261 2069 396 2132 cupi
473 2098 489 2112 .

417 2135 662 2200 Finem
686 2134 1001 2216 epistolae
1022 2136 1316 2200 facturus
1350 2134 1434 2199 ad
1470 2148 1536 2199 te
1565 2134 1778 2201 redeo.
1837 2134 2215 2200 Prudenter

261 2234 324 2287 tu
343 2220 609 2304 quidem
631 2220 808 2305 quod
832 2219 1022 2300 ultro,
1058 2220 1298 2286 alienis
1329 2219 1912 2286 consultationibus
1934 2219 2212 2296 omissis,

262 2329 412 2390 quae
497 2305 851 2373 functionis
914 2325 1179 2371 nostrae
1244 2306 1514 2389 propria
1576 2318 1735 2371 sunt
1800 2306 2214 2388 amplecteris

260 2406 528 2475 utroque
576 2392 860 2460 brachio.
928 2390 1043 2458 Sic
1083 2406 1304 2457 tamen
1349 2393 1431 2458 ab
1475 2391 1622 2456 aliis
1665 2392 1839 2457 curis
1882 2392 2213 2458 abstineas

260 2478 474 2555 velim,
535 2489 610 2543 ut
651 2498 786 2543 non
828 2477 1024 2543 modo
1066 2478 1233 2543 scias
1274 2475 1590 2561 quidquid
1633 2477 1904 2561 geritur,
1951 2474 2067 2543 sed
2128 2497 2213 2541 ne

259 2572 317 2628 te
370 2561 734 2629 occultiora
790 2582 1051 2646 quoque
1092 2562 1358 2628 lateant.
1447 2563 1665 2627 Tuum
1705 2563 1885 2628 enim
1929 2570 2033 2628 est
2073 2582 2212 2626 non

258 2658 510 2714 tantum
542 2648 659 2714 ubi
701 2657 1039 2730 peccatum
1081 2649 1171 2714 sit
1213 2648 1378 2713 vitia
1416 2649 1763 2733 corrigere,
1824 2646 1940 2715 sed
1983 2668 2214 2714 occur·

257 2754 390 2800 rere
439 2733 679 2799 multis
733 2732 942 2798 malis.
1030 2733 1228 2815 Quod
1286 2743 1351 2800 te
1406 2734 1700 2800 affirmas
1757 2754 2017 2818 semper
2060 2752 2213 2801 nos-

257 2830 419 2886 trum
471 2819 632 2897 fore,
680 2818 762 2884 de
806 2818 1028 2885 animo
1073 2829 1186 2885 tuo
1231 2839 1365 2884 non
1408 2818 1600 2885 aliter
1642 2819 1984 2887 existimat
2021 2840 2211 2885 sena·

257 2915 373 2983 tus,
425 2926 558 2971 nec
599 2904 958 2989 quidquam
1003 2904 1347 2971 sinistrum
1392 2926 1506 2972 sus
1553 2906 1709 2972 icati
1751 2913 1907 2972 sunt
1944 2906 2208 2971 fratres:

254 2992 358 3059 sed
419 2991 812 3057 metuebant
867 3012 952 3057 ne
1008 3001 1083 3058 tu
1135 3012 1390 3076 quoque
1458 2990 1505 3056 li
1591 3014 1626 3057 r
1678 3012 1874 3058 esses.
1977 2990 2212 3075 Itaque

253 3078 452 3144 literis
513 3079 652 3143 tuis
705 3076 950 3144 auditis
1007 3078 1284 3144 mirifice
1341 3077 1568 3143 laetati
1624 3087 1781 3145 sunt
1835 3098 1914 3145 ac
1955 3078 2014 3142 si
2056 3075 2212 3160 quid

253 3165 396 3230 novi
455 3163 738 3229 allatum
796 3179 988 3230 esset.
1074 3163 1420 3247 Equidem,
1489 3164 1697 3230 donec
1763 3171 1830 3229 te
1884 3183 2211 3247 recepero,

254 3250 518 3317 videbor
563 3247 731 3315 mihi
774 3249 995 3316 nescio
1081 3248 1357 3316 uomodo
1401 3249 1777 3316 destitutus.
1860 3248 2049 3326 Vale,
2096 3268 2214 3331 op·

254 3336 405 3402 time
447 3345 518 3401 et
571 3336 999 3420 integerrime
1139 3348 1257 3401 ter.
1324 3334 1636 3420 Collegae
1671 3335 1882 3400 nostri
1918 3347 1985 3399 et
2018 3335 2213 3400 amici

258 3431 312 3488 te
355 3429 777 3506 peramanter
819 3420 1135 3487 salutant:
1180 3421 1352 3486 inter
1394 3419 1557 3486 alios
1599 3419 1908 3498 Marchio,
1945 3420 2058 3505 qui
2093 3419 2213 3485 tri·

253 3505 395 3590 plici
418 3514 751 3658 (luffa
789 3506 1006 3573 adhuc
1051 3505 1321 3586 laborat,
1357 3507 1526 3573 citra
1561 3505 1930 3590 periculum
1966 3516 2210 3585 tamen,

255 3603 322 3658 ut
352 3593 527 3659 confi
577 3593 591 3606 ‘
668 3613 766 3659 us.

418 3678 584 3744 Dux
651 3677 1114 3761 Lonyaevillac,
1142 3679 1230 3760 ¹⁸)
1296 3679 1411 3760 qui
1476 3698 1596 3743 nos
1661 3677 1948 3743 invisere
2013 3696 2214 3743 ausus

255 3786 377 3830 non
437 3777 560 3844 est,
618 3762 824 3831 donec
888 3763 1181 3829 Bernam
1238 3762 1569 3847 profectus
1612 3769 1789 3828 esset
1843 3762 1927 3827 ad
1984 3762 2211 3829 foedus

256 3847 723 3928 renovandum,
784 3848 970 3915 brevi
1038 3846 1163 3936 [se]
1209 3848 1318 3913 hic
1361 3850 1662 3915 futurum
1705 3850 1985 3932 scripsit.
2075 3848 2211 3914 Ou-

253 3937 445 4086 Hiunt
486 3937 632 4019 ipse
675 3943 745 4000 et
787 3944 997 4000 mater
1038 3956 1147 4000 me
1188 3934 1380 4000 initio
1421 3933 1772 4001 Februarii
1808 3934 2211 4001 Neocomum

294 4043 508 4100 ucere,
557 4031 632 4086 ut
684 4019 939 4104 synodo
997 4021 1314 4086 intersim.
1418 4018 1560 4084 Vix
1610 4031 1844 4103 potero
1897 4021 2207 4104 effugere,

254 4108 400 4190 quia
464 4116 736 4173 senatus
802 4126 938 4170 non
1004 4105 1285 4189 negabit.
1377 4105 1836 4188 Nemorsusss)
1903 4107 2209 4172 timorem

254 4193 530 4259 simulat.
664 4190 909 4257 Portae
983 4191 1206 4275 oppidi
1292 4188 1645 4276 diligenter
1723 4191 2207 4258 custodiuntur.

252 4275 474 4363 Nuper
519 4276 862 4345 sabaudus
946 4276 1138 4342 iussit
1194 4297 1431 4343 currus
1483 4297 1711 4343 omnes
1776 4292 1843 4343 et
1907 4277 2211 4344 vehicula

253 4361 682 4431 Cameracum
745 4360 1000 4429 adduci.
1090 4361 1423 4442 Quorsum
1489 4362 1650 4428 haec
1716 4365 1936 4429 omnia
1997 4363 2207 4430 nesci-

249 4469 412 4516 mus.
497 4449 754 4515 Iterum
799 4456 996 4531 atque
1041 4448 1279 4513 iterum
1323 4448 1485 4526 vale,
1523 4451 1949 4534 integerrime
1985 4453 2207 4515 frater.

457 4704 521 4771 8)
556 4705 618 4759 N.
654 4703 810 4759 3662.
847 4703 1003 4760 3671.

457 4773 520 4838 9)
559 4773 818 4844 Spifwoe.

425 4842 522 4910 10)
553 4842 880 4925 Invadunt,-
937 4843 1034 4899 ubi
1098 4842 1406 4926 Βριΐᾳωὰιε
1464 4843 1767 4924 ministerio
1885 4911 1896 4924 ⁸
2114 4848 2210 4899 est.

249 4909 462 4978 (Bulla
513 4911 604 4966 IX.
642 4909 748 4966 297
784 4911 880 4967 ubt
926 4919 1106 4966 comm
1147 4916 1341 4966 critone
1382 4910 1456 4965 M.
1493 4909 1562 4964 de
1600 4911 1738 4965 Pam
1781 4917 2046 4982 scrupeum
2091 4912 2214 4981 eet.)

427 4948 518 5042 11)
556 4979 691 5049 Rey.
743 4978 822 5034 aa
878 4979 1092 5034 Coneeil
1142 4978 1227 5034 30.
1283 4978 1417 5035 Dec.
1471 4980 1570 5035 ubi
1616 4979 1858 5045 refertur
1920 4979 2210 5036 Calvinum

507 5053 510 5058 ’
571 5066 652 5103 em
687 5049 991 5104 absentiam
1043 5050 1210 5103 Vireh'
1242 5065 1356 5102 non
1390 5050 1664 5104 nrobasse.

429 5116 524 5184 12)
553 5119 621 5173 dc
655 5117 925 5184 t’Esm'ne,
960 5120 1059 5188 quo·
1087 5125 1213 5187 poet
1233 5133 1296 5174 co
1406 5133 1558 5171 amm
1577 5117 1938 5173 Poen‘acense
1967 5121 2211 5188 primunt

257 5203 312 5236 n·
359 5186 484 5240 Fon
647 5185 946 5250 &Consta
999 5192 1189 5254 postea
1229 5185 1391 5254 Rupe
1430 5188 1482 5240 is
1515 5188 1822 5242 ministerio
1854 5187 2081 5250 fundas
2115 5195 2209 5242 est.

429 5255 524 5384 iffi
555 5295 638 5379 ΝῘ
654 5253 831 5380 3369?
847 5322 1000 5377 3608.

470 5409 691 5467 came
708 5424 898 5479 opem.
985 5408 1094 5465 νοι.
1130 5407 1298 5464 xlx.

1957 404 2117 470 1561
2167 402 2575 470 DEOEMB.

4145 403 4272 466 226

2312 590 2647 659 Dominus
2681 591 2802 660 tibi
2836 612 2974 659 sem
3127 590 3319 669 adsit,
3356 600 3421 657 te
3455 597 3643 674 regat
3676 598 3745 657 et
3778 596 4056 667 tueatur,
4092 589 4272 656 labo-

2314 698 2549 760 resque
2593 686 2743 744 tuos
2786 676 2915 744 ben
3004 679 3146 744 ‘cat.
3227 678 3515 744 Senatus
3558 688 3784 742 noster
3823 677 3945 743 tibi
3986 676 4273 742 salutem

2315 762 2491 830 dicit.
2540 762 2941 831 Nor-mundio
2975 770 3202 831 nostro
3238 784 3371 829 non
3415 761 3646 840 scribo,
3691 763 3846 845 quia
3880 760 4062 827 nulla
4095 780 4274 828 nova

2315 848 2593 915 materia
2647 851 2954 935 suppetit.
3042 850 3318 918 Utinam
3370 848 3566 917 citius
3626 847 4013 931 expediatur
4072 867 4271 930 quam

2312 955 2401 1001 ex
2466 936 2609 1002 eius
2651 934 2860 1003 literis
2903 936 3161 1019 colligo.
3241 936 3319 1001 Si
3360 934 3603 1018 poterit
3644 934 3896 1000 interea
3938 953 4090 998 cum
4134 933 4274 999 suis

2314 1023 2397 1086 de
2453 1034 2731 1104 paterna
2788 1021 3193 1088 haereditate
3251 1020 3636 1104 transigere,
3694 1019 3861 1085 bene
3911 1024 3979 1084 et
4020 1017 4274 1084 utiliter

2314 1107 2443 1172 sibi
2497 1110 2809 1174 consulet.
2911 1107 3138 1173 Unum
3190 1106 3556 1171 omiseram.
3643 1102 3961 1188 Ganayue,
4020 1103 4275 1170 abiecta

2312 1192 2647 1277 legatione
2689 1193 2862 1275 apud
2907 1213 3029 1259 nos
3072 1211 3340 1258 manere
3381 1190 3689 1269 instituit,
3752 1188 3961 1255 donec
4004 1209 4155 1254 cum
4196 1189 4275 1253 li-

2315 1280 2497 1358 teris,
2541 1276 2925 1362 quibuscum
2980 1277 3253 1361 longum
3311 1276 3664 1344 divortium
3707 1277 3880 1353 fecit,
3935 1274 4162 1341 redeat
4201 1275 4275 1339 in

2314 1364 2615 1446 gratiam.
2674 1365 2979 1431 Alterum
3019 1373 3243 1429 tamen
3276 1383 3395 1429 suo
3434 1361 3575 1429 loco
3608 1362 3816 1427 mittit
3849 1361 3934 1426 ad
3974 1359 4272 1427 Viretum.

2315 1449 2503 1515 Haec
2559 1460 2658 1515 est
2711 1472 2860 1516 mea
2929 1450 3216 1516 brevitas
3273 1447 3357 1514 de
3414 1469 3546 1532 qua
3600 1448 3935 1530 praefatus
3998 1446 4271 1513 fueram.

2314 1534 2542 1601 Pridie
2585 1536 2914 1602 Oalendas
2953 1535 3249 1601 Ianuarii
3296 1537 3480 1599 1662.
3508 1536 3595 1616 ¹⁸)

3225 1669 3503 1738 Carolus
3546 1669 3882 1736 Passelius
3925 1679 4098 1735 tuus.

3106 1963 3521 1976 cn*

3195 2216 3398 2285 368⁰.

2782 2387 3319 2457 GALLASIUS
3366 2386 3806 2455 OALVINO.

2496 2561 2856 2628 Londinum
2897 2560 3246 2644 relinquere
3288 2560 3631 2626 meditatur
3684 2566 3740 2624 et
3797 2562 3873 2628 de
3928 2580 4275 2627 successore

2605 2818 2718 2883 (Ex
2755 2816 3094 2886 autographo
3129 2816 3263 2872 Ood.
3302 2817 3506 2873 Gener.
3543 2816 3662 2886 112,
3695 2818 3788 2873 fol.
3827 2816 3971 2885 189.)

2664 2991 2725 3054 A
2770 2986 3113 3054 Monsieur
3156 2988 3502 3055 Monsieur
3543 2987 3944 3076 Despeville.

2492 3160 2563 3227 S.
2635 3159 2732 3229 Ut
2792 3161 3043 3230 reditus
3107 3181 3298 3228 meus
3358 3169 3593 3247 gratus
3654 3162 3782 3228 fuit
3844 3164 4118 3245 nostris,
4183 3164 4281 3230 ita

2319 3267 2496 3313 nunc
2530 3245 2612 3313 de
2645 3245 2937 3316 discessu
2982 3250 3049 3314 in
3088 3245 3380 3314 Galliam
3415 3250 3467 3324 ¹)
3511 3250 3758 3314 mentio
3802 3249 3960 3349 ipsis
4003 3248 4281 3316 molesta

2319 3339 2437 3400 est
2511 3333 2940 3402 'Burbulentis
2975 3332 3241 3419 quidem
3285 3339 3354 3399 et
3394 3333 3684 3401 factiosis
3717 3334 3889 3400 nihss
3930 3333 4282 3420 optabilius

2318 3439 2515 3503 quam
2561 3427 2637 3484 ut
2678 3419 2810 3486 cito
2855 3419 3101 3494 abeam,
3150 3425 3347 3502 atque
3394 3419 3488 3485 ita
3532 3440 3651 3485 suo
3694 3420 4015 3487 arbitratu
4058 3422 4282 3487 omnia

2317 3525 2548 3590 gerere
2612 3507 2883 3589 possint.
2996 3503 3132 3572 Sed
3198 3504 3558 3571 Dominum
3638 3507 3736 3571 ita
3811 3505 4279 3589 impediturum

2316 3591 2591 3656 consilia
2631 3592 2922 3674 ipsorum
2974 3609 3187 3674 spero,
3246 3599 3324 3655 ut
3377 3612 3641 3676 gregem
3689 3593 3868 3660 hunc
3910 3599 4277 3660 conservet.

2315 3678 2463 3761 Ego
2508 3698 2666 3743 vero
2710 3687 2865 3743 ante
2900 3676 3260 3744 discessum
3294 3697 3519 3743 meum
3553 3697 3816 3744 omnem
3851 3697 4120 3764 operam
4154 3679 4279 3744 im-

2314 3762 2601 3847 pendam
2643 3784 2771 3846 qua
2830 3764 2889 3828 ei
2947 3762 3013 3828 in
3083 3768 3423 3848 posterum
3491 3763 3747 3830 consuli
3813 3772 3880 3830 ct
3941 3766 4281 3849 provideri

2313 3850 2535 3932 possit.
2637 3849 2888 3916 Nactus
2946 3870 3094 3915 sum
3154 3848 3493 3915 hominem
3545 3850 3705 3915 satis
3760 3850 4026 3919 doctum
4082 3861 4280 3937 atque

2313 3941 2388 3999 ut
2445 3933 2728 4000 arbitror
2785 3934 3129 4001 cordatum
3186 3954 3381 4016 quem
3448 3935 3841 4001 substituam
3900 3959 4050 4003 meo
4115 3940 4277 4007 loco.

2312 4020 2398 4086 Ei
2442 4041 2687 4087 nomen
2731 4029 2832 4087 est
2874 4019 3210 4087 Adrianus
3262 4018 3631 4098 Sar-ravim,
3651 4023 3712 4104 ²)
3756 4022 4002 4090 Hedmi
4058 4035 4272 4107 natus,

2310 4109 2422 4189 qui
2467 4113 2536 4174 et
2564 4105 2903 4193 Belgicam
2947 4113 3015 4172 et
3048 4104 3469 4173 Flandricam
3511 4106 3811 4193 linguam
3854 4117 4054 4177 tenet.
4125 4112 4271 4178 Iam

2310 4192 2714 4277 aliquamdiu
2774 4194 2951 4257 inter
3005 4199 3266 4258 nostros
3312 4200 3615 4258 versatus
3660 4201 3780 4273 est,
3840 4193 3935 4260 ita
3977 4206 4050 4261 ut
4096 4199 4273 4263 vitae

2310 4299 2467 4344 suae
2532 4281 2975 4344 testimonium
3045 4274 3287 4342 babere
3351 4279 3572 4360 possit.
3666 4280 3883 4364 Atque
3948 4282 4087 4348 iam-
4144 4283 4273 4366 piis

2482 4567 2570 4631 15)
2610 4569 2820 4639 Anytus
2856 4569 3014 4625 habet
3049 4570 3133 4624 31.
3171 4570 3308 4624 Nov.
3345 4571 3510 4640 (ciel)
3552 4571 3700 4641 quod
3744 4588 3857 4627 non
3898 4573 4033 4629 vitio
4079 4589 4268 4656 opera-

2311 4652 2436 4690 rum
2490 4638 2836 4691 mendum
2974 4653 3063 4691 am
3118 4644 3421 4709 sequantur
3464 4641 3656 4695 literae
3699 4658 3767 4694 m.
3823 4639 3956 4694 Dec.
4012 4649 4266 4712 emptae.

2311 4706 2504 4760 8680.
2525 4705 2584 4764 1)
2630 4704 2779 4774 Quid
2866 4709 2876 4720 '
2948 4708 3167 4762 consilis·
3208 4723 3270 4762 eo
3315 4713 3550 4776 tempore
3583 4711 3788 4778 cepisse
3820 4724 3941 4763 eunt
3973 4712 4271 4766 conieceric

2311 4783 2528 4831 conum
2560 4792 2681 4830 eam
2714 4775 2927 4831 demum
2972 4793 3024 4830 a.
3075 4775 3212 4831 1563
3248 4776 3511 4833 Londino
3726 4780 3799 4791 ''
3914 4784 4265 4836 damnon-

2311 4848 2506 4913 quente
2537 4845 2822 4900 Aureliam
2856 4860 2913 4899 se
2944 4845 3250 4901 contulisse.

2429 4925 2438 4930 ·
2519 4912 2553 4966 2
2617 4913 2814 4969 Postea
2847 4914 2992 4969 inter
3024 4915 3435 4971 concionatores
3468 4914 3718 4983 Belm‘cos
3748 4913 3935 4969 clarus
3968 4921 4019 4972 et
4054 4914 4264 4975 Ouido-

2308 4982 2403 5035 κίε
2437 4981 2506 5035 de
2595 4997 2686 5036 res
2727 4981 3088 5037 collaborator
3133 4984 3195 5036 in
3241 4982 3636 5038 conscribenda
3678 4983 4013 5042 confessione
4056 4987 4265 5070 belqt'ce

2313 5049 2467 5104 1562.
2526 5050 2659 5118 Ipse
2691 5051 2761 5106 de
2794 5066 2851 5106 ce
2883 5053 3103 5108 scribi&
3136 5053 3256 5122 Ego
3282 5068 3369 5106 me
3402 5052 3550 5106 illius
3583 5051 3935 5106 confessionis
3969 5069 4037 5107 ex
4110 5061 4264 5113 nmis

2313 5138 2480 5173 unum
2516 5120 2680 5173 fuisse
2715 5121 2995 5175 autoribus
3028 5121 3293 5190 profiteor
3326 5121 3468 5174 sicut
3500 5124 3559 5172 et
3594 5120 3666 5173 H.
3704 5119 3999 5175 Modestus.
4115 5129 4261 5183 οωίο

2313 5205 2384 5241 an
2417 5189 2604 5258 plures
2639 5190 2753 5242 sint
2787 5189 3129 5257 superstites.
3212 5189 3316 5244 Illa
3362 5190 3540 5257 primo
3583 5188 3688 5241 fuit
3722 5191 3933 5243 conseri
3974 5197 4030 5244 ta
4064 5196 4262 5263 ganioo

2311 5274 2563 5311 sermone
2607 5276 2642 5311 a
2687 5259 2750 5312 G.
2799 5261 2870 5311 de
2906 5259 3043 5311 Brcs
3089 5264 3181 5312 erc.
3294 5256 3398 5324 Ep.
3445 5256 3525 5311 od
3577 5255 3867 5330 Uytenboy.
4014 5259 4068 5316 d.
4115 5263 4263 5323 Ιάὣ.

2313 5327 2452 5395 Apr.
2489 5326 2628 5380 1612
2660 5329 2723 5380 in
2760 5326 3073 5382 Ruentem.
3106 5328 3210 5382 σᾶν.
3343 5340 3400 5394 p.
3432 5326 3608 5382 Am.
3645 5324 3795 5380 1684.
3834 5326 3945 5398 Ep.
3982 5328 4126 5400 181.)
