4900 6125
287 414 411 476 397

287 598 590 681 Quorum
654 620 738 665 ex
807 620 1083 666 numero
1146 607 1249 665 est
1311 600 1421 666 ille
1475 600 1763 667 Ioannes
1806 601 2104 684 Anqusta
2172 598 2258 665 ad

285 707 483 770 quem
527 684 685 750 olim
729 684 1111 752 humanitas
1156 695 1270 751 tua
1314 687 1635 770 scriptum
1694 685 1984 752 dederat.
2071 685 2256 750 Reli-

285 771 402 856 qui
446 771 690 853 passim
735 768 1046 854 dispersi,
1110 770 1364 838 disiecti
1422 772 1731 839 omnibus
1786 771 2098 856 periculis
2140 793 2257 836 ex·

283 857 484 943 positi
527 864 718 935 sunt,
774 864 853 922 ut
895 878 1239 941 nunquam
1282 867 1399 922 aut
1439 878 1707 943 perraro
1749 857 2057 924 ecclesias
2102 879 2258 922 suas

284 943 597 1012 accedere
640 943 910 1026 possint.
997 944 1185 1010 Haec
1241 953 1345 1010 est
1408 945 1831 1010 ecclesiarum
1877 951 2253 1009 nostrarum

285 1030 569 1108 fortuna,
606 1029 850 1095 misera
884 1028 1001 1095 illa
1037 1030 1301 1113 quidem
1340 1038 1408 1095 et
1444 1051 1666 1098 coram
1699 1030 1951 1095 mundo
1987 1029 2257 1110 abiecta,

286 1137 520 1184 verum
563 1114 711 1181 sine
755 1114 953 1180 dubio
996 1136 1219 1181 coram
1262 1116 1408 1182 Deo
1451 1117 1943 1201 gloriosissima,
1989 1114 2258 1182 Christo

285 1223 406 1284 per
460 1221 574 1266 eas
616 1199 965 1279 Satanam,
1024 1201 1514 1269 Antichristum
1570 1212 1639 1267 et
1692 1201 1870 1269 hunc
1936 1200 2256 1267 mundum

283 1289 355 1353 in
402 1288 694 1372 maligno
737 1288 1024 1370 positum
1071 1287 1463 1355 devincente
1507 1297 1574 1354 et
1610 1288 1690 1354 de
1725 1288 1858 1354 illis
1895 1289 2073 1354 hisce
2110 1308 2256 1371 pos-

286 1374 518 1439 tremis
563 1373 794 1440 diebus
837 1373 1313 1457 triumphante.
1396 1376 1775 1441 Moravicae
1819 1373 2129 1441 ecclesiae
2173 1373 2256 1439 ab

285 1458 414 1526 hac
448 1458 822 1525 calamitate
856 1459 1176 1526 hactenus
1212 1461 1540 1526 immunes
1575 1461 1907 1537 exstitere,
1951 1460 2258 1544 quamvis

286 1553 354 1610 et
413 1544 566 1610 illae
618 1545 686 1609 in
744 1546 1086 1628 procinctu
1147 1567 1410 1630 semper
1464 1548 1721 1624 stant7)
1776 1554 1846 1612 et
1889 1545 1970 1611 ad
2016 1545 2257 1612 similia

283 1629 674 1716 perferenda
714 1653 787 1696 se
829 1631 1201 1715 accingunt.
1283 1633 1472 1716 Rogo
1516 1634 1758 1715 itaque,
1805 1633 2009 1697 frater
2053 1633 2255 1697 caris·

283 1718 483 1796 sime,
549 1717 1080 1801 quandoquidem
1141 1718 1382 1784 vestris
1427 1718 1720 1786 ecclesiis
1764 1718 2081 1785 beneficio
2127 1716 2254 1783 Dei

281 1803 608 1868 hactenus
672 1804 986 1868 maiorem
1054 1804 1600 1889 tranquillitatem
1671 1824 2051 1871 concessam
2111 1825 2256 1869 esse

283 1889 682 1969 audivimus,
729 1900 806 1953 ut
839 1909 960 1955 nos
996 1889 1431 1973 ecclesiasque
1465 1901 1728 1957 nostras
1763 1888 2255 1958 commendatas

281 1975 586 2041 habeatis
628 1975 1036 2040 orationibus
1081 1976 1178 2050 (id
1224 1974 1398 2059 quod
1443 1977 1626 2059 pium
1671 1997 1747 2042 ac
1790 1978 2038 2043 iustum
2085 1977 2254 2040 utri-

281 2081 416 2145 que
451 2059 752 2128 ducimus
788 2071 855 2126 et
888 2061 1196 2146 facimus)
1233 2059 1559 2127 adiuvetis
1594 2063 1992 2128 laborantes.
2058 2060 2254 2127 Salu-

279 2155 433 2212 tant
474 2168 592 2212 vos
635 2146 945 2213 ecclesiae
990 2157 1254 2213 nostrae
1297 2169 1654 2231 earumque
1701 2149 2007 2226 ministri,
2062 2168 2256 2231 prae·

279 2233 516 2300 sertim
562 2233 882 2298 seniores:
939 2253 1046 2300 me
1089 2255 1252 2299 vero
1296 2249 1447 2317 peto
1492 2251 1569 2298 ut
1611 2235 2032 2319 peculiariter
2076 2253 2253 2299 com·

279 2319 670 2385 mandatum
717 2319 980 2398 habeas,
1049 2321 1182 2384 imo
1224 2321 1281 2386 si
1326 2318 1586 2404 quando
1629 2342 1748 2404 per
1790 2320 2254 2405 occupationes

277 2403 548 2472 licuerit
593 2406 902 2470 fraternis
944 2405 1155 2470 literis
1197 2405 1520 2471 consolari
1563 2406 1751 2472 velis.
1823 2404 2147 2472 Valebitis
2182 2405 2254 2469 in

279 2491 593 2567 Domino,
641 2491 967 2574 praesidio
1010 2492 1151 2557 eius
1193 2492 1276 2558 ab
1320 2492 1625 2557 omnibns
1669 2490 1961 2558 Satanae
2003 2491 2253 2557 machi·

277 2577 668 2642 nationibus
713 2578 860 2642 tuti.

459 2663 519 2727 E
564 2663 918 2729 Brandisio
959 2663 1322 2729 Bohemiae
1365 2685 1569 2747 supra
1611 2661 1984 2729 Orlicziam.
2049 2661 2251 2730 Octo-

275 2748 425 2813 bris
469 2749 871 2815 MDXLIX.

1010 2885 1334 2987 Mathias·
1352 2887 1740 2988 Czervenka
1782 2889 2074 2954 Boemus

1241 2982 1338 3038 tm
1382 2983 1893 3041 amantissimus.

1117 3518 1286 3589 4155
1323 3520 1441 3586 bis.

735 3673 1308 3742 BADUELLUS
1355 3675 1796 3746 CALVINO.

462 3845 713 3912 Literae
754 3846 1301 3913 commendatitiae.

274 4018 405 4086 (Ex
439 4017 624 4071 codice
660 4016 1030 4073 Avenionensi
1063 4017 1121 4070 in
1159 4024 1402 4072 nostrum
1438 4036 1593 4072 usum
1646 4020 1937 4089 descripsit
1971 4019 2071 4075 lul.
2107 4019 2251 4075 Gau·

495 4084 606 4140 fres
641 4103 748 4141 non
784 4087 890 4140 hcc
923 4087 1041 4140 solo
1077 4085 1257 4141 officio
1292 4087 1363 4141 de
1399 4088 1555 4142 nobis
1593 4089 1730 4143 bene
1765 4089 2040 4156 meritus.)

570 4255 671 4324 Cl.
717 4256 883 4323 Bad.
929 4256 1166 4323 Ioanni
1210 4257 1632 4324 Chambardo
1656 4263 1706 4338 ¹)
1751 4258 1823 4326 S.
1867 4258 1957 4326 D.

463 4426 671 4493 Plura
736 4428 820 4494 ad
887 4437 954 4493 te
1021 4428 1305 4496 scribam
1372 4451 1577 4514 quum
1636 4431 1788 4516 plus
1853 4432 1970 4497 otii
2015 4442 2253 4500 nactus

274 4534 420 4579 ero.
509 4513 706 4580 Nunc
772 4526 848 4579 ut
915 4515 1180 4581 brevior
1241 4536 1453 4582 essem
1499 4513 1657 4584 fecit
1698 4519 2090 4604 repentinus
2135 4519 2253 4585 ho-

498 4786 557 4853 7)
633 4788 879 4842 rocinctu
913 4796 1164 4857 perstant
1201 4787 1270 4844 0.

275 4855 572 4912 41861116.
591 4804 653 4939 f)
689 4857 813 4912 Hoc
845 4860 1065 4912 nomine
1104 4858 1391 4913 Calvinum
1422 4860 1620 4912 ornari
1664 4858 1796 4913 inde
2008 4861 2159 4931 quod
2189 4864 2254 4917 iu

276 4926 477 4982 eodem
526 4926 710 4982 caduce
760 4925 1071 4996 fflaeqicas
1118 4925 1788 4984 ευὺΝ.1348.1378ι1
1857 4928 2112 4986 40311111·
2160 4947 2251 4986 εω-

277 4994 568 5052 kbm'mu
618 4995 788 5049 eidem
844 4992 1196 5051 C'ltambardo
1256 4998 1556 5065 &temptas
1606 5003 1752 5052 mut.
1841 4998 2024 5054 Porro
2074 5006 2256 5056 mccc

279 5062 558 5119 Budaeus
584 5077 668 5132 ep.
707 5063 1278 5120 adMelancMhonm
1313 5066 1374 5119 in
1409 5082 1522 5136 qua
1563 5068 1709 5121 inter
1741 5065 1859 5122 alia
1893 5069 2026 5123 haec
2069 5069 2252 5138 baun-

280 5142 418 5187 m.-
451 5132 528 5187 10.
546 5132 921 5186 Chambardus
985 5151 1106 5187 uem
1126 5134 1460 5203 Argentinae
1493 5136 1640 5206 apud
1659 5137 1926 5190 Buccrum
1961 5137 2253 5204 aliquando

281 5200 812 5326 :rar-...rgffir
805 5207 888 5324 ..1‘0
879 5202 1227 5326 m...
1254 5204 1955 5344 ...tu-...ar
1986 5207 2251 5344 aar

281 5354 402 5410 qus
436 5339 765 5394 molatur.

1920 409 2710 479 SUPPLEMEN'PUM.

2312 1295 2663 1352 'atoma

4198 416 4327 480 398

2361 619 2514 665 rum
2559 601 2880 667 iuvenum
2934 601 3018 666 ad
3078 621 3202 667 nos
3260 603 3582 669 adventus
3641 609 3709 668 et
3762 600 4018 669 subitus
4082 602 4164 667 ad
4209 623 4329 670 vos

2362 686 2721 766 discessus,
2779 688 2891 770 qui
2935 695 3155 753 tamen
3200 689 3283 754 ab
3327 689 3557 754 amicis
3600 687 3992 771 quibusdam
4037 687 4328 754 homini-

2360 772 2484 838 bus
2546 773 2673 856 piis
2738 772 3177 839 commendati
3245 773 3367 839 has
3432 773 3661 838 literas
3725 795 3762 839 a
3830 795 3936 839 me
3993 774 4329 857 petierunt

2359 856 2595 941 quibus
2638 858 2815 941 ipsos
2859 858 2977 924 tibi
3022 859 3571 925 commendarem.
3659 859 3799 924 Iter
3842 859 4092 924 habent
4155 860 4328 925 istuc

2359 943 2441 1007 ad
2502 965 2622 1009 vos
2678 942 2950 1027 plenum
3009 944 3346 1030 religionis
3404 966 3481 1011 ac
3533 945 3832 1028 pietatis,
3889 966 4020 1028 qua
4062 944 4327 1013 adducti

2359 1029 2643 1094 vinculis
2708 1030 3098 1113 quibusdam
3165 1031 3246 1096 ad
3313 1029 3476 1096 haec
3553 1039 3781 1096 vestra
3856 1030 4331 1097 amabilissima

2358 1115 2784 1181 tabernacula
2840 1116 3110 1181 Domini
3177 1115 3573 1199 domumque
3653 1117 3917 1200 plenam
3981 1115 4327 1195 libertatis,

2361 1201 2670 1280 laetitiae,
2717 1203 3184 1268 consolationis
3225 1203 3576 1286 confugere
3630 1203 4004 1268 voluerunt.
4093 1202 4329 1286 Itaque

2760 1309 2955 1370 opere
2999 1309 3117 1372 per
3160 1287 3508 1354 Christum
3566 1296 3720 1371 peto
3765 1299 3959 1371 atque
4003 1287 4328 1355 contendo

2360 1382 2457 1450 ut,
2524 1394 2650 1455 quo
2762 1375 2906 1439 sine
2973 1382 3087 1438 tua
3136 1375 3253 1439 fiat
3311 1374 3643 1452 molestia,
3689 1383 3948 1439 tantum
4014 1375 4109 1440 eis
4174 1383 4327 1441 tuae

2360 1457 2795 1525 humanitatis
2839 1471 2908 1524 et
2949 1461 3213 1543 pietatis
3255 1460 3595 1544 impertias
3661 1469 3983 1542 quantum
4027 1458 4327 1526 homines

2359 1543 2706 1610 Christum
2772 1546 3072 1610 sitientes
3136 1555 3337 1628 atque
3401 1546 3767 1612 esurientes
3831 1546 4161 1630 postulare
4225 1546 4327 1610 vi-

2360 1628 2659 1695 deantur.
2751 1630 2921 1696 Nam
2997 1631 3163 1695 mihi
3229 1632 3493 1714 quidem
3565 1632 3647 1697 ab
3691 1631 3838 1696 aliis
3905 1631 4095 1697 bonis
4160 1631 4327 1698 viris

2359 1719 2452 1781 ita
2518 1717 2867 1801 diligenter
2936 1725 3095 1781 sunt
3160 1716 3597 1782 commendati
3664 1725 3740 1782 ut
3805 1738 3915 1782 eos
3980 1738 4102 1783 nec
4180 1738 4328 1783 mea

2357 1802 2926 1868 commendatione
2984 1823 3107 1868 nec
3160 1803 3603 1868 consolatione
3660 1817 3774 1867 tua
3830 1802 4140 1887 indignos
4184 1823 4329 1870 esse

2357 1887 2657 1954 iudicem.
2748 1888 2883 1953 Sed
2943 1896 3015 1952 tu
3080 1909 3201 1972 pro
3246 1899 3362 1953 tua
3407 1890 3758 1972 prudentia
3802 1888 4056 1954 videbis
4099 1910 4328 1972 quem-

2359 1974 2715 2039 admodum
2784 1975 2851 2038 in
2920 1983 3224 2058 suscepto
3290 1976 3556 2060 pietatis
3622 1974 3840 2040 studio
3905 1975 4043 2040 sint
4084 1977 4325 2040 confir·

2357 2060 2585 2124 mandi
2630 2069 2828 2142 atque
2872 2061 2967 2124 ita
3011 2061 3399 2126 instituendi
3446 2068 3521 2125 ut
3564 2060 3647 2125 ad
3692 2080 3847 2125 suos
3890 2060 4143 2126 reversi
4180 2061 4326 2126 sine

2358 2146 2579 2228 aliqua
2610 2146 2981 2211 ‘offensione
3026 2167 3103 2212 ac
3162 2146 3478 2212 dedecore
3538 2146 3931 2212 christianae
3988 2146 4327 2231 religionis

2360 2234 2586 2296 vivere
2630 2231 2904 2314 possint.
2995 2232 3165 2297 Nam
3213 2251 3576 2316 permagna
3617 2240 3722 2298 est
3765 2234 4063 2315 paucitas
4097 2253 4325 2298 eorum

2358 2318 2469 2400 qui
2515 2316 2897 2382 huiusmodi
2942 2319 3147 2383 vitam
3190 2319 3543 2383 instituant
3586 2328 3655 2382 et
3698 2317 3944 2400 degant
3986 2318 4056 2383 in
4091 2338 4222 2400 qua
4256 2325 4326 2383 et

2356 2403 2769 2486 praeclarum
2835 2404 3399 2470 sanctissimorum
3467 2424 3726 2468 morum
3810 2404 4187 2487 exemplum
4255 2414 4325 2468 et

2357 2489 2813 2554 testimonium
2890 2491 3134 2555 iustum
3201 2490 3471 2555 Christo
3544 2488 3837 2554 debitum
3904 2499 4165 2555 exstare
4220 2490 4323 2554 vi-

2360 2574 2612 2639 deatur.
2699 2574 2887 2656 Quae
2933 2596 3039 2640 res
3082 2576 3151 2640 in
3197 2575 3303 2641 his
3349 2575 3609 2660 quidem
3656 2575 3815 2642 locis
3852 2583 4110 2640 tantum
4148 2575 4325 2641 dolo-

2356 2682 2498 2725 rem
2542 2659 2730 2725 nobis
2774 2661 2968 2726 affert
3009 2669 3327 2744 quantum
3371 2674 3438 2726 et
3482 2661 3688 2727 honos
3735 2660 3985 2727 Christi
4022 2661 4323 2745 redemp-

2356 2746 2522 2812 toris
2565 2755 2631 2810 et
2675 2747 2853 2812 salus
2896 2749 3346 2831 proximorum
3392 2756 3772 2813 nostrorum
3810 2747 3914 2812 his
3948 2747 4325 2814 novissimis

2357 2831 2764 2915 temporibus
2843 2833 3080 2899 afferre
3155 2832 3363 2899 debet.
3486 2831 3625 2899 Sed
3703 2834 3873 2899 hanc
3955 2833 4323 2899 molestiam

2356 2939 2573 2984 meam
2650 2916 2952 3001 pluribus
3032 2927 3173 2984 tum
3298 2939 3608 3003 ersequar
3671 2940 3875 3002 quum
3941 2918 4105 2984 mihi
4170 2918 4322 3002 plus

2358 3004 2674 3088 temporis
2718 3011 2785 3070 et
2826 3003 3162 3071 facultatis
3204 2941 3296 3073 adj
3331 3004 3750 3073 scribendum
3815 3012 3884 3072 et
3922 3025 4323 3089 componen-

2357 3090 2515 3157 dum
2584 3091 2813 3156 datum
2879 3092 3024 3157 erit.
3112 3092 3260 3177 Ego
3315 3100 3467 3158 tuas
3524 3092 3754 3159 literas
3796 3091 4244 3171 vehementer,
4260 3093 4323 3169 2)

2356 3178 2638 3262 scriptas
2682 3178 2753 3241 in
2798 3196 2942 3242 eam
2989 3179 3384 3244 sententiam
3474 3200 3629 3246 uam
3672 3178 3992 3262 proximis
4033 3179 4200 3244 meis
4242 3177 4325 3242 11-

2358 3264 2517 3330 teris
2581 3261 2893 3330 indicavi.
2983 3263 3125 3330 Nos
3180 3264 3291 3332 hic
3352 3284 3437 3330 au
3484 3265 3730 3331 ivimus
3787 3285 3910 3332 vos
3976 3264 4323 3330 instituere

2355 3348 2695 3433 publicum
2755 3351 3177 3434 gymnasium
3236 3352 3307 3417 in
3362 3371 3493 3434 quo
3536 3352 3851 3417 iuventus
3920 3350 3988 3416 in
4058 3351 4324 3433 optimis

2355 3435 2596 3501 studiis
2639 3434 3243 3520 liberalissimisque
3285 3438 3540 3503 artibus
3594 3436 3951 3503 erudiatur.
4041 3435 4196 3518 Qua
4240 3435 4323 3502 de

2355 3543 2429 3587 re
2473 3521 2707 3603 scripsi
2768 3541 2889 3605 ego
2933 3521 3017 3587 ad
3061 3531 3128 3587 te
3189 3521 3560 3606 aliquando.
3648 3522 3826 3589 Nam
3869 3543 4130 3589 summa
4171 3522 4320 3587 affi-

2355 3608 2495 3673 cior
2537 3606 2869 3672 interdum
2930 3607 3369 3673 sollicitudine
3429 3618 3496 3673 et
3538 3629 3725 3688 cura,
3791 3629 4318 3693 magnopereque

2357 3702 2579 3758 metuo
2646 3715 2762 3771 ne,
2828 3693 2885 3757 si
2928 3691 3258 3759 Dominus
3312 3702 3378 3759 te
3433 3696 3749 3771 evocarit,
3815 3696 4089 3761 ecclesia
4153 3694 4317 3760 haec

2354 3779 2613 3844 idoneis
2672 3778 2992 3844 ministris
3049 3780 3710 3863 prudentissimisque
3769 3780 4317 3866 gubernatoribus

2355 3863 2776 3929 destituatur.
2867 3863 3034 3929 Nam
3102 3886 3210 3930 me
3267 3866 3699 3931 vehementer
3766 3878 3993 3932 movet
4057 3886 4318 3933 summa

2354 3949 2682 4016 bonorum
2725 3950 3177 4016 ministrorum
3223 3952 3462 4019 raritas
3505 3960 3573 4016 et
3605 3952 3850 4018 orbitas
3884 3973 4111 4018 eorum
4197 3972 4316 4017 uos

2354 4037 2685 4103 Dominus
2744 4037 2933 4101 nobis
2990 4038 3232 4121 eripuit
3275 4048 3472 4121 atque
3515 4036 3601 4103 ad
3656 4060 3727 4104 sc
3772 4038 4050 4105 vocavit.
4213 4036 4317 4103 uic

2354 4130 2543 4187 tanto
2587 4122 3000 4188 incommodo
3044 4124 3409 4189 maximum
3452 4122 3816 4189 remedium
3861 4145 4003 4190 esse
4060 4131 4317 4207 poterat

2354 4218 2664 4274 accurata
2736 4206 2836 4273 ele
2925 4230 3002 4273 ns
3079 4219 3150 4273 et
3214 4222 3440 4275 sancta
3517 4210 3885 4275 iuventutis
3968 4208 4313 4275 institutio.

2356 4294 2593 4378 Itaque
2653 4315 2785 4360 non
2887 4293 3065 4359 ubito
3123 4297 3283 4380 quin
3342 4317 3459 4379 pro
3516 4305 3633 4361 tua
3674 4295 4027 4379 prudentia
4067 4295 4136 4360 in
4190 4293 4315 4359 hac

2356 4400 2515 4445 cura
2581 4378 3104 4464 cogitationeque
3170 4384 3468 4448 verseris.
3558 4382 3705 4465 Ego
3748 4379 4114 4447 Dominum
4179 4388 4318 4444 toto

2358 4468 2580 4532 animo
2616 4465 2963 4549 studioque
2997 4488 3229 4550 precor
3262 4477 3337 4532 nt
3379 4481 3445 4532 te
3481 4468 3667 4533 nobis
3702 4467 4093 4533 incolumem
4116 4486 4316 4551 quam

2357 4551 2726 4618 diutissime
2760 4562 3126 4631 conservet,
3170 4554 3494 4637 istamque
3529 4552 3870 4619 ecclesiam
3905 4552 4317 4618 efflorescen-

2355 4646 2494 4703 tem
2538 4635 2825 4721 quotidie
2866 4637 2950 4702 iis
2992 4639 3257 4721 pietatis
3302 4650 3370 4704 et
3411 4640 3817 4705 ornamentis
3859 4647 3929 4704 et
3968 4637 4238 4717 solatiis,
4262 4640 4317 4715 ⁸)

2353 4744 2522 4805 quae
2588 4722 2671 4789 ad
2735 4731 3026 4789 caeteras
3092 4744 3322 4791 omnes
3387 4733 3617 4811 gentes
3673 4745 3822 4791 cum
3888 4744 4147 4792 summa
4189 4723 4318 4789 Dei

2351 4809 2548 4876 laude
2610 4810 3047 4893 proferantur.
3138 4809 3277 4877 Nos
3341 4811 3543 4878 velim
3607 4811 3679 4875 in
3742 4809 3969 4876 eodem
4029 4808 4318 4875 Domino

2559 5132 2621 5197 Β)
2660 5133 2807 5189 dem
2854 5134 3106 5189 θοώκοις
3158 5134 3478 5190 modoinus
3531 5137 3791 5190 οιιίυκιι
3852 5149 3992 5189 sue.-
4048 5135 4315 5190 desidero.

2552 5205 2667 5256 iata
2709 5201 2777 5257 0.
2810 5202 3217 5260 animadve-tit.

2559 5270 2622 5339 3)
2657 5269 2864 5326 Iterum
2898 5273 3155 5328 laeum
3190 5273 3424 5327 labrem
3443 5271 3678 5328 debita-o
3714 5273 3805 5328 Iu'c
3838 5273 4317 5342 depranam.-

2355 5346 2535 5405 crnet,
2568 5339 2653 5394 vel
2683 5340 2996 5410 locupletet
