4900 6125
648 357 773 426 131

643 542 891 642 liensqs
942 561 1017 608 se
1068 539 1435 608 seiunxisse
1491 536 1575 638 ab
1628 537 1778 605 aliis
1818 537 2172 605 Helvetiae
2222 533 2496 602 urbibus
2538 541 2606 601 et

646 646 973 780 3⁰3&
998 624 2063 794 ssw‘fflaefflaffi
2082 620 2608 808 Βωοοᾚῗῗέξ

647 796 962 866 Sum.
1020 796 1315 866 Vocatus
1346 796 1421 862 in
1455 804 1759 862 senatum
1793 803 1861 862 et
1893 801 2169 880 rogatus
2202 793 2362 878 qmd
2395 799 2606 877 egerit

642 883 1073 970 Argentinae,
1130 879 1470 966 respondit
1523 889 1672 946 acta
1723 880 2046 948 contineri
2090 878 2170 947 de
2292 880 2384 945 'ta
2425 877 2607 963 apud

644 975 951 1037 senatum
1007 967 1330 1035 Basileae.
1402 965 1564 1033 Ideo
1622 967 1942 1051 scriptum
1996 973 2099 1033 est
2213 964 2482 1032 asileam
2539 970 2608 1030 et

762 1053 971 1120 tulata
1028 1065 1191 1120 acta.
1262 1054 1399 1120 Res
1488 1051 1777 1119 nderunt
1832 1051 2233 1119 Basilienses
2291 1049 2478 1116 nulla
2533 1070 2606 1115 se

734 1140 888 1205 bere
931 1147 1080 1206 acta
1120 1146 1188 1204 et
1228 1158 1271 1204 a
1531 1159 1568 1204 o
1611 1136 1873 1203 audisse
1916 1144 2176 1204 tantum
2218 1136 2605 1203 relationem

644 1224 728 1291 de
749 1223 1020 1292 dissidio
1040 1223 1655 1308 praedestinationis
1690 1224 2068 1308 composito.
2139 1222 2378 1298 Urbes,
2399 1241 2606 1306 quum

643 1317 822 1378 certo
864 1312 1092 1376 norint
1134 1309 1324 1375 illum
1366 1309 1850 1393 subscripsisse,
1904 1309 2189 1393 amplius
2230 1307 2391 1392 quid
2433 1306 2606 1373 facto

641 1416 809 1496 opus
872 1397 961 1462 sit
1029 1395 1420 1462 consultant.
1526 1393 1868 1477 Quidquid
1945 1395 2246 1494 evenerit
2320 1393 2606 1492 scribam

640 1490 1332 1666 {ffssmssiffissit‘ssff
1376 1500 1547 1632 ’ἔξω
1589 1566 1785 1632 Pauli
1829 1501 2224 1640 ffiff?
2256 1487 2361 1631 ῗιξ
2389 1489 2605 1631 1¹33-

641 1653 853 1719 natim
893 1649 1202 1720 Catum
1234 1653 1676 1735 vituperatur)
1693 1654 1754 1731 ⁴)
1787 1660 1856 1718 et
1876 1653 2154 1718 Martini
2390 1653 2535 1717 itast
2549 1649 2608 1736 ο)

641 1738 783 1805 suis
825 1736 1284 1806 commendare
1327 1747 1448 1803 etc.

817 1821 1024 1889 Plura
1060 1843 1194 1888 non
1228 1844 1524 1906 possum:
1570 1821 1842 1889 festinat
1878 1822 2159 1889 tabellio.
2231 1821 2480 1889 Salvus
2519 1821 2609 1887 sit

643 1908 730 1976 D.
779 1907 1102 1987 Calvinus,
1162 1909 1246 1973 D.
1295 1908 1638 1975 Ionvilleus
1693 1915 1763 1974 et
1802 1909 2041 1974 fratres
2091 1929 2340 1975 omnes.
2412 1906 2604 1972 Vale.

646 1993 899 2062 Omnes
942 1994 1149 2060 nostri
1195 2015 1311 2060 vos
1353 1993 1666 2060 salutant.
1738 1997 1798 2059 8.
1847 1996 2133 2079 Augusti
2182 1997 2365 2059 1563.

1603 2131 2031 2216 Bullingerus
2073 2131 2431 2198 missimus.

1524 2640 1729 2711 4005.

961 2794 1130 2864 ION
1139 2795 1609 2864 VILLAEUS
1654 2794 2294 2864 BULLINGERO.

812 2969 1022 3034 Auctor
1062 2969 1124 3034 ei
1166 2972 1257 3034 est
1296 2971 1369 3032 ut
1406 2966 1668 3035 Caluini
1709 2967 2059 3050 exemplum
2100 2973 2403 3052 sequutus
2444 2969 2609 3051 epie-

640 3054 802 3122 tolae
835 3076 957 3138 per
996 3074 1412 3121 amanuenses
1454 3052 1647 3120 scribi
1687 3058 1883 3121 curat.

636 3226 751 3297 (ιιι
787 3226 916 3281 eoa
952 3227 1094 3297 epp.
1114 3190 1377 3349 '‘23an
1444 3241 1588 3279 nano
1623 3224 1768 3280 Ριιιι.
1788 3225 1888 3279 v1.
1924 3225 2046 3280 voi
2068 3225 2186 3280 166.
2223 3225 2388 3282 Arch.
2421 3226 2607 3282 Tun-ic.

1378 3333 1390 3347 .
1434 3323 1497 3333 -
1534 3293 1751 3349 simler.
1787 3294 1915 3349 von.
1950 3292 2102 3362 107.)

815 3465 1200 3533 Clarissimo
1234 3466 1380 3532 viro
1413 3467 1502 3533 D.
1538 3466 1833 3533 Henrico
1868 3465 2257 3553 Bullingero
2299 3466 2611 3533 ecclesiae

641 3552 1006 3637 Tigurinae
1038 3552 1171 3618 fido
1197 3552 1443 3636 pastori
1480 3560 1547 3623 et
1580 3550 1746 3617 mihi
1781 3551 2146 3636 plurimum
2180 3550 2608 3653 observando.

640 3826 2609 3846 ——————————-————n-

640 3876 794 3944 Non
839 3886 1000 3954 erat,
1047 3878 1153 3941 vir
1194 3877 1627 3959 ornatissime,
1686 3878 1857 3962 quod
1902 3886 1978 3944 tu
2020 3879 2162 3962 ipse
2203 3899 2412 3946 manu
2457 3900 2608 3965 pro-

641 3962 791 4047 pria
822 3962 907 4027 ad
939 3982 1049 4028 me
1083 3963 1433 4030 scriberes:
1478 3964 1629 4048 plus
1653 3984 1850 4048 quam
1873 3965 2035 4031 satis
2067 3965 2319 4043 fuisset,
2362 3965 2421 4033 si
2461 3966 2608 4049 quis

642 4049 814 4115 alius
856 4070 943 4114 ex
986 4048 1213 4115 amicis
1275 4050 1727 4133 praestitisset.
1811 4050 1906 4116 Et
1967 4060 2146 4117 certe
2197 4051 2362 4116 mihi
2428 4050 2609 4117 dolet

641 4155 846 4218 quum
881 4133 1071 4200 video
1116 4142 1184 4199 te
1219 4143 1564 4219 aegrotum
1610 4135 2041 4202 nihilominus
2082 4136 2386 4216 scribere,
2429 4135 2606 4221 quod

641 4221 786 4287 sine
850 4218 1073 4286 labore
1127 4229 1197 4285 et
1260 4219 1478 4286 taedio
1532 4241 1573 4285 a
1627 4230 1694 4286 te
1757 4223 1903 4287 fieri
1954 4243 2089 4288 non
2152 4228 2386 4306 potest.
2459 4223 2608 4307 Ego

641 4305 909 4390 quidem
952 4313 1107 4372 ante
1165 4305 1412 4390 aliquot
1453 4326 1684 4384 annos,
1741 4328 1947 4390 quum
1989 4307 2285 4375 viderem
2328 4307 2416 4374 D.
2465 4308 2608 4376 caz-

640 4394 860 4459 vinum
902 4391 1162 4459 assidue
1203 4393 1276 4458 in
1319 4392 1681 4459 scribendis
1721 4392 1935 4459 literis
1976 4414 2094 4478 pro
2220 4394 2430 4475 obrui,
2483 4415 2608 4462 nec

643 4478 743 4544 uti
797 4478 1218 4544 amanuensis
1269 4497 1485 4561 opera,
1543 4480 1773 4563 rogavi
1814 4488 1891 4546 ut
1944 4486 2064 4545 tan
2110 4501 2217 4546 em
2272 4479 2401 4547 sibi
2453 4501 2607 4565 par-

644 4573 839 4644 ceret,
896 4572 965 4630 et
1016 4563 1239 4630 addidi
1282 4584 1418 4629 non
1460 4565 1682 4631 minus
1737 4572 1962 4650 gratas
2003 4565 2143 4631 fore
2185 4566 2328 4632 eius
2379 4565 2608 4633 literas

643 4855 1081 4923 οοοίόιίιιειίᾳιιοο
1122 4855 1193 4908 de
1237 4856 1293 4909 la
1339 4856 1543 4925 signer.
1613 4854 1837 4911 Soulzer
1872 4855 2132 4925 penchoit
2165 4872 2317 4911 asses
2351 4862 2606 4913 ouverte·

642 4930 796 4979 ment
832 4939 958 4977 vers
1003 4924 1055 4977 le
1100 4922 1492 4978 lutherani-me
1537 4928 1595 4978 et
1636 4940 1707 4977 on
1754 4924 2032 4979 l'accusoit
2072 4924 2143 4979 de
2177 4926 2392 4981 vonloir
2432 4927 2607 4982 intro·

643 4993 801 5046 duire
836 4993 892 5046 la
926 4992 984 5047 C.
1018 4990 1137 5046 (ΡΑ.
1173 4994 1209 5049 a
1241 4993 1391 5058 Bale,
1428 4992 1566 5048 mais
1601 4991 1808 5047 n'etant
1839 5010 1940 5064 pas
1982 4994 2035 5047 le
2062 4994 2194 5077 plus
2228 4994 2341 5050 fort
2373 4996 2413 5049 il
2448 4997 2608 5067 signs

642 5078 853 5116 comme
887 5062 969 5115 les
1001 5066 1204 5115 autres.
1274 5061 1435 5116 Ainsi
1470 5067 1561 5117 cet
1592 5077 1755 5131 orage
1786 5062 1874 5117 fut
1905 5062 2096 5117 calme.

848 5127 907 5193 4)
941 5128 1007 5181 N.
1045 5127 1199 5183 3957.
1231 5128 1386 5184 3968.

850 5197 887 5252 5
949 5198 1319 5254 Chennituius
1360 5198 1857 5270 Brun-wiema-
1909 5201 2264 5256 eoncn'onator
2312 5202 2425 5265 Μ
2477 5202 2607 5259 &ode

640 5266 804 5322 aba.
981 5267 2347 5336 ,mmammmmeoefoeaticza

2164 301 2718 418 splsmom'
2750 348 3179 414 4004-4008
4506 351 4591 422 m

2706 533 2979 601 alterius
3018 555 3224 601 manu
3267 532 3646 620 descriptas,
3698 535 3894 602 modo
3950 557 4076 602 sua
4117 556 4321 603 manu
4361 537 4594 623 obsigna·

2705 625 2840 686 ret:
2905 619 3244 703 respondit
3297 639 3371 687 se
3425 622 3662 702 vereri,
3705 643 3793 688 ne
3855 622 4184 707 quispiam
4224 621 4394 688 male
4445 624 4598 691 inter-

2750 712 3097 785 retaretur,
3133 705 3248 772 vel
3287 714 3558 792 putaret
3589 729 3664 775 se
3701 707 3972 794 negligi,
4015 709 4144 776 nisi
4187 709 4452 793 ipsemet
4481 712 4600 778 uai-

2786 799 2910 858 ret.
2983 793 3156 858 Tum
3199 793 3449 878 excepi,
3494 792 3669 877 quod
3712 791 3799 858 ad
3841 815 3983 861 rem
4027 794 4240 861 facere
4281 793 4438 860 mihi
4465 795 4603 862 vide-

2706 876 2916 943 batur.
3007 877 3315 961 Denique
3379 900 3615 964 passus
3679 887 3783 946 est
3845 879 4114 947 tandem
4180 900 4254 948 se
4307 880 4470 948 vinci
4487 932 4502 960 ,
4547 891 4604 946 ut

2706 982 2883 1029 nunc
2940 963 3219 1030 aliorum
3277 985 3480 1048 opera
3533 971 3778 1035 utatur.
3845 965 4035 1032 Haec
4089 964 4287 1049 paulo
4343 965 4607 1049 prolixius

2706 1046 2827 1114 tibi
2870 1050 3157 1128 narravi,
3200 1049 3563 1118 clarissime
3596 1052 3720 1131 vir,
3762 1059 3841 1118 ιιι
3881 1051 4235 1138 intelligas,
4269 1061 4610 1137 quantopere

2705 1134 2984 1219 cupiam,
3047 1142 3133 1224 nut
3194 1136 3548 1202 sanitatem
3612 1145 3797 1203 tuam
3861 1137 4216 1222 diligenter
4280 1138 4506 1203 tuearis
4554 1160 4609 1206 nc

2706 1219 2917 1288 iuves.
2988 1220 3143 1288 Scio
3198 1241 3398 1305 quam
3452 1241 3562 1288 sae
3708 1223 3829 1290 tibi
3881 1223 4299 1291 scribendum
4342 1224 4425 1288 sit
4459 1235 4518 1290 et
4549 1223 4612 1289 nd

2708 1325 2905 1390 quam
2968 1307 3233 1374 multos.
3338 1306 3517 1374 Cous
3591 1309 3921 1375 tissimum
3985 1309 4192 1394 igitur
4257 1309 4454 1375 fuerit
4503 1330 4613 1376 meo

2705 1391 2965 1473 iudicio,
3021 1394 3079 1460 si
3121 1393 3396 1476 posthac
3437 1394 3702 1474 habeas,
3805 1396 3876 1459 ui
3919 1401 3986 1461 te
4028 1416 4227 1462 onere
4401 1396 4617 1462 viminio

2707 1477 3008 1545 sublevet
3041 1485 3110 1545 et
3142 1480 3446 1563 excipiat,
3490 1478 3761 1564 quidqui
3849 1482 4172 1565 scriptum
4206 1501 4292 1547 vo
4317 1502 4406 1548 es.
4463 1479 4617 1563 Quod

2706 1573 2785 1629 ut
2826 1563 3030 1631 facias
3074 1562 3313 1630 obnixe
3356 1585 3535 1650 rogo,
3594 1586 3671 1633 ac
3715 1587 3908 1650 spero
3949 1574 4017 1633 te
4071 1567 4197 1634 hoc
4237 1566 4432 1633 modo
4467 1565 4620 1651 longe

2707 1649 2946 1716 melius
2984 1648 3389 1716 habiturum.
3427 1687 4620 1704 ——————————

2708 1771 2794 1782 —
2840 1772 2922 1783 —
2969 1735 3286 1804 Genevae
3335 1742 3433 1801 10.
3482 1739 3776 1821 Augusti
3824 1743 4009 1805 1563.

3263 1872 3483 1940 Oarol.
3529 1873 3933 1941 Ionvillaeus
3976 1877 4073 1940 tui
4116 1874 4561 1941 observantiss-

3586 2419 3789 2491 4000.

3249 2574 3485 2641 ΒΕΖΑ
3531 2573 4132 2643 GRATAROLO.

2891 2744 3271 2813 Testoesibi
3324 2751 3381 2811 et
3438 2747 3793 2812 ἰεείἰηιοηία
3846 2747 4072 2828 expetit
4124 2767 4399 2830 quorum
4455 2745 4642 2829 open·-
4781 2797 4782 2802 η

2716 2829 3153 2899 &stellionem
3192 2834 3394 2897 actius
3434 2833 3736 2915 impetum
3771 2832 3991 2914 faciat.

3048 3002 3159 3072 (Ex
3195 3001 3368 3057 Tomo
3404 3002 3505 3056 111.
3541 3001 3899 3057 Tractatum
3932 3002 4097 3057 theol.
4133 3020 4187 3073 p.
4222 3003 4372 3069 257.)

2884 3174 2985 3241 Mi
3034 3173 3388 3253 Gratarole,
3441 3174 3727 3259 gratiam
3781 3174 3904 3240 tibi
3963 3174 4171 3241 habeo
4224 3196 4352 3260 pro
4397 3184 4511 3242 tua
4546 3175 4647 3239 im

2710 3260 2786 3326 in
2826 3282 2936 3326 me
2995 3259 3456 3328 benevolentia
3506 3279 3800 3345 rogoque
3842 3267 3939 3341 ut,
3994 3260 4054 3326 si
4110 3281 4240 3345 quo
4299 3260 4496 3328 modo
4533 3258 4646 3326 fieti

2709 3347 2936 3432 possit,
2980 3345 3048 3411 id
3091 3346 3256 3411 mihi
3290 3351 3586 3429 praestes
3614 3343 3696 3412 de
3731 3366 3860 3429 quo
3893 3348 4245 3430 postremis
4291 3348 4430 3414 tuis
4470 3344 4648 3413 lioer‘s

2711 3432 2798 3499 ad
2852 3453 2962 3498 me
3025 3432 3369 3516 scripsisti,
3436 3440 3511 3497 ut
3575 3431 3971 3515 tempestive
4036 3432 4492 3518 respondeam.
4565 3428 4647 3496 Ab

2709 3518 2824 3585 illo
2881 3539 3042 3585 sane
3097 3517 3270 3582 nihil
3326 3515 3494 3582 mihi
3544 3525 3790 3597 metuo,
3844 3518 3980 3583 imo
4037 3539 4116 3584 cu
4164 3518 4471 3586 idissime
4507 3516 4650 3583 hane

2709 3606 3118 3672 occasionem
3175 3601 3537 3687 amplectar
3591 3603 4060 3687 improbissimi
4169 3605 4418 3671 ominis
4452 3606 4504 3688 ¹)
4560 3622 4652 3668 no·

2709 3690 3016 3757 minatim
3082 3686 3480 3773 appellandi,
3546 3688 3720 3772 quod
3784 3688 4003 3756 adhuc
4067 3690 4284 3756 facere
4347 3689 4534 3757 nolui
4589 3706 4654 3752 no

2709 3796 2974 3924 onnem
3010 3775 3090 3926 lei
3143 3775 3653 3924 ‘effipiffimfiae-
3662 3795 3868 3926 lspem
3909 3774 4190 3925 vidererf
4220 3776 4656 3926 praeclumgg

2777 3883 2967 3928 erum
3058 3880 3329 3927 ocama
3453 3880 3852 3927 rescriesl
3942 3882 4098 3927 uam
4183 3882 4496 3929 ecerom

2708 3949 3134 4032 responsione
3170 3946 3572 4012 mentionem
3595 3945 3798 4013 Bellis·
3838 3883 3938 4012 stq
3949 3946 4354 4033 Theologiae
4399 3948 4654 4014 Germ-

2710 4034 2914 4113 nicae,
2937 4039 2993 4113 ²)
3038 4041 3104 4099 et
3161 4032 3275 4098 ille
3326 4052 3398 4098 se
3440 4052 3668 4098 eorum
3726 4030 4046 4098 librorum
4091 4043 4400 4099 autorem
4443 4031 4653 4099 infitie-

2709 4129 2839 4199 tur,
2896 4141 3057 4185 num
3114 4118 3182 4183 id
3224 4118 3474 4202 possim
3529 4119 3626 4182 ita
3669 4137 3896 4184 secure
3940 4120 4271 4185 affirmare
4317 4128 4420 4199 ut,
4465 4120 4520 4184 si
4561 4138 4654 4181 ne·

2708 4227 2890 4273 cesse
2945 4204 3166 4281 fuerit,
3225 4203 3504 4270 testibus
3560 4203 3760 4270 etiam
3804 4212 3920 4269 aut
3961 4205 4221 4271 idoneis
4261 4202 4655 4291 argumentis

2709 4292 3014 4358 convinci
3058 4290 3282 4374 possit.
3302 4293 3361 4372 ⁸)
3431 4289 3605 4355 Nam
3638 4288 3721 4354 de
3763 4310 3836 4355 re
3878 4290 4041 4373 ipsa,
4085 4290 4156 4356 id
4199 4300 4324 4369 est,
4371 4292 4534 4375 quin
4571 4308 4656 4353 re-

2707 4397 2870 4444 vera
2930 4376 3136 4443 libros
3193 4374 3346 4442 illos
3404 4394 3481 4440 ac
3537 4374 3926 4458 praesertim
3983 4374 4468 4460 praefationem
4525 4372 4655 4439 Bel·

2705 4464 2953 4530 lianam
2996 4461 3275 4529 ediderit
3313 4480 3451 4527 non
3486 4459 3730 4540 dubito,
3775 4459 3892 4527 sed
3935 4460 4296 4528 videndum
4345 4461 4538 4529 nobis
4576 4464 4658 4523 mi

2707 4557 2788 4616 ιιι
2828 4571 2960 4616 ιιοιι
3005 4555 3266 4614 tantum
3311 4545 3655 4631 detegatur
3708 4547 3835 4613 iste
3877 4567 4112 4615 verum
4155 4547 4364 4614 etiam
4409 4545 4654 4613 convin-

2706 4644 2915 4718 catur,
2951 4643 3029 4700 ut
3063 4631 3331 4699 tandem
3366 4653 3596 4699 omnes
3631 4635 3856 4699 norint
3889 4653 4059 4716 quae
4093 4634 4180 4699 sit
4215 4634 4440 4699 sancti
4483 4631 4655 4700 istim

2707 4722 2839 4789 viri
2904 4719 3320 4789 conscientia.
3389 4748 4654 4767 —————————

2705 4810 2794 4875 xi.
2841 4807 3147 4893 Augusti.

2705 4993 2981 5129 ιοοωζ
3014 4992 3374 5050 castaneas-e

2912 5060 2950 5115 2
3012 5058 4290 5118 acammmhlatmconomlfiffl.

2913 5130 4312 5202 &Emensaque-numunianum
4503 5125 4650 5181 ’Βό-

2704 5202 2985 5327 &AE
3031 5200 3204 5269 ’Μ’
3252 5206 3558 5269 ‘'⁶⁹⁶⁶''
3608 5198 3920 5256 '‘⁰⁶⁸‘'“⁸‘
3969 5203 4021 5253 ‘³
4079 5199 4242 5255 ω’·
4443 5200 4457 5213 ’
4553 5200 4650 5253 “
