4900 6125
286 447 389 511 453

282 634 487 716 rae,²⁸)
549 651 710 714 quae
769 630 837 696 in
893 630 1354 696 nonnullorum
1413 637 1787 697 nostrorum
1835 629 2196 697 Procerum

279 738 481 784 manus
522 716 816 783 authoris
861 716 1052 802 signo
1098 715 1492 800 approbatae
1535 724 1993 800 pervenerunt,
2032 736 2199 800 quae

279 808 515 872 sortasse
556 802 905 886 aliquando
959 804 1030 868 in
1094 802 1309 868 lucem
1365 812 1581 868 vestro
1634 803 1866 886 capitis
1909 802 2198 886 periculo

277 901 333 957 et
369 888 632 955 nominis
678 887 913 971 probro
955 888 1372 954 emanabunt.

421 974 541 1040 Hic
580 980 663 1054 te,
709 971 1083 1054 Ottomane,
1129 981 1437 1040 excutere
1480 973 1739 1057 incipio.
1831 971 1979 1040 Scis
2022 973 2200 1039 enim

275 1083 344 1128 ex
381 1061 551 1128 cuius
610 1059 876 1125 officina
918 1060 1138 1145 Tigris
1193 1059 1448 1144 prodiit,
1493 1058 1660 1125 liber
1716 1067 1891 1125 certe
1935 1057 2203 1144 Tigride

273 1155 531 1233 parente,
574 1145 641 1211 id
707 1154 811 1212 est
850 1146 1121 1212 homine
1164 1146 1460 1225 barbaro,
1507 1146 1785 1228 impuro,
1831 1144 2053 1227 impie,
2099 1144 2200 1209 in·

273 1242 452 1318 grato,
509 1231 850 1310 malevolo,
909 1231 1227 1298 maledico
1286 1231 1348 1296 di
1447 1231 1731 1297 issimus.
1835 1231 1936 1295 'ru
1992 1239 2058 1295 te
2111 1230 2200 1295 is-

273 1320 383 1384 tius
451 1316 646 1384 libelli
710 1318 1050 1384 authorem
1072 1369 1087 1398 ‚
1148 1339 1409 1403 generis
1465 1317 1768 1384 Francici
1875 1336 2200 1401 ropugna-

271 1413 468 1482 torem,
512 1402 729 1470 caedis
783 1404 1105 1469 bonorum
1162 1403 1676 1469 machinatorem
1722 1424 1806 1468 au
1854 1423 1924 1468 es
1967 1400 2199 1468 vendi-

272 1488 439 1555 tare?
525 1489 626 1554 'l'u
671 1489 867 1574 longe
910 1489 1125 1556 adhuc
1170 1490 1497 1556 atrociora
1539 1510 1705 1572 quae
1748 1488 1932 1554 brevi
1974 1496 2201 1572 patere

270 1575 503 1654 senties,
569 1575 636 1640 in
717 1574 1001 1660 patriam
1070 1574 1285 1641 moliri
1308 1574 1341 1638 'I
1452 1575 1555 1640 'ru
1622 1595 1703 1639 ex
1770 1575 1852 1639 iis
1918 1573 2197 1658 gloriam

268 1661 418 1746 apud
474 1669 732 1727 exteros
787 1659 1141 1746 aucupari?
1247 1661 1350 1726 'ru
1406 1660 1732 1741 fratribus,
1791 1658 2196 1744 propinquis,

267 1746 539 1812 omnibus
609 1746 889 1831 denique
955 1748 1084 1812 tuis
1148 1746 1515 1829 periculum
1583 1746 1714 1828 [fol.
1792 1743 1900 1833 18]
1966 1745 2199 1828 capitis

267 1831 606 1900 arcessere?
697 1833 849 1897 Non
907 1834 1080 1899 insto
1139 1833 1373 1912 acrius,
1430 1853 1514 1898 ne
1562 1833 1630 1896 in
1677 1840 1742 1897 te
1793 1838 1997 1896 totam
2042 1851 2199 1898 con-

265 1918 611 2002 spirationis
647 1918 909 2001 culpam
948 1920 1245 1985 conferre
1291 1917 1532 1997 videar,
1571 1939 1763 2002 quem
1807 1917 1940 1984 scio
1977 1916 2198 1983 Gene-

267 2004 544 2070 vcnsium
604 2005 1135 2071 concionatorum
1196 2003 1436 2070 aculeis
1503 2003 1583 2069 ad
1643 2004 1932 2068 furorem
1999 2003 2199 2069 fuisse

263 2090 663 2156 stimulatum.
768 2089 1069 2172 Sequuta
1125 2101 1226 2155 est
1271 2087 1505 2155 deinde
1550 2089 1817 2173 inopina
1861 2087 2197 2154 Francisci

262 2175 789 2242 Christianissimi
871 2197 1049 2241 mors
1072 2226 1088 2254 ,
1120 2176 1209 2259 ²⁴)
1276 2195 1441 2258 quae
1518 2183 1777 2240 tantum
1845 2174 2200 2240 coniuratis

263 2261 479 2346 gaudii,
538 2269 861 2345 quantum
924 2274 990 2328 et
1046 2262 1234 2327 bonis
1289 2260 1545 2328 civibus
1591 2262 1901 2327 moeroris
1945 2260 2199 2325 attulit:

264 2357 496 2413 tantum
538 2368 739 2431 porro
785 2347 990 2414 studii
1035 2347 1390 2431 animique,
1451 2355 1775 2429 quantum
1819 2345 1962 2410 vita
2005 2345 2199 2429 paulo

260 2441 392 2498 ante
446 2433 772 2500 facultatis
834 2434 1204 2516 viriumque
1258 2431 1650 2498 detraxerat.
1723 2432 1818 2496 Et
1874 2453 2034 2497 sane
2078 2432 2194 2496 vix

262 2529 463 2586 sextus
510 2527 628 2584 aut
672 2520 990 2603 septimus
1035 2518 1283 2584 mensis
1339 2517 1421 2582 ab
1464 2518 1688 2602 optimi
1738 2517 1942 2603 Regis
1988 2526 2199 2582 morte

259 2604 714 2685 intercesserat,
760 2624 906 2670 cum
947 2605 1126 2670 Besa
1160 2604 1516 2690 gloriosum
1564 2602 1646 2667 ab
1681 2602 1880 2668 exilio
1926 2603 1993 2668 in
2034 2602 2195 2668 Gal-

256 2689 393 2754 liam
432 2690 717 2756 reditum
755 2688 1245 2768 meditatur,²⁸)
1289 2698 1356 2756 et
1397 2689 1728 2755 infinitam
1774 2688 2194 2754 factiosorum

255 2797 502 2841 manum
539 2785 898 2859 comparat,
946 2777 1134 2842 cuius
1168 2774 1565 2841 adminiculo
1601 2775 1684 2839 ad
1709 2776 1960 2858 quietas
1997 2774 2195 2839 huius

253 2860 446 2946 Regni
491 2861 682 2929 sedes
728 2861 1057 2928 vexandas
1102 2861 1496 2927 connitatur.
1583 2860 1816 2943 Itaque
1861 2881 2010 2926 cum
2057 2860 2194 2942 pri-

254 2967 413 3011 mum
481 2957 554 3013 tu
625 2946 954 3014 sedandae
1020 2946 1413 3023 discordiae,
1484 2954 1552 3011 et
1617 2953 1696 3010 ut
1761 2944 2190 3030 pollicebaris,

253 3031 562 3101 Ecclesiae
623 3032 1070 3102 conciliandae
1128 3032 1371 3100 arbiter
1429 3031 1718 3099 adscitus
1763 3031 2189 3116 Poyssiacum

253 3119 561 3203 appulisti,
623 3120 1033 3187 simultatum
1092 3119 1432 3197 scintillae,
1502 3139 1667 3202 quae
1726 3126 1922 3183 antea
1977 3117 2193 3183 levius

251 3204 640 3286 fovebantur,
700 3216 815 3272 tuo
859 3206 1090 3290 spiritu
1139 3206 1481 3281 excitatae,
1539 3204 1620 3269 ad
1667 3203 2190 3269 funestissimum

250 3289 604 3358 incendium
673 3300 1081 3357 exarserunt.
1178 3290 1480 3373 Cumque
1540 3299 1914 3354 nostrorum
1975 3288 2193 3353 'Pheo-

250 3374 527 3461 logorum
551 3386 620 3445 et
643 3378 1118 3462 Episcoporum
1146 3376 1509 3443 rationibus
1539 3376 1743 3441 obniti
1780 3394 2192 3457 nequaquam

251 3462 504 3541 valeres,
567 3472 790 3529 tamen
835 3462 1277 3547 pertinaciter,
1336 3470 1414 3527 ut
1471 3470 1624 3527 tuae
1680 3460 1935 3525 farinae
1980 3459 2192 3525 homi-

250 3568 394 3612 num
435 3560 681 3616 natura
725 3548 1032 3633 pervicax
1079 3570 1220 3615 esse
1280 3548 1638 3626 consuevit,
1697 3547 1764 3611 in
1811 3545 2191 3629 opinionum

248 3632 598 3701 inveterata
664 3634 991 3719 pravitate
1056 3632 1440 3717 perstitisti:
1523 3631 1948 3716 aequissimas
2014 3631 2193 3714 pacis

248 3719 638 3787 conditiones
681 3718 1073 3803 repudiasti:
1130 3720 1285 3803 quin
1333 3718 1531 3784 etiam
1576 3717 1750 3802 quod
1793 3718 1866 3781 in
1909 3716 2192 3783 ornatis-

249 3806 396 3869 simo
446 3806 549 3872 Re
602 3807 750 3872 ‘nae
814 3805 1066 3884 matris,
1133 3806 1339 3891 Regis
1393 3804 1734 3870 Navarrae
1799 3802 2191 3869 clarissimo·

249 3910 504 3975 rumque
624 3913 926 3958 rocerum
979 3902 1183 3968 coctu,
1246 3889 1568 3957 machinis
1629 3906 2188 3973 argumentorum,

248 3996 398 4058 quae
440 3977 930 4044 illustrissimus
973 3976 1275 4059 idemque
1317 3975 1956 4060 intelligentissimus
1993 3974 2190 4038 Prin-

247 4080 384 4145 ceps
427 4073 490 4128 et
532 4061 902 4129 Cardiualis
937 4062 1342 4147 Lotaringus
1385 4062 1456 4126 in
1503 4073 1567 4125 te
1611 4067 2032 4138 contorserat,
2079 4058 2189 4122 de-

245 4144 435 4215 iectus
477 4148 878 4225 concessisti,
925 4158 1184 4231 postero
1229 4147 1333 4212 die
1380 4146 1825 4212 inconstanter
1868 4154 1936 4210 et
2000 4143 2189 4208 mali-

247 4232 395 4298 tiose
439 4235 795 4300 revocasti:
858 4257 942 4299 ex
987 4254 1114 4317 quo
1173 4244 1395 4298 coetus
1454 4232 1563 4297 ille
1621 4229 2189 4315 frequentissimus

247 4338 310 4382 re
352 4320 591 4385 infecta
638 4319 948 4385 dimissus
993 4331 1111 4397 est,
1158 4341 1243 4384 ex
1274 4320 1460 4384 cuius
1505 4317 1934 4384 consensione
1957 4336 2189 4400 perpe-

247 4410 414 4469 tuam
460 4407 528 4470 in
575 4405 876 4472 Ecclesia
931 4403 1363 4482 concordiam,
1423 4415 1488 4468 et
1526 4404 1762 4488 Regno
1815 4400 2188 4485 tranquilli·

245 4500 430 4555 tatem
478 4491 789 4574 deinceps
833 4491 969 4556 fore
1014 4491 1453 4573 sperabamus.
1543 4490 1642 4554 Tu
1688 4508 1868 4566 vero,
1914 4488 2023 4570 qui
2069 4507 2188 4570 pu·

244 4573 464 4642 blicam
511 4576 843 4655 veniendi,
900 4590 969 4640 at
1014 4597 1143 4640 non
1190 4574 1572 4640 remanendi
1619 4574 1852 4658 gratia,
1909 4572 2104 4638 fidem
2151 4592 2191 4636 a

245 4657 413 4745 Rege
471 4682 839 4745 acceperas,
903 4663 1329 4726 nihilominus
1387 4659 1730 4726 dulcedine
1776 4658 1896 4725 soli
1946 4657 2189 4724 Gallici

243 4744 503 4824 illectus,
555 4749 658 4812 vel
705 4748 905 4813 ctiam
961 4747 1338 4812 ambitionis
1393 4746 1778 4829 impotentia
1823 4752 2001 4810 totus
2047 4764 2188 4809 aes·

403 5022 498 5089 23)
542 5022 700 5091 Erae
742 5029 871 5075 tunc
919 5025 1028 5075 iam
1077 5034 1320 5089 sparsae.
1395 5020 1488 5074 Ex
1527 5020 1598 5075 iis
1633 5025 1875 5074 autorem
1914 5026 2192 5088 sequentia

245 5092 724 5215 nupsissekaoet.

402 5159 499 5229 24)
596 5162 721 5215 onds
757 5158 886 5213 Dec.
923 5156 1075 5212 1560.

403 5228 502 5294 ab)
541 5228 747 5283 Beeam
794 5244 907 5283 non
942 5234 1131 5296 sponte
1165 5226 1261 5281 sed
1292 5226 1561 5282 adscitum
1595 5228 1656 5280 in
1685 5225 1925 5280 Galliam
1960 5226 2192 5281 rediisse

245 5298 602 5421 ‘Wlfflm‘ad
618 5296 918 5362 eoadem,
953 5295 1301 5352 Adnuit-alius
1342 5303 1391 5351 et
1431 5295 1770 5350 Parisiensis
1811 5296 2036 5350 eccleeae'a
2070 5311 2190 5351 eun

245 5378 306 5419 ιι.
432 5370 488 5421 io
603 5372 882 5422 vocarunt.

2065 442 2227 506 1562
2271 440 2456 510 IUN.

4133 447 4265 511 454

2299 638 2514 710 tuans,
2562 635 2693 696 tete
2748 637 3095 698 ostentare.
3164 633 3287 713 Tu,
3333 653 3481 699 cum
3529 632 3913 717 amplissimi
3949 632 4263 719 Episcopi

2300 716 2545 799 singuli
2603 715 2686 782 ad
2752 738 2906 784 suas
2962 718 3285 786 dioeceses
3349 719 3727 802 rediissent,
3791 719 3974 786 solus
4039 720 4258 787 aulam

2300 822 2639 886 occupare,
2697 803 2767 868 in
2828 825 2908 869 ea
2950 803 3292 882 dominari,
3338 805 3673 890 virusque,
3729 804 3901 889 quod
3951 805 4084 870 iam
4143 804 4259 871 diu

2300 895 2562 971 pectore
2617 888 3016 968 continebas,
3075 910 3186 956 ore
3239 891 3486 958 furioso
3541 911 3843 956 evomere
3894 892 4268 976 perrexisti.

2301 971 2483 1055 Quid
2541 972 2775 1040 deinde
2830 977 3061 1059 egeris,
3121 985 3237 1041 aut
3292 975 3448 1060 quid
3508 976 3760 1043 consilii
3818 978 4085 1061 ceperis,
4145 985 4263 1043 aut

2301 1081 2496 1143 quam
2542 1060 2902 1126 insolenter
2956 1069 3021 1128 et
3075 1060 3390 1128 iracunde
3437 1068 3501 1128 te
3558 1062 3858 1148 gesseris,
3917 1062 4258 1148 sigillatim

2303 1166 2719 1228 exponerem,
2777 1147 2903 1212 nisi
2964 1148 3346 1214 memoriam
3404 1148 3679 1214 istorum
3736 1149 4101 1215 facinorum
4155 1169 4259 1212 re-

2301 1238 2559 1298 centem
2602 1232 2819 1299 adhuc
2862 1233 3256 1299 Parisiensis
3300 1233 3581 1318 populus
3623 1242 3904 1300 teneret:
4007 1255 4158 1300 uem
4203 1233 4260 1299 si

2301 1317 2426 1383 hoc
2468 1317 2607 1383 loco
2652 1327 2885 1384 testem
2929 1318 3348 1402 appellavero
3396 1327 3504 1396 (ut
3547 1319 3628 1385 de
3673 1321 3945 1387 caeteris
4035 1320 4260 1386 uiusce

2303 1403 2523 1488 Regni
2569 1401 2839 1485 civibus,
2881 1425 3045 1487 quos
3089 1403 3263 1471 idem
3299 1425 3456 1489 prae
3501 1427 3571 1471 se
3616 1406 3785 1472 ferre
3830 1427 3964 1471 non
4007 1415 4109 1472 est
4144 1405 4260 1470 du·

2299 1489 2505 1570 bium,
2550 1490 2827 1572 taceam)
2874 1510 2945 1555 se
2989 1492 3298 1575 graviora
3332 1491 3555 1557 decem
3602 1492 3939 1558 mensibus
3983 1491 4261 1557 authore

2301 1575 2481 1641 Beza
2543 1576 2893 1660 pertulisse
2958 1584 3471 1659 conquerentur:
3549 1598 3749 1660 quam
3814 1578 3971 1643 totis
4037 1576 4259 1642 decem

2302 1661 2514 1742 annis,
2572 1661 2811 1744 quibus
2869 1662 3150 1728 assiduis
3208 1661 3527 1729 bellorum
3586 1661 3850 1747 ignibus
3908 1662 4263 1729 universus

2306 1744 2444 1833 [sol.
2491 1745 2599 1835 19]
2644 1746 2821 1814 orbis
2856 1749 3306 1833 conflagravit.
3379 1749 3519 1815 Nec
3562 1756 3821 1814 tantum
3859 1746 3940 1815 de
3984 1749 4263 1832 privatis

2301 1833 2731 1898 incommodis
2775 1854 2892 1900 con
2942 1843 3225 1914 ueretur,
3282 1833 3397 1899 sed
3440 1835 3646 1919 Regis
3702 1835 3805 1901 sui
3849 1834 4263 1900 maiestatem

2301 1919 2504 1984 fuisse
2527 1919 2862 1998 violatam,
2954 1927 3222 1985 enatum
3259 1920 3840 2004 circumscriptum,
3889 1919 4066 2004 leges
4102 1939 4260 1986 con-

2303 2013 2588 2086 temptas
2667 2003 2890 2070 eodem
2959 2004 3123 2072 duce
3201 2027 3277 2072 ac
3354 2005 3685 2071 hortatore
3763 2004 4260 2072 demonstrabit.

2301 2090 2661 2157 Francicae
2686 2089 2872 2174 Reip.
2899 2100 3220 2176 perpetua
3254 2091 3670 2171 consuetudo,
3717 2101 3785 2158 et
3819 2092 4062 2158 civium
4107 2112 4263 2157 con-

2301 2195 2533 2241 sensus
2588 2176 2917 2261 Reginam
2978 2189 3255 2242 matrem
3323 2197 3472 2242 cum
3527 2178 3714 2261 Rege
3770 2177 4111 2243 Navarrae
4177 2175 4260 2242 ad

2301 2262 2519 2346 Regni
2545 2261 3094 2345 procurationem,
3134 2273 3202 2327 et
3224 2263 3406 2346 quasi
3444 2261 3527 2328 ad
3549 2262 3759 2348 Regis
3794 2262 4022 2347 ipsius,
4054 2260 4262 2329 donec

2300 2346 2711 2428 adolevisset,
2779 2348 3143 2432 legitimam
3211 2349 3487 2414 tutelam
3552 2348 4016 2414 admittebant:
4084 2348 4263 2413 Beza

2297 2454 2415 2516 per
2482 2453 2638 2499 suos
2702 2442 3161 2518 procuratores
3236 2434 3585 2517 postremis
3648 2434 4081 2501 conventibus
4148 2434 4259 2516 qui

2299 2519 2611 2584 Lutetiae
2656 2518 2867 2584 habiti
2911 2527 3084 2596 sunt,
3132 2520 3459 2604 Reginam
3505 2519 3769 2604 penitus
3814 2517 4259 2602 eiiciebatt²⁶)

2299 2605 2469 2689 Regi
2515 2604 2855 2670 Navarrae
2912 2606 3183 2670 comites
3242 2604 3776 2688 consiliariosque
3794 2607 3887 2684 ²⁷)
3944 2604 4261 2688 adiunge·

2300 2690 2439 2755 bat:
2489 2691 2670 2772 quasi
2710 2691 2856 2755 Rex
2904 2691 3429 2775 sapientissimus
3473 2692 3613 2757 sine
3658 2689 3791 2757 illis
3836 2711 4065 2774 gerere
4104 2710 4261 2774 pro-

2298 2775 2707 2842 curationem
2764 2776 2984 2842 minus
3037 2776 3333 2842 consulto
3389 2797 3578 2860 posse
3622 2776 3973 2842 videretur.
4049 2775 4260 2843 Sena-

2298 2869 2406 2926 tus
2451 2861 2771 2939 consulto,
2820 2861 2992 2945 quod
3036 2870 3181 2928 erat
3214 2883 3441 2928 mense
3474 2861 3646 2927 Iulio
3685 2861 4054 2929 incredibili
4092 2863 4260 2929 Pro-

2298 2967 2521 3013 cerum
2567 2954 2635 3012 et
2680 2945 2967 3014 Senatus
3022 2967 3347 3013 consensu
3402 2949 3890 3026 conflatum,²⁸)
3935 2948 4112 3014 Beza
4154 2946 4259 3012 lu-

2299 3032 2457 3098 dum
2515 3032 2586 3097 in
2643 3032 2866 3099 Gallia
2926 3034 3180 3117 aperire
3245 3032 3648 3118 prohibetur.
3747 3033 3899 3118 Ipse
3965 3054 4097 3100 non
4163 3034 4259 3098 ita

2297 3117 2507 3184 multo
2531 3127 2682 3201 post
2723 3120 2789 3184 iu
2814 3120 2984 3199 aula,
3032 3129 3175 3184 tum
3212 3120 3434 3186 statim
3475 3119 3544 3184 in
3590 3119 3857 3186 civitate
3880 3119 4255 3187 Bacchanal

2296 3204 2621 3283 licentiae,
2646 3204 2910 3285 fastidii,
2936 3205 3396 3289 despicientiae
3432 3204 3738 3271 instituit.
3789 3206 4000 3291 Regio
4024 3206 4256 3285 edicto,

2297 3312 2460 3355 usus
2495 3310 2826 3356 armorum
2863 3292 3165 3357 omnibus
3200 3289 3652 3357 interdicitur:
3690 3292 3866 3357 Besa
3900 3312 3971 3357 se
4006 3301 4076 3357 et
4103 3313 4257 3358 suos

2297 3374 2509 3442 edicto
2554 3376 2803 3443 solutos
2849 3377 3230 3456 arbitratur,
3288 3377 3681 3459 praetoriam
3736 3377 3859 3443 sibi
3920 3376 4256 3444 cohortem

2295 3461 2584 3540 arcessit,
2644 3463 2829 3528 cuius
2884 3462 3207 3546 praesidio
3258 3483 3526 3528 suorum
3581 3462 3923 3528 audaciam
3979 3464 4255 3540 muniat,

2293 3549 2526 3612 urbem
2594 3552 2859 3627 terreat,
2924 3558 2992 3614 et
3047 3568 3119 3613 se
3176 3546 3497 3614 adversus
3562 3547 3786 3632 legum
3843 3557 3911 3613 et
3966 3547 4256 3615 Senatus

2295 3632 2759 3697 authoritatem
2819 3636 2888 3698 vi
2948 3635 3276 3717 armisque
3332 3640 3615 3699 tueatur.
3698 3634 4005 3699 Alterum
4048 3635 4255 3720 Regis

2294 3717 2582 3784 edictum
2613 3721 2701 3796 ²⁰)
2748 3717 2828 3784 ad
2887 3717 3418 3785 intercludendas
3475 3717 3871 3784 seditionum
3918 3721 4060 3786 vias
4103 3740 4255 3805 pro·

2294 3803 2662 3888 mulgetur:
2731 3804 2833 3868 Ne
2899 3804 3044 3887 quis
3112 3804 3312 3870 alium
3370 3804 3473 3869 vel
3534 3805 3738 3870 verbo
3804 3806 4111 3884 lacessat,
4172 3828 4255 3872 ne

2295 3889 2717 3974 imaginibus,
2788 3911 2873 3955 ne
2939 3890 3203 3973 templis
3270 3910 3507 3954 manus
3568 3891 3922 3975 sacrilegas
3983 3892 4257 3958 inserat:

2293 3974 2473 4040 Besa
2515 3977 2823 4040 continuo
2868 3973 3001 4041 divi
3049 3974 3352 4042 Medardi
3403 3976 3719 4059 templum
3767 3976 4252 4060 praedatur,⁸⁸)

2296 4061 2618 4145 imagines
2662 4059 2901 4139 deiicit,
2959 4071 3028 4125 et
3071 4059 3241 4144 quod
3289 4061 3666 4127 meminisse
3724 4061 3964 4140 horret,
4012 4064 4256 4147 pretio-

2293 4146 2625 4211 sissimum
2672 4145 2921 4212 Christi
2967 4168 3079 4212 cor
3125 4168 3205 4213 us
3262 4147 3723 4229 impurissimis
3780 4147 4053 4230 pedibus
4097 4169 4252 4215 con-

2294 4233 2480 4297 terit:
2545 4231 2819 4316 plebem,
2866 4253 3033 4316 quae
3124 4252 3199 4299 oc
3243 4233 3442 4314 impie
3487 4232 3730 4298 factum
3771 4233 3973 4318 luget,
4020 4234 4251 4300 crude-

2292 4316 2541 4383 lissime
2587 4339 2627 4383 a
2681 4319 2818 4383 suis
2877 4317 3135 4383 lanistis
3195 4318 3490 4396 sauciari,
3552 4319 3909 4385 sauciatam
3970 4321 4042 4385 in
4103 4322 4251 4385 vin-

2291 4402 2440 4470 cula
2484 4411 2551 4468 et
2593 4424 2919 4469 carcerem
2966 4406 3106 4488 rapi
3152 4404 3347 4469 iubet.

2466 4488 2654 4570 Quae
2698 4511 2846 4556 cum
2894 4491 2990 4555 ita
3032 4490 3182 4567 sint,
3229 4489 3430 4555 audet
3473 4488 3678 4554 nihilo
3714 4491 3935 4555 minus
3979 4512 4050 4557 se
4075 4491 4249 4576 Regi

2292 4574 2758 4657 obsequentem
2827 4573 3236 4660 praedicare,
3304 4576 3412 4658 qui
3480 4574 3694 4659 Regia
3756 4576 4068 4643 mandata
4134 4599 4250 4661 pro

2297 4732 2463 4739 —-
2478 4732 2695 4739 —--—-—-

2462 4812 2559 4879 26)
2597 4811 3013 4868 Absurdissima
3046 4815 3340 4867 mentatio.
3414 4813 3562 4868 Sane
3602 4814 3850 4883 Reginae
3881 4817 4157 4870 autenm
4190 4831 4252 4871 eo

2292 4888 2529 4949 tempore
2584 4882 2909 4936 Novaro-em·
2949 4884 3227 4949 potentiae
3295 4883 3376 4936 αι’
3488 4889 3643 4965 tepus
3706 4881 3891 4965 cedere
3947 4884 4253 4940 videbatur.

2289 4950 2418 5074 3251
2420 4951 2597 5088 ιςιοὲρ
2584 4950 2919 5089 οὲοηΠΒείεῧε
2951 4949 3260 5085 {1330de
3313 4953 3335 5017 (
3402 4966 3481 5005 em
3518 4966 3696 5019 apsa·-
3732 4956 3893 5007 dmm
3930 4953 4254 5022 Lametus

2461 5087 2558 5223 {g}
2592 5085 3093 5218 &awti-52:510&
3142 5155 3309 5211 Μέση.
3358 5155 3426 5210 de
3469 5155 3659 5211 Gonde'
3706 5159 3752 5211 1.
3788 5156 3875 5211 Ω.
3924 5159 3989 5213 ΙΙ.
4037 5157 4140 5213 396
4178 5175 4265 5214 ss-

2295 5226 2477 5295 Ηααρ,
2522 5227 2703 5282 Picens
2737 5225 2811 5279 N.
2856 5225 2933 5280 16.
3010 5265 3023 5278 .
3056 5223 3144 5278 4⁷.
3216 5223 3424 5280 Soldan
3458 5226 3499 5279 1.
3535 5224 3656 5281 429.

2461 5294 2559 5430 333
2600 5295 2683 5418 ἐξ.
2712 5294 2903 5415 :gggil
2986 5295 3032 5347 1.
3108 5291 3276 5349 Μέση.
3309 5294 3377 5349 de
3416 5293 3601 5350 Condi
3634 5295 3703 5349 11.
3741 5294 3861 5349 520.

3724 5448 3840 5502 290
