4900 6125
300 411 405 475 509

1138 597 1340 669 3843.

449 767 875 837 MINISTRI
919 768 1539 839 GENABENSES
1587 769 2023 839 GALVINO.

446 956 685 1042 opp-’do
726 978 840 1023 suo
882 956 963 1024 ab
1006 960 1282 1025 exercitu
1315 959 1586 1026 hostium
1628 961 1904 1042 impetito
1930 981 2057 1045 per
2089 961 2219 1029 Dei

283 1042 536 1130 qratiam
575 1043 684 1111 hoc
712 1044 1067 1128 meadum
1108 1046 1274 1112 salvi
1313 1051 1370 1111 et
1411 1047 1750 1114 incolumes
1784 1053 2128 1114 evaserunt.

543 1215 655 1284 (Ex
689 1214 1029 1286 autographo
1063 1215 1192 1271 Cod.
1230 1215 1467 1273 Gothani
1501 1215 1621 1285 404,
1659 1217 1750 1273 fol.
1788 1216 1935 1286 782.)

435 1387 496 1452 A
537 1386 880 1453 Monsieur
920 1387 1262 1454 Monsieur
1302 1387 1541 1456 Calvin

1670 1494 1711 1539 a
1754 1474 2046 1542 Geneve.

282 1660 656 1728 Doctissimo
715 1671 782 1726 et
836 1660 1213 1727 fidelissimo
1267 1662 1452 1728 verbi
1496 1660 1628 1727 Dei
1683 1662 1986 1730 ministro
2028 1665 2114 1730 D.
2161 1666 2217 1732 Ι.

282 1747 536 1812 Calvino
569 1748 654 1813 L.
701 1747 1015 1812 Danaeus
1027 1747 1079 1832 ¹)
1115 1757 1182 1813 et
1217 1746 1315 1813 St.
1351 1746 1666 1814 Vallaeus
1701 1748 1995 1815 eiusdem
2029 1751 2219 1818 verbi

279 1834 339 1897 in
408 1832 786 1900 Genabensi
878 1833 1009 1898 Dei
1082 1832 1371 1985 gccsssiss
1433 1834 1719 1899 ministri
1803 1835 1876 1899 in
1953 1834 2219 1903 Christo

430 2069 828 2154 Quanquam
884 2071 1054 2137 nihil
1112 2079 1288 2138 esset
1320 2072 1478 2140 novi
1521 2072 1693 2156 quod
1738 2071 1820 2137 ad
1867 2080 1933 2139 te
1978 2074 2220 2141 scribe-

277 2176 495 2236 remus,
553 2156 679 2224 hoc
735 2166 963 2223 tamen
1003 2158 1436 2223 iustissimum
1494 2157 1824 2225 scribendi
1867 2181 2220 2245 argumen-

273 2251 398 2307 tum
460 2242 648 2308 nobis
712 2251 1094 2326 putaremus
1160 2242 1324 2324 dari,
1385 2251 1575 2327 pater
1638 2244 1885 2328 optime
1947 2246 2220 2326 Calvina,

274 2327 428 2411 quod
483 2330 696 2395 nostri
751 2329 947 2394 officii
1006 2328 1307 2396 ducimus
1366 2349 1509 2395 esse
1567 2337 1635 2394 te
1678 2340 2021 2415 parentem
2065 2353 2219 2398 nos-

272 2423 431 2478 trum
481 2413 582 2481 bis
627 2413 734 2480 vel
793 2421 895 2480 ter
947 2415 1016 2479 in
1076 2435 1250 2480 anno
1296 2436 1414 2498 per
1456 2414 1684 2482 literas
1739 2426 1999 2483 nostras
2042 2417 2220 2484 salu-

271 2507 414 2579 tare,
470 2500 628 2583 quia
684 2509 1064 2583 praesentes
1117 2522 1252 2566 non
1296 2521 1663 2584 possumus.
1750 2502 1983 2586 Neque
2040 2505 2220 2570 enim

270 2584 448 2650 ullius
490 2585 782 2652 hominis
839 2585 977 2651 ulla
1016 2585 1359 2652 iocundior
1379 2591 1414 2625 ¹*
1462 2594 1580 2652 aut
1624 2589 1887 2653 suavior
1927 2610 2219 2672 unquam

268 2672 568 2738 memoria
614 2692 813 2754 quam
857 2671 957 2736 tui
992 2672 1292 2752 recurrit,
1337 2692 1549 2756 neque
1590 2673 1937 2756 quisquam
1980 2686 2099 2755 est,
2137 2675 2220 2742 de

268 2755 434 2823 cuius
481 2755 726 2823 iudicio
782 2767 849 2822 et
890 2757 1220 2824 sententia
1260 2759 1483 2841 potius
1529 2778 1729 2841 quam
1774 2758 1855 2824 de
1898 2767 2016 2826 tua
2057 2782 2220 2844 pen-

267 2840 535 2921 deamus,
604 2850 723 2907 aut
785 2863 825 2908 a
890 2864 1020 2926 quo
1082 2844 1300 2926 potius
1355 2852 1679 2926 optemus,
1740 2865 1938 2927 quam
1993 2844 2110 2912 abs
2154 2855 2221 2912 te

268 2930 472 2993 amari.
561 2929 786 3012 Atque
829 2939 906 2994 ut
949 2949 1074 2995 nos
1115 2928 1471 2994 liberorum
1507 2929 1646 2995 loco
1690 2929 1936 2997 habeas
1980 2932 2221 2998 obnixe

267 3021 325 3077 et
374 3013 807 3081 vehementer
861 3033 1229 3099 precamur,
1287 3021 1477 3099 pater
1533 3016 1799 3102 optime,
1845 3016 2110 3101 quando
2153 3025 2221 3084 te

266 3119 383 3163 non
424 3121 617 3167 secus
661 3110 856 3185 atque
875 3110 1217 3185 parentem
1260 3109 1562 3168 nostrum
1583 3123 1742 3169 vere
1777 3109 1844 3168 et
1877 3124 1963 3169 ex
2000 3104 2220 3170 animo

264 3184 533 3253 colimus.
623 3186 756 3253 Illa
811 3208 969 3253 vero
1007 3195 1275 3269 propter
1317 3208 1515 3270 quam
1568 3209 1746 3255 nunc
1790 3190 2221 3273 gravissimas

264 3280 397 3337 tuas
428 3273 890 3358 occupationes
933 3273 1115 3337 hisce
1150 3272 1362 3337 literis
1406 3275 1653 3338 nostris
1696 3275 2221 3340 interturbamus

260 3356 410 3423 ratio
465 3367 587 3440 est,
649 3358 820 3442 quod
878 3377 1051 3423 novo
1097 3357 1226 3423 Dei
1284 3357 1513 3441 optimi
1570 3358 1846 3423 maximi
1903 3359 2221 3427 beneficio

258 3443 558 3509 cumulati
624 3445 926 3527 cupimus
990 3452 1058 3508 te
1113 3463 1370 3526 quoque
1423 3464 1595 3510 novo
1649 3442 1889 3529 gaudio
1951 3447 2220 3512 reficere

259 3534 434 3611 atque
487 3551 811 3597 recreare.
899 3531 1263 3612 Postquam
1319 3530 1498 3594 enim
1555 3530 1957 3597 saevissimis
2014 3529 2218 3596 bello-

259 3633 389 3679 rum
440 3615 751 3699 procellis
795 3615 917 3682 Dei
973 3635 1250 3680 munere
1303 3613 1565 3680 liberati
1606 3615 1741 3681 iam
1795 3616 1869 3681 in
1912 3622 2060 3682 tuto
2102 3636 2218 3682 na-

259 3698 470 3784 vigare
526 3701 938 3781 videbamur,
998 3708 1068 3765 et
1132 3708 1360 3766 nostra
1421 3700 1588 3766 haec
1645 3701 1922 3769 ecclesia
1963 3702 2049 3766 ad
2097 3702 2218 3768 ali-

260 3803 435 3866 quem
492 3787 859 3854 salutarem
923 3797 1192 3871 portum
1246 3785 1600 3869 appulisse,
1657 3807 1807 3853 ecce
1871 3788 2220 3871 repentina

259 3871 562 3951 quaedam
621 3882 891 3954 κατωγίς
945 3882 1014 3937 et
1072 3880 1430 3956 tempestas
1488 3872 1653 3938 coeli
1706 3874 1919 3939 nostri
1974 3875 2219 3939 sereni·

258 3964 445 4023 tatem
488 3959 846 4025 obscurare
890 3966 957 4023 et
989 3957 1247 4023 itineris
1270 3976 1691 4042 progressum
1725 3958 2046 4042 impedire
2081 3980 2218 4025 coe-

257 4040 359 4123 pit.
477 4044 659 4111 Nam
719 4044 1021 4128 peditum
1074 4052 1482 4108 armatorum
1543 4043 1750 4109 millia
1812 4045 1963 4128 plus
2018 4065 2215 4129 quam

256 4134 515 4208 quatuor
560 4130 841 4206 (vexilla
904 4128 1149 4213 viginti
1187 4128 1399 4193 nostri
1444 4135 1708 4201 vocant)
1753 4139 2068 4213 tanquam
2113 4132 2217 4195 in-

256 4213 438 4295 opina
456 4215 782 4298 quaedam
823 4214 986 4293 lues,
1030 4234 1175 4281 sese
1214 4215 1722 4299 circumquaque
1744 4215 2143 4293 diffundunt,
2161 4217 2218 4297 2)

257 4298 570 4367 minarum
636 4323 677 4367 a
751 4323 837 4368 ue
900 4302 1041 4365 irae
1101 4299 1285 4384 pleni
1338 4299 1640 4367 homines
1692 4301 1806 4385 qui
1863 4303 2217 4384 pristinam

258 4385 504 4451 caedem
539 4396 608 4454 et
810 4407 924 4452 era
967 4395 1034 4452 et
1076 4385 1412 4451 beluinam
1453 4386 1638 4451 illam
1666 4386 1871 4452 animi
1904 4388 2217 4455 ferociam

257 4488 436 4551 quam
471 4474 542 4537 in
565 4472 845 4540 Gratiae
881 4482 1080 4557 portu
1114 4481 1183 4537 et
1219 4473 1601 4559 ναυσταθμῷ
1640 4471 2010 4553 induerant,
2056 4475 2218 4540 reti-

263 4776 487 4833 38481
557 4780 890 4836 Lan-benus
924 4777 1198 4835 Danum
1251 4785 1418 4834 nulus
1470 4796 1515 4834 c.
1565 4778 1702 4833 1530
1752 4782 1815 4834 in
1868 4782 2214 4852 Between-y,

264 4846 386 4901 ab&
418 4786 556 4903 1536
608 4851 672 4903 in
711 4847 956 4913 Geato-ee,
1003 4850 1267 4903 Aureliae
1311 4850 1413 4903 sub
1457 4849 1629 4902 Anna
1680 4848 1759 4902 du
1793 4849 1989 4918 Bourq
2044 4853 2216 4905 iuris·

263 4916 576 4975 numine
610 4933 831 4983 operam
864 4926 1187 4987 novaverat,
1223 4934 1277 4971 a.
1317 4917 1453 4971 1560
1481 4916 1753 4972 Genevam
1787 4933 1845 4973 se
1877 4921 2108 4975 contulit
2140 4919 2217 4975 ad

264 4987 572 5054 moeoyim
621 5001 913 5042 coamens
957 4993 1008 5040 ee
1052 4988 1272 5042 biennio
1308 4992 1438 5054 post
1477 4986 1694 5042 Ganaba·
1724 4985 1922 5055 (Gien)
1968 5005 2019 5043 0.
2054 4990 2107 5044 d.
2146 5006 2214 5043 n.

259 5051 363 5117 snit
394 5070 437 5109 e.
471 5056 680 5178 οοΉα
711 5055 805 5109 La
850 5051 1030 5110 Vende
1061 5055 1259 5123 (Haaq
1292 5055 1385 5108 lv.
1421 5053 1565 5123 192).

455 5122 519 5193 2)
620 5127 707 5181 ist.
744 5123 867 5179 0001.
901 5123 976 5178 11.
1010 5122 1114 5177 454
1148 5128 1281 5179 teste
1313 5124 1446 5179 haec
1461 5125 1683 5178 ineam
1811 5130 1848 5180 t.
1881 5125 2038 5192 facta
2073 5132 2220 5180 3081.

269 5187 404 5244 Na·-
436 5192 488 5246 d.
529 5191 615 5245 10.
667 5192 905 5247 eiusdem
950 5193 1155 5247 menda
1193 5192 1478 5248 Genabum
1511 5194 1583 5248 ab
1616 5193 1737 5248 host
1896 5200 2217 5263 occupat-m

259 5256 362 5321 luit
393 5266 442 5315 a
475 5260 751 5318 Danaeia
783 5277 829 5317 e.
862 5260 1067 5331 calleyo
1098 5261 1240 5332 suaa
1273 5262 1382 5317 sibi
1411 5261 1689 5318 0080810νο
1722 5262 1908 5319 debuit
1938 5270 2066 5333 post
2098 5279 2217 5333 sep·

262 5332 359 5382 mi
391 5330 608 5385 &num
639 5345 846 5386 mm
876 5336 1016 5399 post.
1056 5328 1173 5385 Gal.
1209 5330 1349 5400 Apr.
1383 5346 1650 5386 reversus.

1963 414 2127 476 1562
2172 409 2572 479 AUGUST.

4162 421 4291 485 510

2318 599 2587 665 nebant.
2606 599 2665 683 ⁸)
2752 598 2904 665 Hae
2945 599 3079 664 iam
3122 598 3378 684 pridem
3410 598 3702 666 hostium
3746 605 4121 667 nostrorum
4163 605 4290 670 mi-

2319 705 2444 750 nae
2488 691 2710 751 erant:
2756 704 2922 768 quae
2966 691 3165 751 antea
3198 684 3454 752 occulte
3496 685 3758 769 quidem
3801 686 4289 756 denunciaban-

2317 778 2452 850 tur,
2519 770 2788 838 tandem
2853 776 3076 837 autem
3145 778 3609 855 apparuerunt.
3720 770 3857 839 Sed
3920 781 4108 840 tanta
4162 775 4291 842 fuit

2317 854 2451 922 Dei
2516 876 2676 941 erga
2754 877 2877 922 nos
2954 857 3329 943 benignitas
3393 863 3471 923 ut
3534 878 3762 923 eorum
3826 860 4090 926 nemine
4155 881 4290 927 non

2321 941 2570 1009 sciente
2624 942 2924 1026 publicae
2981 941 3063 1009 de
3104 943 3306 1009 verbo
3350 944 3478 1008 Dei
3531 945 3892 1025 conciones,
3936 966 4063 1028 quo
4104 966 4291 1013 more

2323 1037 2518 1094 antea
2558 1029 2949 1109 solebamus,
2996 1051 3037 1094 a
3069 1029 3257 1095 nobis
3296 1028 3715 1110 haberentur,
3759 1038 3827 1096 et
3859 1039 4087 1097 nostra
4128 1032 4290 1101 haec

2321 1113 2481 1180 urbs
2526 1121 2595 1178 et
2636 1113 2927 1194 ecclesia,
2971 1136 3139 1197 quae
3180 1134 3388 1198 paene
3430 1114 3700 1180 nidulus
3735 1123 3855 1194 est,
3900 1115 4077 1183 huuc
4118 1118 4293 1184 cala-

2324 1200 2578 1267 mitatis
2612 1200 2933 1285 impetum
2975 1200 3425 1284 imperterrita
3466 1201 3798 1268 sustinuit.
3886 1202 4123 1286 Itaque
4164 1204 4292 1270 hac

2323 1306 2499 1352 nova
2532 1284 2662 1352 Dei
2704 1286 2919 1370 gratia
2951 1287 3321 1353 confirmati
3376 1286 3446 1351 in
3490 1308 3566 1352 eo
3601 1287 3915 1353 fidentius
3950 1309 4293 1372 speramus

2324 1380 2390 1435 et
2446 1372 2736 1438 hostium
2795 1378 3171 1438 nostrorum
3227 1373 3426 1439 crista
3483 1381 3552 1438 et
3594 1374 3800 1438 animi
3850 1393 3985 1439 non
4031 1382 4292 1441 tantum

2324 1455 2616 1540 depressi
2659 1456 2775 1523 sed
2830 1478 3038 1541 paene
3091 1459 3223 1524 iam
3284 1459 3543 1525 contusi
3597 1458 3930 1538 videntur,
3972 1460 4292 1544 floretque

2323 1543 2453 1607 Dei
2496 1543 2715 1627 gratia
2758 1552 2985 1609 noster
3023 1544 3133 1609 hic
3176 1552 3401 1610 coetus
3435 1551 3511 1609 ut
3553 1551 3766 1610 antea.
3816 1543 4025 1612 Faxit
4067 1555 4291 1612 autem

2321 1628 2525 1708 Deus,
2584 1635 2663 1693 ut
2718 1627 2860 1694 eius
2914 1629 3382 1696 beneficiorum
3442 1650 3766 1696 memores
3831 1639 4150 1715 perpetuo
4190 1632 4292 1697 illi

2323 1714 2572 1799 gratias
2629 1714 3030 1780 immortales
3085 1716 3158 1779 in
3202 1714 3491 1780 Domino
3545 1723 3769 1781 nostro
3822 1717 3976 1783 Iesu
4023 1715 4292 1784 Christo

2323 1820 2619 1884 agamus,
2642 1809 2838 1883 atque
2858 1802 2930 1865 in
2974 1800 3111 1867 dies
3134 1802 3345 1885 magis
3368 1800 3708 1886 magisque
3730 1804 4199 1868 confirmemur
4219 1803 4293 1869 in

2322 1886 2463 1951 eius
2484 1895 2686 1966 metu,
2732 1892 2799 1951 et
2820 1885 3049 1952 eadem
3090 1894 3289 1970 atque
3313 1888 3513 1953 etiam
3556 1886 3810 1953 maiora
3849 1896 3917 1953 et
3958 1889 4030 1953 in
4065 1909 4187 1954 nos
4221 1895 4291 1955 et

2321 1970 2392 2035 in
2414 1991 2642 2037 omnes
2685 1971 2848 2038 alios
2883 1993 3038 2039 suas
3060 1973 3385 2052 ecclesias,
3421 1993 3590 2056 quae
3630 1982 3790 2038 sunt
3811 1973 4071 2057 ubique,
4117 1973 4291 2039 dona

2323 2057 2635 2136 conferat,
2692 2065 2888 2141 atque
2946 2065 3014 2123 te
3073 2058 3261 2125 nobis
3314 2059 3566 2142 totique
3610 2079 3769 2125 suae
3812 2059 4124 2126 ecclesiae
4157 2082 4292 2126 ser-

2321 2150 2434 2208 vet
2497 2141 2608 2207 diu
2675 2144 3099 2228 superstitem
3163 2152 3231 2209 et
3293 2144 3704 2210 incolumem.
3814 2144 3976 2211 Vale
4038 2153 4108 2211 et
4170 2166 4291 2211 nos

2322 2247 2583 2311 semper
2641 2249 2805 2294 ama.
2905 2230 3073 2295 'Pota
3126 2238 3193 2295 te
3248 2229 3521 2296 ecclesia
3567 2238 3813 2308 nostra,
3857 2231 4290 2314 inprimisque

2322 2321 2592 2379 senatus
2626 2323 2850 2380 noster
2883 2314 3362 2382 ecclesiasticus
3391 2316 3655 2394 salutat,
3700 2316 3807 2382 vir
3841 2317 4103 2401 optime.
4151 2317 4289 2382 Ite-

2322 2420 2473 2465 rum
2520 2400 2685 2465 vale.
2776 2399 3103 2466 Omnibus
3145 2402 3456 2468 fratribus
3500 2401 3798 2468 salutem.

2496 2487 2750 2551 Datum
2795 2483 3052 2553 Genabi
3094 2486 3178 2552 ad
3219 2487 3540 2572 Ligerim.

3235 2624 3366 2689 Tui
3409 2631 3477 2690 et
3509 2644 3595 2690 ex
3638 2625 3859 2689 animo
3901 2644 4061 2690 vere
4103 2624 4204 2690 tui

3385 2708 3717 2777 Danaeus.
3784 2709 4079 2778 Valleus.

3214 3221 3417 3293 3844.

2941 3374 3187 3441 BEZA
3235 3374 3668 3443 GALVINO.

2500 3545 2816 3612 Genevam
2860 3549 3075 3628 petens
3129 3546 3262 3613 iam
3303 3547 3641 3613 Bas-ileum
3679 3547 3973 3629 pervenit
4013 3546 4123 3613 ubi
4162 3566 4288 3613 non

2318 3633 2494 3698 ultra
2536 3633 2909 3715 proximum
2970 3631 3260 3699 haerebit.
3341 3632 3430 3698 In
3489 3632 3713 3699 Gallia
3775 3652 3878 3699 res
3930 3634 4002 3700 in
4063 3632 4288 3709 melius

2311 3718 2808 3802 proyrediuntwr
2848 3723 2904 3783 et
2946 3718 3413 3801 appropinquat
3454 3718 3806 3802 redemptio.

2317 3889 2431 3958 (Ex
2487 3887 2828 3959 autographo
2872 3887 3006 3943 Ood.
3049 3887 3252 4027 ⁶2¹3}
3278 3887 3558 4027 pllilfflgvl.
3594 3886 3678 3943 98.
3765 3888 3958 3943 Edidit
3990 3888 4163 3945 Baum
4214 3889 4285 3944 11.

2491 4128 2762 4195 Eximio
2805 4127 3057 4195 Christi
3092 4149 3301 4208 servo,
3345 4130 3431 4195 D.
3469 4129 3704 4195 Ioanni
3739 4129 4038 4210 Calvino,
4084 4128 4288 4196 eccle-

2319 4215 2457 4282 siae
2501 4214 2915 4282 Genevensis
2949 4236 3105 4282 vere
3147 4216 3278 4281 fido
3311 4215 3562 4300 pastori
3613 4225 3681 4282 et
3720 4215 3897 4299 patri
3939 4216 4107 4281 mihi
4139 4215 4288 4299 plu-

2318 4301 2564 4367 rimum
2607 4299 3030 4367 observando.

3777 4387 4113 4455 Genevae.

2488 4556 2562 4624 S.
2619 4556 2811 4638 Quae
2867 4578 2976 4622 me
3032 4576 3232 4624 causa
3284 4556 3394 4623 hic
3448 4559 3812 4637 retinuerit,
3871 4557 3980 4625 vel
4032 4577 4121 4622 ex
4178 4555 4291 4624 Ve-

2313 4644 2488 4711 racio
2512 4649 2564 4724 ¹)
2632 4657 2858 4709 nostro
2938 4663 3290 4728 cognosces
3355 4644 3471 4728 qui
3526 4643 3672 4710 heri
3722 4643 4124 4709 Neocomum
4188 4650 4291 4709 est

2315 4730 2648 4814 profectus
2704 4735 2771 4795 et
2822 4727 2979 4794 inde
3032 4736 3213 4795 recta
3259 4728 3342 4795 ad
3386 4750 3505 4799 vos
3547 4731 3796 4796 veniet:
3832 4728 3941 4796 vel
3980 4729 4125 4811 ipse
4164 4727 4291 4794 tibi

2316 4836 2540 4882 coram
2581 4814 3003 4899 explicabo.²)
3082 4813 3250 4882 Cras
3294 4816 3471 4882 enim
3514 4816 3905 4901 proficiscar.
3990 4814 4288 4881 Uxorem

2520 4986 2583 5054 3)
2614 4987 2771 5069 ῌαοο
2793 4986 2956 5069 ‘alubi
2985 5002 3100 5043 non
3136 4992 3547 5043 commorata
3582 4989 3711 5042 anto
3755 4986 4049 5041 &venum
4081 4980 4287 5053 Analo-

2315 5071 2897 5190 ffievgfflszdms
2913 5139 3058 5248 gg«)
3092 5124 3271 5179 redux
3306 5130 3426 5179 erat
3458 5139 3527 5178 ex
3567 5121 3869 5179 Germania
3902 5122 3998 5176 ubi
4031 5121 4100 5177 de
4127 5135 4286 5189 pecu-

2315 5196 2417 5248 nia
2448 5200 2700 5249 munaum
2734 5195 2854 5248 acci
2904 5195 2916 5207 '
3022 5210 3060 5249 a
3093 5197 3275 5262 cqerat
3307 5193 3408 5261 (N.
3443 5191 3624 5262 3837).
3763 5262 3772 5273 .

2524 5263 2581 5327 2)
2621 5261 2815 5316 Bidis
2913 5277 3054 5318 onas
3086 5262 3301 5317 tandem
3338 5261 3611 5317 ommam
3647 5266 3810 5326 venti,
3846 5258 3942 5314 eod
3974 5273 4087 5314 non
4118 5257 4289 5313 multo

2315 5335 2443 5400 post
2476 5329 2658 5385 denuo
2692 5330 2885 5386 itineri
2918 5346 2977 5386 se
3009 5331 3267 5387 accinxit.
3312 5330 3521 5399 (Bam
3558 5332 3628 5388 11.
3664 5327 3812 5396 662.)
