4900 6125
592 348 728 414 583

772 529 909 600 Sed
974 530 1107 596 iam
1169 528 1325 596 nolo
1385 529 1596 615 plura,
1662 535 2012 615 postquam
2079 528 2267 598 vobis
2330 550 2558 598 meum

588 617 805 686 'breve
844 616 1163 701 scriptum
1227 615 1419 682 mitto
1476 635 1605 701 quo
1646 616 1863 683 refuto
1909 615 2305 683 swavorum.
2319 616 2381 700 ὅ)
2467 615 2558 682 11·

594 703 720 770 lud
759 701 1001 769 iudicio
1042 709 1262 770 vestro
1317 702 1649 784 submitto,
1711 701 1807 768 ita
1869 709 1946 767 ut
1999 701 2058 768 si
2110 700 2268 786 quid
2318 700 2559 768 melius

590 809 685 855 ex
728 786 928 855 verbo
970 787 1101 854 Dei
1143 787 1508 871 proferatis,
1549 794 1619 855 et
1671 808 1780 853 me
1821 795 2149 854 errantem
2193 787 2558 854 revincatis

602 873 804 941 verbo
845 873 996 954 Dei,
1039 872 1318 940 libenter
1359 873 1485 941 sim
1542 892 1845 940 cessurus
1902 871 2089 942 vobis
2129 872 2447 940 fratribus
2491 880 2561 940 et

592 959 901 1043 patribus
940 960 1013 1025 in
1055 958 1364 1039 Domino,
1422 980 1543 1043 per
1582 978 1748 1044 quos
1791 958 1876 1026 ad
1918 979 2042 1025 nos
2080 958 2412 1025 Dominus
2452 958 2557 1024 lu-

596 1064 740 1110 cem
804 1044 1102 1112 veritatis
1165 1066 1323 1111 suae
1385 1045 1767 1111 transmisit.
1865 1044 2133 1111 Interea
2190 1065 2425 1110 moneo
2490 1051 2560 1111 et

593 1129 828 1197 hortor
872 1137 951 1196 ut
1000 1130 1107 1197 hic
1157 1130 1359 1197 solius
1402 1131 1531 1197 Dei
1589 1129 1865 1216 gloriam
1908 1130 2321 1208 intueamini,
2367 1130 2555 1197 verbi

593 1216 728 1282 Dei
768 1213 1256 1299 simplicitatem
1294 1224 1362 1282 et
1394 1217 1769 1300 puritatem,
1846 1236 1981 1282 non
2017 1215 2128 1282 hic
2161 1216 2554 1282 intueamini

592 1299 756 1386 quid
786 1301 1001 1386 'aliqui
1043 1302 1424 1386 scripserint
1466 1310 1534 1367 et
1575 1321 1773 1385 quam
1807 1301 2018 1367 multa
2051 1321 2163 1367 eos
2198 1307 2556 1367 retractare

591 1393 912 1537 {porteat
999 1386 1335 1539 Hurnargia
1355 1395 1512 1539 suffit
1551 1388 1700 1538 istut
1724 1393 1792 1454 et
1826 1386 2251 1539 ”qn-gfff&
2272 1386 2416 1538 Due}
2415 1386 2553 1538 132³?

644 1492 937 1538 ominum
980 1493 1239 1539 servien
1336 1521 1352 1538 .
1472 1493 1560 1539 on
1599 1495 1671 1538 m
1701 1492 1987 1539 neamim
2077 1494 2149 1540 os
2254 1524 2269 1550 ,
2535 1522 2552 1539 .

589 1556 781 1624 Ruat
820 1556 1128 1636 mundus,
1171 1556 1365 1624 modo
1397 1557 1529 1625 Dei
1562 1559 1651 1625 sit
1683 1557 1895 1643 gloria
1934 1565 2004 1625 et
2043 1558 2165 1623 filii
2208 1557 2338 1623 Dei
2373 1558 2553 1625 veri-

592 1652 701 1710 tas
741 1663 941 1727 quam
984 1653 1263 1710 tuemur.
1329 1644 1693 1711 Pretiosior
1729 1665 1873 1711 esse
1916 1644 2103 1711 nobis
2146 1643 2342 1709 debet
2374 1665 2554 1711 unus

590 1727 2066 1883 zffi³nm¹32¹³1303³3ffisstffifflffiz¹iv¹zz¹
2089 1729 2554 1881 ἒιξᾙιῖὲὤῗᾼ

586 1898 751 1984 quid
817 1899 926 1966 hic
988 1900 1239 1981 celetis,
1320 1923 1404 1968 ne
1511 1899 1627 1967 uid
1698 1900 2004 1985 ambigue
2068 1899 2551 1985 respondeatis:

586 1985 838 2052 veritas
889 1985 976 2051 sit
1029 1985 1225 2052 nuda.
1306 1923 1510 2068 Quodl
1557 1987 1615 2052 si
1669 2006 1828 2052 vero
1886 2007 2004 2052 vos
2062 1985 2236 2053 ferre
2282 1986 2553 2053 veritati

585 2071 1041 2137 testimonium
1099 2069 1637 2151 detrectaveritis,
1704 2079 1823 2138 aut
1864 2071 2203 2156 obliquum
2246 2071 2552 2153 tuleritis,

584 2154 772 2222 dabit
837 2155 1165 2223 Dominus
1230 2178 1338 2223 eos
1402 2159 1513 2242 qui
1579 2158 1719 2224 eius
1783 2158 2049 2224 veritati
2113 2156 2553 2225 subscribent.

585 2240 731 2308 Vos
776 2262 932 2308 vero
974 2250 1199 2309 cavete
1242 2265 1347 2322 ne,
1391 2244 1502 2327 qui
1544 2264 1723 2310 nunc
1767 2243 1924 2310 estis
1966 2243 2184 2329 primi,
2226 2245 2549 2326 postremi

586 2325 757 2406 sitis,
820 2349 908 2394 ne
950 2328 1223 2414 dissipet
1276 2349 1395 2396 vos
1436 2329 1770 2395 Dominus
1823 2337 1891 2395 et
1945 2349 2185 2394 nomen
2245 2337 2551 2396 sanctum

584 2431 783 2478 suum
865 2413 1169 2480 obliteret
1231 2415 1406 2480 inter
1471 2435 1607 2494 vos,
1681 2422 1750 2480 et
1804 2414 1873 2479 in
1939 2435 1978 2480 o
2024 2415 2363 2497 probrium
2427 2436 2550 2481 vos

580 2505 833 2564 statuat
896 2499 1218 2584 gentibus,
1277 2499 1450 2583 quod
1501 2500 1657 2567 fecit
1721 2507 1916 2565 antea
2006 2499 2254 2580 udaeis,
2320 2507 2549 2585 postea

579 2584 862 2668 papistis
922 2593 988 2649 et
1053 2585 1215 2652 aliis.
1303 2585 1450 2651 Iam
1511 2584 1636 2651 hoc
1697 2585 1897 2651 celari
1962 2607 2095 2652 nou
2158 2593 2380 2669 potest
2438 2585 2545 2652 vel

580 2670 845 2754 contegi
902 2669 1037 2736 ullo
1098 2670 1328 2736 modo:
1395 2672 1646 2737 veritas
1708 2671 1860 2750 iam,
1927 2680 1996 2738 et
2038 2670 2299 2754 quidem
2345 2670 2544 2752 nuda,

580 2754 665 2822 ab
709 2755 1012 2823 omnibus
1067 2756 1421 2840 quaeritur.
1508 2755 1655 2822 Iam
1700 2763 1951 2841 spectat
1993 2776 2098 2822 res
2143 2755 2230 2822 ad
2274 2755 2546 2823 dissidia

578 2847 649 2906 et
690 2842 1103 2925 sanguinem.
1173 2840 1424 2909 Cavete
1467 2863 1552 2908 ne
1596 2841 1795 2908 ullius
1830 2842 2170 2926 sanguinis
2204 2842 2541 2922 fundendi,

579 2925 1030 2993 confirmando
1066 2926 1477 2994 adversarios
1522 2928 1842 3008 veritatis,
1889 2927 2035 2994 sitis
2076 2927 2209 2994 rei:
2271 2928 2544 3014 sanguis

578 3011 759 3078 enim
802 3012 988 3080 fusus
1031 3012 1337 3081 clamabit
1376 3014 1449 3080 in
1491 3012 1725 3083 coelos.

752 3096 1007 3179 valete,
1074 3099 1312 3166 fratres
1375 3100 1451 3166 in
1513 3099 1802 3167 Domino
1866 3099 2257 3167 honorandi.
2353 3098 2544 3181 Quae

577 3184 813 3264 scribo,
857 3185 1046 3251 Deus
1088 3186 1273 3253 testis
1316 3194 1433 3265 est,
1498 3206 1584 3252 ex
1645 3186 1854 3253 vestri
1917 3185 2135 3253 studio
2188 3192 2255 3251 et
2317 3185 2542 3253 obser-

576 3270 813 3335 vantia
892 3269 1078 3337 facio.
1165 3273 1338 3337 Amo
1382 3270 1559 3338 enim
1616 3292 1752 3352 vos,
1819 3292 2147 3351 revereor,
2213 3270 2539 3337 admiror:

577 3355 643 3421 si
701 3353 861 3439 quid
919 3355 1067 3439 plus
1122 3355 1366 3439 liceret,
1422 3357 1725 3425 facerem.
1815 3356 2039 3439 Quare
2094 3357 2263 3422 nihil
2309 3356 2392 3424 de
2433 3377 2543 3422 me

574 3441 999 3523 suspicemini
1043 3442 1314 3523 sinistri,
1360 3462 1538 3529 rogo.
1628 3442 1879 3509 Omnia
1920 3443 2097 3509 enim
2143 3463 2311 3526 quae
2355 3443 2540 3509 intus

576 3536 740 3591 sunt
784 3526 1096 3612 descripsi
1150 3537 1218 3595 et
1271 3550 1451 3596 nunc
1508 3537 1576 3595 et
1629 3536 1801 3610 ante,
1869 3536 1938 3595 et
1991 3527 2157 3594 nihil
2217 3528 2327 3595 hic
2380 3548 2543 3613 prae

575 3611 788 3679 oculis
855 3612 1063 3680 habeo
1128 3634 1325 3699 quam
1380 3616 1506 3682 Dei
1567 3614 1863 3701 gloriam.
1966 3612 2297 3680 Dominus
2350 3613 2542 3681 vobis

576 3696 941 3775 benedicat,
1008 3720 1123 3768 vos
1165 3708 1383 3767 servet
1441 3702 1513 3767 in
1569 3700 1848 3785 gloriam
1892 3719 2080 3765 suam
2124 3706 2192 3765 et
2234 3699 2542 3766 fortiores

576 3782 796 3850 indies
859 3783 1092 3851 reddat
1152 3786 1422 3852 veritati
1487 3808 1649 3853 suae
1720 3785 2188 3852 defendendae.
2300 3786 2539 3852 Amen.

578 3866 945 3941 Gracoviae
995 3874 1090 3938 17.
1133 3870 1530 3941 Novembris
1574 3873 1764 3939 Anno
1813 3875 1997 3938 1562.

1224 4008 1468 4075 Frater
1508 4008 1580 4074 in
1624 4009 1915 4074 Domino
1958 4015 2140 4073 totus
2181 4028 2269 4074 ex
2314 4007 2539 4074 animo

1539 4095 1908 4180 Gregorius
1949 4092 2204 4160 Paulus

1459 4180 1763 4247 minister
1802 4178 2282 4248 Oracoviensis.

780 4432 1327 4505 &Summam
1370 4433 2538 4506 laadatmeolanadBauinoerus-in

564 4505 1059 4629 mmm
1071 4519 1243 4640 “aa
1261 4504 1330 4629 {t
1358 4504 2068 4643 ”mmxf'mm
1908 4505 2105 4637 Μ
2116 4501 2538 4630 mm

564 4644 768 4697 nocem
798 4640 1148 4711 maan
1179 4657 1296 4699 csse
1328 4657 1457 4699 vcro
1491 4643 1822 4699 ω’σιιαῖίσιιιηι
1856 4643 1947 4699 sit.

2102 338 2632 411 EPISTOLAE
2675 342 3104 410 8877-8879

3544 529 3748 602 3878.

3048 682 3549 753 ΒΔΒΝῙΟΙΠΒ
3593 683 4230 753 BULLINGERO.

2833 854 3062 922 Denuo
3114 856 3400 940 queritur
3462 856 3540 921 de
3589 856 4125 936 Antitrinitafiis,
4186 856 4460 923 Tranium
4509 860 4566 924 is

2665 939 2999 1008 Polom‘am
3038 946 3294 1020 revocat,
3338 941 3557 1009 literas
3588 942 3675 1009 ad
3705 962 3996 1026 proceres
4036 943 4389 1010 scribunda-v
4417 944 4567 1029 flagi-

2662 1029 2773 1107 tat,
2821 1025 3118 1113 Greyon’i
3163 1025 3363 1094 Pauli
3402 1026 3689 1094 schedam
3731 1029 4112 1095 tramittit.

2663 1197 2778 1264 (Ex
2821 1198 3162 1269 autographo
3196 1197 3364 1252 Arcb.
3401 1199 3578 1252 Turic.
3614 1198 3762 1253 Plut.
3796 1199 3896 1254 vl.
3930 1197 4050 1254 Vol.
4096 1197 4214 1267 168,
4260 1200 4390 1254 olim
4429 1198 4574 1255 Seis.

2887 1266 2949 1321 Ο.
2985 1268 3126 1338 Epp.
3161 1266 3315 1324 Tem.
3349 1266 3434 1337 25,
3467 1267 3561 1324 fol.
3596 1265 3712 1322 1⁷3.
3747 1297 3818 1308 —
3854 1268 4055 1323 Simler
4088 1269 4209 1324 Vol.
4243 1267 4388 1336 Ιῶ.)

2829 1436 3153 1504 Doctrina
3194 1447 3263 1506 et
3316 1439 3562 1524 pietate
3616 1440 4177 1522 praestantissimo
4237 1439 4381 1506 viro
4419 1439 4576 1506 Hen-

2655 1522 2865 1608 ryoho
2903 1523 3316 1609 BullingerO,
3361 1524 3741 1591 fidelissimo
3783 1533 3851 1591 et
3893 1525 4422 1592 constantissimo
4458 1526 4580 1591 veri

2654 1607 2877 1674 cultus
2919 1607 3051 1675 Dei
3110 1610 3283 1694 apud
3326 1610 3682 1696 Tigurinos
3737 1611 4164 1677 instauratori
4221 1610 4478 1677 domino
4525 1619 4583 1676 et

2655 1693 2848 1759 fratri
2890 1694 3058 1760 mihi
3100 1705 3483 1763 reverenter
3524 1694 3810 1764 colendo.

3556 1782 3705 1863 cito,
3749 1784 3896 1861 cito,
3941 1783 4088 1861 cito,
4131 1780 4434 1848 fideliter.

2829 1952 3137 2019 Gratiam
3178 1961 3246 2017 et
3297 1972 3525 2037 pacem
3568 1973 3688 2038 per
3729 1953 3952 2019 Iesum
3992 1952 4344 2019 Christum
4384 1961 4450 2018 et
4497 1973 4587 2020 sa·

2656 2036 2864 2103 lutem
2922 2038 3298 2122 plurimam.
3386 2039 3553 2116 Misi,
3614 2038 3830 2117 credo,
3891 2036 4078 2104 binas
4131 2037 4364 2105 literas
4417 2059 4586 2122 supe-

2655 2123 2940 2190 rioribus
2981 2124 3065 2189 ad
3108 2132 3192 2202 te,
3236 2125 3344 2192 vir
3386 2124 3763 2204 clarissime,
3819 2124 4056 2207 quibus
4097 2126 4330 2190 curavi
4391 2125 4593 2190 omnia

2654 2229 2819 2290 quae
2876 2209 2984 2276 hic
3042 2216 3331 2295 aguntur
3385 2211 3572 2278 vobis
3630 2209 4012 2277 describere.
4101 2208 4293 2290 Quae
4349 2211 4409 2275 si
4456 2219 4593 2276 sunt

2655 2294 2739 2359 ad
2784 2303 2848 2360 te
2890 2295 3200 2379 perlatae,
3257 2316 3391 2361 uon
3437 2293 3660 2362 dubito
3704 2315 3825 2361 vos
3868 2293 4091 2359 omnia
4146 2303 4381 2361 exacte
4421 2295 4592 2360 intel·

2653 2379 2912 2460 lexisse,
2969 2390 3038 2445 et
3080 2380 3315 2465 quibus
3370 2380 3714 2446 itineribus
3759 2379 4054 2446 diabolus
4095 2380 4179 2445 ad
4222 2400 4596 2466 expugnan-

2655 2464 2809 2531 dam
2861 2466 3206 2533 ecclesiam
3265 2467 3722 2551 progrediatur
3776 2464 3969 2532 facile
4020 2465 4246 2532 videre
4301 2467 4594 2550 potuisse.

2655 2550 2733 2616 Si
2777 2559 3000 2617 autem
3042 2558 3199 2618 sunt
3241 2572 3650 2636 suppressae,
3708 2571 3912 2635 opera
3965 2552 4242 2617 istorum
4287 2571 4600 2618 novorum

2652 2636 3094 2720 apostolorum
3158 2636 3229 2701 id
3292 2638 3544 2705 factum
3603 2658 3749 2704 esse
3809 2637 4110 2702 arbitror.
4199 2635 4386 2703 Sunt
4439 2637 4598 2702 euim

2649 2722 2987 2790 mirabiles
3045 2722 3421 2803 dolobellae,
3446 2730 3483 2765 ⁶
3548 2733 3616 2789 et
3657 2722 3827 2788 nihil
3871 2724 4116 2806 absque
4158 2719 4333 2789 dolis
4377 2723 4598 2806 agitur.

2652 2806 2804 2889 Quo
2867 2815 3092 2874 autem
3157 2808 3473 2875 certiores
3537 2809 3712 2886 sitis,
3789 2826 3868 2873 ea
3929 2826 4098 2891 quae
4161 2805 4245 2872 ad
4323 2808 4600 2874 Tucim

2651 2893 2884 2977 scripsi
2926 2894 3022 2959 ita
3056 2915 3127 2961 se
3160 2893 3422 2973 habere,
3464 2895 3654 2960 mitto
3687 2894 3823 2959 iam
3859 2912 4037 2959 nunc
4069 2893 4243 2960 hanc
4277 2892 4602 2970 schedam,

2649 2978 2721 3043 in
2757 2999 2888 3061 qua
2921 2981 3144 3046 omnia
3177 2981 3469 3046 evomuit
3507 2978 3853 3065 Greyorius
3893 2987 3961 3045 et
4002 2978 4368 3063 evulgavit.
4447 2977 4602 3044 Dico

2649 3071 2873 3130 autem
2917 3087 3070 3131 eum
3112 3067 3334 3132 omnia
3398 3065 3751 3150 evulgasse
3805 3085 3886 3131 ea
3942 3086 4112 3148 quae
4164 3085 4250 3131 ex
4309 3087 4390 3131 re
4443 3067 4602 3149 ipso-

2647 3170 2819 3230 rum,
2863 3150 2990 3217 hoc
3030 3151 3420 3234 praesertim
3462 3159 3774 3235 tempore,
3819 3148 4194 3235 evulganda
4234 3160 4308 3216 et
4353 3152 4428 3216 in
4471 3149 4603 3215 vul·

2651 3257 2777 3320 gns
2820 3237 3193 3321 spargenda
3231 3244 3575 3321 putarunt.
3652 3237 3825 3302 Nam
3867 3256 4098 3301 eorum
4133 3257 4301 3320 quae
4349 3237 4422 3302 in
4465 3236 4602 3303 sinu

2647 3341 2769 3387 suo
2833 3322 3169 3389 occultant
3231 3332 3675 3389 monstrorum
3737 3321 3964 3388 nullus
4027 3328 4131 3388 est
4192 3322 4377 3389 finis.
4483 3321 4608 3388 Per

2647 3426 2892 3472 nomen
2914 3409 3043 3474 Dei
3077 3429 3390 3492 rogamus
3432 3416 3502 3474 et
3543 3407 3966 3487 obtestamur,
4011 3416 4085 3473 ut
4111 3407 4386 3473 Trecius
4418 3426 4604 3492 quam

2644 3493 2936 3575 primum
2980 3492 3066 3559 ad
3109 3514 3230 3559 nos
3272 3493 3520 3573 redeat,
3575 3493 3690 3560 sed
3733 3493 4096 3559 instructus
4137 3513 4181 3558 a
4221 3493 4450 3560 vobis:
4509 3491 4608 3557 cui

2645 3579 2845 3643 etiam
2901 3577 3131 3645 literas
3190 3579 3304 3645 ad.
3329 3600 3440 3647 eos
3498 3580 3695 3658 viros,
3764 3579 3876 3662 qui
3940 3585 4099 3645 sunt
4153 3577 4261 3644 hic
4332 3579 4606 3646 alicuius

2643 3666 2960 3730 momenti
3016 3664 3276 3731 tradite.
3363 3663 3501 3731 Sed
3566 3665 3719 3749 quia
3771 3664 4116 3730 retroactis
4193 3664 4608 3749 temporibus

2644 3747 2727 3814 de
2779 3750 3083 3816 omnibus
3139 3751 3287 3817 istis
3338 3750 3539 3816 rebus
3596 3750 3835 3815 diffuse
3890 3750 4054 3816 satis
4105 3757 4174 3816 et
4228 3747 4610 3816 luculenter

2643 3836 3166 3919 perscripsimus,
3224 3834 3503 3920 proinde
3546 3856 3721 3902 nunc
3774 3833 4074 3918 pluribus
4114 3836 4436 3919 persequi
4477 3854 4608 3901 nou

2642 3920 2839 3987 video
2893 3941 3038 3988 esse
3094 3942 3330 4005 operae
3384 3922 3690 4005 pretium.
3777 3916 3918 3986 Oro
3972 3928 4193 3986 autem
4237 3920 4608 3986 Dominum

2641 4005 2865 4072 Deum
2910 4016 2984 4072 ut
3026 4026 3150 4073 vos
3192 4027 3389 4074 sanos
3433 4015 3503 4073 et
3544 4005 3908 4075 incolumes
3948 4006 4021 4070 in
4065 4005 4352 4091 gloriam
4399 4006 4608 4071 nomi·

2642 4092 2749 4157 nis
2815 4092 2921 4159 sui
2995 4093 3392 4160 sanctissimi
3458 4099 3818 4160 conservet.
3926 4091 4179 4158 Datum
4243 4090 4610 4161 cracoviae

2649 4180 2747 4244 19.
2792 4177 3192 4246 Novembris
3235 4198 3409 4244 anno
3451 4178 3726 4245 Domini
3774 4179 3958 4243 1562.

3509 4313 3837 4381 Stamslas‘
3879 4312 4226 4380 Sarnicius

3141 4401 3332 4469 verbi
3372 4399 3502 4469 Dei
3545 4401 3847 4468 minister
3889 4398 4254 4467 deditissim'
4164 4400 4179 4414 ‘
4254 4420 4340 4467 us
4383 4398 4608 4466 statar.
