4900 6125
659 422 782 488 1531

649 619 724 676 et
763 607 1024 688 summi,
1083 626 1258 673 anno
1297 606 1602 693 proxime
1639 604 1864 691 elapso
1905 606 1980 671 in
2018 604 2349 689 Principis
2388 604 2599 671 nostri

654 714 926 760 manum
959 691 1315 760 redierunt.
1372 693 1720 776 Principes
1750 700 2019 770 tutores,
2055 699 2132 758 ut
2158 691 2598 776 significatum

653 779 840 846 nobis
873 778 1020 858 fuit,
1056 786 1428 844 statuerunt
1461 779 1534 843 in
1569 776 1861 863 singulas
1893 776 2044 843 illas
2073 776 2355 843 ditiones
2373 774 2600 841 minis-

652 875 788 931 tros
831 885 916 930 ex
960 872 1185 931 nostro
1228 873 1414 930 coetu
1457 862 1729 930 selectos
1767 862 2048 941 mittere,
2084 863 2201 945 qui
2235 860 2441 928 donec
2477 860 2597 926 ali-

649 961 752 1015 ter
861 958 1230 1033 rospectum
1293 949 1509 1028 fuerit,
1575 948 1821 1015 relictis
1881 947 2193 1015 sacrificis
2254 947 2477 1014 missis
2529 949 2597 1012 et

646 1035 778 1101 idol
885 1036 1031 1112 tria,
1075 1034 1211 1101 illic
1252 1035 1808 1101 concionabuntur
1829 1040 1897 1099 et
1928 1040 2330 1100 sacramenta
2360 1032 2447 1098 iis
2481 1030 2595 1115 qui

644 1119 760 1185 illa
802 1121 1029 1186 volent
1070 1118 1637 1186 administrabunt.
1701 1118 1831 1186 Dio
1873 1139 2068 1197 nunc,
2111 1119 2394 1198 obsecro,
2430 1138 2593 1183 num

643 1206 984 1272 consilium
1050 1205 1214 1270 illud
1279 1206 1573 1289 accipere
1633 1205 2085 1288 improbareve
2148 1224 2438 1289 prorsus,
2505 1224 2593 1268 an

645 1293 965 1357 intactum
1009 1293 1224 1375 potius
1268 1291 1634 1373 relinquere
1677 1290 2058 1369 debeamus,
2102 1310 2190 1355 ne
2232 1290 2400 1355 forte
2456 1289 2591 1355 sin-

643 1377 781 1459 guli
837 1375 1212 1443 audiamus:
1288 1375 1579 1461 Gregem
1632 1387 1822 1440 tuum
1879 1396 2038 1442 cura
2095 1394 2227 1441 non
2286 1374 2591 1440 alienum.

642 1459 979 1545 Quidquid
1035 1463 1123 1527 sit
1176 1471 1395 1528 tamen
1452 1482 1536 1526 ex
1591 1470 1654 1526 te
1708 1462 1876 1527 scire
1932 1480 2110 1540 aveo,
2177 1460 2333 1544 quid
2378 1459 2592 1525 dicere

641 1556 758 1612 aut
792 1548 1009 1614 facere
1044 1548 1322 1613 debeant
1353 1547 1466 1630 qui
1499 1568 1586 1613 ex
1620 1543 1807 1613 nobis
1839 1547 1910 1614 in
1947 1545 2225 1612 ditiones
2258 1545 2406 1611 illas
2439 1565 2592 1610 cum

642 1633 775 1699 illis
819 1632 1300 1699 conditionibus
1344 1630 1840 1716 ablegabuntur.
1906 1631 2094 1697 Haeo
2136 1640 2295 1697 sunt
2332 1630 2414 1696 de
2448 1631 2593 1714 qui-

643 1719 765 1784 bus
801 1727 983 1785 tuam
1017 1718 1406 1784 sententiam
1445 1717 1674 1784 audire
1705 1716 1916 1801 cupio,
1954 1737 2039 1782 ne
2071 1715 2231 1800 quid
2264 1717 2334 1781 in
2368 1717 2450 1782 iis
2482 1716 2593 1782 vel

645 1815 893 1870 temere
935 1804 1037 1868 vel
1083 1803 1560 1886 imprudentius
1608 1823 1806 1886 quam
1840 1822 1962 1886 par
2010 1803 2097 1868 sit
2142 1800 2442 1868 audendo
2484 1801 2592 1869 vel

647 1888 892 1973 perfide
937 1890 1216 1972 turpiter
1257 1887 1662 1955 connivendo
1706 1887 2066 1972 designem.

815 1975 1046 2058 Neque
1110 1996 1265 2040 vero
1328 1994 1450 2058 ego
1493 1973 1672 2039 solus
1727 1973 1852 2039 hoc
1895 1974 1965 2038 in
2025 1973 2286 2057 negotio
2330 1971 2588 2038 haereo.

645 2059 822 2127 Sunt
863 2070 929 2124 et
973 2060 1084 2125 alii
1127 2062 1415 2143 quinque
1456 2067 1864 2144 symmystae
1925 2059 2074 2136 mei,
2141 2059 2238 2124 tui
2281 2059 2593 2124 amantis-

643 2146 810 2222 simi,
857 2146 966 2227 qui
1011 2145 1280 2212 consilio
1347 2161 1459 2210 tuo
1513 2165 1647 2210 non
1714 2145 1930 2209 minus
1973 2165 2170 2227 quam
2212 2164 2334 2228 ego
2374 2144 2593 2209 iuvari

641 2234 1053 2314 percupiunt.
1075 2231 1129 2315 ⁸)
1225 2230 1324 2295 Hi
1386 2250 1615 2296 omnes
1672 2251 1929 2296 mecum
1987 2230 2378 2296 confessioni
2439 2228 2593 2294 fidei

642 2317 1063 2383 ecclesiarum
1099 2316 1510 2383 Geuevensis
1554 2326 1620 2380 et
1655 2314 2149 2381 Gallicanarum
2187 2315 2593 2398 subscripse-

640 2411 818 2480 runt,
854 2412 921 2467 et
956 2403 1328 2467 universam
1350 2400 1734 2478 doctrinam,
1759 2421 1956 2485 quam
1977 2399 2308 2465 Dominus
2331 2400 2593 2482 scriptis

641 2488 773 2553 tuis
811 2508 937 2552 uon
985 2489 1201 2552 minus
1249 2485 1622 2553 christianis
1658 2506 1857 2570 quam
1891 2485 2168 2551 eruditis
2202 2484 2492 2570 dispergi
2526 2494 2595 2551 et

641 2573 972 2657 divulgari
1008 2571 1233 2644 voluit,
1269 2572 1697 2637 orthodoxam
1732 2581 1798 2636 et
1832 2570 2156 2638 sinceram
2189 2591 2332 2637 esse
2373 2570 2591 2637 faten-

639 2667 751 2724 tur
795 2669 989 2741 atque
1032 2658 1274 2723 idcirco
1317 2655 1706 2740 approbant:
1746 2656 1870 2721 hac
1913 2657 2301 2741 praesertim
2339 2657 2591 2722 ratione

639 2746 820 2822 moti,
887 2742 1060 2826 quod
1115 2764 1261 2808 eam
1318 2764 1405 2808 ex
1459 2742 1770 2809 canonico
1830 2741 2170 2808 literarum
2234 2742 2479 2808 veteris
2521 2749 2592 2807 et

639 2830 795 2895 novi
840 2831 1219 2895 testamenti
1273 2827 1719 2912 promptuario
1784 2826 2198 2911 desumptam
2243 2847 2388 2893 esse
2429 2827 2592 2893 satis

637 2935 965 2999 superque
1008 2922 1279 2980 constet.
1358 2911 1553 2980 Unde
1594 2912 1961 2979 iudicamus
2004 2922 2188 2978 tuam
2228 2912 2413 2979 illam
2456 2933 2589 2979 non

639 3021 802 3080 esse,
846 3000 959 3067 sed
995 3000 1285 3078 Domini,
1330 2999 1444 3084 qui
1479 3006 1544 3064 te
1575 2998 1870 3065 eiusdem
1903 2996 2413 3081 dispensatorem
2445 3019 2591 3065 esse

641 3087 852 3152 voluit
909 3094 976 3152 et
1019 3105 1403 3170 praeconem
1463 3084 1823 3151 constituit.
1909 3084 2146 3167 Itaque
2189 3091 2267 3150 ut
2309 3084 2591 3150 eundem

640 3170 986 3239 Christum
1050 3179 1393 3238 aeternum
1433 3168 1566 3237 Dei
1630 3170 2096 3252 omnipotentis
2159 3169 2372 3235 filium
2437 3190 2593 3237 cum

639 3257 928 3324 ecclesiis
971 3256 1346 3323 Genevensi
1404 3262 1474 3323 et
1514 3254 1879 3322 Gallicanis
1934 3254 2411 3338 amplectimur,
2493 3256 2593 3322 ita

638 3342 814 3409 idem
857 3363 1008 3409 cum
1049 3340 1283 3408 iisdem
1325 3340 1648 3408 sentimus
1690 3341 1765 3405 in
1791 3341 2098 3407 Domino.
2165 3339 2304 3422 Qui
2335 3341 2592 3406 utinam

639 3428 825 3508 faxit,
861 3436 935 3493 ut
967 3428 1042 3493 in
1075 3428 1200 3493 hac
1232 3427 1633 3494 confessione
1667 3425 1761 3491 ita
1782 3446 2300 3509 perseveremus,
2335 3436 2413 3491 ut
2447 3446 2593 3492 eam

638 3535 771 3580 non
792 3513 1007 3580 solum
1028 3533 1142 3579 ore
1176 3518 1243 3580 et
1264 3513 1541 3596 scriptis,
1565 3533 1800 3579 verum
1827 3511 2028 3577 etiam
2052 3512 2191 3577 vita
2212 3520 2281 3576 et
2301 3510 2595 3578 moribus

641 3599 728 3666 ad
780 3608 1149 3666 extremum
1207 3620 1412 3683 usque
1470 3597 1780 3681 spiritum
1836 3603 2211 3664 constanter
2268 3605 2336 3662 et
2387 3598 2596 3663 intre-

639 3684 795 3769 pide
841 3695 1163 3750 testemur
1205 3705 1280 3751 ac
1323 3685 1765 3767 profiteamur.
1825 3683 2054 3747 Amen.

813 3770 1000 3837 Haec
1038 3767 1116 3835 do
1153 3792 1257 3835 me
1292 3780 1359 3835 et
1391 3769 1780 3853 symmystis
1813 3768 1981 3833 meis
2003 3766 2302 3852 pluribus
2323 3766 2597 3835 fortasse

639 3877 837 3939 quam
884 3866 1026 3921 erat
1071 3875 1352 3922 necesse.
1443 3854 1504 3918 Ν
1507 3876 1593 3919 on
1636 3853 1808 3936 quod
1852 3873 2118 3919 vererer
2178 3874 2263 3918 ne
2295 3855 2415 3918 uni
2447 3862 2596 3919 tan-

639 3954 781 4007 tum
824 3940 1246 4025 prudentiam
1291 3951 1471 4005 tuam
1515 3938 1889 4007 consulenti
1928 3937 2280 4006 consilium
2313 3938 2597 4023 denega-

636 4167 795 4218 court
838 4161 898 4215 vi
941 4160 1147 4228 potitus
1181 4165 1276 4224 oct,
1322 4159 1419 4215 sed
1461 4161 1574 4215 iam
1611 4176 1664 4215 a.
1700 4159 1753 4212 d.
1791 4159 1917 4215 111.
1954 4160 2043 4215 Id.
2083 4158 2211 4215 Iun.
2257 4160 2376 4215 duc·
2416 4159 2599 4218 Gloria·

637 4231 901 4356 zm?
926 4230 1482 4353 mmm
1512 4229 1946 4352 aaa&
1916 4229 2605 4368 amarciem&

638 4369 1021 4438 s'empressant
1052 4365 1256 4420 d’offrir
1288 4367 1408 4419 leur
1443 4364 1722 4420 ministere
1767 4365 1950 4419 fui-ent
1983 4365 2207 4435 charges
2241 4366 2338 4420 d'es
2373 4368 2426 4421 le
2460 4370 2599 4423 mois

637 4437 837 4491 d'Aotit
873 4433 1009 4489 1562
1060 4435 1128 4487 de
1171 4434 1268 4503 pro
1308 4451 1433 4488 arer
1481 4434 1560 4488 les
1605 4434 1807 4504 esprite
1851 4451 1953 4502 par
1999 4433 2068 4487 de
2117 4436 2328 4504 pieuses
2363 4436 2598 4491 instruc-

638 4507 798 4561 tions.
863 4506 942 4626 Ιὸἵ
978 4503 1222 4638 Ὶίίῖὶίτίὶ
1289 4502 1393 4556 565
1427 4504 1506 4556 les
1541 4508 1754 4556 tut-eure
1787 4502 2114 4556 interdirent
2148 4504 2202 4556 la
2235 4519 2410 4559 messe
2446 4504 2600 4571 (Du-

637 4590 805 4631 vemo
951 4611 963 4625 .

803 4591 906 4709 ⁹6)
943 4640 1132 4695 Facite
1164 4640 1457 4694 misceris
1490 4638 1569 4693 ad
1600 4654 1692 4694 eos
1724 4637 1904 4694 alludi
1934 4640 2033 4709 qui
2060 4639 2245 4708 pridie
2281 4639 2369 4695 Id.
2408 4640 2603 4697 Maias

639 4710 778 4765 1563
822 4727 942 4765 cum
983 4708 1193 4764 Vatello
1228 4708 1446 4762 dimissi
1488 4714 1634 4762 sunt.
1713 4707 2044 4779 (Duvmoy
2134 4744 2148 4758 .
2202 4707 2327 4762 1‘28:
2395 4708 2481 4763 La
2515 4712 2601 4765 re-

707 4797 808 4833 ncs
861 4779 960 4832 tait
1010 4782 1290 4831 connsitre
1341 4793 1448 4830 aux
1493 4777 1710 4847 princes
1755 4783 1967 4830 tuteurs
2012 4777 2208 4845 quelle
2258 4792 2294 4831 a
2341 4778 2599 4849 conge'die'

637 4798 916 4904 §atthica
951 4846 1185 4901 Watelet
1231 4845 1381 4912 (oie),
1427 4846 1674 4900 ministre
1718 4844 1752 4898 a
1783 4844 2164 4912 Montbelisrd,
2220 4854 2279 4899 et
2330 4862 2419 4900 ses
2473 4863 2601 4902 con·

641 4918 813 4972 freres
852 4916 1050 4970 Benoit
1099 4916 1286 4968 Pascal
1317 4914 1635 4983 (originaire
1671 4913 2035 4984 d'Auvergne)
2069 4914 2138 4969 de
2191 4915 2602 4987 Vandonconrt‚

639 4987 780 5040 Jean
819 4986 990 5054 Biney
1026 4984 1095 5036 de
1129 4984 1499 5054 Valentigney‚
1549 4983 1774 5037 Benaud
1816 4986 2028 5053 Ansson,
2079 4984 2370 5053 Lyonnds,
2414 4984 2484 5038 de
2519 4986 2601 5041 St.

643 5055 847 5119 «Iulios,
902 5065 958 5108 et
992 5053 1133 5105 Jesu
1180 5053 1437 5106 ‘rien-sant
1485 5052 1579 5119 (de
1631 5052 1854 5117 Mesux)
1916 5052 1985 5106 de
2035 5052 2374 5123 Dampierre,
2424 5053 2602 5109 imbus

641 5137 853 5177 comme
905 5122 980 5176 lui
1025 5120 1094 5173 de
1143 5120 1195 5174 la
1239 5121 1486 5174 doctrine
1531 5121 1599 5174 de
1653 5120 1842 5174 Oalvin
1895 5137 1989 5174 sur
2033 5122 2087 5175 la
2137 5120 2598 5192 predestination;

640 5208 748 5259 que
783 5200 907 5245 tons
941 5192 1020 5243 les
1054 5190 1181 5257 cinq
1215 5206 1274 5241 se
1309 5199 1432 5243 sont
1467 5190 1658 5243 retii-es
1695 5188 1922 5259 „cupreo
1957 5190 2024 5243 de
2061 5192 2178 5244 leur
2211 5190 2388 5245 idole“
2426 5190 2461 5244 ὁ
2494 5191 2599 5247 Ge-

644 5258 799 5323 neve,
835 5272 894 5312 et
967 5258 1085 5312 u'ils
1120 5266 1218 5311 out
1252 5258 1339 5311 ete
1372 5258 1833 5312 immediatement
1865 5259 2163 5329 remplaees
2206 5275 2308 5329 par
2340 5260 2438 5314 dee
2474 5278 2596 5332 pns-

640 5332 796 5381 tenrs
831 5344 866 5396 p
952 5336 1134 5381 cesam
1172 5342 1308 5389 ‚une
1341 5325 1588 5381 doctrine
1623 5329 1744 5398 plus
1778 5328 1977 5382 suine.⁸

2152 414 2679 485 EPISTOLAE
2721 413 3147 482 3853—3854

4485 419 4585 484 m

2697 607 2887 668 turus
2928 623 3134 670 esses:
3203 602 3320 669 sed
3362 609 3442 668 ut
3493 601 3803 688 pluribus
3858 601 4145 670 alacrius
4186 600 4397 684 dones,
4449 604 4591 689 quod

2695 687 2817 753 uni
2878 695 3137 754 tantum
3187 688 3492 755 alacriter
3549 687 3826 755 daturus
3880 689 4122 755 fueras.
4206 691 4417 773 Atque
4460 690 4593 757 haec

2694 782 2849 839 sunt
2888 793 3055 858 quae
3097 773 3178 841 de
3211 773 3480 841 oonsilio
3521 774 3713 842 nobis
3759 773 3774 787 '
3870 794 4215 841 commune
4255 777 4591 854 necessario,

2693 858 2865 943 quod
2908 880 2950 925 a
2991 867 3056 926 te
3095 860 3398 943 petimus,
3442 860 3696 927 scribon
3826 860 4051 928 habui.

2863 942 3185 1030 Superest
3225 954 3302 1011 ut
3342 943 3427 1010 ad
3482 946 3629 1026 alia,
3692 945 3870 1012 levia
3912 945 4197 1031 quidem,
4262 946 4375 1013 sed
4414 954 4597 1014 meu

2691 1031 2941 1116 negotii
2982 1030 3228 1115 aliquid
3270 1031 3437 1097 mihi
3477 1032 3886 1110 facessentia,
3929 1051 4118 1098 meae
4148 1032 4453 1099 festinent
4476 1032 4598 1100 lite-

2691 1137 2822 1183 rae.
2888 1116 3020 1184 Hic
3065 1122 3223 1183 sunt
3256 1138 3386 1183 non
3421 1118 3613 1201 pauci
3689 1118 3759 1183 ui
3792 1117 3933 1185 vita
3966 1115 4415 1184 defunctorum
4446 1139 4599 1184 men·

2692 1203 2937 1268 tionem
3000 1203 3333 1283 facientes,
3398 1201 3599 1270 verba
3868 1202 4111 1269 addere
4167 1203 4436 1270 soleant:
4497 1203 4601 1270 eui

2691 1286 2877 1354 Deus
2942 1287 3181 1388 bonam
3232 1299 3301 1354 et
3355 1288 3608 1389 felicem
3675 1287 3789 1388 det
3839 1289 4403 1356 resurrectionem.
4484 1287 4603 1356 Sci-

2690 1373 3146 1559 ffiffi
3188 1395 3402 1526 ἔξιτε
3439 1382 3840 1526 mm
3856 1395 4019 1526 ἵζει
4041 1393 4605 1543 {wammam

2692 1543 2870 1610 modi
2912 1552 3212 1628 optatum
3256 1543 3339 1610 ad
3382 1547 3598 1612 carnis
3640 1547 4209 1623 resurrectionem,
4252 1566 4445 1631 quam
4473 1544 4607 1611 fides

2693 1638 2921 1695 nostra
2961 1640 3200 1714 sperat,
3245 1631 3531 1714 respicit,
3587 1630 3754 1698 illud
3798 1631 4122 1698 hactenus
4165 1631 4609 1716 reprehendere

2691 1715 2985 1781 nondum
3026 1735 3175 1781 sum
3216 1736 3433 1783 ausus.
3502 1717 3738 1799 Itaque
3780 1717 3952 1784 scire
3993 1715 4216 1797 velim,
4263 1738 4350 1783 an
4392 1716 4610 1783 homini

2692 1799 3048 1867 christiano
3088 1802 3157 1868 in
3202 1801 3523 1886 religione
3548 1803 3713 1868 bene
3750 1801 4059 1868 instituto
4093 1802 4187 1866 ita
4216 1803 4399 1887 loqui
4432 1802 4611 1868 liceat

2691 1886 2784 1951 Et
2824 1887 2881 1952 si
2923 1886 3094 1965 licet,
3138 1897 3460 1970 quatenus
3502 1886 3571 1952 id
3613 1888 3825 1954 facere
3867 1888 4092 1970 possit.

2866 1972 3217 2039 Praeterea
3241 1971 3575 2039 Masculus
3606 1973 3678 2038 in
3701 1974 3840 2040 suis
3860 1974 4059 2040 Locis
4095 1972 4613 2050 communibus&

2694 2063 2763 2123 et
2796 2056 3215 2142 Bullinyms
3256 2058 3329 2122 in
3379 2079 3502 2124 sua
3553 2057 3849 2126 locorum
3906 2062 4359 2127 communium
4398 2058 4617 2125 resolu-

2693 2142 2872 2207 tione
2916 2143 3063 2210 istic
3107 2164 3365 2222 excusa,
3410 2142 3605 2210 fidem
3642 2164 3684 2209 a
3716 2146 3860 2211 Deo
3904 2146 4258 2229 petendam
4297 2166 4437 2211 esse
4468 2163 4617 2210 asso-

2693 2237 2871 2294 runt.
2958 2228 3189 2312 Neque
3228 2237 3452 2294 tamen
3493 2229 3833 2297 Masculus
3866 2230 4022 2297 fidei
4057 2233 4329 2298 nomine
4362 2229 4506 2297 fidei
4534 2231 4619 2294 in·

2693 2322 3099 2380 crementum
3132 2314 3468 2398 intelligit,
3506 2324 3579 2380 ut
3611 2316 3728 2398 qui
3762 2335 3876 2381 eos
3910 2318 4027 2400 qui
4058 2318 4310 2400 pusilla
4344 2315 4469 2382 fide
4486 2324 4620 2380 sunt

2694 2398 3084 2464 adhortetur
3124 2399 3207 2465 ad
3252 2399 3601 2466 dicendum
3636 2402 3708 2465 in
3743 2401 3881 2468 suis
3929 2402 4016 2467 ad
4048 2403 4273 2469 Deum
4319 2401 4620 2485 precibus:

2692 2484 2977 2549 Domine
3021 2483 3271 2569 adauge
3320 2486 3508 2550 nobis
3550 2485 3769 2551 fidem.
3858 2488 3973 2552 An
4015 2488 4436 2571 Bullinqems
4471 2486 4621 2552 idem

2694 2569 2911 2650 addat,
2954 2571 3283 2636 affirmare
3304 2591 3437 2636 non
3463 2591 3759 2653 possum:
3805 2573 3960 2656 quia
4001 2594 4124 2640 nec
4163 2575 4333 2639 satis
4366 2571 4625 2646 memini,

2694 2676 2815 2721 nec
2853 2655 3093 2721 librum
3138 2676 3296 2739 prae
3334 2656 3636 2722 manibus
3672 2656 3900 2736 habeo,
3943 2666 4022 2724 ut
4054 2660 4374 2725 amissam
4413 2677 4625 2723 memo-

2692 2741 2860 2806 riam
2895 2761 3289 2824 recuperem.
3353 2740 3489 2807 Sed
3525 2741 3752 2810 ambos
3784 2743 3855 2808 in
3890 2742 4022 2809 fide
4054 2743 4351 2827 petenda
4382 2762 4623 2810 consen·

2695 2827 2819 2891 tire
2853 2827 3001 2891 scio.
3075 2823 3417 2907 Quomodo
3452 2837 3672 2892 autem
3707 2828 3867 2895 hinc
3901 2850 4009 2894 me
4050 2829 4365 2895 evolvere
4397 2847 4623 2913 queam,

2693 2932 2831 2978 non
2864 2912 3067 2977 video.
3136 2911 3313 2977 Nam
3348 2912 3458 2995 qui
3494 2913 3638 2978 fieri
3674 2914 3912 2996 poterit
3948 2922 4030 2979 ut
4061 2914 4132 2980 id
4165 2915 4380 2981 aDeo
4411 2923 4623 2998 petam,

2693 2997 2835 3063 sine
2869 3018 2996 3082 quo
3029 2995 3202 3063 nihil
3234 2995 3318 3063 ab
3338 2996 3569 3064 eodem
3593 3006 3816 3082 petere
3836 3001 4101 3083 possim,
4143 3000 4321 3085 quod
4344 2996 4623 3067 exorem?

2694 3081 3009 3166 Quisquis
3062 3084 3240 3149 enim
3281 3084 3501 3150 Deum
3556 3085 3701 3151 sine
3758 3085 3888 3152 fide
3947 3094 4112 3165 orat,
4178 3087 4433 3154 frustra
4482 3094 4623 3151 orat.

2693 3168 2840 3235 Imo
2882 3170 2977 3235 sic
3020 3170 3266 3235 orando
3354 3177 3550 3249 eccat,
3648 3191 3811 3236 uum
3858 3170 4178 3256 quidquid
4219 3173 4305 3238 fit
4346 3173 4486 3239 sine
4518 3169 4627 3236 fide

2694 3255 2782 3320 sit
2813 3261 3173 3338 peccatum.
3243 3255 3307 3319 A
3352 3254 3434 3320 de
3468 3190 3647 3340 quod
3673 3276 3870 3322 nemo
3906 3266 4008 3323 est
4040 3262 4154 3341 qui
4186 3259 4403 3341 possit
4436 3258 4627 3323 Deum

2694 3348 2952 3423 patrem
2981 3361 3065 3406 ex
3109 3340 3331 3406 animo
3374 3340 3723 3424 appellare,
3767 3343 3899 3408 nisi
3941 3343 4130 3427 prius
4162 3342 4325 3409 fidei
4361 3344 4525 3409 dono
4560 3338 4628 3405 de

2693 3434 2969 3511 paterno
3005 3424 3136 3491 Dei
3180 3426 3253 3490 in
3299 3446 3369 3492 se
3415 3445 3639 3491 amore
3684 3434 3753 3493 et
3785 3428 3888 3493 sui
3936 3431 4007 3494 in
4042 3428 4259 3494 filium
4302 3428 4628 3513 adoptione

2695 3511 2935 3577 certior
2975 3512 3064 3576 sit
3104 3510 3336 3579 factus.
3405 3511 3552 3596 Ego
3593 3511 3849 3579 interea
3882 3521 4190 3580 autorum
4223 3514 4493 3581 illorum
4530 3532 4628 3578 au·

2696 3596 3025 3662 toritatem
3070 3596 3455 3664 convulsam
3497 3596 3723 3675 nolim,
3767 3619 3891 3665 nec
3932 3600 4068 3666 scio
4112 3620 4200 3664 an
4242 3600 4390 3666 ulla
4429 3600 4513 3666 sit
4544 3600 4629 3681 ig·

2695 3688 2855 3747 nota
2886 3682 3050 3747 mihi
3093 3683 3263 3747 ratio
3306 3702 3435 3766 qua
3477 3680 3739 3748 defendi
3782 3685 4053 3766 possint.
4133 3684 4368 3766 Quare
4410 3694 4477 3751 te
4514 3702 4627 3761 om,

2696 3776 2775 3833 ut
2815 3765 3127 3851 quidquid
3170 3766 3458 3850 scrupuli
3492 3767 3566 3831 in
3600 3768 3727 3835 hoc
3760 3768 3927 3835 mihi
3960 3777 4064 3836 est
4094 3770 4259 3849 loco,
4308 3769 4475 3837 illud
4516 3788 4630 3835 uno

2698 3852 2898 3920 verbo
2941 3853 3109 3917 mihi
3145 3851 3412 3918 adimas.

2872 3937 3066 4019 Quod
3101 3937 3185 4003 ad
3220 3937 3504 4005 lusiones
3538 3939 3776 4022 quibus
3796 3939 4097 4007 homines
4132 3948 4402 4024 tempus
4436 3940 4633 4007 mlum

2701 4023 2920 4091 solent
2953 4024 3211 4102 attinet,
3252 4023 3378 4090 etsi
3420 4023 3780 4107 optandum
3824 4036 3997 4091 esset
4031 4034 4109 4092 ut
4140 4027 4223 4093 ab
4256 4027 4403 4093 illis
4436 4026 4637 4094 Chris-

2700 4108 2866 4175 tiani
2906 4130 3155 4189 omnes,
3201 4110 3313 4192 qui
3358 4107 3440 4174 de
3481 4110 3661 4175 omni
3694 4108 3895 4177 verbo
3933 4112 4139 4179 otioso
4170 4115 4505 4180 rationem
4532 4110 4636 4177 sihi

2699 4193 3100 4261 reddendam
3137 4215 3279 4261 esse
3300 4194 3465 4261 scire
3492 4194 3750 4272 debent,
3784 4217 4055 4280 prorsus
4089 4198 4521 4277 abstinerent,
4553 4208 4635 4261 ts-

2701 4302 2853 4347 men
2897 4281 3015 4346 vix
3057 4301 3133 4345 ac
3174 4300 3263 4345 ne
3306 4281 3425 4345 vix
3458 4279 3721 4363 quidem
3754 4282 4034 4366 populus
4068 4282 4178 4350 hic
4212 4304 4509 4368 unquam
4538 4280 4635 4346 sd·

2702 4364 2851 4432 duci
2893 4366 3135 4450 poterit
3172 4374 3249 4431 ut
3289 4365 3412 4432 hoo
3475 4375 3782 4450 praestet.
3865 4368 4100 4452 Itaque
4142 4370 4433 4436 sinimus
4472 4367 4635 4435 illum

2699 4449 3150 4518 bombardulis
3172 4461 3239 4516 et
3276 4450 3699 4519 arcubalestis
3715 4474 3858 4519 sese
3884 4453 4211 4521 oblectare
4236 4464 4311 4521 et
4332 4472 4635 4523 exercere.

2908 4707 2968 4776 7)
3000 4707 3130 4762 Loci
3165 4723 3476 4762 communes
3508 4724 3697 4763 sacrae
3729 4708 4037 4779 theologiae
4068 4710 4194 4763 Bas.
4230 4708 4377 4765 1560
4408 4710 4499 4766 fol.
4539 4706 4637 4763 Le-

2699 4778 2982 4833 mxxiii
3022 4777 3091 4831 de
3134 4775 3782 4845 Μαμ293υὸόἰηων
3826 4776 4204 4847 eliaam.-
4272 4779 4471 4834 Monet
4518 4777 4635 4831 hee

2698 4845 3061 4901 consideratio
3094 4852 3157 4899 ut
3190 4845 3286 4914 qui
3319 4860 3453 4899 vera
3484 4844 3593 4900 fide
3625 4845 3995 4903 destituuntur
4026 4847 4096 4899 ad
4131 4862 4257 4901 eum
4290 4849 4529 4902 clamem
4558 4844 4637 4916 qui

2697 4917 2846 4972 solus
2878 4916 3028 4969 illam
3145 4932 3174 4967 r
3218 4914 3470 4982 spiritum
3514 4930 3671 4969 suum
3722 4916 3781 4969 in
3826 4913 4080 4970 cordibus
4130 4916 4338 4970 nostris
4382 4922 4635 4987 oper-tu.

2700 4983 2783 5039 Et
2820 4999 2949 5053 paq.
2988 4930 3142 5037 305>o
3191 4981 3422 5036 Oramus
3468 4982 3621 5038 illum
3664 4988 3727 5037 ut
3758 4985 3920 5038 fidem
3970 5000 4130 5054 quam
4177 4984 4236 5038 in
4268 4986 4444 5039 cord·
4474 4992 4639 5061 notus

2698 5052 2852 5107 dedit
2884 5054 2903 5107 i
3037 5052 3092 5105 in
3128 5052 3289 5106 nobis
3321 5052 3449 5105 alat.
3487 5080 3553 5092 —
3595 5051 3885 5122 Quodnam
3919 5052 4237 5121 Bullinoen'
4264 5056 4534 5124 caiph-
4560 5051 4637 5105 bt

2696 5122 2882 5178 laudet
3096 5121 3343 5187 praecise
3372 5120 3599 5180 definire
3630 5123 3896 5177 afflue.
3967 5120 4235 5176 Fortuna
4264 5123 4403 5177 Corn
4544 5122 4557 5134 ’

2696 5190 3024 5246 chfistianoe
3056 5188 3335 5258 religionis
3366 5188 3554 5245 decem
3596 5190 3754 5246 libris
3788 5206 3906 5245 com
3949 5189 4257 5244 rehensum.
4328 5195 4381 5246 Δ
4414 5190 4637 5245 mdiu-o

2697 5259 2933 5397 quodssg‘m
2978 5259 3038 5312 in
3083 5258 3177 5312 lat.
3224 5273 3563 5314 conversum.
3635 5259 3752 5330 Τίς.
3793 5258 3820 5313 1
3928 5300 3939 5311 .
3978 5258 4029 5314 8.
4062 5261 4125 5315 in
4158 5273 4266 5329 quo
4298 5260 4397 5317 ἰῶ.
4448 5258 4539 5315 Vl.
4570 5262 4637 5312 α

2736 5343 2766 5383 e
2934 5333 2985 5383 et
3018 5326 3297 5398 παρεῖν’
3296 5366 3314 5384 .
