4900 6125
251 443 372 505 677
1675 442 1978 511 INDEX
2018 441 2114 512 11.
2157 443 2854 514 EPISTULARUM.
4164 450 4300 514 678

250 630 359 697 Ex
398 628 610 697 literis
654 632 864 699 nostri
905 631 1123 698 Bezae
1169 632 1357 694 3757.

250 717 357 782 Ex
397 715 611 783 literis
651 737 815 801 quas
856 737 978 802 per
1016 714 1446 782 Forneletum
1500 720 1682 781 1445.

251 803 355 868 Ex
393 800 602 869 literis
640 803 932 870 'Petschii
975 800 1273 887 intelligo
1322 805 1466 864 755.

248 891 355 956 Ex
395 889 622 955 morbo
665 889 975 955 familiari
1018 887 1368 954 restitutus
1405 891 1550 952 390.

247 976 356 1042 Ex
400 975 625 1042 multis
670 976 886 1042 causis
932 977 1121 1040 3853.

246 1062 355 1129 Ex
394 1060 710 1128 nundinis
751 1058 1461 1127 Francofurdiensibus
1507 1061 1653 1125 467.

248 1148 353 1213 Ex
396 1147 749 1231 postremis
790 1146 1002 1213 literis
1044 1145 1209 1212 meis
1252 1147 1440 1209 3749.

247 1232 357 1299 Ex
398 1234 749 1317 postremis
791 1232 1004 1299 literis
1046 1230 1319 1315 potuisti
1366 1233 1553 1295 3608.

246 1319 351 1384 Ex
395 1319 747 1403 postremis
791 1320 924 1384 tuis
966 1318 1178 1384 literis
1221 1315 1524 1402 intelligo
1570 1320 1714 1382 819.

246 1404 352 1471 Ex
394 1424 527 1488 quo
571 1402 656 1470 ad
699 1413 764 1471 te
807 1425 1021 1488 nuper
1067 1405 1254 1467 3981.

246 1490 353 1557 Ex
395 1511 528 1575 quo
572 1490 656 1557 ad
701 1501 766 1557 te
810 1490 1044 1576 scripsi
1087 1488 1255 1556 nihil
1298 1491 1486 1551 3497.

242 1576 354 1642 Ex
393 1597 527 1660 quo
568 1576 651 1642 ad
693 1587 758 1643 te
800 1576 1036 1660 scripsi
1078 1595 1258 1641 nova
1291 1576 1482 1638 4052.

244 1662 349 1728 Ex
393 1683 522 1747 quo
566 1664 792 1730 Berna
834 1663 1002 1728 redii
1048 1663 1192 1725 566.

243 1747 353 1814 Ex
396 1768 529 1832 quo
573 1757 915 1816 cessarunt
956 1746 1244 1814 tormina
1292 1749 1483 1812 3580.

241 1833 352 1899 Ex
395 1854 530 1918 quo
573 1833 661 1900 D.
710 1833 1073 1901 Gualterus
1126 1835 1306 1897 1856.

244 1917 352 1986 Ex
394 1940 526 2003 quo
566 1920 833 1986 Farello
878 1920 1269 2003 scripseram
1300 1920 1483 1983 1668.

244 2005 352 2071 Ex
396 2026 529 2091 quo
571 2005 682 2072 hic
723 2027 870 2072 sum
916 2009 1062 2069 290.

241 2090 352 2156 Ex
394 2112 527 2176 quo
566 2091 1014 2158 intelleximus
1060 2093 1251 2156 2073.

240 2176 350 2243 Ex
393 2198 528 2262 quo
565 2198 778 2263 nuper
820 2176 904 2243 ad
947 2185 1016 2242 te
1063 2180 1252 2243 3577.

240 2262 350 2329 Ex
393 2284 527 2348 quo
569 2271 938 2347 postremas
980 2284 1163 2330 meas
1209 2266 1399 2328 3816.

240 2348 350 2415 Ex
383 2348 603 2414 tribus
645 2349 1124 2416 conformitatis
1174 2354 1314 2411 111.

239 2434 349 2500 Ex
394 2436 530 2500 tuis
575 2434 659 2501 ad
702 2437 1024 2519 optimum
1073 2436 1260 2500 2366.

242 2519 353 2586 Ex
394 2522 530 2587 tuis
573 2520 786 2588 literis
829 2530 986 2587 ante
1028 2521 1193 2587 duos
1239 2524 1428 2586 2479.

241 2605 351 2672 Ex
390 2608 530 2672 tuis
575 2606 783 2673 literis
822 2608 1262 2675 coniecturam
1301 2609 1489 2673 2991.

241 2691 351 2758 Ex
394 2694 535 2757 tuis
579 2694 833 2776 pridem
877 2694 1159 2776 acceptis
1202 2695 1384 2756 1257.

240 2776 350 2845 Ex
393 2779 999 2864 wirtembergensi
1019 2778 1260 2844 ducatu
1299 2781 1488 2844 3672.

242 2863 612 2932 Excusabit
652 2866 1044 2932 brevitatem
1091 2868 1278 2928 3159.

242 2948 656 3017 Excusarem
697 2972 803 3018 me
846 2950 966 3016 tibi
1013 2953 1157 3013 945.

240 3034 607 3104 Excusatio
650 3046 764 3104 tua
787 3039 970 3103 2742.

240 3121 612 3206 Exemplar
654 3123 910 3190 consilii
962 3124 1140 3186 1852.

240 3207 650 3293 Exemplum
694 3209 921 3294 scripti
969 3213 1156 3273 3335.

239 3293 575 3360 Exhibuit
617 3296 804 3362 nobis
840 3304 1096 3361 vestras
1142 3297 1287 3360 247.

236 3378 513 3447 Eximia
556 3390 671 3446 tua
713 3382 923 3464 pietas
974 3383 1159 3444 1362.

236 3465 579 3533 Existimo
625 3478 690 3533 te
733 3477 919 3532 metu
964 3469 1150 3530 3103.

237 3550 658 3636 Expediebat
699 3572 806 3617 me
850 3552 1091 3619 rescire
1136 3555 1284 3615 848.

238 3636 657 3722 Expediebat
699 3658 857 3704 sane
898 3649 977 3702 ut
1017 3650 1085 3703 te
1130 3641 1317 3702 2079.

238 3721 545 3808 Exposui
589 3723 940 3809 diligenter
985 3726 1128 3788 211.

236 3808 571 3894 Exposuit
611 3810 777 3874 mihi
818 3810 950 3874 iam
998 3827 1176 3874 nunc
1221 3811 1410 3872 2686.

236 3894 574 3980 Exposuit
614 3895 776 3962 mihi
823 3895 1022 3961 vidua
1064 3895 1371 3961 'l'extoris
1415 3897 1602 3959 3366.

237 3979 550 4067 Exprimi
591 4002 722 4047 non
766 4002 957 4066 posse
1000 3993 1157 4065 puto
1186 3984 1376 4042 2612.

235 4066 728 4152 Exspectabam
774 4067 890 4132 abs
934 4080 998 4131 te
1042 4067 1265 4132 literas
1311 4067 1458 4129 612.

236 4152 726 4238 Exspectabam
771 4174 918 4220 cum
964 4152 1226 4219 silentio
1278 4154 1417 4214 186.

235 4237 808 4323 Exspectabamus
850 4238 1209 4305 crebriores
1255 4241 1443 4300 4197.

237 4322 790 4409 Exspectabimus
835 4323 989 4390 dum
1036 4333 1112 4389 tu
1160 4328 1303 4386 715.

236 4408 721 4494 Exspectamus
764 4409 879 4476 sed
924 4431 1058 4475 non
1101 4408 1457 4474 admodum
1504 4411 1692 4473 3600.

238 4494 869 4579 Exspectatissimas
913 4495 1138 4561 literas
1184 4498 1372 4559 3183.

238 4580 647 4666 Exspectavi
692 4603 815 4666 ego
860 4583 931 4646 in
977 4581 1151 4646 diem
1203 4583 1345 4644 124.

240 4666 577 4752 Exspecto
622 4666 782 4732 dum
826 4669 1057 4733 venias
1103 4670 1246 4729 761.

237 4753 572 4839 Exspecto
613 4752 834 4821 Orbae
874 4754 1235 4820 adventum
1290 4757 1467 4819 1898.

239 4839 577 4924 Exspecto
622 4861 1011 4925 responsum
1055 4845 1240 4903 3994.

239 4925 586 4991 Extricavi
631 4948 735 4991 me
783 4929 967 4990 2999.

1185 5133 1270 5201 F.

242 5266 466 5333 Facile
510 5268 786 5350 potestis
829 5266 1198 5351 intelligere
1245 5274 1390 5333 615.

242 5352 469 5418 Facile
514 5373 672 5421 vero
714 5374 912 5437 quam
956 5374 1061 5418 me
1105 5373 1284 5419 ames
1331 5358 1518 5419 3430.

2316 633 2513 701 Facis
2557 655 2708 702 cum
2752 633 2989 701 Vireto
3035 637 3177 703 868.

2314 719 2514 787 Facis
2557 728 2672 786 tuo
2714 740 2900 787 more
2945 721 3136 787 2220.

2314 806 2514 872 Facis
2556 815 2634 871 ut
2676 805 2866 873 decet
2908 804 3161 874 Christi
3205 808 3582 876 ministrum
3627 812 3775 877 235.

2313 891 2515 959 Facis
2559 900 2637 957 ut
2678 891 2851 958 soles
2892 898 3083 958 tanta
3127 896 3275 960 281.

2313 976 2508 1045 Facit
2549 976 2932 1044 humanitas
2975 977 3092 1044 illa
3138 980 3324 1043 2766.

2314 1063 2512 1131 Facit
2553 1063 2669 1129 illa
2710 1062 3118 1131 incredibilis
3164 1066 3353 1129 2516.

2315 1151 2527 1217 Facta
2568 1157 2672 1216 est
2754 1149 3032 1216 uaedam
3077 1149 3426 1218 concordia
3469 1155 3658 1220 3920.

2315 1234 2601 1303 Falleris
2644 1234 2894 1302 faleris
2936 1240 3124 1301 4040.

2316 1324 2533 1389 Fama
2573 1320 2805 1404 opinor
2847 1324 3037 1387 3879.

2318 1410 2533 1475 Fama
2573 1427 2741 1491 quae
2787 1406 3076 1491 undique
3121 1407 3414 1475 decurrit
3463 1414 3646 1476 1379.

2318 1491 2590 1561 Farello
2634 1491 2811 1559 dices
2853 1513 2962 1559 me
3003 1494 3139 1559 iam
3189 1498 3372 1559 1036.

2320 1576 2588 1647 Farello
2632 1598 2847 1662 nuper
2889 1599 3009 1662 per
3050 1579 3301 1680 legatos
3345 1582 3493 1648 520.

2320 1663 2661 1732 Fal-ellum
2706 1664 2978 1730 fratrem
3022 1685 3218 1731 enixe
3263 1668 3409 1733 304.

2319 1748 2659 1818 Fal-ellum
2704 1750 2853 1816 istic
2895 1771 3108 1834 nuper
3149 1751 3352 1818 fuisse
3381 1755 3564 1818 1359.

2320 1834 2631 1904 Farellus
2675 1835 2972 1902 Bernam
3011 1836 3351 1920 profectus
3395 1841 3543 1901 702.

2319 1920 2627 1989 Fal-ellus
2668 1928 2895 1987 noster
2931 1942 3135 2005 quum
3181 1943 3396 2007 nuper
3442 1925 3630 1991 2933.

2318 2005 2627 2074 Farellus
2667 2027 2827 2073 vero
2871 2015 2936 2072 te
2980 2006 3236 2091 decepit
3281 2011 3424 2073 573.

2319 2091 2741 2161 Fasciculum
2785 2092 2964 2160 hunc
3004 2093 3350 2160 literarum
3376 2097 3565 2162 2301.

2319 2178 2742 2246 Fasciculum
2785 2176 3132 2246 literarum
3175 2200 3373 2264 quem
3420 2183 3613 2246 3110.

2319 2264 2706 2332 Fasciculus
2739 2263 2854 2329 ille
2890 2264 3234 2332 literarum
3279 2269 3460 2330 1399.

2321 2355 2565 2420 Fateor
2606 2370 2716 2415 me
2759 2349 2878 2415 tibi
2923 2355 3109 2415 4065.

2319 2436 2525 2505 Faxit
2566 2434 2880 2503 Christus
2924 2447 3001 2504 ut
3043 2437 3152 2504 hic
3197 2458 3416 2504 annus
3462 2440 3652 2507 2791.

2321 2525 2657 2592 Fecerunt
2700 2533 3070 2606 postremae
3114 2533 3270 2590 tuae
3323 2531 3506 2590 1111.

2322 2609 2482 2677 Feci
2523 2606 2698 2690 quod
2741 2607 2993 2673 inssisti
3047 2614 3229 2674 1401.

2323 2692 2485 2762 Feci
2529 2691 2703 2776 quod
2748 2695 2928 2776 potui
2965 2698 3145 2757 1595.

2322 2779 2486 2847 Feci
2528 2776 2705 2862 quod
2743 2785 3012 2845 senatus
3060 2785 3203 2844 789.

2321 2865 2572 2933 Fecisti
2614 2863 2805 2930 nobis
2843 2886 2984 2931 rem
3027 2865 3382 2934 iucundam
3436 2870 3616 2934 1834.

2322 2949 2618 3020 Felicem
2660 2970 2736 3016 ac
2779 2950 3070 3017 faustum
3118 2954 3305 3014 2575.

2321 3035 2621 3106 Filiciter
2664 3035 2774 3104 hic
2817 3036 3110 3121 procedit
3154 3040 3343 3103 2996.

2320 3125 2629 3192 Festinat
2670 3123 2954 3190 nuncius
2996 3134 3065 3189 et
3106 3144 3231 3209 ego
3277 3128 3421 3187 272.

2320 3207 2643 3277 Fideliter
2685 3209 2971 3275 nuncius
3014 3219 3165 3275 tuas
3210 3214 3399 3278 3090.

2320 3293 2560 3362 Fidem
2605 3305 2790 3359 tuam
2833 3294 3116 3361 liberare
3163 3299 3351 3362 2660.

2319 3380 2503 3449 Fieri
2547 3392 2623 3445 ut
2665 3379 3026 3463 plurimum
3062 3380 3232 3448 solet
3273 3387 3455 3449 1091.

2320 3464 2494 3533 Filio
2540 3486 2687 3530 meo
2731 3466 2804 3530 in
2849 3466 3107 3533 Gallias
3152 3470 3342 3534 2038.

2318 3552 2533 3619 Filius
2573 3551 2937 3634 patruelem
2981 3554 3167 3617 3162.

2316 3638 2550 3705 Finita
2592 3649 2751 3703 sunt
2794 3637 3062 3705 comitia
3106 3641 3295 3704 3278.

2317 3723 2639 3790 Firmiter
2679 3721 2874 3789 credo
2919 3726 3109 3789 2719.

2316 3808 2943 3893 Flagrantissimum
2965 3830 3246 3893 eumque
3267 3820 3658 3879 consuetum
3683 3816 3871 3882 2192.

2317 3895 2718 3962 Franciscus
2761 3895 2870 3961 hic
2913 3905 3144 3961 noster
3188 3900 3333 3960 864.

2316 3980 2713 4047 Franciscus
2758 3980 2820 4045 le
2865 3980 3068 4065 Guay
3113 3984 3301 4046 8182.

2317 4064 2794 4133 Francofordia
2835 4087 3143 4134 reversus
3189 4069 3378 4133 2539.

2317 4152 2558 4219 Frater
2599 4150 2709 4216 hic
2751 4160 2820 4218 et
2865 4173 3081 4238 symm
3130 4158 3234 4219 sta
3278 4155 3468 4219 2023.

2318 4238 2557 4303 Frater
2600 4236 2710 4303 hic
2753 4238 3020 4304 natione
3118 4248 3301 4306 cotus
3349 4242 3534 4304 1909.

2316 4324 2558 4389 Frater
2599 4322 2708 4388 hic
2749 4344 2943 4408 quem
2988 4324 3154 4390 mihi
3197 4328 3388 4391 4217.

2315 4410 2558 4476 Frater
2599 4408 3056 4495 Hieronymus
3095 4410 3212 4494 qui
3251 4411 3375 4479 has
3410 4415 3556 4477 557.

2315 4494 2558 4561 Frater
2596 4515 2786 4561 meus
2828 4517 3022 4580 quem
3069 4496 3386 4564 Genevae
3434 4500 3574 4562 130.

2316 4582 2556 4647 Frater
2599 4581 2692 4644 mi
2735 4579 3108 4648 dulcissime
3153 4585 3340 4647 2882.

2315 4667 2589 4732 Fratres
2632 4667 2841 4732 nostri
2885 4669 3325 4750 impetrarunt
3367 4669 3554 4734 2722.

2314 4752 2591 4818 Fratres
2635 4772 2866 4819 omnes
2907 4754 3017 4836 qui
3065 4757 3251 4817 4134.

2312 4839 2588 4904 Fratres
2629 4839 2854 4903 omnia
2895 4838 2965 4904 in
3007 4840 3514 4923 congregatione
3560 4843 3660 4905 51.

2314 4924 2588 4990 Fratres
2632 4924 2748 5007 qui
2790 4925 2860 4989 in
2908 4926 3110 4991 verbo
3152 4926 3533 4991 ministrant
3575 4927 3766 4993 2108.

2312 5011 2590 5075 Fratres
2632 5010 2890 5077 Riverii
2935 5009 3323 5095 bibliopolae
3367 5014 3552 5076 1346.

2314 5094 2589 5181 Frigido
2633 5117 2790 5162 sane
2837 5096 3047 5163 volvit
3087 5097 3411 5163 Erasmus
3451 5101 3596 5161 465.

2314 5182 2723 5248 Frumentus
2765 5181 2949 5248 brevi
2992 5183 3164 5249 istuc
3201 5185 3426 5249 veniet
3448 5187 3552 5247 45.

2311 5267 2446 5333 Fui
2491 5268 2752 5334 Bernae
2803 5273 2985 5331 1758.

2313 5354 2598 5420 Fuimus
2642 5352 3070 5421 Porentruaci
3118 5356 3303 5420 2658.
