4900 6125
323 423 426 484 405

322 628 430 676 vox
510 604 721 672 ublice
763 615 966 673 sonet.
997 609 1045 686 ¹)
1115 606 1193 674 Si
1235 604 1498 691 quidem
1822 601 1944 671 hus
1983 602 2245 671 Electo-

316 713 438 761 rem
526 691 838 758 atatim
881 700 950 759 et
991 713 1290 760 socerum
1332 691 1414 758 ab
1433 689 1730 758 Erdbaoh
1763 687 2244 776 Heidelbergae

315 779 678 846 conveniens
758 776 838 844 de
911 779 1278 845 mutatione
1364 777 1709 845 consuluit.
1818 774 2246 843 Erdbacmis

312 885 444 931 cum
485 862 778 929 Palatini
822 865 1200 947 proceribus
1244 864 1375 931 huc
1419 862 1681 930 venturi
1725 870 1898 928 sunt.
1964 860 2240 929 Utinam

311 948 506 1018 omnia
547 948 900 1016 succedant
985 972 1068 1017 uo
1115 951 1325 1036 gloria
1346 949 1474 1015 Dei
1510 955 1910 1033 propagetur
1950 957 2021 1014 et
2063 947 2244 1014 salus

308 1037 675 1115 animuum,
721 1045 841 1102 etc.
969 1036 1245 1121 oylerum
1287 1035 1657 1111 admoneto,
1702 1044 1776 1099 ut
1817 1041 1950 1100 stet
1991 1032 2243 1117 pollici·

308 1123 397 1188 tis.
478 1121 950 1206 Exspectatur:
1038 1123 1149 1206 qui
1213 1122 1272 1188 si
1337 1122 1594 1189 venerit
1650 1118 1936 1185 multum
2002 1118 2246 1203 poterit

308 1206 695 1274 commodare
717 1214 786 1274 et
805 1207 1115 1276 ecclesiae
1138 1216 1205 1274 et
1226 1207 1639 1292 reipublicae.
1705 1204 2156 1289 Ubiquittores
2182 1207 2240 1283 2)

305 1301 364 1360 et
381 1291 932 1376 Quadruplatores
953 1293 1588 1361 Richenvillensium
1611 1311 1731 1358 sua
1751 1293 2099 1376 tyrannice
2127 1289 2240 1357 ob-

305 1377 583 1445 trudunt.
649 1379 889 1446 Plures
929 1380 1110 1446 cives
1154 1380 1489 1465 resignato
1523 1377 1878 1461 municipio
1914 1375 2243 1443 excedunt

301 1465 639 1531 civitatem.
729 1463 869 1531 Sed
912 1463 1094 1532 dabit
1134 1465 1323 1532 Deus
1367 1464 1471 1531 his
1524 1483 1781 1547 quoque
1823 1463 2043 1529 finem.
2130 1461 2239 1527 Ia-

303 1550 483 1618 cobus
527 1548 922 1635 Myuayrans
949 1553 1008 1636 ³)
1072 1550 1322 1636 aliquot
1389 1550 1529 1616 dies
1585 1551 1724 1634 egit
1779 1547 2240 1615 Richeuvillae

297 1643 549 1721 propter
603 1635 941 1703 frumenta
995 1658 1164 1720 quae
1218 1636 1317 1702 illi
1370 1635 1794 1703 debebantur.
1882 1632 2242 1700 Solverunt

299 1724 636 1789 oeconomi.
725 1723 889 1789 Post
931 1722 1181 1789 abitum
1224 1724 1575 1807 pessimam
1631 1719 1713 1787 de
1757 1719 1870 1786 illo
1920 1719 2243 1804 dissipant

199 1844 220 1868 .
297 1807 546 1888 famam,
635 1806 808 1892 quod
967 1809 1095 1875 tior
1171 1809 1340 1875 ratio
1422 1807 1562 1874 eius
1627 1805 1956 1873 adventus
2020 1805 2238 1888 fuerit,

295 1892 452 1976 quod
496 1894 753 1980 rogarit
793 1915 869 1960 co
917 1894 1087 1960 'cillo
1131 1894 1261 1960 reci
1307 1894 1332 1959 i
1371 1895 1440 1959 in
1484 1892 1789 1980 gratiam,
1834 1912 2032 1976 seque
2071 1891 2241 1957 velle

293 1987 535 2046 mutata
559 1980 868 2064 recipere.
936 1978 1083 2047 Hoc
1107 2001 1195 2065 qu
1305 2001 1436 2046 non
1459 1977 1674 2059 crede,
1718 1997 1842 2043 nec
1863 1998 2128 2062 possum
2165 1985 2242 2043 ut

289 2064 474 2131 fidem
516 2063 701 2132 hisce
745 2065 941 2151 nugis
984 2065 1278 2132 habeam.
1350 2064 1567 2131 Aliter
1611 2084 1867 2130 mecum
1912 2083 2239 2129 convene-

291 2158 403 2228 rat,
447 2159 747 2230 testatus,
793 2151 1176 2236 priusquam
1239 2151 1418 2230 abiit,
1474 2171 1546 2217 se
1601 2170 1722 2217 nec
1766 2169 1971 2215 unum
2015 2169 2161 2215 rece

287 2249 522 2302 turum.
605 2235 1054 2323 scripsissem,
1099 2236 1214 2304 sed
1259 2258 1394 2303 non
1442 2236 1715 2303 vacabat
1756 2233 1838 2300 ob
1881 2234 2138 2321 aegritu
2188 2235 2238 2285 ‘-

287 2343 447 2387 nem.
540 2322 647 2388 'l'u
704 2323 1001 2390 monebis
1054 2322 1243 2388 illum
1306 2343 1387 2388 ex
1433 2343 1581 2388 meo
1623 2321 1884 2405 scripto,
1952 2327 2028 2386 ut
2067 2319 2239 2386 hauc

283 2407 676 2475 calumniam
718 2408 944 2476 diluat.
1012 2408 1117 2475 De
1140 2408 1399 2475 foedere
1421 2407 1592 2492 quod
1613 2407 1933 2490 Princeps
1957 2427 2000 2472 a
2029 2402 2240 2472 Cende

282 2513 422 2559 cum
465 2493 800 2561 nobilibus
841 2493 1096 2581 gallicis
1159 2494 1352 2561 icerit
1393 2493 1727 2579 intelliges
1769 2513 1853 2557 ex
1898 2490 2104 2559 literis
2147 2491 2234 2557 D.

277 2576 579 2646 Beronis.
668 2580 930 2666 Rogavi
974 2589 1051 2646 ut
1091 2580 1214 2646 tibi
1258 2579 1566 2646 mitteret.
1656 2577 1845 2656 Vale,
1892 2577 2235 2644 carissime

279 2663 474 2732 frater
518 2673 596 2732 et
638 2664 919 2746 domine,
965 2667 1039 2731 in
1082 2666 1212 2731 Dei
1267 2665 1403 2733 filio
1446 2673 1513 2732 et
1555 2685 1669 2731 ora
1710 2664 2070 2730 Dominum
2116 2684 2234 2748 pro

277 2770 390 2817 me.
482 2750 825 2819 Salutabis
869 2751 1175 2836 inprimis
1219 2752 1470 2818 tratres.
1538 2750 1628 2816 ix.
1666 2748 1834 2816 Maii
1874 2752 2058 2815 1562.

1481 2906 1668 2971 Tuus
1712 2925 1795 2969 ex
1838 2906 2059 2970 animo

1454 2989 1775 3057 Matthias
1819 2989 2084 3056 Erbius.

1041 3321 1452 3331 ———-—-

1154 3641 1359 3712 3783.

753 3812 1239 3882 SULZERUS
1284 3810 1751 3881 MUSOULO.

356 4246 474 4313 (Ex
514 4242 867 4314 autographo
901 4241 1030 4297 Cod.
1079 4243 1418 4312 Zofingeusis
1453 4241 1604 4297 xlv.
1639 4242 1790 4296 Tem.
1827 4239 1868 4295 1.
1905 4240 1972 4295 N.
2009 4239 2128 4307 58.)

247 4517 436 4575 8782.
455 4519 522 4588 1)
566 4515 787 4573 Erbdtoe
829 4532 882 4571 a.
932 4514 1069 4571 1660
1101 4516 1407 4570 minister-nb
1454 4529 1553 4570 suo
1601 4513 2034 4570 Richenm'llenss'
2072 4513 2227 4570 abdi-

247 4596 404 4644 cans
438 4604 574 4645 cun
616 4584 762 4641 Lod.
789 4582 1064 4655 Komiqio
1097 4584 1301 4653 collega
1319 4582 1724 4638 Humwirenu‘
1743 4581 2226 4652 Rappottomvan·

247 4672 304 4712 ιο
317 4656 644 4782 &taalenu
679 4660 730 4709 et
762 4654 1271 4778 &6⁰32qu
1288 4667 1474 4709 coram
1492 4651 1784 4786 Efffolsso
1807 4652 2229 4776 &ungena-cifis

251 4794 368 4851 lm.
401 4795 508 4851 111.
547 4791 708 4855 290).
774 4789 1100 4861 Eunomus
1131 4792 1195 4846 in
1230 4805 1335 4845 sua
1370 4791 1579 4847 ditione
1612 4789 2054 4856 reson-nationum

246 4877 466 4920 nonen
500 4860 767 4918 undabat
797 4859 898 4915 :aa
929 4861 1001 4915 ab
1030 4860 1329 4916 Austriaco
1353 4858 1618 4929 asbanio
1635 4858 1980 4913 Eudemia·
2175 4865 2227 4914 te

245 4932 557 5003 *odim
593 4929 812 4984 dmm
844 4944 899 4983 a.
935 4926 1074 4983 1568
1107 4929 1395 4985 contains·
1428 4938 1587 5009 suunt
1616 4928 1852 5052 'affl
1869 4928 2066 5009 potitii.

611 5000 622 5011 ‘
913 4999 1014 5052 ‘ur
1048 4997 1125 5079 de·
1149 4997 1492 5079 Luthqranu
1535 4996 1678 5052 Wort
1849 5012 2007 5064 aneu.

2100 417 2261 480 1562
2306 416 2504 483 MAI.

4177 426 4309 490 406

2349 603 2740 672 Clarissimo
2784 606 2931 673 viro
2977 605 3063 673 D.
3111 607 3511 695 wolfgango
3554 608 3856 678 Musculo
3898 608 4175 679 Dusano
4217 632 4306 681 ss.

2345 688 2413 755 ll.
2452 689 2629 775 apud
2649 692 2975 761 Bernates
3009 693 3358 779 professori
3393 694 3652 774 eximio,
3698 695 3963 763 domino
4005 704 4070 763 et
4113 695 4309 764 fratri

2759 778 3217 847 colendissimo
3260 792 3331 847 et
3372 781 3713 850 carissimo
3753 803 3891 849 suo.

2518 948 2589 1015 S.
2628 949 2862 1035 Pergit
2904 950 3072 1018 istuc
3106 952 3555 1035 praesentium
3589 951 3763 1018 lator
3786 952 3870 1018 D.
3898 952 4223 1037 sylvester,
4253 960 4306 1035 ¹)

2343 1036 2458 1118 qui
2514 1056 2718 1118 quum
2776 1043 2930 1102 ante
2995 1057 3205 1103 annos
3267 1037 3519 1121 aliquot
3571 1057 3658 1104 ex
3701 1036 3980 1106 Genera
4035 1038 4119 1105 ad
4182 1061 4306 1108 nos

2342 1120 2768 1188 concessisset
2787 1120 3106 1188 Italorum
3144 1122 3560 1207 quorundam
3594 1122 3989 1190 testimoniis
4019 1126 4307 1192 instruc-

2343 1213 2475 1286 tus,
2539 1207 2621 1272 ab
2687 1207 3019 1274 academia
3073 1216 3374 1293 receptus
3430 1217 3531 1275 est
3588 1229 3663 1275 ac
3717 1230 3788 1276 se
3846 1230 3997 1278 cum
4054 1211 4307 1278 familia

2345 1312 2485 1372 sua,
2533 1300 2608 1358 ut
2649 1293 2879 1376 potuit,
2947 1293 3270 1360 hactenus
3311 1294 3645 1374 sustinuit,
3694 1315 4030 1362 sacrarum
4073 1295 4304 1365 lectio-

2343 1399 2505 1444 num
2558 1378 2824 1444 interim
2883 1379 3194 1464 ssrequens
3258 1379 3674 1448 auscultator.
3763 1380 4113 1447 anterum
4177 1380 4309 1450 loci

2345 1484 2553 1547 quum
2585 1465 3020 1531 mutationem
3055 1464 3327 1532 suadeat
3360 1467 3734 1545 necessitas,
3770 1466 3959 1551 petiit
3981 1474 4055 1534 ut
4085 1468 4307 1553 ipsum

2344 1548 2471 1615 tibi
2504 1549 3054 1630 commendarem,
3090 1558 3286 1634 atque
3330 1551 3621 1633 Hallero,
3680 1573 3806 1637 quo
3850 1559 4076 1619 vestra
4108 1574 4309 1704 oEera

2344 1635 2786 1703 conditionem
2833 1637 3253 1713 Lausannae,
3338 1637 3453 1703 ubi
3507 1636 3945 1722 professiones
4009 1637 4144 1723 pub
4173 1640 4306 1707 'cas

2344 1740 2584 1789 vacare
2625 1721 2970 1801 intellexit,
3014 1724 3305 1790 nancisci
3349 1730 3563 1806 queat.
3633 1721 3830 1806 Apud
3866 1744 3987 1790 nos
4020 1731 4198 1792 certe
4233 1745 4306 1791 se

2344 1807 2683 1873 moderate
2748 1809 2969 1892 gessit,
3029 1828 3240 1893 neque
3297 1808 3510 1874 ullum
3566 1807 3675 1875 vel
3739 1809 3991 1876 sinistri
4035 1808 4119 1876 do

2345 1894 2433 1958 tis
2498 1892 2604 1959 vel
2668 1894 3107 1977 improbitatis
3172 1895 3526 1980 specimen,
3594 1893 3768 1978 quod
3811 1896 4035 1975 sciam,
4148 1893 4301 1962 edit.

2517 1980 2531 1995 ⁰
2671 1987 2895 2046 tamen
2958 1999 3036 2046 ac
3099 1981 3235 2046 suis
3302 1979 3498 2046 audio
3564 1979 3866 2047 nonnihil
3929 1989 4305 2065 suspectum

2343 2063 2571 2130 haberi
2614 2083 2743 2149 quo
2801 2065 3048 2132 factum
3104 2075 3182 2131 ut
3243 2074 3431 2132 tanto
3497 2065 3855 2133 studiosius
3921 2066 4305 2133 observatus

2342 2150 2450 2217 hic
2492 2151 2717 2217 fuerit:
2775 2149 2890 2218 sed
2943 2171 3148 2235 quum
3191 2152 3360 2218 nihil
3416 2153 3489 2217 in
3542 2173 3620 2218 eo
3663 2151 3808 2217 vitii
3852 2150 4305 2236 deprehende-

2339 2237 2568 2315 rimus,
2614 2235 2794 2302 nolui
2921 2237 3104 2315 tenti,
3150 2237 3320 2304 bono
3359 2236 3619 2322 qualem
3660 2236 3878 2303 iudico
3911 2238 4076 2317 viro,
4120 2238 4302 2304 testi-

2341 2342 2639 2473 ffiupg
2677 2321 3557 2493 fifffflffissssssssffiassss
3590 2322 4305 2477 siffis-¹2⁶1&

2339 2493 2484 2577 ipso
2527 2493 2845 2560 talentum
2891 2495 2963 2559 in
3005 2496 3251 2561 bonum
3294 2493 3629 2579 publicum
3680 2494 3978 2561 conferri.
4064 2496 4303 2580 Agetis

2341 2599 2502 2664 ergo
2546 2579 2671 2646 hac
2711 2580 2784 2644 in
2827 2601 2918 2658 re,
2979 2579 3155 2665 quod
3198 2601 3316 2663 pro
3360 2588 3581 2647 vestra
3618 2580 3861 2665 pietate
3904 2587 4098 2665 atque
4140 2600 4300 2664 pru-

2341 2664 2566 2731 dentia
2608 2663 2919 2749 expedire
2982 2665 3294 2762 ecclesiae
3348 2673 3546 2749 atque
3602 2664 3863 2733 scholae
3906 2666 4298 2733 censebitiis.

2515 2834 2765 2919 Scripsi
2809 2836 3014 2903 Basil.
3068 2842 3163 2904 10.
3210 2837 3373 2903 Maii
3418 2856 3596 2903 anno
3648 2840 3830 2903 1562.

3662 2974 3737 3040 Τ.
3788 2973 4122 3041 Sulcerus.

3228 3518 3424 3589 8784.

2733 3672 3406 3741 BULLINGERUS
3451 3673 3891 3741 CALVINO.

2510 3844 2818 3912 Eia-§dm
2856 3846 2989 3928 fere
3029 3846 3382 3929 armenti
3421 3865 3498 3912 ao
3529 3846 3910 3928 praecedam
3950 3847 4245 3915 cimam.

2335 4018 2449 4081 (Ex
2497 4017 2836 4088 autographo
2872 4015 3039 4070 Arch.
3077 4016 3259 4069 Turio.
3293 4015 3441 4069 Plut.
3489 4015 3583 4069 VI.
3622 4015 3742 4071 Vol.
3784 4015 3899 4083 129,
3951 4017 4083 4072 olim
4117 4018 4293 4074 Sci-in.

2576 4088 2638 4140 B.
2676 4086 2819 4155 Epp.
2856 4084 3007 4139 Tom.
3041 4082 3130 4140 80.
3165 4084 3257 4138 fol.
3292 4082 3417 4140 429.
3456 4113 3521 4123 —
3555 4083 3768 4139 Simler.
3808 4086 3873 4141 V.
3910 4083 4056 4154 104.)

2508 4256 2891 4325 Clarissimo
2956 4256 3100 4322 viro
3144 4254 3230 4321 D.
3274 4255 3506 4321 Ioanni
3551 4253 3834 4321 Oalvino
3880 4255 4293 4324 Genevensis

2330 4343 2643 4444 ecclesiae
2686 4343 2932 4426 pastori
2975 4340 3356 4408 fidelissimo
3393 4340 3658 4407 dominc
3691 4339 3961 4409 colendo
3995 4351 4065 4408 et
4097 4343 4293 4409 fratri

2329 4449 2670 4497 carissimo
2706 4449 2844 4495 suo.
3891 4512 4112 4579 Genff·

2502 4686 2571 4754 S.
2600 4685 2675 4752 D.
2723 4684 2968 4770 Accepi
3001 4683 3230 4749 literas
3264 4682 3346 4748 de
3368 4690 3683 4770 occupato
3705 4681 4035 4768 Lugduno
4057 4689 4107 4765 ¹)
4144 4705 4286 4750 ma-

2326 4774 2508 4839 ximo
2563 4794 2709 4839 cum
2770 4770 3023 4857 gaudio.
3112 4768 3403 4836 Domino
3456 4769 3545 4836 sit
3608 4769 3816 4855 gloria
3858 4783 3925 4833 et
3966 4770 4128 4836 laus.
4214 4771 4287 4838 Is

2324 4989 4281 5065 8788.1)Siquidvidmusesthic8.1boliuquimstm

2215 5134 2227 5147 ·
2323 5062 3368 5189 mssfffftswfflaw
3408 5060 4048 5185 ἭἭΜῙΞ.
4064 5059 4284 5184 ¹333?

2323 5202 2578 5258 dissimos
2626 5210 2684 5256 et
2727 5218 2892 5256 verae
2933 5200 3156 5271 pietatis
3199 5199 3611 5253 amantissimos.
3695 5197 3949 5265 (Geram,
3999 5197 4131 5254 Ital.
4175 5201 4279 5267 ns.

2203 5312 2214 5324 .
2322 5269 2513 5396 ἓξὲξ...
2537 5269 2748 5406 16)Υ.Ν.
2780 5269 2937 5324 2925.
2970 5268 3128 5325 2932.
3159 5266 3314 5323 2936.

2624 5338 2776 5409 pud.
2814 5337 2932 5395 Gal.
2983 5339 3127 5393 Mai.
3174 5343 3338 5393 noem
3382 5335 3919 5477 prm⁸25ut⁶⁶
3952 5337 4118 5407 potita·
4147 5341 4282 5394 suat
