4900 6125
633 607 840 674 finit
877 603 1186 674 emeandi
1229 604 1586 682 excusatio,
1631 625 1802 688 quae
1844 602 2038 669 hodie
2065 622 2334 687 ,quoque
2367 623 2614 688 magna

633 714 730 760 αι
769 701 961 777 pute
1003 691 1222 757 durat.
1312 690 1713 774 Quanquam
1768 690 1949 755 enim
1992 687 2261 755 sedatus
2303 699 2407 755 est
2448 688 2612 754 late-

635 781 738 846 ι’,
779 776 985 854 dolor,
1029 778 1127 843 sio
1167 789 1396 842 tamen
1436 776 1859 861 flegmatibus
1902 776 2119 842 obruti
2163 784 2324 841 sunt
2358 774 2614 859 pulmo-

639 885 766 931 nes
807 873 889 930 ut
929 861 1222 930 difficilis
1265 870 1336 928 et
1398 863 1661 929 ooneisa
1714 861 1804 926 sit
1845 862 2209 945 respiratio.
2238 865 2290 936 ¹)
2375 858 2613 927 Oaleu-

639 950 753 1017 lus
816 949 950 1015 iam
1020 947 1365 1015 duodeeim
1431 946 1572 1013 dies
1634 949 1926 1014 vesicam
1991 954 2295 1030 oooupat,
2384 957 2614 1029 estque

641 1033 840 1102 valde
883 1032 1183 1100 infestus.
1265 1033 1544 1100 Aoeedit
1587 1034 1788 1099 anxia
1832 1032 2170 1111 dubitatio,
2215 1034 2368 1115 quia
2410 1031 2615 1096 nullis

643 1120 1147 1188 medieamentis
1191 1119 1514 1187 haetenus
1547 1119 1723 1203 abigi
1759 1118 1988 1201 potuit.
2055 1116 2403 1202 Optimum
2436 1137 2615 1184 oom-

645 1206 962 1292 pendium
1006 1213 1181 1272 esset
1217 1205 1568 1290 equitatio:
1625 1204 1740 1270 sed
1775 1205 1961 1270 uleus
2009 1204 2081 1268 in
2116 1203 2308 1270 venis
2353 1202 2617 1268 hemor-

646 1292 895 1360 rhoiois
939 1290 1277 1358 sedentem
1300 1311 1558 1374 quoque
1601 1298 1671 1356 et
1708 1293 1780 1355 in
1814 1290 1980 1356 leoto
2023 1290 2343 1355 iaoentem
2386 1288 2618 1355 aoerbe

647 1379 921 1457 orueiat,
968 1384 1228 1442 tantum
1273 1376 1457 1442 abest
1501 1385 1576 1441 ut
1697 1376 1766 1440 ui
1810 1376 2081 1461 agitatio
2122 1374 2289 1440 mihi
2334 1374 2422 1439 sit
2454 1373 2617 1440 tole·

650 1464 899 1530 rabilis.
986 1461 1299 1547 Podagra
1361 1482 1616 1546 quoque
1727 1483 1802 1527 oo
1866 1461 2086 1527 triduo
2129 1460 2408 1526 molesta
2450 1459 2619 1525 mihi

650 1549 797 1615 fuit.
884 1548 1036 1615 Non
1081 1548 1425 1615 miraberis
1467 1548 1687 1631 itaque
1730 1549 1786 1613 si
1830 1555 1928 1613 tot
1970 1544 2228 1612 dolores
2271 1566 2380 1613 me
2421 1545 2614 1630 igna-

652 1656 820 1787 ¹’voum
862 1631 1161 1700 reddant.
1242 1630 1349 1699 Ad
1393 1633 1611 1700 eibum
1657 1631 2051 1699 sumendum
2093 1652 2290 1716 aegre
2332 1630 2618 1715 eompel-

722 1742 777 1787 r.

654 1805 965 1891 perfungi
1041 1804 1181 1871 nihi

657 1891 899 1958 adfero.

833 1975 946 2042 De'
981 1975 1177 2044 rebus
1219 1974 1471 2061 galliois
1493 1973 1672 2042 Besa
1706 1975 2100 2060 seripturum
2145 1995 2217 2041 se
2259 1975 2540 2058 reoepit:
2558 1977 2617 2058 ²)

659 2061 810 2129 ideo
864 2060 1254 2145 supersedeo
1310 2082 1395 2128 ne
1460 2070 1677 2129 aetum
1724 2082 1937 2146 agam.
2025 2060 2254 2128 Unum
2296 2060 2622 2127 duntaxat

660 2148 1049 2233 mysterium
1104 2148 1447 2231 attingam.
1538 2147 1804 2213 Audisti
1868 2145 2123 2230 pridem
2168 2147 2422 2231 Regem
2466 2166 2618 2230 pro·

659 2233 863 2301 fieisei
902 2235 971 2298 in
1016 2232 1619 2318 Letharingiam.⁸)
1686 2232 1904 2299 Oausa
1946 2233 2144 2298 etiam
2187 2234 2350 2315 ipsis
2386 2232 2620 2299 aulieis

661 2318 918 2387 oooulta
971 2318 1130 2385 fuit:
1243 2339 1361 2384 uae
1417 2340 1630 2403 nuper
1683 2319 1765 2384 ab
1831 2338 1909 2382 eo
1952 2319 2066 2402 qui
2111 2317 2286 2383 ultro
2330 2319 2621 2399 oitroque

660 2404 977 2471 mandata
1015 2412 1163 2489 pert
1239 2405 1290 2468 ‘t
1331 2404 1497 2470 mihi
1538 2405 1664 2470 fuit
1717 2404 2059 2489 patefacta.
2147 2404 2442 2489 Legatus
2486 2404 2622 2469 Re-

663 2490 768 2576 gis
809 2490 921 2574 qui
962 2499 1067 2556 est
1108 2489 1280 2575 apud
1301 2489 1862 2574 Imperatorem,⁴)
1898 2489 2011 2573 qui
2053 2489 2403 2573 aliquando
2443 2488 2622 2573 apud

663 2597 785 2644 vos
827 2576 953 2642 fuit
1005 2596 1206 2659 quum
1249 2586 1424 2642 esset
1462 2574 1689 2643 Abbas
1732 2575 1803 2641 S.
1849 2575 2227 2652 Laurentii,
2285 2596 2438 2660 spes
2482 2594 2622 2639 am-

663 2661 809 2746 plas
864 2673 932 2728 et
989 2660 1372 2746 magnificas
1428 2672 1715 2727 ostentat
1755 2661 2056 2745 Reginae
2113 2661 2310 2726 matri
2368 2682 2409 2726 a
2465 2681 2622 2744 rege

846 2747 861 2762 '
986 2747 1000 2761 '
1139 2768 1154 2812 :
1234 2767 1467 2812 verum
1541 2747 1795 2812 interea
1871 2746 2229 2829 stipulatur
2304 2767 2390 2812 ne
2464 2745 2622 2830 quid

665 2833 927 2933 Regina
966 2852 1129 2917 prae
1168 2853 1241 2933 se
1283 2832 1451 2932 ferat
1491 2854 1563 2898 se
1605 2853 1885 2932 sperare.
1953 2831 2188 2932 Itaque
2221 2853 2357 2897 non
2393 2831 2623 2899 dubito

665 2940 846 3073 332¹..
887 2916 1345 3105 Ξὲξοῗῗὲῒὲἒῗ
1363 2917 2162 3082 mem&
2207 2917 2622 3070 133*ssssss

665 3112 818 3158 nem
875 3090 1002 3158 sibi
1050 3109 1391 3174 superesse
1446 3090 1814 3166 existimat,
1880 3091 1937 3156 si
1995 3099 2261 3173 tempus
2313 3089 2623 3155 extrahat

666 3175 981 3243 eiusmodi
1023 3174 1425 3261 ambagibus.
1505 3176 1656 3242 Non
1699 3176 1830 3241 alia
1870 3176 2035 3241 mihi
2078 3174 2342 3242 videtur
2382 3175 2457 3240 in
2498 3175 2624 3241 hae

667 3261 1068 3347 profectione
1106 3261 1289 3326 fraus
1330 3261 1554 3340 latere,
1612 3262 1720 3327 vel
1766 3261 2064 3345 proditio,
2124 3261 2255 3327 nisi
2297 3269 2375 3326 ut
2414 3261 2622 3345 Regi-

667 3369 825 3414 nam
879 3360 1157 3413 matrem
1216 3366 1393 3413 vana
1448 3368 1565 3432 spe
1623 3347 1852 3427 lactet,
1928 3367 2004 3413 ao
2060 3366 2132 3412 se
2188 3347 2482 3413 insinuet
2537 3345 2622 3411 ad

669 3432 1082 3517 suscipienda
1138 3453 1304 3514 quae
1340 3454 1676 3516 nunquam
1713 3432 2019 3516 expediet
2053 3434 2332 3517 negotia.
2418 3431 2626 3498 Abuti

667 3519 844 3585 enim
897 3518 965 3583 B
1399 3520 1575 3604 regis
1620 3518 2068 3584 Maoeiom'liani
2131 3519 2398 3583 nomine
2462 3519 2622 3584 satis

667 3604 903 3688 liquet,
968 3602 1139 3687 quod
1201 3604 1544 3689 pueriliter
1605 3602 1912 3670 admonet
1953 3604 2284 3688 Reginam
2339 3611 2619 3669 matrem

667 3698 746 3756 ut
787 3690 1005 3840 mla-31⁸
1044 3688 1977 3842 fffiuztdidisffizldlggsagnffe
2007 3690 2409 3841 {amaaem
2453 3774 2619 3839 mihi

1287 1802 1470 1871 aliud
1546 1825 1741 1888 quam
1819 1803 2020 1870 taedii
2084 1804 2431 1869 materiam
2498 1802 2618 1868 tibi

669 4031 936 4114 40921)
983 4030 1301 4154 Videpqeuree
1342 4046 1411 4112 αφ
1456 4030 1585 4087 Vita
1617 4047 1655 4087 a
1691 4031 1842 4086 Boea
1885 4031 2317 4114 compta-qd
2365 4030 2445 4113 Ν.
2480 4030 2618 4113 4077

670 4115 1109 4235 fflssss,
1171 4101 1445 4251 qffmyffi‘
1476 4099 2062 4250 ζῐζὲὶςέῗξἛῗέιὲθ
2079 4101 2301 4223 3322*
2314 4186 2373 4223 ω
2392 4101 2618 4223 ¹21?ss

669 4239 934 4306 templum
985 4237 1198 4291 delatus
1248 4242 1354 4291 toti
1404 4253 1650 4291 ooneiom
1701 4238 1964 4307 interfuit,
2018 4254 2239 4293 coenam
2287 4238 2504 4291 Domini
2548 4254 2616 4291 ex

669 4325 791 4361 mea
825 4323 987 4360 manu
1021 4305 1248 4375 aceepit,
1292 4321 1467 4373 eoque
1501 4306 1656 4360 vultu
1689 4305 1946 4373 hymnum
1982 4323 2104 4361 eum
2151 4307 2273 4360 aliis
2307 4324 2617 4377 quanquam

668 4376 903 4429 tremula
938 4390 1069 4428 voee
1104 4374 1324 4439 cecinit,
1370 4381 1433 4428 ut
1466 4391 1574 4428 non
1610 4374 1839 4429 obseura
1885 4376 2127 4430 laetitiae
2172 4377 2326 4445 signa
2360 4375 2415 4429 in
2451 4376 2616 4430 mori·

669 4444 838 4498 bundi
875 4443 1049 4523 vultu·
1066 4443 1354 4497 eluoerent.

1143 4526 1338 4580 praece
1548 4550 1563 4565 .

672 4650 797 4703 dem
818 4579 946 4730 enge
971 4578 1950 4730 magtpzhsszsfflisffie
1958 4580 2131 4730 HQ.
2048 4579 2221 4704 ‘min
2239 4582 2615 4720 fflssintgiffi

672 4717 815 4771 Nam
849 4718 939 4771 die
1020 4732 1158 4771 unae
1194 4733 1440 4786 proxima
1475 4722 1593 4772 tota
1625 4718 1750 4771 aula
1781 4718 2032 4772 disoessit
2063 4735 2129 4772 ex
2165 4736 2289 4773 aree
2320 4717 2615 4774 Fontaine·

669 4787 849 4851 bleau,
884 4785 1019 4840 Sene
1053 4802 1260 4852 versus,
1305 4785 1432 4839 inde
1467 4802 1568 4856 per
1602 4785 1808 4855 Troyee
1843 4794 1902 4839 et
1934 4787 2201 4843 Chaalons
2234 4790 2475 4858 petitura
2509 4791 2615 4842 Lo·

669 4854 1009 4923 than-ingiam.
1078 4853 1415 4908 celebraturi
1449 4859 1595 4919 sunt,
1639 4859 1702 4908 ut
1743 4855 1924 4919 audio,
1970 4856 2165 4909 feetnm
2200 4857 2615 4912 resurrectionis

671 4922 968 4988 Catalauni,
1005 4922 1151 5003 quod
1183 4922 1355 4976 distat
1386 4923 1545 4977 unius
1579 4922 1684 4977 diei
1718 4924 1915 4977 itinere
1949 4922 2019 4979 ab
2051 4925 2255 4995 oppido
2281 4926 2615 4980 Bar-le-Due

672 4993 729 5045 in
775 5008 883 5060 quo
930 5007 1045 5045 exon
1087 4992 1267 5045 lentur
1300 5009 1333 5044 a
1374 4992 1510 5047 duee
1545 4990 1946 5061 Lotharingiae.
2015 4993 2102 5047 Ex
2137 5010 2203 5048 eo
2247 4994 2369 5048 loco
2415 4995 2614 5049 eonsti-

672 5065 899 5114 tuerunt
969 5076 1030 5114 ro
1069 5060 1194 5113 oisoi
1230 5060 1549 5129 Lugdunum
1654 5078 1685 5114 r
1720 5060 2102 5131 Burgundiam,
2146 5069 2205 5116 et
2235 5063 2365 5116 inde
2399 5064 2615 5118 Narbo-

676 5145 896 5182 nensem
1036 5129 1164 5181 liam
1198 5128 1449 5183 invisere.
1595 5165 1609 5179 .
1648 5128 1853 5183 Golden
1890 5129 1958 5183 11.
1998 5130 2116 5185 199.

681 5194 1183 5321 ΜωεηῗᾶεὲἷῖἺι.
1219 5266 1392 5332 ‚eiam
1430 5213 1626 5322 αι’ωιο
1656 5264 1766 5321 m
1797 5265 1865 5321 αι
2044 5242 2058 5268 ’
2177 5217 2201 5253 ’
2237 5198 2612 5325 {aaz}

674 5347 770 5387 sas
801 5334 1000 5397 fuerat.
1077 5331 1238 5402 Quod
1267 5339 1448 5389 tenen
1480 5334 1691 5388 denum
1723 5352 1776 5390 a.
1816 5335 1884 5389 15
1916 5335 1954 5390 Ο
1979 5336 2192 5403 facum
2224 5344 2320 5391 est.

2181 411 2707 482 EPIS'POLAE
2750 418 3179 485 toan-4094

883 1718 1051 1785 Vini
1113 1738 1186 1784 sa
1271 1740 1307 1783 r
1369 1738 1653 1784 amarus.
1765 1717 1902 1785 Sed
1967 1717 2127 1783 dum
2192 1716 2343 1784 volo
2407 1709 2664 1784 offioio⁴

4518 420 4618 488 284

2713 603 3137 689 abrumpunt.
3242 602 3413 670 Vale
3473 604 3681 688 igitur
3698 655 3714 683 ,
3793 603 4171 670 venerande
4234 606 4453 683 frater,
4518 628 4624 674 m

2715 712 2867 757 oum
2889 690 2974 755 D.
3007 688 3346 756 Gualtkero
3387 698 3458 755 et
3496 688 3768 773 reliquis
3810 690 4078 777 eollegis
4112 701 4374 775 totaque
4404 693 4621 759 familia.

2713 776 3044 842 Dominus
3077 796 3198 841 vos
3232 794 3461 841 omnes
3492 776 3855 842 ineolumes
3888 787 4157 842 tueatur
4187 779 4444 860 suisque

2713 861 2882 929 fieiis
2945 862 3158 947 magis
3220 881 3297 928 ao
3361 861 3575 945 magis
3636 860 3995 945 loeupletet
4048 865 4419 947 virtuteque
4469 866 4627 930 sueti-

2715 957 2888 1014 neat.
2975 945 3085 1013 De
3139 947 3323 1014 urbis
3379 956 3644 1012 nostrae
3697 957 3877 1014 statu
3932 946 4278 1015 seribendo
4332 948 4475 1015 nolo
4508 970 4629 1033 ope-

2715 1053 2860 1099 ram
2902 1033 3193 1117 perdere.
3278 1032 3597 1099 Genevae
3641 1039 3699 1098 6.
3747 1033 4001 1118 Aprilis
4050 1038 4234 1100 1564.

3635 1170 3924 1237 Ioannes
3966 1168 4291 1238 Oalvinus
4332 1177 4497 1236 tuus.

3596 1715 3803 1788 4⁰98.

3187 1870 3725 1939 eAnnAsms
3756 1821 4213 1938 'oALvmo

2897 2042 2998 2111 De
3055 2044 3194 2111 eius
3248 2040 4653 2127 vimanxiusbeatamquiquuiaeaedu-

2720 2129 2963 2197 loribus
3020 2136 3225 2212 erepto
3281 2133 3683 2211 appreeomr,
3750 2148 3966 2194 verum
4021 2127 4651 2195 cocheiacum&

2710 2217 3051 2299 patientem
3103 2215 3780 2296 neeessariumputat.
3872 2213 4132 2280 Salvere
4183 2213 4653 2280 mabam

2720 2302 2891 2367 mine
2924 2302 3280 2385 Anylorum
3318 2301 3711 2382 quorundam
3752 2305 3810 2366 et
3848 2319 4039 2366 mn
4061 2300 4392 2378 Ionam,
4440 2298 4653 2367 Gabi-i

2721 2386 3840 2470 abapoiemofiliummomendat.

2984 2558 3099 2624 (Ex
3133 2556 3474 2628 autographo
3508 2556 3639 2614 eod.
3676 2555 3906 2612 Vratisl.
3938 2556 4040 2611 111.
4077 2556 4145 2613 B.
4178 2555 4270 2611 fol.
4306 2554 4429 2622 59.)

3055 2732 3119 2797 A
3163 2728 3508 2796 Monsieur
3551 2726 3898 2794 Monsieur
3940 2726 4346 2813 Despeville.

2899 2899 2970 2968 S.
3057 2900 3332 2970 Utinam
3376 2908 3515 2967 tam
3555 2899 3806 2967 laetum
3849 2899 3932 2966 de
3974 2898 4189 2967 salute
4220 2907 4344 2966 tua
4376 2900 4657 2967 nundum

2725 2985 3010 3066 audiam,
3049 2988 3144 3053 mi
3185 2997 3396 3073 pater,
3439 3006 3636 3073 qnam
3679 2988 3938 3053 tristem
3973 2984 4255 3052 antehae
4288 2985 4379 3052 de
4412 2987 4661 3053 advet-

2723 3073 3106 3141 valetudine
3159 3075 3397 3158 aoeepi.
3486 3074 3730 3141 Nostra
3780 3074 3961 3138 enim
4024 3082 4094 3138 et
4133 3074 4341 3139 totins
4382 3072 4657 3141 oeeledoe

2722 3160 3027 3238 interest,
3088 3180 3346 3244 quoquo
3398 3160 3593 3226 modo
3646 3158 3901 3237 valeas,
3961 3159 4081 3224 tibi
4144 3159 4359 3224 vitam
4403 3157 4657 3243 produn'.

2724 3246 2862 3312 Nos
2906 3246 3083 3311 enim
3129 3266 3388 3329 semper
3430 3254 3501 3310 et
3556 3244 3825 3311 oonsilio
3878 3245 4070 3310 iuvas
4111 3252 4182 3309 et
4221 3245 4558 3329 exemplo,
4610 3249 4661 3306 ά

2724 3341 2793 3398 te
2836 3333 2989 3398 vivo
3029 3332 3256 3397 minus
3299 3329 3545 3397 audent
3595 3328 3960 3396 adversarii
4004 3330 4233 3396 nostri.
4310 3328 4661 3415 Optabilim

2723 3417 2988 3501 quidem
3027 3425 3219 3497 esset,
3262 3418 3319 3482 si
3365 3419 3582 3484 varios
3624 3418 3904 3493 morbos,
3951 3414 4209 3482 dolores
4250 3428 4458 3499 atque
4489 3434 4661 3499 ango·

2722 3512 3275 3656 ffiessss'ss'ssoemgssa
3300 3503 3568 3671 ‘20¹3ss
3611 3502 3794 3653 2253&
3808 3500 4521 3653 AEtssfftaeffsssss
4532 3500 4663 3653 ,ΣΞ

2729 3675 3071 3753 Dominus,
3117 3686 3313 3757 atque
3355 3676 3430 3739 in
3472 3672 3706 3740 mediis
3747 3673 4171 3757 languoribus
4213 3673 4358 3739 tuis
4400 3673 4659 3739 finem

2723 3760 2911 3827 nobis
2968 3760 3276 3826 ostendat
3332 3760 3532 3825 huius
3591 3758 3885 3824 benefioii
3903 3810 3917 3836 ,
3973 3771 4074 3823 est
4115 3755 4288 3841 quod
4335 3760 4400 3824 ei
4445 3758 4660 3843 gratim

2719 3866 2913 3998 41³3?
2910 3868 3080 3998 333
3082 3858 3246 3997 “1³23ss
3281 3843 4345 4015 2320552333353120332322
4324 3865 4490 3996 '²¹05‘
4510 3842 4659 4013 {23

2720 4020 2919 4119 etiam
2962 4018 3272 4102 spirando
3314 4037 3436 4081 nos
3478 4018 3666 4081 iuves
3710 4027 3779 4081 et
3822 4015 4093 4081 Domini
4136 4016 4331 4100 gregi
4374 4016 4659 4081 univem

2766 4125 2949 4171 rosis.

2717 4126 2762 4189 p
2889 4189 3120 4272 Nuper
3160 4188 3382 4271 aooepi
3425 4187 3508 4253 ab
3552 4187 3854 4270 episeopo
3900 4185 4322 4252 Londinemi:
4362 4192 4415 4266 Ι)
4458 4186 4657 4252 litem

2718 4276 2955 4359 quibus
2996 4275 3180 4341 iubet
3220 4285 3301 4339 ut
3342 4284 3411 4338 te
3452 4274 3596 4339 eius
3640 4273 3906 4337 nomine
3948 4291 4146 4355 quam
4206 4272 4655 4339 officiosissimo

2718 4360 3036 4441 salutem,
3102 4379 3178 4425 ao
3221 4360 3551 4443 signifieat
3592 4358 3714 4425 sibi
3759 4358 3927 4423 nibil
3973 4358 4149 4422 aliud
4192 4358 4403 4424 fuisse
4446 4356 4655 4423 mol*

2718 4456 2861 4513 tum
2923 4447 2993 4511 in
3057 4445 3267 4511 literis
3331 4446 3463 4510 tuis
3521 4463 3720 4528 quam
3779 4443 3949 4526 quod
4015 4443 4098 4509 iis
4152 4443 4561 4528 intelligeret
4602 4454 4654 4505 ts

2715 4554 2866 4598 oum
2901 4540 3041 4597 tam
3077 4533 3277 4597 variis
3311 4540 3381 4597 et
3413 4528 3728 4614 gravibus
3762 4529 4011 4595 morbis
4044 4530 4426 4595 oonflietari.
4486 4526 4653 4594 mun

2716 4639 2757 4683 a
2800 4640 2905 4683 me
2949 4618 3115 4701 petit
3158 4618 3241 4683 D.
3267 4615 3602 4682 Robertus
3635 4615 4025 4693 Bemontius,
4068 4615 4436 4697 praefentus
4480 4613 4653 4682 eolle-

2714 4704 2807 4788 gii
2851 4703 3217 4781 Trinitatis,
3261 4704 3375 4769 ubi
3420 4702 3739 4767 educatur
3780 4701 3957 4766 filius
3991 4721 4199 4778 meus,
4244 4703 4359 4785 qui
4394 4710 4653 4767 mum

2715 4789 2885 4855 nihil
2928 4790 3052 4856 sibi
3097 4797 3235 4854 tam
3291 4808 3493 4872 grave
3556 4806 3701 4852 esse
3742 4806 3938 4870 quam
3976 4787 4362 4852 memoriam
4402 4798 4649 4853 eontu-

2713 4876 2965 4941 tionum
3010 4895 3158 4941 oum
3205 4873 3436 4940 Knoxo
3479 4886 3547 4938 et
3593 4873 3965 4949 Godemcmm
4009 4872 4247 4957 quibus
4291 4872 4515 4958 grav-is
4542 4868 4649 4935 tili

2711 4960 3060 5044 aliquando
3125 4959 3423 5027 molestia
3486 4957 3784 5024 exhibita
3846 4966 3983 5035 est,
4049 4979 4125 5024 ao
4181 4962 4437 5024 veniam
4482 4954 4647 5041 petit.

2713 5046 3025 5130 pollioens
3066 5066 3140 5112 se
3182 5048 3253 5111 in
3296 5065 3438 5111 eam
3484 5046 3880 5110 sententiam
3924 5043 4170 5126 aliquid
4206 5045 4547 5111 literarum
4570 5038 4647 5107 ul

2711 5140 2780 5198 te
2822 5131 3162 5207 daturum,
3227 5140 3297 5197 et
3338 5131 3625 5215 ingenue
3678 5129 3937 5214 eulpam
3992 5131 4304 5214 agnoseit.
4388 5126 4645 5195 Pili-h

2711 5337 2906 5392 4098.
2923 5337 2981 5403 1)
3020 5336 3184 5393 Ean.
3225 5335 3537 5394 Mallo.
