4900 6125
262 421 382 485 429

265 627 433 673 nunc
472 603 737 688 quidem
791 603 1052 671 adferre
1093 604 1355 689 possim.
1447 601 1613 668 Mihi
1664 603 1843 668 enim
1900 600 2080 669 iusta
2122 609 2225 669 est

265 689 514 758 tacendi
557 712 775 770 causa,
820 689 934 757 ubi
967 690 1121 775 plus
1152 709 1350 774 quam
1385 689 1590 756 sciam
1625 689 1998 772 possimque
2038 708 2079 754 a
2115 708 2225 753 me

265 785 677 863 exspectatur
710 783 828 843 aut
860 777 1215 861 quaeritur.
1273 774 1657 860 Agnoscitis
1687 794 1930 857 nempe
1964 794 2049 840 ex
2077 794 2223 839 meo

263 862 539 948 quodam
584 864 864 947 scripto,
930 882 1137 945 quum
1181 862 1404 929 Deum
1455 880 1594 926 non
1652 859 1900 939 colitis,
1966 858 2222 925 nullam

263 947 441 1016 vobis
496 970 727 1033 pacem
771 947 1214 1016 conscientiae
1258 955 1561 1013 constare
1604 966 1815 1031 posse.
1909 947 1999 1010 At
2055 943 2222 1010 illud

261 1034 464 1100 multo
552 1034 696 1101 eius
739 1033 960 1114 habet,
1005 1031 1179 1117 quod
1212 1053 1481 1099 omnem
1522 1052 1609 1098 ex
1651 1032 1766 1098 illo
1809 1043 2035 1098 vestro
2077 1051 2220 1097 car-

262 1140 404 1186 cere
445 1056 808 1206 effugiendi
864 1119 1192 1185 rationem
1248 1119 1616 1202 praecisam
1665 1117 1851 1184 vobis
1905 1116 2217 1183 statuitis.

260 1205 434 1288 Quid
479 1203 737 1272 dicam?
802 1205 1083 1272 Miseret
1115 1225 1225 1270 me
1257 1213 1522 1270 vestrae
1554 1204 1752 1271 sortis
1795 1211 1866 1268 et
1906 1203 2220 1269 constric-

259 1293 468 1358 tionis.
557 1290 697 1358 Sed
761 1312 1074 1374 quorsum
1139 1288 1353 1356 illud?
1423 1309 1661 1374 nempe
1718 1297 1797 1355 ut
1856 1289 2221 1355 Dominum

257 1398 373 1462 pro
416 1378 601 1445 vobis
645 1377 926 1461 supplex
971 1398 1154 1442 orem
1200 1385 1277 1443 ιιι
1332 1376 1400 1441 in
1460 1379 1666 1442 tantis
1726 1374 2221 1441 infirmitatibus

257 1484 373 1530 vos
429 1464 762 1547 respiciat,
818 1463 993 1547 quod
1051 1462 1241 1529 nobis
1296 1461 1604 1530 omnibus
1647 1471 1879 1527 mutuo
1937 1481 2016 1528 ac
2071 1482 2219 1544 per-

257 1557 450 1648 petuo
493 1550 748 1633 precari
792 1547 1140 1615 debemus:
1183 1568 1260 1614 ac
1303 1570 1440 1615 non
1484 1557 1561 1614 ut
1601 1548 1726 1613 has
1769 1567 1951 1612 meas
1992 1566 2222 1630 preces

255 1633 758 1719 interponendo,
809 1635 984 1719 quod
1028 1657 1071 1700 a
1110 1635 1301 1700 vobis
1343 1633 1592 1699 malum
1640 1632 2040 1711 admittitur,
2085 1632 2220 1698 ele-

254 1742 419 1787 vem.
510 1721 742 1804 Neque
807 1722 1009 1787 etiam
1074 1722 1471 1804 exspectatis
1547 1719 1826 1784 fortasse
1891 1731 1967 1783 ut
2029 1719 2220 1785 vobis

253 1805 582 1873 blandiar:
641 1805 757 1872 sed
800 1827 1005 1889 quum
1048 1807 1143 1871 ita
1185 1827 1397 1871 meam
1445 1805 1955 1871 consolationem
2001 1805 2218 1887 requi-

254 1892 395 1958 ritis
438 1901 514 1957 ut
555 1891 718 1958 mali
760 1890 1111 1976 aliquando
1170 1891 1443 1957 tollendi
1499 1892 1904 1958 occasionem
1956 1911 2218 1956 omnem

251 1979 436 2045 vobis
480 1987 792 2063 negatam
828 1977 1170 2056 adiiciatis,
1215 1977 1381 2043 illud
1417 1997 1525 2043 me
1560 1977 1758 2061 plane
1799 1976 2216 2060 constringit,

250 2085 332 2129 ne
395 2064 557 2148 quid
620 2064 903 2130 ulterius
967 2063 1154 2129 vobis
1216 2063 1618 2147 respondere
1687 2063 1959 2129 valeam.
2071 2062 2219 2147 Ego

252 2171 405 2216 vero
463 2150 525 2216 si
583 2159 843 2216 vestrae
899 2149 1054 2216 illae
1110 2151 1456 2235 angustiae
1498 2170 1695 2214 veros
1753 2168 1829 2213 ac
1884 2148 2219 2214 ferventes

249 2237 532 2321 gemitus
568 2234 653 2301 ad
686 2235 1051 2301 Dominum
1096 2236 1164 2301 in
1209 2236 1402 2301 vobis
1445 2235 1836 2310 excitarent,
1880 2253 2218 2316 sperarem

248 2323 498 2388 exitum
543 2344 584 2388 a
627 2323 914 2388 Domino
956 2320 1147 2387 vobis
1192 2321 1487 2388 oblatum
1531 2320 1634 2386 iri.
1722 2318 1860 2385 Sed
1903 2318 2216 2403 quemad-

250 2407 519 2474 modum
575 2418 767 2473 extra
823 2429 1007 2491 spem
1072 2408 1147 2473 in
1211 2406 1398 2473 illum
1466 2405 1867 2490 sperandum
1925 2417 2054 2482 est,
2121 2405 2218 2470 ita

244 2494 437 2559 etiam
483 2502 675 2559 extra
716 2493 937 2558 media
980 2493 1063 2558 ad
1107 2493 1319 2576 ipsius
1355 2493 1764 2560 vocatiouem
1809 2490 2212 2574 sequendam

244 2578 626 2645 enitendum
673 2587 809 2660 est,
852 2601 936 2645 ne
980 2578 1078 2644 illi
1124 2578 1432 2644 desimus.
1521 2578 1734 2661 quue
1777 2577 1875 2641 ita
1917 2585 2212 2643 statuen-

244 2663 394 2730 dum
439 2674 561 2744 est,
605 2674 681 2731 ut
727 2685 933 2749 quum
968 2665 1193 2729 omnia
1234 2685 1379 2730 sese
1414 2684 1453 2729 o
1502 2684 1745 2745 ponere
1781 2660 2208 2741 videbuntur,

246 2760 309 2816 et
370 2752 524 2818 viae
579 2771 811 2816 omnes
873 2750 1091 2815 claudi
1155 2761 1354 2832 atque
1419 2769 1458 2814 o
1502 2749 1747 2849 strui&
1776 2747 2211 2848 nihilominus

237 2856 760 2988 &31¹¹mm2132‘1'3122
810 2856 916 2986 ‘1³3¹
921 2855 1060 2987 ¹:³23·
1089 2834 1826 2987 ιὲὲωῗῖἒὲῧιέἒᾶῗέθ
1851 2831 2210 2985 οέἒὲἒῗ-Οῗέῗ

235 3028 365 3075 cus.
452 3006 537 3075 Si
581 3027 782 3092 penes
823 3026 932 3073 me
975 3014 1152 3074 esset
1191 3006 1376 3075 vobis
1419 3025 1693 3073 manum
1737 3006 1969 3090 quovis
2013 3005 2207 3071 modo

237 3094 604 3180 porrigere,
662 3114 799 3159 non
843 3095 1324 3160 committerem
1367 3104 1443 3159 ut
1483 3112 1709 3159 meum
1753 3093 1862 3157 hic
1915 3092 2207 3158 officium

236 3199 276 3243 a
308 3182 497 3247 vobis
532 3182 770 3245 merito
806 3178 1310 3246 desideraretur.
1379 3178 1606 3261 Quum
1650 3177 1830 3244 aliud
1874 3198 2009 3243 nou
2054 3198 2206 3262 pos-

237 3265 386 3345 sim,
455 3266 666 3331 nolite
730 3274 1115 3349 exspectare
1178 3274 1258 3332 ut
1324 3265 1496 3350 quod
1556 3265 1885 3330 Dominus
1939 3284 1979 3328 a
2020 3264 2208 3330 vobis

233 3352 511 3436 requirit
574 3350 738 3416 illud
806 3370 849 3415 a
912 3372 1021 3416 me
1087 3352 1342 3417 remitti
1403 3351 1629 3434 possit.
1715 3350 2039 3415 Vestrum
2105 3356 2209 3417 est

233 3439 450 3519 potius
473 3488 489 3516 ,
572 3445 654 3502 ut
717 3437 1231 3503 consolationem
1299 3438 1628 3521 accipiant
1702 3436 1902 3503 corda
1965 3443 2207 3515 vestra,

235 3533 489 3590 vosmet
530 3523 710 3588 inter
749 3544 875 3589 vos
917 3522 1001 3588 ad
1042 3522 1208 3588 illud
1251 3523 1470 3606 ipsum
1517 3522 1856 3587 exhortari
1871 3572 1888 3601 ,
1950 3520 2125 3604 quod
2168 3542 2209 3587 a

235 3610 420 3676 vobis
455 3629 577 3693 pro
611 3607 1000 3692 impossibili
1035 3609 1337 3675 habetur.
1415 3607 1662 3674 Veniat
1697 3608 1876 3673 enim
1909 3606 1983 3672 in
2019 3628 2207 3673 men·

239 3702 370 3761 tem
411 3702 741 3779 quantum
797 3695 886 3759 sit
937 3693 1106 3759 illud
1149 3695 1432 3775 malum,
1492 3714 1625 3778 quo
1678 3693 1897 3760 adhuc
1953 3692 2205 3759 detine-

239 3782 414 3847 mini.
509 3779 866 3863 Quumque
907 3778 1074 3845 illud
1115 3781 1210 3845 ita
1251 3790 1328 3846 ut
1370 3787 1475 3846 est
1517 3779 2003 3863 persenseritis,
2063 3788 2208 3845 tum

241 3885 281 3931 a
317 3865 611 3932 Domino
669 3866 850 3931 vires
915 3866 1246 3949 postulate
1310 3865 1394 3932 ad
1458 3864 1736 3944 luctam,
1802 3864 2064 3932 etiamsi
2122 3864 2209 3929 ad

238 3953 629 4037 sanguinem
682 3972 891 4034 usque
946 3950 1410 4018 decertandum
1467 3952 1573 4018 sit.
1661 3951 1968 4017 Inducite
2012 3971 2207 4034 porro

237 4036 305 4101 in
347 4039 666 4114 animum,
713 4058 847 4104 non
892 4057 1037 4102 esse
1078 4038 1553 4121 praescriptam
1596 4036 1784 4103 vobis
1829 4037 2027 4102 unius
2073 4034 2206 4102 diei

239 4122 507 4201 luctam,
551 4144 754 4206 quum
799 4143 887 4188 ex
922 4121 1216 4190 Satanae
1259 4124 1549 4190 vinculis
1591 4123 2040 4189 evolaveritis:
2088 4142 2204 4188 ne·

238 4229 359 4292 que
402 4210 598 4276 aliter
638 4209 860 4275 omnia
894 4217 1234 4293 peractum
1275 4209 1359 4275 iri
1399 4210 1701 4295 cogitate,
1744 4228 1944 4292 quam
1987 4208 2064 4287 si,
2108 4207 2207 4274 uti

239 4296 438 4363 semel
481 4294 913 4361 maledictum
956 4294 1119 4360 illud
1166 4295 1341 4379 quod
1377 4296 1562 4362 vobis
1603 4294 1932 4360 incumbit
1971 4293 2206 4379 iugum

240 4382 552 4447 exueritis
568 4431 584 4461 ‚
649 4381 744 4445 ita
800 4381 1000 4446 etiam
1060 4382 1131 4445 in
1186 4391 1416 4447 sancta
1469 4391 1539 4447 et
1593 4387 1778 4447 recta
1832 4380 2207 4447 constantia

237 4466 488 4552 reliqua
524 4465 761 4533 deinde
796 4467 935 4533 vita
968 4468 1296 4551 perstetis.
1367 4466 1586 4533 Nimis
1621 4467 1798 4532 enim
1832 4466 2206 4549 frequentia

239 4565 393 4618 sunt
452 4552 725 4619 illarum
779 4552 1113 4636 exempla,
1179 4573 1348 4637 quae
1402 4552 1733 4619 bullarum
1799 4551 2013 4619 instar
2066 4571 2206 4618 mo-

239 4652 460 4705 mento
514 4659 557 4704 a
611 4639 858 4721 pietate
923 4638 1331 4706 exciderunt.
1419 4641 1644 4722 Atque
1711 4638 1809 4704 ita
1870 4637 1996 4704 sibi
2049 4658 2204 4704 con·

241 4723 465 4791 sulunt
525 4725 840 4808 pessime,
908 4725 1021 4808 qui
1084 4726 1159 4790 in
1215 4746 1367 4791 aere
1432 4725 1799 4791 aedificant.
1885 4723 2032 4789 Iam
2092 4723 2207 4790 ubi

242 4810 408 4877 serio
450 4807 806 4876 meditatae
848 4810 1053 4889 eritis,
1100 4831 1300 4894 quam
1343 4831 1476 4877 non
1521 4810 1744 4875 minus
1788 4807 2072 4875 arduum
2116 4810 2207 4876 sit

241 4896 766 4977 perseverantiae
808 4895 1188 4979 exemplum
1288 4917 1446 4962 uam
1505 4896 1701 4980 plane
1758 4894 2204 4962 necessarium

239 4980 310 5045 in
349 4981 626 5047 Domini
668 4982 1042 5061 vocatione,
1094 4990 1175 5048 ut
1215 4916 1299 5047 αἳ]
1355 4981 1520 5048 illud
1562 4981 2032 5066 praestandum
2077 4982 2205 5045 im-

240 5086 431 5151 pares
471 5066 755 5133 nimium
798 5088 1063 5143 sumus,
1115 5065 1283 5133 illud
1322 5088 1448 5134 vos
1488 5068 1760 5145 excitet,
1819 5077 1896 5132 ut
1936 5065 2019 5132 ad
2064 5068 2206 5133 Do-

242 5151 403 5219 mini
449 5174 643 5237 opem
685 5162 757 5219 et
798 5152 1199 5237 praesidium
1245 5174 1368 5221 vos
1410 5153 1781 5222 conferatis.
1862 5150 1979 5219 Sic
2023 5152 2204 5219 enim

241 5236 430 5305 illum
493 5238 752 5305 abunde
813 5239 1216 5306 instructum
1281 5240 1695 5324 comperietis
1760 5237 1844 5304 ad
1908 5258 2065 5305 suos
2119 5238 2203 5305 ad

243 5325 582 5393 cumulum
636 5345 795 5392 suae
838 5346 997 5410 erga
1047 5325 1228 5409 ipsos
1280 5325 1694 5393 liberalitatis
1734 5321 2202 5409 perducendos,

1880 410 2672 483 SUPPLEMEN'HJM.

4167 420 4297 490 430

2327 602 2429 669 uti
2472 603 2606 669 iam
2649 603 2735 669 ab
2777 603 2922 687 ipso
2962 604 3289 688 primitias
3342 603 3522 672 illius
3576 603 3782 671 semel
3838 613 4294 690 perceperunt.

2325 690 2549 773 Atque
2604 688 2716 756 hic
2774 696 2879 755 est
2932 708 3118 756 meae
3175 688 3260 756 ad
3316 710 3439 757 vos
3494 689 3976 758 exhortationis
4039 712 4295 775 scopus.

2324 773 2655 842 Dominus
2690 773 2882 841 vobis
2927 773 3115 854 adsit,
3163 797 3240 843 ac
3274 787 3534 842 vestras
3575 775 3725 842 illas
3758 796 3928 860 quae
3967 797 4123 842 eum
4156 798 4293 845 non

2324 858 2536 926 latent
2587 862 3004 927 infirmitates
3019 913 3037 941 ,
3101 863 3245 946 ipse
3300 862 3619 946 corrigat,
3685 872 3927 948 augeat
3979 862 4052 928 in
4108 862 4296 930 vobis

2326 945 2503 1012 dona
2558 948 2662 1014 sui
2719 946 3027 1032 spiritus,
3096 948 3391 1013 animum
3437 959 3503 1013 et
3544 949 3724 1014 vires
3781 948 4159 1032 suppeditet
4210 948 4297 1013 ad

2323 1030 2493 1097 illud
2550 1032 2728 1116 quod
2786 1032 2913 1116 ipsi
2967 1034 3233 1117 probari
3284 1032 3552 1099 edoctae
3608 1035 3742 1101 iam
3799 1036 3989 1114 estis,
4048 1055 4293 1118 vosque

2323 1117 2488 1184 adeo
2529 1139 2734 1185 manu
2776 1121 3110 1202 praesenti
3152 1127 3339 1205 regat
3381 1128 3450 1185 et
3491 1127 3825 1205 protegat,
3872 1128 3948 1185 ut
3987 1119 4293 1204 luporum

2323 1203 2512 1357 {3⁰5⁸
2570 1205 2971 1271 inhiantium
3031 1205 3255 1271 fauces
3298 1206 3660 1272 inoffensae
3715 1207 3965 1273 evitare
4009 1206 4292 1290 possitis.

2395 1310 2645 1357 enevae
2703 1296 2886 1355 1554.

3092 1584 3501 1594 ———

3209 1820 3404 1890 4174.

2861 1974 3273 2044 VIRETUS
3318 1973 3758 2042 CALVINO.

2502 2146 2800 2229 Quaeritur
2851 2145 2930 2212 de
2981 2147 3380 2214 adversariis
3434 2167 3705 2230 quorum
3760 2147 4036 2214 ins-natus
4087 2148 4295 2216 indies

2308 2233 2811 2403 Zwetgres
2852 2232 3040 2299 etiam
3053 2283 3068 2314 ‚
3124 2233 3188 2299 si
3228 2253 3389 2317 opus
3437 2233 3635 2315 fuerit
3648 2284 3665 2312 ,
3724 2234 3960 2315 scripto
3999 2233 4294 2317 repellere

2642 2489 2753 2556 (Ex
2791 2490 3134 2560 autographo
3171 2488 3303 2544 Ood.
3340 2489 3545 2544 Genev.
3585 2488 3707 2553 115,
3736 2490 3830 2545 fol.
3866 2489 3977 2558 45.)

2491 2662 3079 2728 Praestantissimo
3135 2661 3292 2728 Iesu
3351 2660 3603 2728 Christi
3664 2681 3858 2728 servo
3916 2662 4002 2727 D.
4047 2663 4286 2730 Ioanni

2315 2746 2600 2814 Calvino
2644 2746 3058 2813 Genevensis
3110 2746 3420 2816 ecclesiae
3474 2749 3724 2832 pastori
3781 2748 4286 2833 vigilantissimo

2314 2834 2506 2900 fratri
2552 2844 2621 2900 et
2663 2843 3076 2919 symmystae
3119 2834 3478 2900 carissimo.
3774 2918 4107 2988 Gemme-

2485 3091 2559 3159 S.
2630 3093 2746 3158 Me
2785 3091 2991 3175 pudet
3031 3091 3403 3175 scriptionis
3436 3112 3637 3175 quam
3678 3094 3883 3160 refert
3924 3094 4035 3160 hic
4075 3094 4284 3160 tabel-

2310 3177 2536 3245 larius.
2626 3177 3027 3261 Quanquam
3070 3198 3206 3244 non
3261 3177 3440 3243 soleo
3497 3186 3883 3264 exspectare
3926 3177 4284 3264 quidquam

2311 3264 2507 3332 valde
2550 3262 3045 3331 accommodum
3102 3259 3301 3329 rebus
3347 3264 3589 3331 uostris
3647 3284 3727 3330 eo
3782 3286 3867 3331 ex
3918 3265 4062 3332 loco
4105 3265 4284 3332 unde

2312 3350 2520 3431 redit,
2588 3349 2794 3418 falsus
2846 3357 3069 3415 tamen
3123 3369 3273 3415 sum
3330 3348 3443 3414 lon
3491 3372 3528 3415 e
3586 3371 3737 3416 mea
3792 3351 4284 3435 exspectatione

2311 3435 2438 3502 hac
2479 3437 2554 3501 in
2597 3457 2814 3504 causa.
2896 3433 3034 3501 Sed
3076 3434 3234 3519 quid
3276 3371 3491 3520 agas?
3549 3436 3683 3503 Hic
3717 3457 3836 3504 nos
3873 3437 4065 3505 docet
4098 3436 4283 3505 Deus

2310 3521 2606 3606 quotidie
2640 3521 3113 3605 copiosioribus
3146 3529 3216 3587 et
3254 3521 3727 3606 insignioribus
3762 3523 4087 3608 exemplis
4122 3521 4284 3608 quid

2310 3608 2396 3673 ab
2461 3606 2844 3674 hominibus
2909 3627 3178 3691 sperare
3244 3606 3619 3675 debeamus.
3709 3604 3892 3676 Satis
3954 3610 4044 3675 sit
4094 3609 4283 3675 vobis

2310 3693 2443 3760 Dei
2488 3695 2737 3761 veritas
2780 3705 2849 3759 et
2889 3700 3070 3760 certa
3111 3693 3547 3773 conscientia,
3605 3715 3803 3778 quam
3848 3694 4070 3762 nullae
4112 3695 4283 3760 infe-

2309 3800 2535 3846 rorum
2595 3788 2826 3864 portae
2883 3799 3174 3862 unquam
3232 3787 3548 3864 poterunt
3601 3780 3988 3847 convellere.
4078 3781 4285 3847 Prae·

2308 3865 2507 3933 video
2566 3865 2725 3950 quid
2780 3864 3068 3931 Satanas
3125 3872 3403 3932 conetur
3418 3915 3434 3946 ,
3491 3866 3596 3932 cui
3642 3886 3773 3932 non
3830 3866 4116 3933 deerunt
4155 3868 4281 3932 mi·-

2309 3952 2521 4018 nistri.
2612 3951 2814 4034 Capti
2866 3960 3024 4017 sunt
3067 3950 3262 4016 multi
3316 3950 3531 4016 taedio
3586 3950 3922 4019 doctrinae
3976 3953 4279 4037 purioris.

2309 4036 2520 4121 Digni
2563 4046 2724 4103 sunt
2765 4036 2914 4103 aliis
2956 4036 3315 4121 prophetis.
3402 4036 3750 4115 Dominus,
3796 4037 3912 4122 qui
3956 4036 4280 4105 hactenus

2309 4142 2501 4189 suam
2558 4123 2916 4189 veritatem
2976 4121 3341 4189 vindicavit
3397 4123 3481 4189 ab
3538 4123 3846 4191 omnibus
3901 4123 4160 4189 insidiis
4205 4134 4282 4189 ut

2309 4217 2380 4275 et
2422 4208 2783 4293 tyrannide
2827 4208 3191 4287 bominum,
3235 4228 3384 4273 eam
3425 4228 3562 4274 non
3600 4216 3945 4293 pateretur
3978 4228 4279 4276 succum-

2309 4294 2485 4360 bere.
2573 4292 2711 4361 Sed
2753 4314 2875 4360 nos
2930 4295 3184 4360 interea
3225 4301 3486 4378 oportet
3528 4295 3824 4362 exerceri
3866 4304 3944 4362 ut
3985 4316 4069 4360 ex
4124 4314 4279 4360 con·

2307 4379 2493 4446 flictu
2537 4379 2886 4466 gloriosior
2928 4390 3250 4464 exsurgat
3290 4380 3595 4447 veritatis
3630 4381 3921 4448 victoria.
3993 4380 4279 4447 Necesse

2309 4475 2408 4531 est
2474 4466 2630 4549 plus
2696 4465 2871 4531 laedi
2921 4465 3326 4565 ‚plerumq-ue
3379 4465 3512 4532 Dei
3574 4465 3748 4534 filios
3803 4488 3844 4531 a
3901 4465 4278 4533 domesticis

2307 4572 2511 4705 iffi
2550 4550 3414 4721 ’ἔηὲἶηὶηὲὲῃιῗηᾚωὲἒῑ
3436 4574 3521 4704 ⁶}
3565 4564 4065 4723 ῗοὲὲμέἒὲθ
4097 4571 4278 4703 3353

2308 4723 2489 4806 Quid
2532 4722 2724 4790 nobis
2783 4721 3096 4790 acciderit
3135 4742 3177 4787 a
3218 4724 3445 4807 paucis
3487 4723 3720 4790 diebus
3762 4744 3847 4789 ex
3890 4724 4016 4790 hoc
4066 4722 4277 4789 tabel—

2307 4809 2474 4875 lario
2552 4809 2915 4894 intelliges,
2995 4808 3168 4892 quod
3244 4808 3525 4875 obsistat
3586 4809 3944 4893 quominus
4006 4806 4091 4874 ad
4154 4829 4278 4877 vos

2306 4894 2566 4980 publice
2608 4895 2953 4962 scribatur.
3043 4894 3108 4960 Ν
3110 4914 3195 4959 on
3250 4895 3602 4961 statuimus
3659 4895 3784 4963 hoc
3841 4892 4276 4973 dissimulare,

2308 5001 2699 5065 quocunque
2733 4980 3001 5046 tandem
3044 4980 3184 5046 sint
3221 5000 3330 5047 res
3362 5001 3653 5047 casurae.
3725 4980 3862 5049 Sed
3896 4980 4052 5065 quia
4085 4998 4277 5046 vere-

2305 5068 2543 5133 bamur
2585 5086 2672 5132 ne
2716 5067 2996 5133 maiores
3035 5065 3230 5132 vobis
3284 5073 3353 5131 et
3393 5067 3583 5134 nobis
3638 5064 3870 5133 turbas
3913 5064 4275 5131 concitare-

2304 5173 2488 5254 mus,
2546 5151 2825 5238 plusque
2866 5173 3253 5252 noceremus
3292 5172 3530 5219 causae
3570 5172 3770 5238 quam
3813 5150 4278 5237 prodessemus

2307 5246 2553 5391 5223?
2570 5248 2864 5408 ,23:³55ss
2887 5237 3758 5410 ,Ἣίἒῖἳίωιῖςὲξῗὲἕὲ
3807 5234 4283 5408 {xxa-55¹2.
