4900 6125
334 467 448 526 149

328 648 519 715 Aussi
565 668 652 714 on
696 648 774 713 fit
819 646 1097 713 61661166
1144 644 1226 710 (16
1270 655 1492 711 666116
1534 646 1703 710 frere
1747 642 2058 727 Juquetus
2109 666 2279 728 pour

325 734 419 800 166
461 734 730 818 Bernay
778 754 862 799 en
906 732 1207 800 labsence
1252 731 1333 797 de
1376 731 1484 796 feu
1542 730 1623 795 de
1688 730 1905 796 bonne
1960 731 2279 798 memoire

326 820 450 886 Mr.
511 819 712 886 Helie.
801 818 875 884 Ie
942 827 1188 883 remetz
1238 817 1304 883 le
1367 824 1514 882 tout
1572 837 1612 881 a
1663 815 1732 882 la
1791 815 2142 885 discretiori
2197 816 2278 883 (16

324 927 461 972 1666
516 903 848 973 1166611616
924 904 1133 969 freres
1194 912 1403 986 quant
1469 922 1509 966 a
1573 901 1897 968 l’election
1976 901 2057 969 (16
2121 922 2279 968 6166

324 1011 716 1059 successeur.
803 989 939 1056 Gar
983 998 1186 1073 quant
1229 998 1332 1055 est
1376 988 1458 1055 (16
1503 1010 1656 1073 moy
1696 996 1764 1054 61
1806 988 1888 1054 (16
1924 1010 2080 1055 6166
2114 1010 2278 1054 vou-

322 1076 444 1144 loir
493 1081 550 1143 ’6
595 1077 706 1162 lay
752 1075 1053 1156 declaire,
1109 1096 1234 1159 que
1284 1077 1387 1162 ‘ay
1423 1077 1497 1159 ja
1553 1073 1652 1139 dit
1693 1095 1734 1139 a
1774 1094 1935 1140 mon
1978 1094 2279 1158 compete

320 1162 380 1230 le
513 1183 703 1249 oyen.
727 1165 785 1246 ⁸)
882 1160 968 1229 Je
1038 1183 1202 1246 prye
1291 1182 1328 1227 6
1393 1160 1525 1226 bon
1633 1181 1743 1225 ere
1807 1161 2049 1226 celeste
2113 1179 2279 1227 vous

319 1249 632 1315 conduire
686 1255 753 1314 et
805 1267 969 1314 nous
1026 1254 1176 1314 tous
1232 1267 1352 1330 par
1409 1267 1529 1312 son
1646 1295 1661 1309 .
1720 1246 1955 1330 Esprit
2017 1267 2057 1310 a
2114 1246 2278 1312 faire

319 1355 389 1401 sa
430 1336 650 1401 bonne
683 1334 965 1412 volonte,
1012 1355 1117 1398 me
1154 1331 1693 1401 recommandant
1727 1355 1769 1397 a
1802 1339 2026 1398 vostre
2060 1332 2277 1398 bonne

316 1440 511 1504 grace
555 1429 624 1487 61
666 1420 747 1486 (16
790 1420 857 1486 16
900 1442 1053 1486 6661
1096 1439 1209 1484 166
1251 1418 1468 1484 bonne
1513 1439 1856 1495 commere,
1916 1417 1983 1482 la
2027 1438 2277 1484 remer-

316 1506 491 1572 ciant
561 1505 675 1574 des
742 1515 925 1592 troya
989 1505 1222 1590 boytes
1280 1503 1495 1587 quelle
1554 1524 1665 1568 ma
1721 1524 2066 1588 envoyees.
2170 1504 2276 1570 De

314 1591 594 1659 Mostier
637 1612 677 1657 a
719 1592 907 1658 haste
952 1613 1023 1658 66
1070 1595 1107 1654 3
1157 1590 1499 1657 decembre
1550 1593 1730 1657 1561.

727 1729 971 1796 Vostrc
1015 1729 1285 1795 humble
1329 1729 1502 1794 frere
1546 1729 1876 1796 serviteur
1918 1736 1987 1793 61
2032 1749 2187 1813 amy

1180 1901 1274 1967 M.
1314 1814 1789 2002 ἕξᾜθῖιιίιωο.

1076 2195 1485 2206 ——--—

1190 2411 1388 2484 8688.

834 2568 1244 2637 VIRETUS
1289 2565 1729 2636 OALVINO.

472 2742 938 2810 Nemausensi-s
975 2741 1230 2807 ecclesia
1262 2743 1336 2807 in
1366 2742 1657 2806 diversas
1703 2744 1923 2821 partes
1954 2740 2267 2807 distracta

300 2849 477 2913 quom
561 2827 737 2893 haba
790 2848 915 2909 pro
979 2832 1248 2910 mpure
1309 2827 1673 2892 ministrum
1733 2827 1949 2891 minus
2011 2825 2267 2891 libenter

300 2916 478 2982 audit
543 2919 600 2980 et
656 2914 873 2996 ipsum
928 2913 1198 2979 retinere
1252 2912 1402 2988 vult,
1470 2912 1667 2978 simul
1708 2911 1867 2977 alibi
1908 2912 2261 2992 expetitum.

300 3000 573 3068 Iuvenes
614 3000 882 3067 studiosi
919 2999 1102 3065 multi
1152 3004 1207 3065 et
1249 2998 1414 3075 boni,
1460 2998 1547 3065 ad
1588 2997 2011 3065 monisterium
2051 3017 2266 3079 capes-

297 3089 564 3155 mam
596 3088 820 3169 parati
852 3088 1151 3152 rariores.

296 3260 403 3327 (Ex
446 3256 836 3327 authographo
880 3256 1014 3311 Ood.
1063 3256 1269 3312 Genev.
1317 3255 1445 3309 111·
1515 3255 1607 3312 fol.
1658 3253 1773 3309 120.
1821 3282 1887 3293 -
1942 3253 2266 3310 8666611616

299 3328 641 3398 exemplaria
676 3326 919 3395 reperies
951 3326 1010 3379 in
1046 3324 1175 3380 Cod.
1226 3322 1344 3390 116,
1394 3296 1485 3380 sol.
1523 3323 1652 3392 1303
1688 3326 1744 3378 in
1782 3323 1923 3394 Epp.
1963 3325 2125 3378 Bern.
2173 3322 2263 3377 VI.

984 3398 1042 3447 61
1075 3411 1164 3464 ap.
1199 3392 1491 3447 Simlerum
1525 3392 1646 3447 Vol.
1700 3391 1840 3461 102.)

727 3412 780 3464 p.
819 3393 944 3461 916,

466 3566 859 3633 Clarissimo
908 3565 1048 3631 viro
1085 3563 1169 3629 D.
1208 3563 1443 3630 Ioanni
1482 3563 1819 3714 (3611166ὸ

1823 3669 2086 3715 666166.

466 3824 546 3890 S.
608 3822 824 3888 Valde
869 3843 1017 3888 sum
1061 3820 1381 3887 sollicitus
1439 3843 1564 3905 quo
1621 3826 1814 3904 pacto
1861 3840 1967 3884 me
2011 3840 2095 3884 ex
2139 3819 2265 3885 1166

299 3912 456 3977 urbe
519 3907 888 3992 expediam,
956 3927 1163 3989 quum
1216 3906 1559 3972 advenerit
1614 3919 1873 3988 tempus
1927 3925 2055 3989 quo
2101 3904 2265 3970 mihi

296 4001 421 4062 erit
479 3995 748 4079 longius
803 3991 1378 4078 progrediendum,
1445 3991 1530 4058 ad
1588 3989 2034 4074 peragendam
2077 4012 2264 4074 pere·

299 4082 740 4166 grinationem
764 4085 818 4159 ¹)
863 4078 947 4143 de
968 4099 1097 4162 qua
1140 4078 1317 4144 inter
1361 4098 1483 4143 nos
1527 4076 2056 4143 deliberavimus.
2116 4077 2262 4142 Ma—

345 4168 357 4181 '
444 4176 653 4251 auget
705 4164 1209 4231 sollicitudinem
1266 4161 1442 4247 quod
1499 4162 1715 4229 desint
1756 4161 2046 4227 ministri
2100 4182 2263 4245 quos

299 4188 648 4320 fficedens
706 4251 815 4316 hic
857 4249 1239 4333 relinquam.
1330 4248 1504 4315 Nam
1565 4246 1891 4314 Martinus
1909 4245 1966 4333 ²)
2018 4248 2132 4331 qui
2177 4247 2261 4313 ad

298 4337 781 4405 Merindolinos
841 4337 1083 4401 missus
1124 4334 1345 4400 fuerat
1386 4334 1604 4400 noluit
1644 4354 1716 4401 66
1757 4332 1911 4398 11616
1952 4332 2263 4399 ecclesiae

299 4425 628 4501 addicere,
695 4421 867 4506 quod
925 4421 1231 4486 statuerit
1284 4421 1503 4486 natale
1560 4419 1773 4486 solum
1829 4420 2116 4486 revisere
2176 4441 2260 4486 ne

296 4511 603 4596 ingratus
679 4509 751 4573 in
822 4507 1105 4591 patriam
1172 4524 1315 4573 6666
1381 4506 1702 4572 videatur.
1812 4503 2260 4585 Quamobrem

298 4596 552 4662 exactis
599 4593 912 4678 hybernis
956 4592 1290 4658 mensibus
1336 4612 1411 4657 eo
1456 4593 1584 4658 iter
1618 4591 1910 4674 arripere
1945 4590 2254 4672 decrevit,

298 4702 516 4766 neque
573 4680 682 4746 1116
739 4688 877 4744 tam
937 4679 1049 4744 diu
1093 4678 1417 4744 haesisset
1460 4678 1585 4743 nisi
1630 4677 1816 4742 illum
1859 4698 2045 4743 meus
2102 4678 2258 4744 reti-

614 4970 1258 5095 {mumadam
1290 5039 1463 5118 cydare
1495 5036 1563 5119 d?
1595 5038 1791 5119 §tinere
1818 5038 2129 5118 φἐιωωήο
2158 5054 2262 5107 per

519 5115 620 5164 aut
648 5109 837 5190 plures
870 5108 1125 5164 666166166
1155 5106 1374 5161 onum
1405 5104 1785 5161 1161161666116
1817 5105 2261 5190 11661Ν611166-

520 5183 737 5233 mau-
772 5192 834 5231 οη
869 5181 1112 5231 transitu
1156 5181 1428 5257 tumeret.
1504 5174 1590 5230 M.
1630 5174 1942 5233 Februario
1980 5175 2115 5232 1562
2146 5178 2262 5243 fust

661 5243 981 5311 Pete-dono,
1022 5245 1124 5327 ⁸ubi
1182 5250 1537 5325 concionatur
1586 5249 1670 5299 661
1720 5260 1775 5299 6.
1827 5244 1879 5299 d.
1938 5244 2079 5301 XII.
2143 5246 2258 5301 Gal.

615 5312 935 5439 am.
964 5310 1580 5447 ..amm-5.
1595 5311 1828 5439 {ma-2
1829 5424 1841 5437 .

507 4970 543 5093 0-oe

300 5125 487 5369 ἓξὲξ

372 5246 609 5451 ..ἐξ

2034 460 2194 522 1561
2243 455 2652 524 DECEMB.

4231 463 4356 528 160

2383 647 2638 713 unisset
2680 645 3020 714 adventus.
3110 645 3347 731 Itaque
3387 646 3566 713 66166
3624 646 4032 730 relinquetur
4087 646 4354 733 1116696-

2380 737 2502 811 tue,
2527 733 2583 817 ³)
2629 732 2734 798 vir
2775 741 2950 800 certe
2995 730 3226 799 doctus
3269 740 3339 798 et
3381 732 3528 815 pius
3572 739 3641 798 61
3682 740 3994 800 66661666
4030 740 4099 798 61
4132 733 4352 798 16661-

2382 825 2637 902 ruptus,
2715 818 2789 883 in
2861 839 2990 902 quo
3058 819 3175 884 vix
3239 817 3599 903 quidquam
3663 817 4037 886 desiderare
4098 818 4351 903 possim

2382 924 2583 987 quam
2625 905 2945 970 maiorem
2987 905 3060 969 in
3104 902 3379 971 dicendo
3424 903 4014 988 promptitudinem
4047 911 4116 972 et
4150 904 4351 971 vehe-

2381 990 2714 1055 mentiam.
2804 989 2996 1057 Nosti
3050 997 3277 1055 autem
3319 1011 3518 1074 quam
3563 989 3855 1057 delicatis
3898 991 4035 1057 6161
4075 991 4351 1057 auribus

2381 1077 2493 1159 qui
2536 1078 2784 1160 primas
2820 1076 2929 1143 hic
2963 1076 3035 1140 in
3071 1075 3313 1160 populo
3349 1084 3417 1141 61
3449 1077 3519 1142 16
3556 1076 3831 1143 66616616
3866 1083 4088 1143 166616
4121 1074 4353 1144 viden-

2380 1171 2512 1228 tur.
2590 1162 2744 1228 Huc
2789 1160 3041 1229 accedit
3075 1160 3378 1228 simultas
3413 1169 3572 1228 nata
3606 1183 3692 1228 ex
3727 1162 4145 1228 contentione
4181 1182 4352 1246 quae

2384 1247 2558 1314 hanc
2605 1246 2917 1314 distraxit
2960 1247 3303 1314 ecclesiam
3344 1247 3414 1313 in
3452 1246 3746 1314 diversas
3782 1255 4021 1330 partes,
4070 1268 4354 1332 quarum

2380 1332 2499 1398 alii
2543 1332 2867 1400 Matonem
2888 1338 2944 1411 ⁴)
2988 1334 3370 1399 ministrum
3413 1331 3657 1400 habere
3700 1332 4029 1414 volebant,
4089 1331 4204 1399 alii
4245 1354 4352 1400 re-

2380 1418 2716 1485 cusabant.
2804 1419 2939 1501 Qui
2984 1418 3273 1486 Mutonis
3328 1425 3551 1502 partes
3606 1418 4027 1486 sustinebant
4070 1441 4111 1485 a
4152 1418 4350 1485 Mau-

2374 1510 2513 1589 9eto
2554 1503 2822 1572 alienati
2866 1514 3028 1572 sunt
3069 1514 3136 1570 et
3176 1526 3296 1571 666
3343 1505 3647 1589 exemplo
3687 1503 3851 1571 alios
3889 1525 4086 1588 quam
4146 1505 4348 1589 pluri-

2380 1612 2523 1656 mos
2558 1590 2641 1656 ab
2683 1612 2760 1657 66
2796 1591 3366 1657 abalienaverunt:
3430 1612 3558 1674 quo
3604 1592 3685 1656 fit
3727 1599 3803 1656 ut
3837 1611 4066 1655 rarum
4109 1590 4350 1657 habeat

2380 1674 2797 1752 auditorium,
2842 1676 3107 1760 quando
3151 1676 3487 1742 auditores
3520 1676 4067 1742 concionaturum
4098 1674 4347 1741 intelli-

2377 1771 2567 1913 gunt.
2649 1762 2840 1844 Quae
2884 1764 3253 1828 animorum
3298 1761 3605 1829 alienatio
3648 1770 3718 1828 et
3772 1763 4034 1828 aurium
4080 1760 4347 1828 delitiae

2444 1848 2632 1913 ciunt
2673 1857 2750 1914 ut
2785 1848 2892 1914 vir
2934 1847 3144 1914 bonus
3181 1868 3580 1934 magnopere
3624 1848 3845 1914 animo
3879 1847 4230 1927 crucietur,
4268 1869 4346 1915 ac

2377 1933 2601 2000 minus
2669 1933 2905 2000 alacris
2970 1955 3088 2000 suo
3149 1934 3472 2018 fungatur
3529 1934 3765 2013 officio,
3845 1933 4110 2017 quando
4165 1933 4350 2000 videt

2375 2040 2533 2085 suos
2609 2019 2866 2086 labores
2928 2018 3055 2086 hac
3117 2019 3618 2105 ingratitudinis
3683 2019 3985 2085 mercede
4050 2018 4343 2104 rependi.

2376 2104 2652 2189 Quapro
2700 2113 2804 2170 ter
2859 2107 3003 2189 ipse
3060 2126 3315 2189 quoque
3371 2105 3750 2172 missionem
3810 2112 4036 2189 petere
4078 2106 4345 2192 cogitat,

2375 2191 2505 2258 nisi
2548 2211 2633 2256 an
2680 2192 2881 2257 itores
2922 2199 3185 2256 mutent
3226 2192 3483 2258 animos
3527 2199 3596 2257 et
3637 2192 3891 2260 fructus
3931 2191 4156 2258 videat
4204 2213 4344 2258 me-

2374 2277 2505 2341 lius
2559 2276 2893 2343 laboribus
2948 2275 3346 2361 respondere
3401 2297 3598 2360 quam
3641 2276 3981 2343 hactenus.
4069 2278 4218 2363 Ego
4262 2277 4343 2342 il-

2373 2360 2505 2428 lius
2539 2383 2805 2429 causam
2840 2382 3037 2446 saepe
3071 2364 3196 2448 egi,
3242 2370 3311 2428 et
3344 2362 3660 2446 privatim
3694 2376 3762 2429 61
3794 2363 4072 2447 publice,
4102 2371 4341 2430 taxans

2373 2449 2636 2515 aurium
2674 2448 2935 2514 delitias
2969 2455 3034 2514 et
3069 2447 3618 2533 ingratitudinem
3654 2469 3820 2532 quae
3854 2449 4092 2515 merito
4127 2450 4340 2517 homi-

2371 2554 2526 2600 nem
2586 2535 2986 2602 excruciant.

2546 2619 2743 2701 Quod
2800 2619 2884 2686 ad
2942 2641 3049 2685 me
3104 2620 3361 2698 attinet,
3421 2619 3537 2686 vix
3579 2620 3706 2686 sibi
3751 2619 4145 2704 persuadere
4187 2643 4339 2706 pos-

2373 2717 2543 2806 sunt·
2575 2727 2683 2771 me
2714 2705 2884 2807 ,11166
2925 2706 3280 2784 abiturum,
3326 2706 3627 2805 quamvis
3663 2705 3789 2806 1166
3822 2707 4042 2791 ipsum
4075 2709 4339 2791 saepius

2373 2792 3526 2944 {ffltffsmeltmdrnoi‘asol’iabereabatssas
3542 2790 4340 2961 ffifflzlrffigfizmgns:

2375 2962 2635 3028 vatibus
2680 2962 3075 3047 persuadere
3117 2963 3389 3047 possint,
3434 2971 3512 3028 ut
3553 2984 3661 3029 me
3705 2963 3816 3030 hic
3873 2964 4123 3031 diutius
4177 2963 4336 3031 hae-

2373 3070 2520 3115 rere
2579 3050 2932 3133 patiantur.
3036 3048 3185 3134 Ego
3237 3048 3517 3115 dissuasi
3575 3072 3659 3116 ne
3715 3048 3841 3117 1166
3899 3050 4147 3117 frustra
4189 3060 4335 3119 ten-

2372 3143 2610 3213 tarent,
2647 3135 3088 3219 admonuique
3131 3154 3369 3218 parum
3411 3142 3672 3219 gratam
3707 3136 3850 3203 fore
3875 3137 4337 3204 Genevatibns

2371 3219 2767 3305 legationem
2809 3242 3006 3304 quam
3051 3219 3225 3287 hanc
3268 3219 3353 3286 ob
3394 3241 3660 3288 causam
3696 3244 3767 3289 se
3801 3222 4120 3291 missuros
4154 3226 4334 3290 affir-

2372 3305 2661 3372 mabant.
2751 3305 2933 3387 Quid
2978 3306 3215 3372 facturi
3260 3307 3398 3372 sint
3441 3309 3679 3387 nescio,
3746 3310 3878 3375 nisi
3921 3309 4091 3393 quod
4136 3308 4335 3376 audio

2372 3391 2521 3458 illos
2566 3393 2636 3456 in
2680 3390 2805 3458 hac
2848 3393 3194 3475 persistere
3237 3393 3583 3473 sententia,
3636 3415 3713 3461 ac
3759 3402 4020 3461 tantum
4064 3417 4332 3479 exspec-

2372 3484 2518 3543 tare
2577 3477 2783 3544 donec
2841 3496 3046 3543 novos
3110 3477 3414 3545 consules
3474 3479 3778 3559 crearint‚
3858 3482 3970 3565 qui
4031 3483 4333 3564 proximo

2371 3561 2648 3629 Saturni
2693 3562 2800 3628 die
2843 3561 3112 3628 creandi
3147 3574 3322 3630 sunt.
3391 3564 3662 3631 Interea
3693 3586 3937 3651 urgeor
3972 3566 4334 3633 vehemen-

2370 3658 2474 3714 ter
2530 3669 2571 3713 a
2626 3647 2853 3715 multis
2916 3648 3207 3714 ecclesiis
3265 3659 3342 3714 nt
3381 3651 3563 3734 ipsas
3607 3652 3914 3728 invisam,
3956 3653 4248 3719 maxime
4291 3675 4333 3719 a

2367 3733 2939 3817 Monspessulana,
2996 3734 3454 3801 Montaubana
3511 3745 3578 3802 et
3633 3737 4013 3803 Aureliana.
4112 3742 4330 3806 Aure-

2367 3819 2528 3885 liani
2573 3830 2812 3905 rogant
2853 3840 2940 3886 ne
2984 3821 3091 3887 cui
3135 3841 3242 3886 me
3284 3821 3596 3887 ecclesiae
3638 3823 3736 3888 ita
3768 3825 4134 3909 astringam
4211 3827 4332 3891 uin

2366 3904 2660 4056 morali
2707 3904 2959 3990 synodo
3002 3907 3323 3973 interesse
3365 3908 3614 3991 possim
3627 3908 3688 3991 ὅ)
3733 3929 3901 3992 (1666
3944 3910 4028 3975 ad
4086 3846 4327 3977 Deflen-

2544 3992 2758 4057 Maias
2813 4002 3220 4058 conventura
3273 4000 3376 4058 est
3432 3993 3790 4059 Aureliam.
3879 3995 3972 4060 Et
4018 3998 4330 4080 qnoniam

2367 4076 2683 4161 Synodus
2741 4076 3165 4160 provincialis
3224 4076 3692 4145 Oscitanorum
3749 4080 4054 4146 habenda
4095 4094 4199 4150 est
4243 4084 4330 4150 ad

2366 4161 2696 4228 calendas
2755 4162 3174 4239 Februarias,
3225 4162 3522 4229 Oscitani
3567 4166 3854 4232 ministri
3898 4167 4327 4235 vehementer

2363 4250 2642 4332 cupiunt
2683 4258 2761 4314 ut
2802 4257 2869 4315 et
2914 4248 3070 4314 huic
3104 4249 3333 4315 adsim.
3359 4248 3413 4336 ο)

2537 4334 2722 4401 Η666
2772 4345 2929 4401 6661
2983 4353 3152 4418 (1666
3217 4343 3284 4400 16
3348 4334 3417 4401 16
3482 4334 3855 4420 praesentia
3919 4338 4087 4405 scire
4144 4338 4325 4406 volui

2363 4430 2438 4484 ut
2481 4429 2596 4485 tuo
2640 4442 2747 4486 me
2783 4421 2855 4486 in
2898 4420 3206 4486 omnibus
3243 4420 3516 4487 consilio
3553 4423 3832 4490 iuvares.
3906 4423 4079 4489 Nam
4113 4425 4325 4491 multo

2360 4504 2645 4572 alacrius
2688 4504 2845 4571 hinc
2889 4504 3309 4585 discederem,
3375 4508 3431 4573 si
3478 4507 3661 4591 prius
3698 4509 3864 4575 bene
3905 4521 4326 4593 prospectum

2362 4598 2537 4657 esset
2600 4592 2754 4658 huic
2818 4591 3130 4659 ecclesiae
3194 4611 3270 4657 ac
3335 4592 3679 4661 ministros
3744 4593 4018 4662 haberet
4082 4596 4196 4679 qui
4261 4597 4322 4664 61

2362 4751 2550 4758 ———
2641 4747 2768 4757 -0-—0

2468 4901 2499 4913 ..
2570 4830 2630 4898 3)
2666 4830 2805 4885 Post
2847 4829 3145 4912 6166666616
3190 4831 3366 4912 Virdo·
3400 4830 3794 4916 consistorium
3841 4848 3883 4916 6
3918 4830 4326 4914 Ges-equum

2354 4898 3621 4971 peaautLasourcespmmoeemuae-qm
3657 4902 4322 4963 sanamus-uocale-

2363 4971 2482 5024 Μ
2571 5036 2633 5099 4)
2655 4969 2852 5103 ε’ἶἽύ.
2887 4967 3313 5093 malm
3401 5078 3416 5092 .

2569 5105 2801 5188 5)·Non
2843 5104 3119 5173 interfuit.
3195 5105 3464 5189 ‚Synodus
3508 5106 3779 5163 celebrata
3819 5108 3933 5174 fuit
3976 5126 4030 5190 6.
4067 5111 4120 5166 d.
4184 5112 4321 5167 VII.

2365 5174 2483 5237 Cal.
2525 5174 2735 5258 1116166,
2771 5183 3148 5257 quo-tempore
3180 5192 3299 5260 apae
3336 5175 3674 5245 Luydumm
3709 5191 3767 5231 66
3798 5178 4042 5233 contum.
4081 5249 4091 5260 1
4289 5253 4304 5265 ο

2361 5316 2532 5397 ...ως
2557 5244 3456 5384 ,ἳέφῗοώωαΐωῗῗὸῗὲξέὲω
3472 5245 3724 5370 ’ἕω
3723 5248 3794 5369 ἒ*
3808 5253 4327 5438 ᾅὲζῗὲιῗῖὖέὶ

2364 5388 2415 5439 σε
2464 5384 2613 5440 Vtrae
2645 5397 2701 5453 p,
2736 5382 2823 5438 49.
2887 5384 3057 5454 Haay
3091 5385 3184 5438 IX.
3221 5383 3345 5438 615.
3418 5382 3665 5438 Μένωνά
3698 5383 3788 5439 IV.
3929 5390 3973 5450 .)

3806 5470 3905 5524 10*
