4900 6125
325 397 452 462 521

505 583 890 652 Clarissimo
950 585 1097 652 viro
1137 584 1226 652 D.
1269 584 1507 652 Ioanni
1552 584 1837 653 Calvino
1882 583 2300 652 Geneveusis

327 669 645 737 ecelesiae
707 671 960 756 pastori
1027 669 1207 737 fideli
1272 670 1541 738 domino
1618 669 1890 739 colendo
1966 680 2035 736 et
2109 669 2300 736 fratri

327 774 671 824 carissimo
710 777 851 824 suo.
1904 841 2127 909 Geuff·

506 1011 579 1079 S.
613 1013 701 1080 D.
772 1013 918 1080 Nisi
962 1021 1368 1099 opportunus
1416 1014 1525 1082 hic
1567 1013 1852 1080 nuncius
1894 1013 1977 1079 ad
2021 1032 2143 1080 vos
2184 1012 2300 1080 ab-

323 1100 479 1177 iret,
523 1119 657 1165 non
699 1099 969 1168 fuissem
1013 1101 1130 1167 tibi
1175 1100 1494 1167 molestus
1534 1100 1724 1166 brevi
1765 1099 1891 1167 boc
1931 1119 2082 1165 meo
2125 1099 2299 1182 epis-

323 1184 514 1251 tolio.
583 1189 680 1251 At
719 1186 1061 1253 commode
1112 1208 1233 1271 per
1289 1185 1469 1252 hunc
1509 1185 1760 1269 poteris
1811 1184 2173 1251 rescribere
2217 1182 2300 1250 de

319 1269 533 1336 rebus
576 1270 854 1350 Galliae,
902 1271 985 1337 de
1029 1272 1271 1356 quibus
1313 1293 1517 1356 quum
1562 1270 1964 1338 nunciantur
2005 1271 2077 1335 in
2123 1269 2296 1336 diem

319 1356 726 1434 tristissima,
772 1359 1069 1424 maxima
1109 1379 1215 1424 me
1257 1359 1557 1425 afficiunt
1599 1356 1921 1423 molestia.
1993 1357 2299 1423 Moerore

313 1448 596 1508 tantum
653 1464 789 1509 non
843 1444 1169 1510 conficior.
1262 1444 1468 1511 Dolet
1522 1464 1609 1509 ex
1666 1442 1890 1509 animo
1947 1442 2297 1508 veritatem

319 1527 794 1613 blasphemari,
839 1528 1276 1595 idololatriam
1321 1530 1602 1606 restitui,
1658 1539 1922 1595 sanctos
1963 1527 2096 1594 Dei
2139 1547 2297 1595 con-

317 1614 609 1680 fessores
652 1623 720 1679 et
760 1615 1073 1681 miseram
1117 1615 1527 1699 plebeculam
1569 1613 1848 1681 barbara
1891 1614 2161 1681 saevitis
2203 1614 2300 1678 ita

317 1699 570 1764 misere
603 1700 937 1780 trucidari,
981 1721 1059 1766 ac
1091 1701 1330 1785 impios
1364 1709 1707 1785 tantopere
1739 1700 2093 1766 exsultare.
2161 1699 2299 1765 Ve-

317 1805 481 1850 rum
526 1784 901 1851 huiusmodi
946 1785 1249 1871 querelas
1284 1786 1528 1853 multas
1562 1788 1816 1871 cogeris
1860 1785 2090 1852 audire
2133 1805 2296 1869 quo-

317 1870 512 1948 tidie,
569 1870 749 1936 unde
791 1873 1028 1937 merito
1073 1871 1363 1938 dolorem
1421 1872 1544 1938 tibi
1603 1891 1846 1957 augere
1890 1893 2024 1936 non
2069 1869 2295 1937 debeo.

317 1954 617 2022 Oremus
673 1958 1037 2023 Dominum
1104 1979 1189 2024 ne
1254 1980 1375 2024 nos
1431 1958 1691 2024 deserat
1752 1958 1821 2021 in
1885 1966 2299 2041 perpetuum.

315 2041 754 2108 Mendacium
808 2044 919 2109 vel
966 2043 1281 2112 Mendoea
1334 2043 1594 2130 legatus
1638 2042 1937 2110 Gallicus
1992 2043 2160 2127 petit
2214 2042 2298 2108 ab

315 2131 366 2192 8
416 2126 847 2209 Cantonibns,
905 2128 1125 2196 adbuc
1180 2135 1221 2194 8
1278 2131 1503 2215 signa:
1539 2133 1590 2208 ¹)
1650 2150 1817 2213 quae
1875 2149 1982 2195 res
2037 2149 2146 2193 me
2190 2138 2298 2194 ut·

315 2234 591 2296 cunque
655 2214 1049 2282 consolatur.
1143 2215 1221 2282 Si
1279 2217 1456 2282 enim
1513 2235 1621 2282 res
1685 2215 2098 2299 papistarum
2158 2223 2298 2279 tam

315 2298 553 2366 felices
597 2311 772 2378 sunt,
818 2310 896 2366 ut
937 2299 1340 2386 praedicant,
1386 2300 1542 2385 quid
1577 2321 1846 2367 necesse
1888 2309 2009 2378 est,
2054 2320 2298 2384 angere

314 2385 742 2452 exercitum?
833 2386 938 2452 De
981 2386 1220 2472 Anglis
1262 2386 1431 2452 nihil
1474 2385 1758 2469 amplius
1799 2385 2016 2452 audio.
2035 2389 2091 2463 ²)
2161 2386 2297 2450 Ve-

317 2491 478 2536 reor
522 2491 698 2537 vana
740 2492 887 2537 esse
930 2491 1097 2555 quae
1141 2473 1455 2539 nunciata
1510 2481 1673 2538 sunt
1715 2471 1798 2537 de
1839 2473 2138 2556 ipsorum
2182 2469 2299 2535 ad-

320 2565 554 2622 ventu.
625 2556 721 2622 Et
776 2557 1148 2624 Germanos
1203 2568 1354 2642 post
1409 2559 1650 2624 festum
1703 2558 1940 2623 venire
1991 2558 2212 2623 timeo.
2236 2559 2295 2631 ⁸)

319 2641 500 2708 Nam
536 2641 647 2708 hic
682 2642 923 2710 dicitur
956 2664 1075 2727 pro
1116 2654 1315 2724 certo,
1357 2643 1702 2710 Aureliam
1747 2642 2139 2732 gravissime
2182 2642 2296 2708 ob-

321 2727 545 2794 sideri.
571 2727 627 2813 ⁴)
693 2729 967 2796 Utinam
1032 2728 1326 2796 feliciora
1379 2750 1422 2795 a
1478 2736 1546 2794 te
1610 2728 1876 2795 audiam
1934 2750 2055 2813 per
2117 2727 2297 2794 hunc

318 2813 688 2894 Polonum,
745 2816 859 2899 qui
915 2814 1101 2880 brevi
1157 2814 1242 2882 ad
1299 2836 1423 2882 nos
1476 2813 1736 2881 redibit.
1762 2819 1816 2894 ⁶)
1885 2813 2296 2882 Commendo

319 2900 544 2984 ipsum
590 2909 743 2966 tuae
786 2900 1210 2968 humanitati.
1281 2901 1459 2967 Nam
1492 2901 1600 2968 vir
1641 2909 1743 2966 est
1786 2901 1994 2968 bonus
2037 2909 2106 2965 et
2148 2899 2298 2966 doc-

317 2985 541 3052 trinae
599 2995 863 3052 nostrae
921 2985 1463 3068 studiosissimus,
1524 2986 1639 3071 qui
1699 2986 1756 3051 si
1813 2985 2165 3072 aliquando
2221 2986 2296 3051 in

407 3071 610 3138 triam
643 3071 935 3152 redierit,
972 3073 1331 3159 plurimum
1374 3074 1607 3139 iuvare
1645 3075 1892 3157 poterit
1935 3072 2294 3141 ecclesiam.

317 3092 516 3234 &alm
577 3158 842 3225 domine
883 3159 1156 3226 colende
1197 3168 1269 3226 et
1309 3161 1516 3225 frater
1558 3160 1911 3240 carissime,
1967 3158 2296 3258 supplice-

313 3264 606 3327 musque
647 3243 937 3311 Domino
978 3245 1124 3312 Deo
1168 3255 1397 3312 nostro
1452 3244 1731 3325 assidue,
1788 3253 1863 3311 ut
1918 3255 2130 3310 nostri
2171 3244 2295 3309 mi-

315 3340 645 3409 sereatur,
710 3339 781 3396 et
835 3352 957 3396 nos
1020 3331 1257 3397 liberet
1320 3330 1404 3396 ab
1467 3330 1932 3398 infensissimis
1996 3329 2298 3396 hostibus

313 3418 589 3483 nostris.
673 3415 979 3483 Salutato
1020 3415 1108 3482 D.
1153 3416 1401 3483 Beeam
1452 3416 1678 3483 ubiubi
1737 3418 1854 3495 sit,
1921 3416 2006 3482 D.
2051 3414 2298 3482 lenvil-

319 3502 557 3583 laeum,
597 3500 937 3568 Budaeum
993 3510 1064 3569 et
1115 3503 1278 3569 alios
1330 3511 1595 3569 nostros
1650 3504 1913 3570 amicos.
1985 3500 2301 3570 Salutant

317 3596 396 3652 te
437 3607 578 3654 una
598 3608 783 3737 6eum
836 3587 972 3655 tuis
1025 3588 1333 3655 omnibus
1375 3588 1588 3654 nostri
1644 3609 1889 3655 omnes.
1959 3586 2296 3670 Septemb.

1445 3810 1628 3875 Tuus
1674 3808 2126 3893 Bullingerus.

323 3980 505 4036 ³051.
531 3981 588 4043 1)
624 3979 717 4034 De
749 3980 857 4036 hac
889 3996 1036 4036 nova
1068 3981 1337 4051 levatione
1369 3980 1510 4036 alibi
1539 3978 1682 4036 mm
1715 3980 1957 4050 uqi-uua

535 4048 791 4240 {213qu
744 4048 1147 4174 &zm
1205 4116 1448 4173 addam·
1488 4132 1684 4172 revera
1731 4123 1854 4186 poet
1900 4118 2101 4183 fenum
2151 4134 2307 4174 vene-

329 4191 480 4242 nat.
615 4203 789 4242 eman
832 4204 887 4242 a.
933 4186 988 4242 d.
1047 4186 1146 4242 Vl.
1194 4185 1287 4242 la.
1329 4185 1445 4242 Oet.
1482 4186 1829 4242 Baearatun
1874 4187 2091 4243 advoces·
2136 4187 2306 4243 Roto-

327 4272 457 4324 mo
542 4323 577 4376 4
639 4272 1144 4407 {avgg-xmp&
1174 4262 1413 4393 pecul-ia
1447 4329 1498 4405 et
1532 4324 1815 4379 tormentis
1847 4324 2051 4380 bellicis
2083 4324 2309 4380 destitu-

329 4400 422 4448 m
453 4393 508 4447 Δ
579 4393 788 4475 ‘elotum
823 4410 992 4449 anaeoe
1034 4399 1356 4464 aspectans
1399 4392 1545 4447 nubi!
1575 4398 1784 4447 meare
1823 4399 2045 4463 poterat
2073 4409 2310 4450 nasone

511 4529 616 4654 Ψ),
649 4528 1211 4664 muffet?
1248 4530 2307 4670 smfflssmfflmx

2027 397 2194 462 1562
2237 392 2695 465 SEPTEMB.

4243 404 4369 468 522

3301 584 3499 657 8852.

2857 738 3434 809 DATHAENUS
3481 739 3920 808 CALVINO.

2581 909 2883 977 Primum
2944 916 3202 978 enarrat
3263 932 3487 977 novam
3548 913 4030 979 controversiam
4094 913 4371 981 stanco-

2398 994 2648 1077 fordiae
2703 997 2868 1063 inter
2911 999 3282 1082 pereyrinos
3335 1003 3555 1078 ortam,
3613 999 3837 1065 deinde
3878 999 4174 1068 desmbit
4217 1021 4371 1084 pro-

2401 1082 2606 1148 lixam
2661 1082 2986 1165 quandam
3038 1083 3539 1151 dissertationem
3593 1084 3991 1168 theoloyicam
4047 1107 4135 1151 an
4186 1086 4371 1154 liceat

2400 1168 2567 1319 ἐξῇ
2622 1167 2900 1251 infantes
2957 1189 3108 1236 suos
3150 1168 3541 1235 Lutheranis
3589 1170 3906 1238 ministris
3961 1170 4372 1255 baptisandos

2551 1273 2670 1319 ere.

2713 1426 2829 1491 (Ex
2863 1425 3204 1497 autographo
3238 1426 3370 1482 Ood.
3407 1426 3610 1483 Genev.
3652 1426 3772 1498 112,
3807 1428 3896 1483 fol.
3934 1427 4080 1495 113.)

2573 1595 2959 1664 Clarissimo
3011 1598 3158 1663 viro
3215 1599 3301 1664 D.
3347 1599 3583 1664 Ioanni
3638 1599 3920 1666 Calvino
3981 1598 4247 1666 domino
4302 1607 4370 1668 et

2399 1684 2814 1767 praeceptori
2858 1704 2978 1750 suo
3020 1692 3340 1768 perpetua
3385 1684 3513 1750 fide
3556 1684 4193 1839 ⁰⁰l⁶⁰di⁸⁵g¹gssgvm

2574 1938 2647 2007 S.
2684 1940 2762 2006 P.
2833 1939 3107 2006 Literae
3161 1947 3315 2007 tuae
3366 1945 3462 2007 18.
3506 1941 3684 2007 Iunii
3721 1943 3768 2020 ¹)
3813 1941 4091 2010 Genava
4133 1942 4218 2009 ad
4261 1964 4370 2011 me

2402 2026 2713 2110 scriptae,
2781 2026 3146 2092 clarissime
3206 2027 3316 2092 vir
3379 2035 3449 2092 et
3511 2035 3898 2112 praeceptor
3960 2030 4033 2094 in
4101 2027 4371 2097 Christo

2401 2112 2877 2192 colendissime,
2943 2112 3157 2179 modis
3222 2111 3526 2179 omnibus
3592 2113 3864 2179 fuerunt
3920 2115 4368 2200 gratissimae:

2400 2198 2635 2282 quibus
2669 2198 2837 2263 mihi
2874 2197 3133 2265 abunde
3176 2199 3424 2264 factum
3465 2219 3610 2265 esse
3652 2200 3812 2265 satis
3846 2221 4004 2266 vere
4047 2211 4117 2266 et
4158 2202 4371 2268 sentio

2401 2294 2469 2349 et
2510 2285 2738 2349 fateor.
2812 2283 3220 2350 Alterutrum
3278 2285 3459 2350 enim
3502 2284 3876 2350 faciendum
3922 2308 4064 2352 esse
4099 2289 4371 2353 omnino

2402 2369 2627 2436 doces:
2674 2370 2990 2436 nimirum
3027 2379 3144 2435 ant
3177 2370 3400 2436 sedem
3436 2370 3655 2436 exsilii
3689 2371 4096 2452 mutandam,
4141 2381 4259 2438 aut
4298 2373 4369 2438 in

2400 2456 2818 2539 perceptione
2873 2455 3179 2538 baptismi
3237 2454 3320 2521 de
3374 2456 3509 2523 fide
3576 2457 3907 2524 contraria
3965 2459 4036 2522 in
4094 2457 4369 2526 articulo

2401 2560 2647 2608 coenae
2691 2551 2759 2607 et
2801 2541 3260 2607 coniunctione
3316 2540 3469 2608 cuni
3513 2540 3818 2608 omnibus
3863 2543 4150 2610 ecclesiis
4194 2544 4371 2610 idem

2402 2626 2839 2694 sentientibus
2907 2625 3282 2692 testandum
3350 2648 3511 2694 esse.
3604 2627 3889 2713 Utrique
3953 2629 4209 2695 consilii
4273 2631 4373 2696 tui

2401 2714 2579 2798 parti
2643 2713 3132 2796 acquiescimus.
3225 2714 3526 2780 Tentatis
3590 2714 3765 2778 enim
3832 2716 4078 2781 frustra
4136 2715 4372 2782 mediis

2401 2798 2708 2864 omnibus
2751 2819 2872 2865 nos
2908 2797 3078 2864 bona
3111 2819 3195 2864 ex
3233 2806 3423 2883 parte
3456 2800 3527 2865 in
3553 2800 4004 2866 Palatinatum
4022 2802 4082 2885 ²)
4126 2802 4372 2865 transi-

2402 2885 2642 2962 vimus,
2701 2885 2815 2950 ubi
2871 2885 3152 2967 pristino
3209 2893 3437 2950 nostro
3479 2885 3843 2952 ministerio
3885 2885 4016 2952 Dei
4060 2892 4129 2952 et
4170 2886 4371 2952 Prin-

2402 2971 2569 3053 cipis
2632 2970 2957 3037 Electoris
3034 2970 3352 3037 beneficio
3427 2971 3737 3049 fruimur,
3817 2977 3886 3037 et
3946 2972 4373 3039 Francofurti

2402 3056 2738 3141 quondam
2782 3056 3149 3136 haerenteS,
3194 3057 3349 3140 quid
3387 3055 3468 3123 de
3503 3077 3704 3124 coena
3746 3065 3813 3125 et
3852 3057 4180 3143 baptismo
4221 3080 4372 3126 sen-

2401 3144 2698 3222 tiremus,
2755 3151 2980 3226 aperte
3037 3162 3300 3225 semper
3355 3164 3577 3210 coram
3632 3151 3866 3210 senatu
3909 3156 3977 3210 et
4028 3146 4373 3211 conciona-

2402 3229 2658 3295 toribus
2702 3228 2926 3295 testati
2981 3249 3232 3307 sumus,
3288 3236 3358 3295 et
3399 3228 3803 3313 corruptelas
3848 3230 4373 3313 improbavimus

2402 3314 2960 3398 quemadmodum
3004 3323 3152 3380 acta
3193 3315 3339 3398 ipsa
3380 3324 3451 3380 et
3502 3323 3834 3381 testantur
3874 3316 4010 3380 iam
4052 3326 4120 3381 et
4162 3316 4374 3382 fusius

2400 3400 2617 3467 adhuc
2661 3399 3101 3465 testabuntur.
3183 3399 3354 3481 Quis
3411 3402 3590 3467 enim
3632 3422 3790 3468 vere
3831 3402 3986 3487 pius
4036 3401 4128 3468 ibi
4171 3400 4373 3468 fidem

2402 3506 2592 3553 suam
2649 3485 2980 3552 serviliter
3038 3486 3428 3567 dissimulet,
3481 3486 3599 3553 ubi
3654 3487 3797 3552 sine
3850 3487 4032 3552 omni
4083 3487 4261 3553 vitae
4305 3496 4375 3552 et

2401 3571 2820 3637 fortunarum
2886 3569 3263 3639 discrimine
3329 3578 3399 3638 et
3451 3592 3688 3638 verum
3752 3573 3946 3637 fateri
4002 3581 4072 3637 et
4127 3571 4373 3639 falsum

2402 3657 2756 3742 reprobare
2815 3663 2883 3722 et
2925 3657 3185 3740 publice
3228 3664 3296 3724 et
3350 3658 3665 3742 privatim
3706 3656 3907 3725 licet?
3980 3656 4374 3724 Heidelber-

2402 3762 2639 3828 genses
2696 3742 2989 3828 theologi
3043 3744 3293 3809 factum
3350 3754 3651 3810 nostrum
3693 3742 4072 3827 probarunt.
4093 3743 4152 3828 ⁸)
4222 3743 4375 3810 Hoc

2402 3830 2621 3913 ipsum
2664 3828 2864 3893 etiam
2921 3829 3077 3895 fecit
3118 3827 3204 3893 D.
3252 3828 3696 3908 Holbraehius,
3752 3829 3888 3895 imo
3945 3840 4015 3895 et
4066 3828 4378 3894 eruditis-

2403 3915 2612 3981 simae
2653 3913 2886 3980 literae
2938 3924 3091 3982 tuae
3131 3935 3254 3981 nos
3307 3915 3569 3981 abunde
3623 3923 3926 3999 purgant.
4000 3913 4178 3980 Nam
4221 3933 4379 3980 con·

2406 3998 2724 4066 ditionem
2784 3998 2969 4066 illam
3033 4021 3295 4084 semper
3351 3999 3778 4077 obtinuimus,
3841 4020 4041 4084 quam
4100 4008 4176 4064 tu
4229 3998 4385 4064 illos

2406 4290 2595 4348 assa
2619 4292 2676 4357 ι)
2712 4288 2777 4347 Ν.
2808 4289 2965 4346 3807.
3006 4291 3093 4358 ef.
3125 4293 3291 4348 acam
3331 4291 3408 4347 N.
3443 4289 3602 4345 3777.

2966 4359 3353 4416 mmmm
3410 4358 3659 4415 samm

2613 4358 2677 4428 2)
2708 4360 2821 4415 scil.
2867 4361 2932 4413 in
3353 4403 3368 4429 ,
3658 4352 4135 4425 msam-ubera
4183 4352 4399 4406 naua

2405 4444 2666 4550 ῗοσοοιι
2721 4429 2930 4498 oppida
2971 4428 3193 4511 (Seciae,
3233 4430 3421 4484 Hm.
3470 4426 3670 4495 Beyer.
3713 4423 3905 4503 Frkfi·
3936 4417 4078 4473 1852
4127 4433 4188 4485 p.
4244 4417 4398 4485 140).

2460 4513 2562 4552 an
2603 4504 2785 4553 tamen
2821 4498 3191 4565 Framfurt·
3225 4511 3334 4567 pro
3378 4502 3618 4564 tempore
3659 4495 3942 4569 remansae,
3983 4495 4048 4539 ιιι

2404 4567 2638 4634 epistola
2669 4567 2836 4623 doen.
2905 4566 3239 4622 Damam-ns
3284 4568 3296 4581 ’
3336 4580 3396 4620 ee
3427 4565 3717 4620 concionat'
3718 4574 3784 4615 or
3816 4556 4038 4612 austeus
4071 4499 4410 4607 ffssmff

2400 4650 2506 4703 9⁰⁶
2535 4636 2722 4699 laetus
2754 4642 2851 4701 eet,
2884 4636 3034 4706 quod
3069 4634 3228 4700 stef.
3269 4582 3395 4688 za.
3432 4630 3613 4686 Baal-
3645 4643 3702 4698 ρ.
3737 4625 3840 4679 193
3870 4622 4018 4677 male
4051 4619 4137 4674 ad
4171 4634 4233 4673 a.
4276 4618 4417 4673 1560

2403 4704 2655 4772 referunt
2687 4703 2917 4769 (seme
2946 4705 3073 4774 pas.
3111 4702 3249 4757 KH.
3287 4701 3437 4768 105).

2611 4772 2674 4842 3)
2707 4774 2948 4829 Beudos
2980 4776 3033 4827 et
3049 4770 3548 4838 Heidelberqeneee
3580 4770 3630 4819 et
3657 4761 4116 4833 Herbarum-m·
4132 4752 4431 4834 theutones

2403 4840 2661 4898 adieram
2694 4860 2723 4897 r
2796 4849 2952 4897 antee
2994 4849 3057 4897 ut
3090 4840 3247 4910 apud
3280 4835 3817 4917 memaaistram
3843 4839 3953 4907 pro
3987 4833 4146 4889 ipen
4184 4825 4436 4899 tauroe-

2402 4908 2608 4965 derent.
2770 4910 3188 4980 eddelberqemes
3271 4905 3604 4965 Olenum,
3668 4897 3976 4978 βοςωηυε,
4066 4885 4449 4966 Tregneum,

2405 4977 2706 5049 Neam-us,
2750 4984 2907 5037 caen.
2952 4977 3141 5047 pridie
3172 4976 3265 5031 Ia.
3308 4972 3498 5027 Mart.
3541 4966 3894 5043 uenturam·
3926 4971 4035 5012 eno
4074 4959 4323 5032 serapte
4359 4953 4456 5006 de-

2401 5048 2709 5113 clararunt,
2741 5050 3111 5113 confessiones
3143 5046 3215 5099 ab
3248 5039 3551 5097 semibus
3583 5031 3853 5111 undantes
3884 5043 3954 5079 οι.
3996 5020 4175 5075 lnam
4215 5025 4280 5073 et
4328 5020 4469 5073 Dee.

2401 5114 2539 5169 1561
2588 5123 2639 5173 et
2674 5118 2892 5174 Martio
2940 5114 3078 5170 1562
3120 5113 3454 5179 scripturae
3499 5119 3548 5185 ⁸:
3593 5110 3811 5153 omnm
3844 5092 4301 5167 οοιιεωῳποοο
4355 5099 4478 5205 «ἐκ

2397 5186 2777 5307 εἶτα-ΜΨ
2809 5192 2871 5242 ut
2903 5185 2992 5240 als·
3021 5179 3381 5252 mediter
3416 5172 3816 5238 exe-perenm.
3895 5160 4129 5239 Pane„
4166 5160 4330 5222 poet
4412 5167 4489 5206 se·

2537 5255 2704 5325 hyat·
2741 5254 3014 5311 moetoris
3057 5257 3109 5306 et
3142 5239 3533 5314 Lanaqmoa·
3574 5232 3911 5290 admmnt
3952 5223 4122 5280 aden
4180 5234 4498 5277 commen·

2403 5320 2614 5382 danus.
2666 5323 2904 5395 (Heme,
2938 5318 3176 5377 deutsch-
3214 5314 3389 5371 Prot.
3425 5308 3474 5363 1.
3512 5302 3670 5369 466.)

331 4667 805 4725 mondaverat
839 4667 1217 4738 Basilina-ns.
