4900 6125
250 423 356 489 693

397 604 612 685 Vides,
683 607 928 691 optime
969 606 1196 684 frater,
1263 627 1579 691 quorsum
1646 604 1895 673 redacti
1960 606 2171 673 simus

249 695 419 761 unius
456 691 741 758 hominis
783 693 1073 759 levitate.
1167 693 1389 758 Potuit
1444 693 1623 758 enim
1677 691 1862 758 nullo
1905 693 2168 778 negotio

246 776 523 861 consequi
581 785 659 843 ut
714 778 976 864 Regina
1047 776 1130 845 ad
1190 778 1516 863 quaslibet
1578 776 1993 845 conditiones
2057 778 2170 846 de-

245 863 574 933 scenderet.
663 863 917 930 Verum
978 864 1151 930 ultro
1195 885 1266 931 se
1320 864 1404 931 ad
1462 863 1796 948 quaelibet
1818 863 1838 876 ‘
1856 863 2173 949 obsequia

245 948 543 1018 serviliter
583 951 941 1033 prostituit.
1031 950 1223 1018 Nunc
1267 950 1466 1016 anxie
1510 957 1968 1034 exspectamus
2011 950 2171 1034 quid

242 1038 514 1102 futurum
557 1036 661 1101 sit.
761 1035 976 1103 Valde
1017 1036 1195 1102 enim
1241 1035 1519 1102 timendi
1562 1042 1718 1102 sunt
1759 1044 1977 1102 motus
2001 1040 2056 1117 ⁸)
2100 1037 2171 1101 in

240 1121 454 1272 {uibus
473 1119 796 1200 sedandis,
833 1122 1045 1206 quoad
1066 1128 1310 1205 potero,
1355 1121 1656 1188 laborare
1687 1140 1822 1187 non
1857 1122 2169 1188 desinam.

284 1206 435 1272 imul
476 1226 552 1272 ac
590 1228 895 1273 reversus
934 1207 1134 1275 fuerit
1187 1207 1386 1287 Besa,
1446 1227 1611 1291 quae
1666 1208 1882 1292 magis
1940 1227 2172 1273 recon-

240 1293 359 1358 dita
398 1298 552 1362 sunt
592 1291 937 1377 intelliges.
1043 1294 1388 1359 Nemorsus
1428 1293 1593 1359 febri
1639 1294 1951 1360 continua
1994 1293 2172 1360 labo-

238 1387 330 1443 rat
367 1377 767 1462 gravissime,
790 1379 848 1462 ⁹)
894 1387 971 1445 ut
1010 1379 1245 1446 medici
1291 1377 1372 1444 de
1415 1380 1558 1444 vita
1599 1378 1965 1463 desperent.
2049 1376 2173 1445 Se-

238 1464 531 1528 cretarius
576 1465 742 1548 regii
784 1464 1002 1549 legati,
1049 1466 1159 1548 qui
1204 1465 1378 1549 apud
1424 1463 1872 1548 Oenipontem
1899 1466 1985 1546 ¹⁶)
2030 1472 2175 1529 erat

238 1570 415 1630 quum
458 1547 617 1614 illuc
670 1551 855 1616 venit
903 1549 1292 1629 cardinalia,
1342 1551 1520 1616 inter
1561 1551 1888 1616 solemnes
1944 1549 2173 1634 epulas

236 1634 375 1698 dicit
433 1635 635 1701 fuisse
714 1636 1103 1720 productum
1171 1636 1440 1702 calicem
1518 1637 2041 1703 vetustissimum
2108 1643 2175 1700 et

234 1719 403 1784 valde
465 1720 798 1803 patulum,
864 1723 935 1786 in
1002 1742 1129 1806 quo
1207 1721 1535 1806 insculpta
1599 1729 1793 1788 erant
1858 1722 2172 1799 carmina,

230 1826 376 1887 quae
418 1814 715 1872 nostram
760 1807 842 1872 de
884 1828 1070 1874 sacra
1112 1827 1317 1874 coena
1359 1807 1725 1874 doctrinam
1760 1808 2170 1886 confirmant,

236 1903 293 1953 et
334 1889 736 1958 cardinalem
791 1893 906 1957 illo
951 1893 1322 1977 spectaculo
1387 1894 1576 1976 quasi
1635 1893 1991 1959 attonitum
2059 1891 2173 1957 diu

230 1976 585 2042 haesitasse.
675 1979 864 2057 Vale,
910 1978 1276 2046 clarissime
1317 1980 1428 2044 vir
1468 1987 1538 2045 et
1578 1978 1742 2045 mihi
1788 1976 2173 2045 honorande

228 2060 432 2127 frater.
491 2062 577 2127 In
622 2062 1043 2130 festinatione
1076 2065 1396 2134 memoria
1430 2064 1652 2149 lapsus
1686 2064 1960 2144 fueram,
2004 2063 2173 2129 mihi

227 2145 495 2214 redditas
577 2169 720 2215 esse
798 2150 920 2216 hoc
985 2148 1184 2216 biduo
1249 2151 1437 2218 binas
1503 2150 1619 2216 abs
1684 2158 1750 2215 te
1812 2149 2057 2230 literas,
2084 2149 2171 2236 ¹¹)

228 2251 484 2314 quarum
531 2234 760 2301 alteris
816 2235 1107 2303 adiuncti
1166 2245 1359 2302 erant
1413 2236 1565 2304 libri
1629 2235 1710 2302 de
1759 2235 1994 2320 quibus
2052 2233 2169 2300 tibi

226 2318 450 2399 gratias
495 2338 641 2404 ago.
748 2319 1157 2405 Symmystis
1211 2320 1534 2402 omnibus,
1581 2321 1735 2388 filiis
1794 2328 1862 2386 et
1907 2321 2172 2404 generis

224 2402 481 2500 multam
529 2404 815 2472 salutem
860 2428 1109 2491 precor.
1155 2407 1485 2474 Dominus
1526 2428 1647 2474 vos
1681 2428 1908 2473 omnes
1951 2415 2169 2473 servet

224 2488 586 2556 incolumes.
677 2491 993 2559 Genevae
1046 2496 1107 2559 8.
1166 2492 1418 2576 Aprilis
1479 2496 1659 2558 1563.
1747 2491 2061 2559 Salutant
2103 2499 2169 2556 te

220 2573 489 2725 gllllegae
523 2577 661 2643 mei
705 2586 774 2643 et
817 2578 1009 2645 amici
1053 2598 1281 2645 omnes
1302 2578 1478 2645 inter
1512 2598 1676 2664 quos
1699 2577 1991 2644 maxime
2015 2578 2167 2643 Ion-

319 2681 482 2727 aeus,

1117 2749 1404 2816 Ioannes
1450 2749 1775 2817 Calvinus
1819 2756 1994 2815 tuus.

982 3043 1387 3052 -----------------------------

1084 3259 1287 3330 393⁰.

504 3411 1163 3481 IONVILLAEUS
1211 3413 1854 3481 BULLINGERO.

373 3583 857 3666 Transscripsit
898 3585 1216 3651 lectionem
1261 3586 1515 3652 Caluini
1557 3587 1627 3651 in
1649 3587 1941 3667 primam
1980 3591 2170 3669 caput

400 3669 549 3734 ielis
600 3670 674 3734 in
716 3688 905 3734 usum
953 3669 1178 3736 Trecii.

210 3836 306 3897 (Ex
339 3839 689 3961 autografbo
733 3839 899 3893 Arcb.
945 3840 1124 3894 Tutic.
1170 3840 1314 3894 Plut.
1362 3840 1459 3895 VI.
1508 3841 1639 3895 Vol.
1687 3839 1804 3906 166,
1847 3841 1978 3896 olim
2024 3842 2164 3912 Epp.

608 3923 714 3964 om.
748 3906 834 3975 24,
870 3908 962 3965 fol.
993 3908 1115 3964 279.
1150 3939 1215 3948 —
1254 3909 1469 3964 Simler.
1507 3909 1627 3965 Vol.
1666 3908 1814 3977 106.)

368 4062 765 4131 Clarissimo
811 4063 956 4128 viro
999 4063 1085 4128 D.
1111 4063 1406 4130 Henrico
1430 4062 1820 4148 Bullingero
1857 4063 2169 4132 ecclesiae

210 4143 561 4300 'fifflnae
623 4149 875 4233 pastori
917 4146 1293 4295 fidelissimo
1337 4148 1501 4214 mihi
1544 4149 2171 4321 Plurimuffgsslssffr'

400 4437 462 4505 8)
502 4438 698 4509 Popel.
729 4438 770 4503 γ’.
805 4436 937 4491 360.-
981 4438 1112 4492 Oest
1156 4439 1303 4492 edict
1348 4439 1462 4493 fust
1507 4440 1718 4494 arreste
1753 4456 1887 4496 avec
1919 4441 2000 4493 tel
2034 4456 2171 4494 mes·

210 4510 618 4583 coutentement
653 4507 728 4560 du
763 4508 961 4576 peuple
1004 4505 1302 4573 d’Orleans,
1347 4514 1566 4564 sui-tout
1610 4525 1814 4578 pouroe
1861 4508 2023 4579 qu’on
2058 4508 2166 4562 n’a-

211 4580 319 4625 voit
350 4576 590 4629 atteudu
625 4575 679 4629 le
712 4581 904 4629 retour
950 4575 1019 4629 de
1054 4576 1318 4642 l’Amiral,
1363 4593 1470 4646 que
1514 4576 1599 4630 les
1644 4578 1871 4643 soldats,
1918 4592 2027 4631 non
2073 4578 2166 4630 ob·

212 4647 349 4695 mut
380 4643 713 4699 l’execution
750 4643 909 4713 qu’on
946 4644 1047 4698 seit
1079 4644 1149 4698 de
1185 4645 1447 4714 quelques
1480 4660 1602 4709 uns,
1647 4662 1717 4699 ne
1753 4652 1987 4716 peurent
2020 4653 2168 4700 estre

212 4718 419 4765 rotenus
454 4713 628 4782 qu’ils
662 4729 730 4766 ne
765 4713 1145 4769 desmolissent
1189 4714 1241 4766 le
1288 4713 1473 4767 residu
1506 4713 1578 4769 de
1611 4715 1884 4783 plusieurs
1918 4717 2168 4784 temple..

214 4777 339 4831 Mais
371 4797 437 4851 sy
474 4798 621 4835 ceux
652 4781 711 4836 la
742 4782 859 4835 s’eu
892 4783 1380 4837 malcontentoient
1397 4782 1665 4853 plusieurs
1699 4783 1799 4837 des
1817 4784 2169 4854 Catholiques

212 4863 273 4899 ne
304 4846 411 4903 s’en
449 4852 892 4904 tourmentoieut
926 4851 1101 4904 moins
1136 4857 1233 4906 etc.
1306 4850 1493 4920 Gomp.
1528 4851 1603 4905 11.
1633 4850 1678 4917 f.
1714 4852 1768 4906 2.
1802 4868 1855 4907 υ.

401 4918 464 4984 9)
494 4919 778 4974 Nemours
813 4919 907 4987 qui
940 4921 1091 4973 avoit
1132 4918 1249 4973 este
1285 4925 1599 4990 spectateur
1647 4920 1742 4985 (ἀι
1773 4920 1832 4975 la
1864 4920 2072 4989 &faite
2102 4921 2171 4976 dc

211 4994 271 5034 aa
528 5003 617 5041 aa
663 4987 943 5055 fauhons-9
978 4987 1035 5041 S.
1073 4986 1210 5043 Just
1240 4987 1309 5042 ds
1344 4989 1508 5059 Lyon
1542 4989 1593 5044 is
1627 4987 1677 5043 7.
1716 4989 1909 5057 Mors)
1939 4996 2171 5046 conceut

206 5050 269 5103 de
301 5055 418 5108 cels
450 5056 534 5109 tel
570 5056 867 5126 desplaisir
899 5056 1028 5126 qu'il
1065 5073 1132 5110 en
1168 5058 1329 5111 cuids
1362 5057 1572 5112 mourir
1609 5065 1668 5111 et
1713 5075 1783 5111 en
1826 5058 1913 5113 sut
1955 5059 2168 5115 mal-de

210 5138 269 5171 au
303 5122 399 5176 liet
607 5125 678 5179 de
711 5124 856 5180 deux
892 5126 1046 5179 mois.

370 5140 466 5259 103
498 5200 565 5246 at
602 5193 1008 5248 Dea-Ponull
1058 5195 1345 5263 (Asopius.)

206 5325 335 5382 3915
367 5260 488 5382 1319)1
492 5268 889 5385 miano·-
922 5279 992 5318 m.
1032 5263 1249 5319 Martio
1294 5264 1536 5333 scriptas
1577 5264 1871 5321 habuimus
1912 5265 1978 5317 N.
2015 5263 2170 5319 3913.

1971 420 2136 487 1563
2180 416 2483 487 APRIL.

4114 419 4246 484 694

2445 607 2519 675 S.
2605 607 2830 689 Quum
2895 607 3120 675 literas
3174 613 3341 686 tuas,
3410 607 3514 674 vir
3574 606 3956 682 clarissime,
4023 603 4246 688 perle-

2274 694 2519 778 gissem
2562 715 2696 759 non
2743 694 2903 759 satis
2937 701 3329 778 assequutus
3363 715 3510 759 sum
3554 693 3773 758 statim
3815 690 3973 776 quid
4010 690 4237 769 velles,

2276 779 2432 846 dum
2481 778 2645 845 mihi
2689 780 2941 865 gratias
2983 781 3125 864 agis
3182 778 3353 864 quod
3400 779 3642 845 dictata
3684 780 3768 844 D.
3821 777 4072 844 Calvina·
4115 797 4237 842 ex·

2273 865 2467 950 cipio,
2509 870 2577 932 et
2619 864 2704 931 ad
2747 884 2868 932 vos
2903 866 3112 931 mitto.
3158 866 3251 931 Et
3270 873 3448 931 certe
3482 865 3771 931 mirabar
3805 863 4240 930 vehementer

2274 971 2587 1034 quorsum
2631 959 2980 1035 spectares.
3057 950 3193 1018 Sed
3238 951 3350 1017 ubi
3439 951 3589 1016 aulo
3633 958 3780 1035 post
3823 949 4043 1032 accepi
4088 947 4239 1013 lite-

2273 1059 2384 1105 ras
2449 1037 2658 1104 Treeii
2709 1038 2916 1104 nostri
2934 1088 2949 1115 ,
3005 1038 3245 1121 quibus
3305 1058 3395 1102 nu
3423 1037 3555 1101 lam
3613 1036 4011 1102 mentionem
4079 1033 4244 1099 facit

2274 1122 2460 1188 illius
2500 1123 2730 1207 scripti
2775 1122 2949 1207 quod
3003 1123 3334 1203 miseram,
3396 1132 3555 1188 tunc
3612 1119 3873 1189 demum
3932 1119 4118 1186 venit
4159 1119 4242 1184 in

2274 1217 2600 1288 mentem,
2668 1229 2773 1274 me
2837 1209 3097 1291 lapsum
3163 1210 3364 1274 fuisse
3418 1208 3628 1274 nimia
3681 1206 4103 1274 festinatione
4159 1205 4238 1269 in

2276 1293 2724 1379 complicando
2769 1294 3097 1361 fasciculo.
3201 1295 3376 1360 Nam
3442 1315 3643 1377 quum
3704 1294 3966 1359 Trecius
4022 1290 4236 1355 literis

2275 1380 2414 1446 suis
2459 1399 2566 1446 me
2606 1380 2846 1446 obnixe
2890 1389 3202 1465 rogasset,
3248 1389 3323 1445 ut
3365 1381 3422 1447 si
3474 1378 3628 1464 quid
3675 1380 3759 1445 D.
3809 1376 4111 1444 Calvinus
4159 1377 4232 1441 in

2276 1466 2563 1615 {fimum
2613 1464 2767 1550 Gap.
2813 1466 3181 1533 Ezechielis
3240 1464 3655 1531 disseruisset
3686 1470 3737 1544 ¹)
3796 1463 3876 1530 de
3932 1463 4234 1547 personis

2326 1551 2539 1631 ‘vinis,
2584 1552 2758 1635 quod
2793 1552 3064 1618 Polonis
3105 1553 3254 1618 usui
3300 1572 3444 1618 esse
3485 1560 3723 1635 posset,
3771 1547 3853 1615 ad
3895 1569 3968 1614 se
4009 1549 4233 1613 mitte-

2275 1658 2436 1715 rem,
2495 1639 2722 1703 curavi
2775 1638 3298 1714 exscribendum,
3354 1637 3523 1721 quod
3580 1657 3658 1701 ea
3706 1635 3787 1702 de
3840 1656 3914 1700 re
3959 1656 4042 1699 ex
4088 1633 4232 1699 eius

2275 1723 2713 1806 praelectione
2757 1744 3242 1807 exceperamus,
3286 1734 3363 1788 ut
3422 1724 3631 1789 Treeii
3675 1718 3994 1788 desiderio
4037 1720 4232 1785 satis·

2275 1807 2577 1875 facerem.
2668 1808 2840 1890 Quia
2897 1831 3054 1875 vero
3111 1810 3353 1875 multas
3409 1809 3636 1874 literas
3680 1817 3746 1873 et
3788 1808 4031 1890 scripta
4074 1825 4234 1888 prae

2272 1894 2583 1960 manibus
2618 1893 2936 1961 habebam
2975 1916 3175 1979 quum
3211 1894 3598 1962 fasciculum
3632 1892 4014 1975 complicavi
4048 1890 4234 1956 festi-

2275 1987 2533 2059 nanter,
2578 2001 2691 2046 sus
2735 1981 2872 2048 icor
2915 2001 3017 2047 me
3060 1981 3375 2064 scriptum
3420 1978 3584 2045 illud
3627 1979 3841 2045 literis
3885 1979 4017 2043 tuis
4064 1984 4232 2042 atte-

2273 2066 2503 2132 xuisse
2545 2086 2674 2150 quo
2760 2066 3059 2134 volebam
3103 2067 3310 2132 literis
3361 2065 3568 2131 Trecii
3608 2064 3962 2131 involvere.

2448 2152 2763 2219 Genevae
2809 2157 2867 2217 5.
2913 2151 3074 2219 Idus
3117 2151 3374 2235 Aprilis
3426 2153 3612 2216 1563.

2880 2272 3031 2338 Oar.
3076 2272 3479 2339 Ionvillaeus
3525 2271 3620 2336 tui
3663 2268 4135 2337 observantiss.

3156 2782 3359 2854 3981.

2671 2937 3345 3007 BULLINGERUS
3394 2935 3832 3005 OALVINO.

2452 3128 2725 3197 Pezonia
2764 3129 3061 3195 dissidiis
3099 3133 3158 3195 d
3186 3127 3547 3194 haeresibus
3577 3127 3824 3192 turbata
3866 3126 4006 3192 eius
4047 3124 4236 3190 auxi-

2272 3217 2432 3283 lium
2474 3216 2761 3299 requirit.
2858 3213 3068 3281 Simul
3104 3214 3254 3281 bello
3296 3235 3341 3281 a
3383 3212 3749 3279 Moscovitis
3789 3210 4127 3294 impetitur.

2302 3389 2387 3443 Ex
2424 3386 2761 3457 autographo
2795 3387 2930 3441 cod.
2966 3386 3170 3441 Gener.
3209 3383 3328 3454 114,
3361 3385 3453 3438 sol.
3489 3382 3574 3438 99.
3647 3382 3910 3453 Reperies
3958 3382 4124 3435 etiam
4172 3380 4232 3433 in

2314 3457 2403 3512 od.
2441 3455 2586 3523 1112,
2622 3457 2715 3514 fol.
2749 3454 2870 3512 237.
2940 3455 3149 3509 Bel-nae
3193 3454 3336 3524 Epp.
3373 3451 3462 3507 VI.
3515 3452 3648 3506 1116
3683 3460 3741 3507 et
3773 3470 3859 3522 ap.
3896 3450 4234 3518 Simlerum.)

2268 3628 2653 3695 Clarissimo
2713 3628 2855 3694 viro
2900 3627 2985 3693 D.
3029 3626 3264 3692 Ioanni
3306 3625 3606 3703 Calvino,
3652 3621 4065 3689 Genevensis
4118 3639 4226 3687 ec·

2268 3713 2503 3783 clesiae
2559 3712 2938 3781 fidelissimo
2995 3712 3266 3795 pastori,
3322 3710 3584 3777 domino
3640 3729 3788 3775 meo
3844 3704 4229 3774 honorando

2781 3808 2849 3865 et
2889 3798 3076 3863 fratri
3119 3797 3317 3883 longe
3360 3797 3713 3864 carissimo.

2444 3936 2519 4002 S.
2564 3936 2649 4002 D.
2717 3935 2997 4002 Brevior
3053 3956 3197 4000 sum
3243 3955 3330 3999 ne
3386 3929 3834 4015 conduplicem
3880 3930 4016 4007 tibi,
4078 3950 4228 3996 care

2269 4025 2362 4089 mi
2416 4025 2642 4102 frater,
2696 4022 3082 4087 molestiam.
3187 4018 3340 4086 Scio
3397 4020 3572 4085 enim
3632 4020 3716 4084 D.
3779 4017 4062 4082 Tretium
4118 4037 4228 4082 co-

2268 4111 2454 4195 piose
2498 4108 2581 4174 de
2623 4127 2704 4173 ea
2758 4127 2958 4173 causa
3001 4104 3384 4257 scribere,l¹))
3428 4125 3623 4188 quam
3670 4102 3787 4168 tibi
3832 4101 4043 4168 modis
4086 4122 4225 4166 om-

2271 4196 2469 4261 nibus
2524 4191 2930 4261 commendo.
3043 4190 3261 4257 Audio
3374 4190 3660 4255 oloniam
3716 4190 4050 4253 incensam
4104 4187 4228 4250 fla-

2509 4278 2793 4345 dissidiis
2836 4286 2906 4343 et
2947 4275 3401 4343 abominandis
3444 4276 3527 4341 de
3561 4276 3861 4340 trinitate
3904 4271 4226 4355 quaestio·

2269 4366 2488 4432 nibus.
2620 4363 2833 4430 Video
2919 4365 3242 4430 Satanam
3327 4362 3452 4429 hoc
3526 4362 3718 4427 unice
3784 4366 4080 4442 spectare
4151 4363 4229 4423 ut

2269 4451 2671 4537 blasphemis
2715 4449 3126 4536 dogmatibus
3169 4448 3496 4532 evangelii
3532 4445 4077 4531 praedicationem
4118 4443 4227 4507 in·

2269 4540 2512 4605 famem
2556 4536 2804 4613 reddat,
2863 4543 2928 4602 et
2988 4533 3275 4600 dissidiis
3327 4533 3666 4599 ecclesiam
3723 4529 4010 4612 dissipet.
4120 4530 4228 4594 'Pu

2271 4625 2395 4691 hac
2459 4624 2533 4689 in
2597 4643 2670 4688 re
2724 4622 3001 4688 caeteris
3052 4620 3471 4686 exercitatior
3535 4637 3625 4684 es.
3735 4613 3999 4681 Adiuva
4064 4634 4226 4699 ergo

2268 4712 2508 4776 fratres
2553 4715 2742 4774 tuum
2788 4706 3192 4792 postulantes
3234 4705 3570 4770 auxilium.
3593 4704 3650 4782 ²)
3750 4701 4017 4765 Literas
4060 4722 4224 4783 quas

2268 4796 2366 4862 illi
2414 4795 2497 4861 ad
2542 4814 2649 4860 me
2691 4794 3016 4859 miserunt
3056 4792 3160 4857 his
3205 4789 3461 4857 inclusi.
3490 4791 3544 4871 ³)
3645 4785 3986 4851 Abhorreo
4042 4794 4228 4851 totus

2267 4984 2461 5040 8980.
2482 4986 2540 5043 1)
2575 4983 2623 5036 11
2656 4998 2970 5049 commones
3012 4996 3101 5033 ses
3143 4980 3329 5047 lecons
3362 4994 3457 5031 sur
3491 4973 3744 5056 Ezechiel
3790 4973 3841 5026 le
3875 4971 3963 5027 20.
4005 4975 4230 5043 janvier

2263 5053 2457 5179 9562)
2495 5048 2759 5133 Collinam·
2805 5051 2901 5106 Vie
2936 5048 3054 5103 102.
3093 5046 3193 5101 156
3228 5048 3313 5103 sd.
3349 5043 3650 5102 stonum.

2314 5122 2451 5178 ⁹⁸²
2470 5120 2541 5256 ¹2³)
2561 5118 3074 5270 ”wa
3107 5185 3348 5241 Potum
3381 5182 3450 5239 ae
3492 5197 3606 5251 qua
3646 5177 3771 5233 viae
3822 5176 3966 5245 opp.
4014 5179 4075 5234 1.
4112 5178 4234 5237 ιχ.

2276 5261 2446 5316 Pron·
2481 5275 2546 5391 g)
2571 5258 3071 5395 {zvar-reperim.
3718 5396 3822 5451 44·
