4900 6125
676 441 807 507 115

674 625 897 693 fllium
962 623 1096 691 Dei
1157 622 1645 708 agnomendum
1707 622 1980 708 adiungi
2041 630 2454 707 paterentur:
2522 621 2639 689 sed

725 733 885 778 num
926 710 1093 777 illud
1133 712 1222 776 sit
1264 709 1603 777 decretum
1645 709 1877 794 patris,
1920 717 2000 774 ut
2039 717 2258 775 exstet
2289 710 2469 776 inter
2501 729 2639 775 me·

676 733 825 864 dios
875 796 1101 863 hostes
1153 795 1274 862 filii
1330 817 1629 881 regnum,
1709 795 2032 862 sustinete
2082 794 2412 879 patienter
2464 793 2640 879 quod

674 903 815 949 non
871 882 1016 949 sine
1067 902 1366 948 moerore
1423 903 1463 947 a
1517 881 1709 948 vobis
1763 880 1980 948 audiri
2043 888 2271 965 potest.
2371 879 2642 946 Interea

682 987 844 1036 vero
902 989 987 1034 ne
1040 966 1283 1051 pudeat
1341 966 1701 1034 adhaerere
1754 967 2042 1033 Domino
2106 988 2257 1034 oum
2321 973 2642 1051 perpetua

682 1053 1076 1120 demissione
1117 1063 1186 1118 et
1228 1053 1624 1131 humilitate,
1680 1052 1838 1119 dum
1894 1052 2083 1137 impii
2127 1050 2315 1136 quasi
2357 1052 2639 1119 victores

681 1139 929 1225 passim
974 1138 1328 1205 exsultant.
1417 1143 1520 1205 Ac
1561 1139 1619 1205 si
1662 1137 1828 1204 illud
1873 1160 1991 1204 vos
2032 1139 2238 1223 angit,
2280 1137 2453 1221 quod
2496 1138 2642 1222 ipsa

682 1225 984 1292 coelestis
1047 1225 1310 1302 veritas,
1396 1244 1593 1307 quam
1660 1224 1843 1291 omni
1907 1244 2129 1289 rerum
2193 1224 2640 1307 praesentium

683 1311 1172 1394 comparatione
1216 1310 1620 1395 superiorem
1663 1308 1854 1376 nobis
1897 1329 2041 1376 esse
2082 1317 2360 1394 oportet,
2404 1309 2500 1374 ita
2533 1308 2642 1374 de-

684 1405 914 1481 specta
965 1398 1175 1462 iaceat
1231 1396 1404 1461 inter
1446 1394 1613 1474 illos,
1681 1416 1804 1462 vos
1845 1396 1975 1480 ipsi
2017 1415 2281 1479 operam
2326 1395 2497 1474 date,
2566 1401 2642 1459 ut

684 1489 982 1549 errantes
1048 1481 1447 1547 reducantur
1503 1482 1575 1546 in
1640 1483 1839 1547 viam.
1927 1481 2023 1548 Ut
2080 1501 2157 1547 eo
2216 1481 2639 1564 perveniatis,

683 1577 909 1634 vestro
971 1567 1278 1650 inprimis
1331 1588 1520 1633 exem
1568 1567 1632 1633 lo
1685 1567 1836 1632 illos
1893 1567 2153 1644 afficite,
2206 1576 2285 1632 ut
2340 1565 2511 1647 quod
2556 1565 2640 1632 ad

685 1643 809 1721 vos
866 1673 1000 1718 non
1054 1652 1374 1719 accedunt
1415 1673 1506 1736 pu
1553 1672 1736 1718 orem
1779 1653 1942 1751 ipsis
1985 1653 2234 1719 afferat.
2323 1651 2387 1717 N
2389 1652 2642 1717 omina-

686 1740 810 1804 tim
874 1746 952 1802 ut
1015 1750 1233 1805 rectus
1297 1738 1408 1803 ille
1470 1737 1647 1817 ordo,
1711 1755 1824 1822 qm
1877 1736 2225 1804 soliditatis
2266 1747 2527 1804 vestrae
2568 1738 2642 1802 in

686 1823 1034 1891 Christum
1091 1823 1243 1889 fidei
1298 1825 1554 1889 fructus
1607 1824 1714 1902 sit,
1780 1832 2001 1890 exstet
2050 1823 2226 1908 apud
2271 1844 2407 1901 vos,
2452 1823 2639 1890 cuius

685 1909 1064 1976 testimonio
1142 1929 1497 1993 agnoscere
1574 1919 1896 1994 cogantur
1959 1909 2182 1975 Deum
2264 1908 2442 1975 inter
2520 1928 2640 1975 vos

686 1995 1078 2078 praesidere.
1164 1995 1368 2061 Scitis
1429 1995 1552 2061 hoc
1606 1996 1783 2078 ipsos
1840 1996 1911 2060 in
1968 2014 2082 2061 ore
2137 1995 2396 2073 habere,
2463 1994 2638 2078 quod

685 2081 857 2146 nihil
911 2079 1092 2146 alind
1150 2101 1346 2164 quam
1400 2091 1753 2164 vagantem
1793 2092 1860 2145 et
1899 2082 2260 2146 effraenem
2301 2080 2637 2147 licentiam

683 2165 998 2232 invehere
1059 2186 1471 2249 quaeramus.
1561 2168 1744 2251 Ergo
1798 2166 1963 2249 ipsis
2003 2188 2077 2232 re
2119 2167 2265 2249 ipsa
2306 2187 2637 2232 common·

684 2251 1027 2319 strandum
1072 2263 1190 2330 est,
1257 2273 1376 2317 nos
1420 2273 1552 2317 non
1595 2253 1726 2317 alio
1770 2253 1990 2317 animo
2032 2253 2399 2319 excussisse
2439 2252 2638 2318 Anti-

685 2337 918 2404 christi
973 2339 1224 2421 iugum,
1285 2358 1485 2420 qnam
1543 2347 1618 2403 ut
1661 2337 1913 2404 Christi
1967 2338 2175 2422 ipsius
2231 2339 2464 2421 iugum
2523 2336 2638 2402 ad-

684 2423 1120 2489 mitteremus.
1209 2425 1422 2506 Atqui
1465 2445 1569 2489 ros
1612 2423 1808 2508 longe
1853 2422 2044 2489 aliter
2087 2445 2160 2490 se
2200 2423 2420 2489 habet.
2505 2422 2637 2503 Qui

685 2509 865 2575 enim
922 2508 1368 2575 intolerabiles
1423 2508 1573 2575 illas
1627 2509 2177 2575 conscientiarum
2221 2507 2525 2574 fidiculas
2567 2509 2637 2574 in

684 2602 929 2678 papatu
985 2595 1462 2674 sustinuerunt,
1526 2595 1766 2678 quique
1822 2595 2201 2660 horribilem
2255 2594 2440 2659 illam
2496 2595 2637 2659 ani-

684 2700 945 2745 marum
987 2681 1433 2745 carnificinam
1477 2680 1849 2746 tolerarunt
1888 2679 2160 2759 tamdiu,
2214 2701 2393 2746 nunc
2434 2700 2637 2746 evan-

731 2765 932 2831 elium
997 2764 1364 2832 obtendunt
1432 2778 1507 2830 ut
1570 2786 1873 2831 anormes
1937 2775 2007 2831 et
2068 2765 2335 2850 exleges
2383 2766 2636 2832 vivant.

740 2851 803 2916 ic
858 2851 1005 2917 istis
1061 2850 1301 2917 accidit
1342 2851 1514 2933 quod
1557 2851 1638 2916 de
1694 2851 1880 2917 falsis
1923 2851 2233 2935 apostolis
2275 2850 2358 2916 ad
2401 2851 2640 2918 Oorin·

685 2936 862 3002 thies
905 2938 1298 3020 querebatur
1342 2936 1719 3019 Apostolus.
1808 2936 2082 3020 Nempe,
2140 2938 2374 3021 inquit,
2420 2938 2642 3002 omnia

684 3022 951 3089 illorum
994 3021 1249 3106 placide
1291 3020 1655 3100 admittitis,
1709 3031 1779 3090 et
1818 3031 2079 3089 tantum
2122 3043 2257 3088 non
2302 3022 2642 3090 deoscula-

683 3110 869 3186 mini,
958 3130 1163 3193 quum
1241 3111 1496 3174 interea
1559 3108 1644 3174 ad
1709 3117 2052 3192 paternam
2115 3109 2640 3194 obiurgationem

683 3215 1028 3260 servorum
1074 3194 1204 3260 Dei
1260 3196 1354 3259 ita
1406 3194 1772 3260 refractarii
1829 3196 1973 3261 sitis
2027 3199 2116 3272 (2.
2161 3195 2314 3262 Oor.
2364 3201 2461 3274 ll,
2508 3193 2640 3278 20).

685 3279 995 3362 Plerique
1040 3289 1261 3346 autem
1306 3279 1429 3345 hoc
1471 3281 1685 3364 magis
1729 3279 2100 3363 probarent,
2146 3291 2221 3346 ut
2263 3303 2335 3347 se
2368 3282 2641 3364 quisque

686 3385 808 3449 pro
875 3365 1144 3431 arbitrio
1210 3375 1484 3448 gereret,
1551 3366 1785 3448 quibus
1849 3367 2011 3432 satis
2071 3387 2214 3433 esse
2283 3366 2640 3445 videretur,

687 3450 859 3534 quod
923 3451 1198 3516 verbum
1253 3452 1383 3517 Dei
1438 3450 1701 3535 publice
1758 3451 2118 3518 doceretur.
2217 3452 2428 3534 Quasi
2485 3472 2641 3517 vero

688 3557 1033 3620 perperam
1092 3538 1401 3603 instituta
1457 3538 1549 3602 sit
1591 3559 1631 3602 a
1673 3538 1962 3603 Domino
2004 3537 2075 3603 in
2117 3537 2325 3621 ipsius
2368 3537 2644 3604 ecclesia

691 3622 1056 3706 disciplina,
1127 3645 1293 3706 quae
1336 3645 1566 3689 omnes
1607 3624 1681 3688 in
1721 3624 1935 3689 officio
1979 3624 2330 3690 contineat.
2418 3628 2642 3707 Atque

687 3719 764 3774 ut
827 3710 1133 3774 familiari
1198 3707 1500 3792 exemplo
1559 3709 1681 3776 hoc
1742 3718 2022 3774 constet:
2088 3730 2413 3793 quaenam
2469 3718 2645 3774 esset

690 3795 832 3861 vita
884 3808 1111 3859 nostra
1166 3805 1229 3861 et
1289 3795 1495 3878 vigor,
1574 3796 1633 3862 si
1677 3797 1900 3860 anima
1940 3795 2037 3859 ita
2078 3796 2332 3878 corpori
2375 3795 2639 3873 inesset,

687 3891 766 3947 ut
810 3879 913 3946 vel
959 3879 1261 3946 deessent
1316 3881 1510 3946 nervi
1552 3882 1822 3958 interea,
1888 3879 1998 3946 vel
2040 3881 2326 3946 officium
2371 3902 2503 3946 non
2546 3881 2641 3945 sa-

690 3965 962 4032 cerent‘?
1052 3965 1167 4032 Sic
1227 3967 1496 4031 omnino
1560 3967 1786 4032 anima
1849 3966 2159 4032 ecclesiae
2223 3965 2409 4033 verbi
2453 3967 2641 4031 andi·

691 4052 871 4116 tione
906 4060 1179 4129 constat,
1224 4051 1319 4117 ita
1353 4062 1430 4116 ut
1463 4051 1666 4117 etiam
1703 4072 2060 4117 nervorum
2095 4051 2310 4117 locum
2348 4052 2645 4118 obtineat

689 4136 850 4203 ordo
913 4154 978 4202 et
1035 4137 1265 4222 politia
1318 4138 1678 4203 constituta
1720 4138 2035 4220 apposite,
2078 4137 2163 4203 ad
2208 4138 2456 4203 bonum
2498 4158 2643 4205 cor-

690 4225 870 4307 poris
911 4223 1093 4289 illius
1136 4222 1433 4288 habitum
1477 4223 2021 4290 conservandum.
2091 4225 2313 4307 Atque
2347 4245 2424 4289 eo
2459 4244 2644 4307 spec-

692 4318 793 4374 tat
846 4307 1009 4374 illud
1054 4309 1374 4392 Apostoli,
1440 4307 1615 4394 quod
1658 4309 1844 4375 Deus
1885 4318 2111 4374 noster
2153 4330 2287 4374 non
2329 4311 2417 4375 sit
2457 4320 2647 4375 autor

692 4393 1033 4461 seditionis
1090 4395 1206 4460 sed
1262 4396 1441 4479 pacis
1500 4395 1588 4481 (1.
1649 4394 1801 4461 Oor.
1845 4399 1942 4471 14,
1991 4398 2122 4473 33).
2212 4394 2386 4460 Illud
2452 4416 2644 4479 prae-

695 4488 875 4546 terea
939 4481 1043 4547 vel
1098 4502 1304 4546 unum
1364 4479 1624 4545 abunde
1682 4501 1825 4547 esse
1883 4489 2281 4564 oportuerat,
2350 4488 2425 4547 ut
2477 4480 2646 4546 nihil

696 4567 873 4631 aliud
894 4567 1186 4632 obstaret
1205 4565 1393 4632 nobis
1415 4588 1499 4632 ne
1522 4566 1969 4632 difflueremus
1991 4566 2074 4631 ad
2094 4568 2379 4632 malum:
2414 4588 2644 4646 unum,

688 4652 985 4736 inquam,
1030 4652 1340 4719 ecclesiae
1382 4651 1776 4719 reformatae
1818 4674 2058 4718 nomen
2118 4651 2289 4736 quod
2332 4653 2643 4737 gerimus.

694 4737 889 4820 Quod
933 4739 988 4803 si
1033 4741 1177 4821 quis
1211 4738 1320 4805 bic
1363 4738 1732 4804 timendum
1774 4747 1983 4821 putat,
2027 4760 2110 4804 ne
2147 4738 2270 4804 snb
2303 4738 2647 4823 regiminis

692 4824 1053 4907 spiritualis
1119 4825 1310 4889 titulo
1375 4825 1623 4908 species
1680 4823 1899 4906 aliqua
1952 4824 2415 4890 dominationis
2459 4826 2646 4889 inve-

690 4908 911 4989 hatur,
957 4920 1073 4974 aut
1117 4932 1201 4974 ne
1244 4910 1530 4975 ministri
1572 4910 1693 4976 sibi
1740 4912 1892 4992 plus
1933 4931 2129 4994 quam
2165 4910 2319 4975 licet
2352 4910 2650 4976 tribuant

689 5003 761 5060 et
801 5018 924 5061 sua
967 5005 1287 5078 potestate
1331 4994 1719 5061 abutantur:
1766 5006 2063 5060 vestrum
2107 5006 2207 5061 est
2251 4996 2310 5062 ei
2354 4997 2453 5060 rei
2497 5018 2648 5079 pro·

695 5081 968 5162 spicere,
1047 5092 1244 5164 atque
1302 5103 1445 5146 eam
1505 5082 2018 5146 moderationem
2072 5080 2384 5147 adhibere
2439 5082 2509 5146 in
2569 5082 2649 5148 iis

693 5187 862 5247 quae
906 5166 1081 5250 apud
1126 5188 1241 5232 vos
1286 5167 1391 5232 his
1435 5165 1518 5232 de
1562 5167 1758 5233 rebus
1802 5167 2154 5232 statuenda
2195 5177 2367 5245 sunt,
2414 5176 2492 5232 ut
2533 5190 2648 5235 ne·

692 5271 822 5332 que
864 5254 1150 5318 constrin
1243 5260 1353 5318 tur
1392 5255 1739 5337 quisquam
1780 5253 1850 5318 in
1878 5274 2005 5320 sua
2042 5254 2393 5331 vocatione,
2439 5274 2651 5337 neque

670 5335 893 5403 otiam
938 5340 1103 5404 fines
1182 5338 1436 5424 egitimi
1480 5339 1984 5406 transsiliantur.
2076 5339 2390 5424 Adeoque
2432 5354 2512 5405 ut
2551 5339 2651 5406 illi

2187 433 2715 503 EPISTOLAE
2759 436 3187 510 3997—3998

4543 438 4641 502 llss

2741 623 2765 689 i
2850 623 2888 701 ‘,
2933 624 3047 707 qui
3087 621 3395 708 regendis
3435 622 3581 690 aliis
3621 630 3995 709 praeerunt,
4059 622 4449 690 arctioribus
4484 623 4643 688 fiam

2742 643 3124 793 ‹Es—eiplinae
3166 709 3448 776 vinculis
3491 729 3686 793 quam
3745 710 3856 776 alii
3912 730 4001 775 ex
4041 708 4260 775 medio
4301 717 4487 774 coetu
4521 728 4646 774 eon-

2740 795 3097 861 tineantur.
3187 793 3544 862 Summum
3594 795 3800 881 igitur
3850 794 3976 862 hoc
4018 804 4137 874 est,
4203 792 4378 878 quod
4419 815 4462 859 a
4496 793 4648 860 vobis

2740 901 2862 965 per
2902 881 3267 946 Dominum
3310 881 3501 947 unice
3544 880 3881 960 contendo,
3936 890 4258 966 quantum
4302 888 4374 945 et
4415 900 4526 945 vos
4557 899 4649 963 ps·

2739 967 2865 1032 tris
2906 966 3205 1034 coelestis
3305 965 3587 1032 raesidio
3639 965 3955 1034 fovendos
4019 974 4090 1032 et
4132 966 4357 1033 ovium
4401 965 4648 1031 nativam
4791 1013 4792 1020 ι

2741 1050 3138 1120 docilitatem
3191 1052 3293 1119 ilh
3348 1051 3791 1118 exhibendam
3855 1073 3898 1118 a
3961 1051 4152 1120 vobis
4204 1051 4540 1135 exoptatis,
4595 1063 4656 1115 ut

2740 1147 3085 1204 mansueto
3129 1139 3350 1204 animo
3395 1136 3776 1219 admittatis,
3828 1136 4144 1223 quidquid
4186 1139 4330 1221 ipse
4371 1137 4653 1221 praescri·

2739 1224 2854 1303 bit,
2921 1235 3065 1290 tum
3126 1226 3199 1289 in
3264 1232 3552 1290 vestram
3618 1224 3917 1304 salutem,
3983 1232 4129 1290 tum
4187 1223 4564 1309 praesertim
4595 1233 4658 1286 ut

2740 1310 3122 1377 obstruatur
3163 1330 3237 1376 os
3279 1311 3520 1394 impiis,
3588 1331 3673 1376 ne
3716 1331 3833 1393 per
3873 1310 4022 1377 illos
4064 1323 4289 1375 vestra
4330 1307 4468 1374 ulla
4504 1328 4657 1374 occa·

2740 1396 3479 1548 ῗὲῗᾝὲἒὲἐῖἆέἑῗὲἑ
3500 1394 4013 1565 ξῗὲἳῗὲοῗῖἓὶ·
4029 1395 4646 1564 νοῗοζξῗῗῶ·
4565 1413 4657 1492 ¹²*

2741 1568 2981 1651 spiritu
3024 1576 3231 1652 regat,
3297 1579 3495 1649 atque
3560 1570 3866 1636 omnibus
3911 1570 4050 1635 suis
4092 1568 4286 1633 bonis
4327 1565 4659 1649 locupletet.

2743 1652 3076 1733 Genevae,
3124 1657 3227 1718 31.
3271 1652 3428 1718 Iulii
3481 1655 3661 1719 1563.

3527 1948 3936 1956 ———-———

3628 2198 3833 2268 3998.

2926 2351 3399 2420 OALVINUS
3442 2352 3867 2420 HENRIOO
3911 2353 4516 2422 NAVARRENO.

2912 2521 3247 2590 Dedicoetio
3291 2521 3735 2590 Commentarii
3773 2526 3843 2589 in
3886 2524 4080 2591 libros
4122 2525 4349 2593 Mos-is.
4381 2527 4435 2612 ¹)

2742 2694 2853 2756 (Ex
2888 2694 3129 2749 editione
3162 2696 3422 2765 principe.
3460 2695 3663 2750 Gener.
3681 2695 4061 2753 excud.Henr.
4088 2697 4407 2768 Stephanus
4436 2696 4678 2758 mestun

2747 2865 3199 2932 Illustrissiono
3279 2865 3577 2946 Principi
3649 2866 3929 2933 Hem-ico
4013 2868 4161 2934 duci
4263 2869 4678 2937 Vindocinum-ei

2950 2953 3130 3035 reyni
3175 2950 3518 3018 Navarrae
3557 2951 3813 3020 haeredi
3857 2953 4130 3020 Ioannes
4175 2953 4504 3022 Calvinus.

2925 3122 3104 3204 Quod
3142 3123 3305 3188 hunc
3336 3143 3541 3189 meum
3577 3123 3849 3189 laborem
3889 3125 4007 3191 tibi
4046 3127 4262 3192 dicare
4303 3129 4546 3193 veritas
4583 3146 4678 3191 nun

2747 3228 2907 3286 sum,
2972 3208 3408 3274 illustrissime
3469 3209 3792 3290 Princeps,
3856 3217 3929 3275 ut
3991 3212 4108 3277 sub
4168 3217 4276 3277 tao
4334 3214 4585 3279 nomine
4629 3214 4678 3275 n·-

2748 3295 2948 3360 lncem
2990 3299 3182 3372 exeat,
3226 3297 3289 3360 si
3331 3294 3663 3361 consilium
3705 3296 3772 3359 in
3822 3317 3889 3362 eo
3931 3318 4139 3363 meum
4169 3298 4474 3381 plerique
4511 3318 4680 3382 νεμη-

2745 3379 3033 3459 bendani,
3097 3379 3263 3445 nihil
3325 3380 3488 3446 mihi
3550 3401 3776 3447 novum
3831 3383 3930 3447 vel
3991 3384 4400 3465 inopinatum
4467 3384 4678 3450 aad&

2753 3465 3060 3532 obiiciant
3101 3466 3270 3530 enim
3311 3487 3388 3533 ex
3426 3465 3545 3532 boc
3587 3468 3990 3551 inscriptione
4031 3470 4248 3535 odium
4283 3471 4410 3536 tibi
4451 3468 4676 3551 comm-i

2745 3551 2920 3633 apud
2971 3551 3285 3632 improbos
3339 3553 3454 3634 qui
3508 3553 3644 3617 iam
3687 3553 3846 3634 plus
3898 3554 4061 3620 sotis
4103 3555 4226 3621 *cibi
4279 3558 4510 3639 infesti
4549 3558 4677 3622 sud-

2761 3636 2991 3703 Verum
3023 3636 3273 3718 quando
3314 3639 3384 3702 in
3417 3638 3535 3705 boe
3567 3643 3777 3704 tenera
3813 3646 4010 3706 aetate
4029 3642 4084 3721 ²)
4129 3644 4294 3707 inter
4337 3646 4560 3708 varios
4595 3648 4682 3705 ter-

2743 3743 2920 3788 rores
2984 3727 3040 3786 et
3100 3722 3315 3789 minas
3365 3744 3441 3788 ea
3495 3729 3551 3788 te
3605 3726 3809 3790 animi
3871 3728 4308 3810 maynitudine
4371 3728 4556 3795 Deus
4609 3728 4682 3789 i·-

2743 3809 2983 3875 sbrutcit
3023 3813 3094 3872 ut
3132 3828 3457 3891 nunquam
3491 3830 3532 3875 a
3575 3810 3822 3876 sincera
3866 3817 3924 3877 et
3967 3815 4236 3896 inqenua
4274 3814 4446 3893 fidei
4477 3813 4680 3896 proso

2744 3895 2919 3959 sione
2956 3894 3161 3976 fueris
3202 3895 3521 3971 obductus,
3575 3916 3706 3961 meo
3747 3900 4092 3964 testimonio
4132 3898 4513 3980 confirmari
4551 3894 4680 3982 qud

2733 3980 2961 4063 polam
3001 3981 3102 4045 vis
3141 3980 3426 4046 omnibus
3467 3983 3870 4064 manifestum
3913 4004 4064 4062 esse,
4123 3986 4280 4066 quid
4339 3986 4467 4051 tibi
4509 3990 4682 4050 novat

2744 4085 2867 4131 non
2922 4066 3112 4131 video.
3213 4066 3477 4147 Quando
3539 4068 3751 4150 itaque
3804 4075 3863 4133 te
3925 4071 4230 4154 eoonyelii
4289 4070 4539 4138 Glm'sti
4587 4086 4680 4131 no·

2735 4152 2952 4235 pedet,
3008 4152 3248 4216 iustam
3302 4152 3462 4217 mihi
3520 4153 3795 4233 fiduciae
3834 4158 4166 4221 mten‘om
4218 4157 4388 4224 dare
4445 4159 4582 4223 vim
4617 4160 4682 4219 a!

2746 4236 2895 4303 haec
2948 4241 3061 4303 tua
3118 4236 3377 4303 libertas
3425 4243 3496 4302 ut
3550 4240 3664 4303 tibi
3711 4241 4081 4322 yratularer
4120 4243 4198 4307 de
4236 4248 4379 4309 tam
4427 4240 4682 4323 felic-1³⁶

2746 4323 3043 4402 exordiis,
3085 4328 3142 4387 et
3183 4323 3254 4386 in
3285 4327 3605 4406 posterum
3646 4326 3734 4391 ad
3773 4326 4071 4392 invidam
4112 4331 4536 4395 constantian-
4575 4327 4684 4391 1·oe-

2745 4413 2936 4475 tarer.
3010 4408 3185 4473 Nam
3226 4410 3390 4489 quod
3445 4411 3699 4491 optimis
3750 4412 4095 4495 quibusque
4147 4418 4416 4480 naturis
4473 4413 4680 4479 ‹2oessst

2745 4500 2817 4559 ut
2856 4495 2985 4560 sint
3019 4494 3338 4574 flexibiles,
3376 4496 3885 4576 adulescentibus,
3920 4501 4272 4582 usquedum
4313 4502 4530 4585 moyis
4557 4518 4684 4564 eu·-

2737 4582 2935 4665 positi
2973 4581 3227 4663 fuerint,
3267 4601 3585 4648 commune
3626 4588 3732 4648 est.

2927 4666 3205 4749 Quodsi
3256 4668 3856 4750 quibusdisplieeat
3907 4671 4483 4749 meumstudiem,
4537 4668 4682 4735 nudo

2748 4752 3175 4819 nobilissimae
3219 4753 3504 4838 Reginae
3546 4757 3740 4820 mabri
3779 4760 3925 4819 tuae
3956 4756 4256 4838 probetur
4301 4758 4506 4841 (quod
4539 4759 4682 4839 [ιιι-

2748 5008 3013 5077 amal)
3053 5009 3196 5064 Olina
3244 5008 3483 5063 Genesin
3527 5013 3826 5080 separatim
3877 5010 4082 5065 editam
4127 5013 4488 5080 princip-'hu
4535 5011 4682 5065 διει-

2749 5082 2894 5136 nicia
2925 5079 3207 5134 dicaverat
3243 5078 3345 5144 (N.
3380 5076 3573 5144 1991),
3605 5095 3756 5134 nune
3787 5080 3860 5134 ab
3893 5080 4005 5134 alis
4037 5080 4466 5136 Morari-i
4494 5080 4682 5152 n‘ffi‘b

2752 5149 3312 5219 simihyperaspistis
3356 5147 3732 5203 nadalino·
3765 5150 4046 5211 conserui,
4089 5152 4684 5220 Μυκη-σαπροῦ

2751 5218 2946 5275 iisdem
2970 5218 3148 5272 verbis
3181 5219 3349 5271 totum
3373 5216 3795 5272 Pentateucho-0
3829 5229 4130 5288 nuncupat.
4545 5230 4682 5287 pnr-

2752 5286 2903 5343 nieit
2934 5293 3034 5341 out
3067 5285 3289 5340 addidit
3319 5285 3495 5340 litem
3528 5288 3764 5341 mainis
3796 5285 4210 5356 maman
4243 5292 4571 5344 m

2961 5353 3023 5423 2)
3060 5354 3250 5413 Nam
3281 5359 3402 5410 orat
3435 5371 3487 5410 o.
3523 5354 3577 5410 d.
3619 5354 3820 5411 XVII.
3863 5356 3982 5412 Gal.
4023 5354 4141 5413 Oet.
4175 5374 4229 5411 a.
4267 5356 4426 5413 1550.

4193 5950 4794 6095 *A
