4900 6125
295 451 398 514 25³

290 655 579 720 responee.
665 633 741 700 Ie
785 654 949 700 vous
1008 634 1264 718 supplie
1330 644 1669 717 presentet
1710 656 1849 702 mes
1906 635 2207 701 humbles

288 719 810 788 reeomandations
876 728 918 786 a
980 719 1397 786 l’exeellanee
1459 719 1540 786 de
1581 720 2069 805 Monseigneur,
2139 731 2208 786 et

288 808 356 874 de
393 805 699 884 Madame,
762 816 832 871 et
875 807 1052 872 aussi
1097 806 1416 873 sallueres
1460 806 1801 872 Monsieur
1844 807 1906 872 le
1949 807 2208 874 Gover·

285 914 444 968 nour,
499 902 562 955 et
603 891 964 958 Messieurs
1022 891 1119 958 les
1164 890 1438 973 Quatre,
1475 899 1645 957 tout
1702 892 1765 958 le
1809 891 2095 971 Conseil,
2142 900 2209 956 et

285 988 441 1049 toute
479 977 813 1062 l'Eyglise.
903 978 1089 1043 Vous
1147 975 1620 1044 recomandant
1662 985 1704 1043 a
1757 977 1818 1042 la
1876 999 2073 1064 grace
2116 977 2207 1042 du

283 1064 577 1147 Seigneur
635 1064 745 1146 qui
780 1072 964 1130 ‘vous
1029 1063 1288 1129 benisse
1350 1084 1661 1130 conserve
1719 1074 1787 1128 et
1851 1065 2072 1148 garde,
2140 1074 2209 1128 et

283 1161 468 1215 tontes
511 1170 611 1215 ses
648 1149 974 1235 Eyglises,
1022 1161 1087 1215 et
1131 1149 1301 1215 fasse
1338 1170 1682 1233 prosperer
1728 1160 1950 1216 vostre
1995 1151 2209 1217 sainct

279 1236 603 1301 ministere.

429 1322 526 1386 De
570 1320 721 1404 Gap
765 1342 840 1386 ee
895 1323 965 1384 12
1014 1320 1093 1387 de
1137 1322 1411 1387 ianvier.

1197 1458 1436 1523 Vostre
1479 1456 1654 1523 frere
1701 1457 1919 1523 Farel.
1950 1462 2034 1529 ¹¹)

1019 1753 1272 1762 —————.

1126 2003 1329 2074 3696.

635 2162 757 2227 HA
771 2160 1143 2229 LLERUS
1191 2157 1817 2227 BULLINGERO.

423 2334 640 2417 Neque
698 2333 975 2399 Castalio
1041 2353 1237 2416 neque
1305 2331 1595 2397 zanchas
1659 2337 1908 2396 vocatus
1971 2335 2060 2395 est
2123 2330 2208 2395 ad

266 2418 512 2486 &dolam
551 2420 1092 2499 Lausannensem,
1139 2419 1215 2483 de
1253 2418 1537 2500 Hyperia
1570 2418 1731 2483 serio
1765 2417 2115 2501 amatum.

263 2589 356 2655 (Ex
397 2592 739 2661 autographo
777 2590 942 2645 Areb.
993 2591 1171 2644 Turio.
1217 2591 1359 2643 Plnt.
1403 2589 1490 2643 vl.
1530 2589 1656 2641 Vol.
1694 2586 1814 2656 154,
1862 2587 1991 2641 olim
2027 2586 2201 2642 Sorin.

473 2662 532 2713 B.
569 2661 713 2729 Epp.
749 2661 899 2713 Tom.
936 2658 1022 2725 32,
1055 2661 1148 2714 fol.
1184 2658 1301 2714 580.
1343 2687 1406 2699 -
1443 2659 1643 2713 Simler
1677 2658 1800 2710 Vol.
1843 2656 1980 2721 103.)

415 2831 483 2899 S.
557 2833 665 2897 De
715 2832 1071 2899 Castaliam
1126 2851 1260 2895 non
1318 2840 1419 2894 est
1473 2829 1645 2912 quod
1705 2830 1796 2893 sis
1861 2828 2204 2910 sollicitae,

262 2918 702 2984 colendissimo
745 2919 827 2983 D.
868 2926 1218 2999 compater,
1278 2915 1509 2982 eadem
1562 2916 1738 2979 enim
1784 2915 1968 2999 prius
2013 2916 2201 2979 novi-

260 3024 389 3069 mus
444 3005 670 3071 omnia
725 3023 1003 3088 quorum
1061 3010 1136 3068 tu
1187 3001 1517 3069 admones.
1607 3001 1876 3068 Interea
1917 3001 2036 3067 tibi
2078 3019 2201 3085 pro

261 3099 358 3154 tua
407 3089 751 3175 diligentia
811 3102 879 3155 et
934 3089 1372 3156 sollieitudine
1427 3090 1538 3173 pia
1593 3108 1792 3171 quam
1849 3107 1966 3170 pro
2011 3085 2200 3152 nobis

257 3177 416 3257 geris
477 3196 606 3261 ago
675 3177 921 3261 gratias
987 3177 1329 3241 maximas.
1428 3175 1600 3240 Puto
1665 3185 1733 3238 te
1798 3174 2052 3238 interea
2115 3193 2198 3237 ex

255 3263 404 3326 meis
445 3264 831 3346 eognovisse
866 3282 1032 3345 quae
1076 3264 1252 3328 eirea
1273 3260 1546 3343 Hyperii
1591 3258 1999 3324 vocationem
2043 3279 2198 3324 eon·

256 3348 525 3430 tigerint.
601 3383 1322 3395 ——————
1375 3384 1458 3394 —
1522 3345 1772 3411 Sumus
1852 3345 2050 3409 etiam
2118 3344 2201 3409 de

255 3431 326 3496 D.
371 3433 624 3502 Zancho
666 3433 942 3517 loquuti,
990 3434 1108 3499 sed
1153 3433 1362 3498 nostri
1406 3431 1707 3497 homines
1751 3430 1957 3496 Italos
2000 3449 2249 3512 supra4

253 3518 502 3585 modum
543 3521 823 3586 horrent
864 3529 945 3585 ut
999 3540 1129 3585 non
1185 3519 1473 3601 potuerit
1526 3516 1808 3582 obtineri
1862 3516 2038 3582 illius
2086 3536 2200 3580 vo-

254 3606 402 3668 estio
446 3639 1435 3654 ————————
1483 3604 1759 3668 Bernae.
1789 3605 1836 3680 ¹)

1021 3897 1412 3911 ῳ

1129 4116 1329 4185 3697.

323 4257 758 4340 unomen
805 4270 931 4337 DE
978 4272 1580 4350 VAULRERE1)
1628 4274 1688 4338 A
1735 4269 2106 4337 cALVIN.

407 4443 739 4511 Demande
782 4445 857 4510 de
891 4450 1174 4526 postem.

246 4613 617 4686 (Antographe
663 4615 732 4668 de
767 4616 822 4669 la
857 4613 1242 4684 Bibliotheque
1278 4613 1346 4670 de
1381 4613 1601 4669 Geneve
1639 4615 1756 4669 Vol.
1787 4613 1904 4678 196,
1954 4615 2045 4669 sol.
2084 4613 2198 4684 37.)

245 4821 499 4956 &21ss
530 4821 1542 4958 mmaerghfimm
1572 4904 1654 4957 ep.
1689 4889 1743 4944 d.
1780 4888 1830 4942 9.
1855 4889 2193 5027 Im

245 4957 1097 5040 &basem-nonnuli
1331 4957 1894 5014 aeman-calamn-

245 5092 416 5150 m.
438 5096 498 5158 1)
537 5093 672 5150 Non
706 5095 1050 5152 inwouvable
1082 5095 1228 5149 dans
1267 5096 1316 5150 le
1350 5094 1718 5151 dictionmire
1749 5095 1846 5150 des
1889 5108 2195 5151 communes

246 5162 304 5214 de
514 5178 589 5218 ee.
658 5165 807 5220 Am
853 5164 950 5219 des
1001 5163 1382 5233 clamve-tems
1428 5164 1558 5233 plus
1603 5181 1675 5219 ou
1726 5163 1905 5218 moins
1949 5164 2195 5219 natabus

532 5237 568 5300 f
742 5234 1044 5288 waurei:
1096 5233 2194 5302 lechoiaeenmunqmndno-bre.

519 5302 1599 5372 hutonemtioetauoecnindicequo‘
1923 5299 2191 5358 itandi-

248 5370 493 5426 ter-tina
529 5372 586 5426 la
615 5373 876 5441 movim&
908 5373 978 5426 σὺ
1013 5373 1058 5427 ιἹ
1087 5371 1347 5437 {endroit
1377 5369 1630 5429 cham
1665 5371 1723 5426 la
1756 5371 1983 5427 ῑοωέιῖέ.

1971 449 2132 512 1562
2178 445 2562 515 IANUAR.

4144 449 4274 514 254

2487 635 2547 700 A
2592 633 2934 699 Monsieur
2992 634 3331 699 Monsieur
3389 634 3603 699 Metre
3659 635 3780 700 Ian
3827 636 4088 721 Calvyn
4147 639 4269 702 mi-

2308 721 2519 787 nistre
2566 720 2647 785 de
2692 719 2755 785 la
2801 719 3023 802 parole
3068 718 3149 784 de
3194 718 3371 785 Dieu

3723 830 3763 873 a
3808 808 4095 875 Geneve.

2310 976 2526 1044 Graee
2571 988 2636 1042 et
2678 978 2831 1061 paix
2879 998 2997 1059 par
3042 990 3265 1042 nostre
3309 977 3637 1062 Seigneur
3670 979 4061 1045 Iesuchrit*
4106 1002 4269 1047 vous

2875 1065 3001 1128 soit
3046 1064 3389 1146 multiplie.
3480 1067 3715 1130 Amen.

2488 1236 2829 1301 Monsieur
2865 1255 3026 1300 vous
3071 1256 3247 1301 seres
3292 1244 3431 1301 este
3466 1233 3719 1303 adverti
3757 1258 3875 1318 par
3911 1239 4268 1304 Messieurs

2310 1322 2388 1388 de
2415 1320 2600 1386 Sales
2642 1331 2710 1387 et
2753 1321 2828 1386 de
2868 1319 3095 1385 Sauset
3137 1330 3205 1385 et
3249 1341 3366 1404 par
3401 1343 3532 1387 une
3566 1323 3840 1388 missive
3875 1345 4000 1406 que
4043 1334 4269 1389 nostre

2311 1407 2698 1473 ooneistoire
2733 1427 2901 1472 vous
2937 1426 2976 1469 a
3011 1405 3251 1472 mande
3294 1420 3359 1471 et
3403 1430 3442 1471 a
3477 1408 3830 1474 messieurs
3865 1430 4030 1475 vous
4065 1410 4269 1475 freres

2310 1492 2669 1576 mynistres
2726 1491 2806 1557 de
2862 1491 2927 1555 la
2981 1492 3205 1576 parole
3251 1493 3330 1558 de
3375 1492 3548 1558 Dieu
3609 1514 3692 1558 en
3750 1515 3871 1560 son
3915 1495 4143 1580 Eglise
4189 1496 4270 1561 de

2312 1578 2588 1644 Geneve
2648 1576 2729 1643 de
2787 1577 2851 1642 la
2908 1598 3101 1660 grace
3145 1599 3270 1661 que
3328 1579 3445 1664 luy
3490 1598 3530 1642 a
3583 1580 3734 1660 pleu
3793 1602 3952 1646 vous
4012 1582 4145 1646 fere
4190 1580 4271 1646 de

2312 1685 2477 1730 nous
2522 1685 2835 1749 reeevoyr
2879 1684 2964 1727 au
3010 1674 3280 1746 t-ropeau
3307 1664 3387 1729 de
3411 1664 3743 1730 Iesuehrit
3785 1688 3901 1731 son
3947 1667 4054 1731 filz
4100 1687 4232 1750 pou

2312 1770 2481 1815 nous
2525 1750 2763 1815 rendre
2820 1749 2901 1814 de
2946 1749 3270 1814 membres
3323 1752 3582 1833 pourris
3637 1752 3963 1818 membres
4024 1753 4148 1818 vifz
4194 1753 4275 1819 de

2311 1859 2430 1901 son
2485 1854 2676 1919 eorps
2732 1857 2854 1920 par
2916 1834 3098 1913 ieele,
3168 1836 3343 1901 aussi
3407 1856 3601 1901 aures
3645 1837 3935 1903 entendu
3992 1839 4054 1903 le
4100 1839 4276 1904 desir

2310 1941 2437 2003 que
2482 1944 2647 1987 nous
2690 1943 2898 1987 avons
2941 1934 3115 1986 estre
3161 1923 3507 2005 enseignes
3550 1944 3632 1988 en
3690 1921 3755 1987 la
3799 1924 4039 2005 parole,
4097 1936 4166 1989 et
4208 1924 4275 1990 la

2312 2006 2562 2084 grande
2620 2009 2940 2074 necessite
2996 2028 3120 2090 que
3181 2028 3344 2073 nous
3402 2028 3609 2074 avons
3668 2008 3803 2073 dun
3862 2012 4188 2095 mynistre
4234 2032 4274 2076 a

2308 2093 2566 2175 laquele
2632 2114 2798 2159 nous
2875 2094 3210 2176 esperions
3288 2103 3462 2159 estre
3541 2115 3855 2160 seeourus
3919 2117 4040 2181 par
4107 2117 4271 2162 vous

2312 2200 2588 2263 moyens
2631 2200 2885 2245 eomme
2929 2179 3010 2243 de
3054 2200 3223 2245 ceux
3282 2181 3390 2263 qui
3449 2180 3674 2246 taches
3717 2178 3799 2246 de
3853 2192 4000 2247 tout
4044 2192 4270 2247 vostre

2308 2286 2614 2349 pouvoyr
2646 2266 2944 2330 satisfere
2980 2287 3110 2329 aux
3133 2266 3563 2341 necessiteux,
3604 2266 3865 2349 despuis
3904 2289 4072 2333 nouz
4102 2289 4271 2333 som-

2308 2372 2449 2416 mes
2496 2361 2671 2417 estes
2711 2350 3003 2416 advertis
3048 2371 3166 2433 par
3211 2360 3452 2417 metros
3490 2352 3894 2418 Guilhaume
3930 2352 4163 2418 Borrel
4204 2364 4270 2419 et

2310 2437 2640 2520 Raynaud
2684 2438 2883 2502 Tallet
2916 2437 3089 2519 quilz
3134 2457 3299 2502 nous
3339 2450 3455 2503 ont
3498 2449 3734 2504 retenu
3770 2460 3911 2522 ung
3944 2442 4269 2523 mynistre

2309 2532 2379 2586 et
2420 2523 2636 2588 seules
2681 2544 2884 2588 avons
2927 2523 3250 2605 despeohe
3308 2545 3380 2588 ee
3439 2531 3706 2606 porteur
3764 2545 4059 2606 expreux
4105 2545 4269 2608 pour

2308 2607 2475 2672 laler
2518 2609 2741 2692 querir
2800 2629 2967 2674 nouz
3027 2608 3123 2673 les
3182 2629 3388 2677 avons
3445 2629 3714 2694 requers
3760 2631 3921 2676 vous
3966 2631 4048 2675 en
4090 2631 4269 2678 eom·

2309 2695 2657 2777 muniquer
2700 2715 2868 2760 nouz
2912 2694 3160 2759 offrant
3213 2716 3526 2778 reeevoyr
3570 2696 3739 2762 eelui
3787 2715 3871 2761 ou
3918 2696 4131 2762 aultre
4172 2697 4266 2762 tel

2308 2800 2433 2862 que
2491 2800 2654 2845 vous
2717 2780 2935 2863 plerra
2989 2799 3161 2844 nouz
3229 2801 3522 2866 envoyer
3589 2782 3805 2849 daussi
3874 2781 4000 2847 bon
4065 2804 4269 2848 oueur

2307 2885 2433 2949 que
2492 2866 2715 2949 prions
2759 2865 2934 2931 Dieu
2993 2885 3158 2930 vous
3212 2887 3562 2935 conserver
3606 2876 3673 2933 et
3728 2875 4115 2952 augmenter
4158 2890 4266 2936 ees

2306 2970 2536 3034 greces
2581 2973 2749 3017 nouz
2808 2951 3349 3018 recommendant
3394 2952 3865 3032 humblement,
3911 2952 4264 3034 Monsieur,

2306 3057 2436 3102 aux
2484 3044 2720 3105 votres.
2794 3037 2874 3104 de
2920 3036 3243 3104 Vaulrere
3286 3060 3359 3106 ee
3409 3043 3484 3104 17
3533 3039 3612 3107 de
3656 3040 3923 3109 Ianvier
3975 3043 4155 3106 1562.

2480 3192 2664 3257 Vous
2701 3191 3007 3259 humbles
3042 3203 3108 3257 et
3142 3193 3506 3262 obeissantz
3551 3196 3913 3261 serviteurs
3951 3209 4018 3260 et
4060 3197 4265 3262 freres

2304 3298 2389 3342 en
2446 3286 2671 3344 nostre
2725 3276 3058 3363 Seigneur
3122 3300 3285 3346 eeux
3345 3280 3425 3347 de
3494 3281 3747 3366 laiglise
3813 3284 4135 3348 reformes
4183 3281 4265 3348 de

2305 3362 2632 3429 Vaulrere
2675 3372 2741 3430 et
2785 3385 2823 3429 a
2870 3364 3013 3430 leur
3057 3385 3207 3430 nom

3479 3454 3792 3518 Anthene
3839 3453 4177 3520 Debellan.

3469 3539 3536 3604 J.
3582 3538 3895 3605 Riehard.

3169 4186 3373 4256 3698.

2926 4359 3167 4424 BEZA
3206 4357 3645 4425 CALVINO.

2476 4529 2661 4596 Nova
2738 4551 2816 4595 ex
2896 4531 3064 4597 aula.
3194 4531 3345 4612 Ipse
3416 4532 3493 4597 de
3558 4531 3937 4612 profectione
4013 4532 4252 4615 coqitat.

2299 4617 2550 4682 Interea
2592 4616 2791 4682 denuo
2833 4615 3205 4700 colloqmum
3273 4617 3435 4682 inter
3476 4618 3803 4698 utriusque
3834 4616 4054 4697 partis
4096 4616 4258 4683 dele·

2290 4703 2871 4854 wmimittctum.
2944 4701 3049 4766 De
3081 4701 3394 4769 Budaeus·
3420 4722 3768 4768 successore
3799 4722 3941 4768 cum
3978 4702 4258 4768 Meroero

3220 5025 3366 5087 1067,
3412 5027 3628 5082 Simleri
3678 5026 3801 5082 Vol.
3852 5026 3969 5081 103.
4016 5037 4072 5081 et
4123 5027 4257 5086 Ood.

3176 5127 3239 5134 -—
3276 5097 3467 5149 Edidit
3504 5097 3673 5149 Baum
3712 5091 3852 5164 App.
3893 5096 3963 5151 11.
4004 5095 4150 5165 159.)

2179 4999 2193 5013 .
2294 4960 2400 5024 (Ex
2438 4959 2778 5150 αυῐοέιέρῑιο
2814 4958 2942 5014 Cod.
3000 4958 3202 5013 Genev.
3262 4957 3379 5012 117.
3431 4959 3519 5012 fol.
3568 4957 3652 5023 64,
3707 4958 3826 5011 coll.
3888 4974 3931 5012 e.
3971 4958 4097 5014 Cod.
4140 4959 4256 5027 119,

2293 5029 2384 5082 fol.
2435 5025 2520 5093 ⁷3,
2654 5045 2706 5098 p.
2756 5029 2921 5082 Bern.
2970 5025 3167 5149 V1.⁷p.

2407 5096 2641 5167 Sangui.
2681 5098 2823 5167 Epp.
2861 5097 2979 5152 XII.
3017 5095 3087 5149 29
3123 5137 3137 5152 .

2384 5271 2443 5334 A
2492 5268 2726 5333 Mons&
2783 5268 3015 5334 Mons‘.
3061 5267 3480 5352 D'espeville.

3532 5373 3572 5417 a
3609 5350 4078 5421 Villefranohe.
