4900 6125
298 417 396 479 593

291 603 430 670 Nam
467 606 530 667 et
560 619 817 665 moeror
850 598 1277 666 constrictum
1309 618 1418 665 me
1452 604 1654 677 tenet,
1700 605 1776 665 ut
1817 599 2041 684 segnis
2084 599 2213 666 sim

290 688 355 754 sd
404 706 581 752 omne
638 685 838 752 officii
888 707 1118 770 genus,
1177 686 1303 752 nisi
1360 706 1562 767 quum
1618 692 1811 769 urget
1854 685 2213 752 necessitas

290 782 342 841 et
388 772 559 856 quasi
614 770 898 839 invitum
957 770 1181 850 trahit,
1240 779 1307 836 et
1357 771 1427 837 in
1486 771 1681 838 rebus
1725 769 1886 838 adeo
1931 771 2212 838 turbatis

286 878 425 944 quae
462 856 657 924 dubia
690 865 847 923 sunt
889 857 1073 942 piget
1105 857 1408 936 scribere,
1452 878 1537 922 ne
1572 877 1727 923 mox
1772 878 1923 924 oum
1966 857 2214 941 pudore

285 945 356 1012 sit
388 943 859 1009 retraetandum
897 941 1069 1026 quod
1113 964 1347 1010 verum
1383 963 1527 1009 esse
1569 942 1996 1010 credideram.
2055 943 2210 1009 Non

282 1032 429 1096 enim
477 1028 701 1095 credas
757 1036 1007 1112 quanta
1062 1030 1151 1095 sit
1204 1028 1567 1094 mentiendi
1610 1029 1896 1095 licentia.
1986 1027 2211 1111 Quare

282 1137 349 1182 ex
379 1115 576 1182 taedio
643 1114 774 1180 iam
822 1115 960 1180 fere
1004 1113 1470 1180 hebetudinem
1522 1116 1843 1194 contraxi,
1889 1120 1964 1180 ut
2005 1115 2209 1181 nullis

278 1200 617 1268 rumoribus
661 1221 941 1267 movear.
1030 1200 1177 1266 Iam
1227 1222 1380 1267 vero
1425 1222 1546 1266 sex
1589 1201 1928 1267 mensibus
1968 1201 2210 1267 itinera

279 1287 356 1354 sic
391 1286 653 1353 fuerunt
694 1287 954 1353 occlusa
988 1295 1063 1352 ut
1107 1285 1273 1351 nihil
1308 1287 1470 1353 certi
1513 1287 1901 1370 perferatur.
1990 1286 2210 1354 Hodie

278 1372 409 1455 quid
449 1379 648 1457 agant
690 1372 898 1438 nostri
960 1392 1258 1455 proceres
1302 1374 1646 1452 nescimus,
1693 1372 1822 1438 nisi
1865 1371 2037 1456 quod
2081 1373 2208 1440 cir·

277 1459 414 1525 citer
452 1459 646 1523 finem
691 1457 976 1541 proximi
1021 1459 1265 1524 mensis
1307 1458 1525 1524 adhuc
1580 1465 1770 1522 erant
1814 1456 2119 1524 Corbelii.
2158 1461 2207 1538 ¹)

276 1542 577 1628 Oppidum
621 1553 723 1608 est
764 1544 1082 1628 exiguum
1127 1564 1249 1610 nec
1304 1543 1496 1609 valde
1539 1544 1889 1623 munitum,
1937 1544 2209 1610 Lutetia

274 1629 446 1696 distat
505 1639 791 1713 quatuor
856 1638 1117 1695 tantum
1186 1630 1499 1695 horarum
1566 1629 1816 1695 itinere.
1930 1629 2209 1696 Fecerat

272 1714 373 1781 loci
412 1717 858 1799 opportunitas
902 1723 980 1780 ut
1026 1715 1245 1781 hostes
1286 1715 1500 1782 modis
1544 1716 1847 1782 omnibus
1897 1714 2058 1780 illud
2105 1738 2207 1782 re-

272 1801 454 1866 tinere
492 1801 985 1879 contenderent,
1041 1802 1193 1883 quia
1236 1811 1435 1885 ponte
1478 1800 1945 1868 intercluditur
1988 1810 2206 1868 trans·

270 1888 381 1952 itus
433 1907 733 1952 annonae
792 1906 959 1970 quae
1016 1908 1099 1952 ex
1144 1886 1536 1971 Burgundia
1594 1886 1965 1953 advehitur.
2068 1888 2207 1953 Ita-

268 1993 375 2054 que
414 1972 633 2038 sedem
691 1971 876 2037 illam
934 1982 1368 2055 occupaverat
1414 1972 1935 2040 Santandreanus
1951 1974 2011 2049 2)
2055 1995 2206 2039 eum

269 2057 460 2123 valido
503 2058 869 2142 praesidio:
935 2058 1051 2124 sed
1105 2069 1259 2125 ante
1316 2059 1874 2143 expugnationem
1930 2060 2204 2144 aufugit.

264 2143 495 2229 Regina
536 2143 626 2209 ad
660 2144 885 2211 solitas
930 2144 1314 2227 pacificandi
1360 2158 1536 2210 artes
1581 2145 1882 2210 redierat.
1905 2145 1959 2220 ³)
2035 2145 2207 2212 Nos·

264 2230 334 2294 tri
395 2251 544 2295 vero
615 2229 813 2295 nimis
879 2241 1079 2295 erunt
1143 2229 1409 2296 hebetes
1474 2231 1533 2295 si
1609 2233 1800 2296 toties
1864 2229 2209 2298 fallacibus

262 2313 577 2381 blanditiis
655 2314 911 2399 decepti
976 2336 1207 2382 rursus
1264 2338 1335 2383 se
1409 2316 1481 2381 in
1545 2316 1778 2400 plagas
1837 2317 2203 2383 coniiciant.

258 2399 483 2466 Eorum
544 2401 752 2485 legati
819 2400 1201 2467 humaniter
1275 2403 1534 2486 excepti
1597 2410 1755 2468 sunt
1820 2422 1860 2467 a
1906 2401 2206 2484 Caesare,

259 2485 379 2552 eius
411 2487 543 2552 filio
589 2497 661 2552 et
704 2485 1138 2565 Electoribus,
1197 2487 1313 2553 sed
1371 2507 1761 2571 responsum
1805 2507 1941 2553 non
1987 2488 2202 2555 datur.

256 2569 347 2636 De
387 2573 600 2638 'l'uroa
652 2573 827 2655 quod
870 2572 1045 2656 apud
1092 2593 1206 2640 vos
1249 2593 1556 2656 sparsum
1609 2580 1713 2641 est
1754 2575 2051 2657 suspicor
2086 2595 2203 2640 va-

258 2678 397 2722 num
439 2679 602 2738 esse,
650 2680 805 2723 nam
846 2666 1023 2724 certe
1066 2657 1350 2724 verbum
1395 2659 1466 2724 in
1512 2660 1648 2726 suis
1690 2659 1901 2726 literis
1944 2660 2206 2726 fecisset

256 2742 405 2808 alter
452 2765 535 2809 ex
592 2745 848 2828 legatis,
905 2744 1013 2811 oui
1065 2744 1481 2811 familiariter
1519 2746 1825 2829 aperiunt
1872 2746 2204 2831 principes

255 2848 402 2910 quae
444 2840 674 2896 nostra
716 2831 881 2896 seire
915 2831 1210 2896 interest.
1300 2831 1560 2915 Regina
1605 2831 1887 2916 Angliae
1906 2837 1964 2908 ⁴)
2001 2832 2203 2900 nimis

254 2911 588 2982 liberaliter
636 2935 759 2981 sua
815 2915 1058 2982 auxilia
1108 2917 1414 2982 iactavit:
1461 2916 1603 2982 eius
1646 2919 1938 2984 vanitate
1980 2919 2201 3001 perdi-

253 3007 375 3066 tum
418 3002 543 3068 suit
564 3002 1033 3087 Rotomagum.
1089 3002 1252 3068 Dux
1291 3002 1639 3069 Nemorsus
1672 3002 1975 3072 inducias
2018 3004 2203 3090 pepi-

253 3086 337 3168 git
380 3109 529 3154 cum
590 3089 858 3153 Barone
904 3088 1210 3154 Adressio
1235 3087 1288 3173 ⁶)
1342 3109 1508 3171 quae
1554 3090 1686 3155 iam
1743 3091 1969 3156 finitae
2025 3100 2199 3158 sunt.

252 3170 411 3252 Quia
452 3174 825 3256 praefectus
869 3173 1340 3258 Lugdunensis
1385 3177 1783 3259 aegrotabat,
1828 3178 2016 3258 petiit
2059 3178 2204 3243 eius

249 3258 659 3341 colloquium:
699 3268 1016 3344 negatum
1061 3268 1177 3325 est.
1236 3260 1556 3345 Lugduni
1601 3263 1804 3344 quies,
1847 3262 1964 3328 sed
2009 3283 2201 3328 num·

246 3362 486 3409 morum
559 3345 857 3429 penuria.
960 3345 1231 3410 Literae
1298 3354 1451 3412 tuae
1516 3367 1717 3428 quum
1784 3369 1821 3412 e
1886 3358 2203 3432 suggestu

248 3426 694 3497 descenderem
732 3432 901 3495 mihi
935 3430 1227 3497 redditae
1272 3446 1448 3496 sunt.
1538 3433 1682 3497 Iam
1718 3431 1897 3498 Dani
1940 3433 2203 3500 aliunde

244 3513 577 3596 sciverant,
636 3537 771 3581 non
829 3517 967 3582 fore
1026 3516 1150 3582 sibi
1193 3517 1608 3583 commodum
1666 3518 1840 3602 apud
1886 3540 2005 3585 nos
2049 3518 2204 3585 hos-

242 3769 412 3824 8882.
437 3772 495 3838 1)
538 3772 834 3828 eandoem
874 3772 1104 3840 receptis
1136 3771 1421 3826 Anactoria·
1463 3773 1640 3842 copiis
1673 3779 1722 3827 et
1767 3775 2016 3844 reliquiis
2051 3790 2202 3831 exer·

241 3840 369 3893 citus
400 3858 437 3896 a
476 3840 790 3897 Monunio
839 3841 901 3894 in
934 3841 1244 3910 Aquitania
1295 3839 1414 3907 fusi
1466 3857 1588 3897 cnm
1638 3840 1779 3897 8000
1823 3842 2103 3911 peditibus
2153 3849 2206 3900 et

242 3905 368 3962 6000
405 3912 683 3981 equitibus
720 3909 953 3962 Aurelia
994 3907 1187 3963 relicta
1229 3908 1285 3962 d.
1340 3908 1389 3964 ⁷.
1438 3909 1572 3967 Noe.
1607 3911 1886 3966 Lutetiam
1929 3912 2205 3968 contendit

240 3982 285 4031 et
314 3985 487 4047 captis
538 3977 768 4049 oppidis
807 3977 1105 4032 Pithiviers
1150 3983 1201 4031 et
1238 3976 1502 4047 nempe,
1547 3979 1601 4034 d.
1641 3980 1722 4034 16.
1763 3980 1908 4035 Non.
1956 3981 2035 4037 ad
2067 3980 2202 4036 Gor·

324 4047 336 4059 ’
462 4056 659 4103 caetra
701 4048 887 4115 possit
929 4054 992 4101 ut
1030 4045 1317 4116 Sequanae
1355 4050 1651 4102 transitum
1685 4049 1795 4104 eibi
1826 4050 2203 4106 commodaret.

241 4112 325 4168 Ibi
367 4117 561 4184 plures
615 4118 737 4170 dies
797 4121 1085 4171 cunctam
1136 4131 1256 4170 cum
1296 4115 1514 4185 Βορέω
1567 4118 1859 4173 necundo
1917 4119 2199 4188 transeqit,

238 4184 341 4237 ιαῖ.
374 4188 555 4248 fratre
591 4190 808 4239 mortuo
836 4186 1128 4252 proximus
1160 4185 1490 4252 reipublicae
1522 4187 1902 4253 capessendae.
1966 4187 2199 4243 Danum

238 4250 286 4303 d.
317 4251 384 4306 28
418 4254 707 4310 Lutetiam
740 4269 808 4307 us
944 4268 1268 4322 proqreesus
1301 4260 1390 4307 est.
1448 4253 1622 4321 (Hiar.
1657 4256 1780 4311 ecel.
1813 4255 1884 4309 11.
1924 4255 2027 4311 190
2058 4258 2200 4328 sqq.)

428 4321 491 4381 2)
532 4319 750 4405 Marde
796 4392 808 4405 ·
866 4321 933 4375 de
971 4320 1050 4376 St.
1090 4319 1294 4376 Andre.
1342 4320 1523 4405 ςῌὼί.
1559 4326 1680 4380 eccl.
1718 4323 1787 4379 11.
1823 4323 1992 4407 191.)

238 4456 405 4525 ...a-
402 4388 1035 4540 summi
1057 4406 1172 4513 ἐι·
1193 4390 1606 4528 „mss”
1616 4392 2201 4543 testis-zvar

236 4523 429 4582 lement
462 4529 778 4583 condemna
810 4527 1041 4582 l’Amira
1094 4533 1154 4582 et
1182 4529 1421 4583 Andelot
1453 4530 1662 4584 d’nvoir
1713 4531 1794 4584 les
1839 4536 2011 4585 testes
2046 4536 2197 4586 tran-

234 4592 383 4649 ehoe·
440 4613 510 4651 en
565 4596 752 4666 effigie
803 4612 1012 4651 comme
1058 4597 1334 4652 crimiuels
1387 4598 1457 4651 de
1512 4598 1625 4652 lese
1669 4599 1925 4665 maieste,
1982 4615 2044 4654 ce
2089 4617 2197 4669 que

234 4665 508 4720 teutonicis
544 4668 619 4720 ils
655 4666 930 4720 n’oserent
964 4672 1238 4722 executer.

423 4732 484 4799 4)
549 4736 861 4790 Tria-wiri
904 4735 1211 4802 Anqlormn
1267 4734 1557 4790 admunt
1615 4741 1907 4791 metuentes
1954 4738 2196 4807 neglecta

234 4802 453 4858 Aurelia
476 4802 535 4857 R
882 4803 1290 4869 contenderunt,
1325 4805 1512 4859 urben
1553 4806 1734 4859 ninus
1768 4806 2051 4873 munitam,
2086 4822 2198 4876 qua

222 4867 382 4933 potiti
412 4879 659 4928 tractum
694 4873 1029 4926 maritimum
1062 4872 1289 4936 facilius
1323 4872 1611 4938 defendere
1638 4880 1914 4942 poterant.

420 4940 484 5007 5)
526 4943 833 4995 Ado-eseias
1008 4957 1038 4995 e
1078 4941 1264 5006 ferens
1311 4940 1623 4997 Soubisiun·
1666 4944 1780 5012 ipsi
1820 4946 2196 5012 praepositum

228 5005 350 5085 inde
381 5024 434 5091 ᾳ.
454 5009 644 5091 medio
678 5024 858 5091 nense
875 4957 1039 5065 Ἑν.
1074 5010 1214 5064 elam
1249 5025 1371 5064 eum
1411 5011 1679 5066 Nenos-so
1706 5012 2108 5080 paciscebatur,
2144 5018 2196 5068 et

223 5074 458 5155 uiduus
478 5079 660 5145 factu
683 5094 872 5146 ceptae
888 5093 957 5133 ex
975 5077 1319 5148 Delphinum
1352 5083 1605 5136 retraxit.
1652 5081 1850 5137 Verum
1868 5081 2036 5136 huius
2065 5097 2194 5149 pro·

224 5148 430 5200 metae
481 5154 672 5202 datm
715 5162 837 5202 eun·
869 5152 933 5202 ut
972 5147 1308 5216 proditorem
1342 5147 1395 5203 d.
1430 5147 1508 5203 10.
1548 5149 1675 5206 100⁸.
1713 5149 1850 5204 1563
1875 5152 1937 5204 in
1970 5150 2194 5205 vinula

225 5214 561 5271 consocerum
599 5231 670 5270 ez·
702 5217 904 5297 quibus
931 5232 1072 5285 paee
1104 5231 1232 5271 mox
1266 5220 1487 5273 eandm
1518 5219 1783 5275 liberatus
1812 5220 1943 5285 fuit.
1993 5218 2192 5275 Poma

224 5279 390 5339 &nuo
437 5285 537 5407 αἱ
563 5285 881 5417 malici?
934 5287 1174 5341 transiit.
1216 5286 1394 5352 (Eiet.
1437 5288 1560 5344 eccl.
1595 5288 1691 5343 111.
1739 5286 1860 5343 233.
1906 5284 2024 5342 290.
2074 5302 2187 5358 sqq.

416 5436 658 5495 omo·
692 5452 879 5508 opera.
964 5439 1077 5496 voz-
1110 5438 1281 5497 xlx

1950 414 2112 477 1562
2156 412 2565 481 DEOEMB.

4155 416 4284 479 594

2315 600 2567 684 pitium.
2680 598 2904 682 Quum
2970 620 3125 685 ergo
3183 598 3477 665 dicerent
3540 620 3611 665 se
3675 619 3821 665 cras
3879 621 4284 682 reversuros,

2312 687 2513 771 longa
2553 688 2978 753 excusatione
3016 707 3181 769 opus
3222 706 3353 750 non
3396 684 3524 749 fuit
3562 693 3631 750 et
3663 693 3841 752 certe
3883 687 4040 753 urbs
4082 687 4284 753 mise-

2312 772 2405 838 ris
2462 771 2801 839 exsulibus
2857 772 3070 857 magis
3126 792 3324 855 quam
3370 769 3649 836 antehac
3703 792 3995 856 unquam
4041 773 4284 839 referta

2313 865 2428 925 est.
2544 857 2906 924 Confluunt
2958 857 3295 924 turmatim
3362 857 3644 923 fortunis
3708 856 4010 924 omnibus
4075 859 4283 940 exuti,

2312 944 2504 1009 multi
2549 943 2713 1022 orbi,
2757 943 3006 1010 multae
3051 941 3304 1011 viduae.
3391 941 3478 1007 In
3513 943 3618 1009 his
3654 944 3976 1026 angustiis
4012 964 4147 1010 non
4183 944 4281 1011 fa-

2311 1028 2435 1097 cile
2502 1029 2883 1096 hominibus
2940 1029 3205 1114 linguae
3271 1028 3527 1094 alienae
3586 1029 3917 1114 reperitur
3972 1028 4277 1097 conditio.

2311 1116 2566 1181 Verum
2614 1126 2968 1199 antequam
3003 1116 3280 1181 verbum
3316 1114 3628 1195 facerent,
3666 1121 4036 1181 statuerant
4069 1137 4280 1201 usque

2311 1200 2395 1267 ad
2439 1202 2700 1268 Pascha
2741 1200 3042 1267 Basileae
3084 1220 3367 1266 manere.

2482 1287 2547 1352 N
2549 1309 2678 1354 unc
2724 1295 2987 1353 transeo
3025 1285 3109 1352 ad
3144 1283 3328 1352 aliud
3371 1291 3856 1370 argumentum.
3947 1284 4154 1370 Saepe
4199 1286 4282 1354 de

2311 1372 2630 1439 scelerata
2673 1372 2948 1457 perfidia
2991 1380 3058 1438 et
3092 1370 3477 1438 crudelitate
3513 1370 3698 1437 Petri
3737 1372 4011 1438 Tessani
4054 1372 4280 1439 admo·

2312 1459 2495 1525 nitus
2529 1458 2846 1526 iudicium
2869 1456 3272 1541 suspendere
3305 1456 3595 1523 maluisti
3632 1477 3830 1540 quam
3867 1456 3949 1523 de
3970 1458 4280 1541 opinione

2310 1545 2516 1610 semel
2575 1552 2890 1627 concepta
2946 1542 3296 1610 discedere.
3385 1543 3479 1609 Et
3519 1542 3633 1607 ille
3687 1542 4050 1608 crocodilus
4092 1545 4280 1610 miris

2312 1631 2395 1696 ad
2477 1629 2839 1696 fallendum
2918 1628 3257 1696 blanditiis
3337 1628 3554 1712 pollet.
3680 1628 3879 1694 Nunc
3957 1628 4281 1714 collegam

2310 1737 2509 1783 suum
2527 1715 2584 1801 ⁶)
2637 1717 2829 1782 novis
2883 1715 3140 1782 insidiis
3197 1714 3464 1780 adortus
3506 1713 3723 1779 effecit
3764 1721 3839 1780 ut
3882 1735 3923 1781 a
3964 1734 4086 1781 suo
4130 1736 4281 1782 mu·

2310 1823 2470 1867 nere
2515 1802 2598 1868 ad
2657 1809 2918 1885 tempus
2961 1799 3385 1884 supersedere
3427 1800 3649 1866 iussus
3693 1800 3796 1866 sit.
3879 1799 4048 1867 Nolo
4091 1801 4162 1867 in
4206 1821 4280 1867 re

2312 1887 2659 1954 manifesta
2700 1888 2967 1972 longam
3003 1886 3538 1970 disceptationem
3581 1885 3859 1970 ingredi.
3930 1886 4163 1970 Agitur
4199 1885 4282 1954 de

2311 1974 2935 2057 praedestinationis
3015 1973 3314 2040 doctrina
3389 1970 3473 2036 ad
3540 1972 3728 2038 cuius
3793 1972 4277 2041 abiurationem

2310 2080 2543 2144 eogere
2589 2059 2832 2124 bouum
2875 2060 3096 2126 virum
3139 2058 3369 2124 voluit.
3458 2055 3640 2139 Quid
3674 2059 3806 2123 iam
3842 2057 4093 2124 Christi
4129 2078 4282 2126 cau-

2309 2166 2451 2212 sam
2496 2146 2614 2213 tibi
2659 2143 3164 2212 commendem?
3224 2142 3326 2210 Ne
3362 2150 3586 2209 tamen
3636 2143 3988 2227 suspiceris
4030 2143 4282 2228 aliquid

2311 2239 2556 2298 temere
2599 2230 2896 2316 elapsum
2942 2252 3085 2298 esse
3128 2229 3303 2314 quod
3360 2228 3791 2296 offensionem
3857 2238 4136 2312 pareret,
4183 2231 4284 2298 vi-

2311 2316 2495 2384 debis
2541 2338 2627 2382 ex
2671 2325 2809 2383 tota
2849 2316 3105 2383 actione
3150 2315 3349 2381 nimis
3407 2314 3609 2381 fuisse
3652 2314 4119 2394 verecundum,
4167 2317 4279 2400 qui

2310 2403 2717 2470 tumultuose
2760 2402 2843 2468 ab
2885 2402 2998 2468 illo
3043 2402 3304 2485 piorum
3346 2401 3639 2467 omnium
3687 2400 3876 2468 hoste
3918 2400 4277 2484 impetitur.

2310 2489 2616 2558 Doctum,
2644 2497 2711 2555 et
2748 2488 2933 2573 pium
2977 2488 3197 2556 virum
3232 2486 3422 2553 nobis
3464 2485 3967 2553 conniventibus
4010 2487 4283 2572 indigne

2311 2577 2541 2642 vexari
2587 2575 2857 2641 minime
2921 2574 3243 2641 convenit.
3334 2572 3514 2655 Quia
3559 2591 3715 2638 vero
3759 2572 4129 2657 opitulandi
4173 2594 4281 2639 ra·

2310 2661 2400 2726 tio
2446 2661 2612 2725 mihi
2656 2660 2840 2727 nulla
2882 2672 2999 2739 est,
3047 2660 3245 2725 fidem
3291 2668 3472 2725 tuam
3515 2657 3813 2742 imploro.
3907 2658 4098 2742 Apud
4146 2659 4280 2725 Ba-

2308 2745 2518 2814 livum
2571 2746 2680 2812 vel
2725 2747 3127 2831 praetectum
3182 2766 3336 2811 rara
3393 2744 3607 2829 gratia
3641 2751 3710 2810 et
3752 2745 4102 2811 autoritate
4146 2744 4282 2827 pol·

2307 2832 2422 2898 les.
2515 2832 2693 2898 Eum
2753 2831 3057 2916 quamvis
3107 2831 3427 2898 fossarius
3484 2831 3619 2896 suis
3668 2830 4044 2914 praestigiis
4088 2830 4280 2896 fasci·

2309 2919 2585 2996 neverit,
2631 2918 2815 2983 nullo
2859 2925 3081 2984 tamen
3122 2916 3386 3001 negotio
3428 2917 3498 2981 in
3542 2918 3718 2981 viam
3760 2914 4047 2982 reduces.
4109 2915 4280 2983 Nolo

2308 3015 2383 3069 ut
2426 3013 2491 3071 te
2535 3005 2798 3089 ingeras
2839 3005 2910 3071 in
2945 3005 3297 3071 obscurum
3338 3010 3691 3070 certamen.
3779 3001 4087 3068 Fratrem
4124 3003 4280 3069 hor-

2308 3097 2489 3157 tatus
2547 3112 2695 3157 sum
2753 3098 2829 3157 ut
2888 3092 3212 3158 actionem
3271 3110 3460 3156 suam
3516 3088 3601 3155 ad
3658 3095 3724 3154 te
3784 3087 4084 3154 deferret.
4174 3089 4279 3155 Re

2307 3177 2509 3260 probe
2537 3184 2879 3261 perspecta
2921 3197 3041 3261 pro
3084 3184 3198 3242 tua
3242 3176 3569 3259 aequitate
3604 3181 3671 3239 et
3708 3174 4068 3325 ¹prudentia
4107 3174 4279 3240 iudi·

2307 3263 2487 3329 cabis
2547 3262 2701 3346 quid
2749 3263 2928 3330 factu
2991 3264 3080 3328 sit
3134 3282 3322 3346 opus.
3411 3260 3662 3327 Saltem
3756 3280 3833 3326 oc
3876 3260 3993 3327 abs
4045 3269 4110 3327 te
4153 3262 4278 3326 im·

2307 3358 2566 3430 petrare
2637 3350 2828 3431 cupio
2894 3356 2971 3414 ut
3028 3347 3436 3431 praefectum
3500 3345 3996 3424 mansuefacias,
4064 3368 4277 3429 quan·

2305 3455 2501 3517 quam
2563 3433 2829 3518 longius
2879 3453 3382 3519 progressurum
3441 3431 3722 3511 confido,
3772 3440 3850 3497 ut
3895 3432 3997 3498 vir
4032 3431 4276 3516 alioqui

2304 3519 2615 3586 cordatus
2669 3519 2818 3604 piae
2892 3522 3229 3603 iustaeque
3294 3539 3528 3585 causae
3596 3518 4030 3601 patrocinium
4098 3519 4276 3584 ultro

2304 3605 2640 3688 suscipiat.
2742 3606 2961 3673 Audio
3026 3608 3204 3670 enim
3261 3604 3525 3670 nonnisi
3589 3624 3810 3670 errore
3876 3623 4143 3686 peecare
4201 3612 4280 3671 ut

2304 3698 2565 3757 tantum
2622 3690 2951 3758 docendus
3007 3693 3110 3757 sit.
3190 3692 3372 3775 Ergo
3421 3692 3479 3755 si
3518 3689 3687 3754 serio
3731 3689 4092 3769 adlabores,
4139 3711 4273 3757 non

2305 3775 2686 3842 dubitamus
2741 3775 2820 3842 de
2879 3797 3191 3861 prospero
3245 3778 3448 3843 exitu.
3529 3774 3717 3855 Vale,
3775 3777 4021 3858 optime
4076 3785 4145 3841 et
4186 3798 4273 3843 ex

2304 3864 2526 3929 animo
2569 3863 2731 3928 mihi
2775 3862 3046 3928 colende
3081 3864 3305 3928 frater.

2475 3947 2668 4015 Nova
2711 3948 2979 4032 lugendi
3024 3949 3301 4013 materia
3342 3968 3425 4013 ex
3471 3954 3682 4013 morte
3731 3946 3908 4012 Petri
3951 3945 4273 4032 Martyris

2302 4035 2593 4100 accessit.
2675 4033 2854 4100 Besa
2912 4044 3136 4100 noster
3179 4034 3250 4099 in
3310 4035 3542 4100 castris
3585 4042 3704 4099 est.
3787 4031 4072 4100 Ribiuus
4115 4041 4270 4099 ante

2301 4140 2418 4184 sex
2464 4141 2724 4187 menses
2769 4120 3110 4185 Aureliam
3156 4120 3488 4203 profectus
3532 4128 3650 4197 est,
3695 4119 3936 4185 ascitus
3979 4118 4140 4185 illuc
4183 4117 4270 4185 ad

2301 4203 2580 4271 docendi
2599 4210 2924 4285 munus.‘¹)
2974 4205 3303 4271 Dominus
3344 4214 3409 4271 te
3432 4215 3659 4270 servet
3678 4204 4098 4283 incolumem,
4123 4223 4267 4269 ma-

2299 4292 2531 4376 gisque
2567 4299 2636 4357 et
2677 4293 2889 4376 magis
2934 4291 3073 4358 suis
3116 4289 3309 4357 donis
3353 4289 3721 4375 locupletet.
3790 4289 4098 4375 Collegae
4135 4290 4269 4357 mei

2300 4385 2365 4444 te
2407 4376 2768 4461 plurimum
2809 4378 3116 4445 salutant.
3199 4377 3513 4444 Genevae
3555 4380 3634 4442 8⁰
3674 4375 3836 4443 Idus
3880 4375 4269 4444 Decembris

2507 4721 2569 4789 6)
2621 4720 2880 4777 Ῡαὶεῑῖιωο
2917 4718 2995 4775 Ν.
3031 4717 3188 4775 3881.

2508 4788 2569 4860 7)
2609 4789 2742 4860 Rea.
2780 4789 2856 4845 du
2892 4786 3053 4844 Gens.
3093 4788 3174 4844 19.
3210 4786 3340 4844 Ian.
3380 4785 3530 4842 1562.
3567 4788 3641 4855 cf.
3680 4787 3756 4844 N.
3790 4785 3948 4842 3673.

3121 5101 3472 5109 ..ἑῇ-ἡ.-
