<?xml version="1.0" encoding="UTF-8"?>
<!DOCTYPE html PUBLIC "-//W3C//DTD XHTML 1.0 Transitional//EN"
    "http://www.w3.org/TR/xhtml1/DTD/xhtml1-transitional.dtd">
<html xmlns="http://www.w3.org/1999/xhtml" xml:lang="en" lang="en">
 <head>
  <title>
</title>
<meta http-equiv="Content-Type" content="text/html;charset=utf-8" />
  <meta name='ocr-system' content='tesseract 3.04.00' />
  <meta name='ocr-capabilities' content='ocr_page ocr_carea ocr_par ocr_line ocrx_word'/>
</head>
<body>
  <div class='ocr_page' id='page_1' title='image "./ioanniscalvinio12unkngoog/ioanniscalvinio12unkngoog_0103.png"; bbox 0 0 4900 6125; ppageno 0'>
   <div class='ocr_carea' id='block_1_1' title="bbox 331 418 455 486">
    <p class='ocr_par' dir='ltr' id='par_1_1' title="bbox 331 418 455 486">
     <span class='ocr_line' id='line_1_1' title="bbox 331 418 455 486; baseline -0.016 0"><span class='ocrx_word' id='word_1_1' title='bbox 331 418 455 486; x_wconf 72' lang='lat'>1⁶13</span> 
     </span>
    </p>
   </div>
   <div class='ocr_carea' id='block_1_2' title="bbox 299 606 2289 4800">
    <p class='ocr_par' dir='ltr' id='par_1_2' title="bbox 301 606 2289 2903">
     <span class='ocr_line' id='line_1_2' title="bbox 325 606 2286 697; baseline -0.001 -22"><span class='ocrx_word' id='word_1_2' title='bbox 325 616 674 697; x_wconf 85' lang='lat' dir='ltr'>propterea</span> <span class='ocrx_word' id='word_1_3' title='bbox 724 608 902 693; x_wconf 89' lang='lat' dir='ltr'>quod</span> <span class='ocrx_word' id='word_1_4' title='bbox 957 607 1168 675; x_wconf 86' lang='lat' dir='ltr'>filium</span> <span class='ocrx_word' id='word_1_5' title='bbox 1210 608 1433 675; x_wconf 91' lang='lat' dir='ltr'>Deum</span> <span class='ocrx_word' id='word_1_6' title='bbox 1488 606 1900 675; x_wconf 74' lang='lat' dir='ltr'>intercedere</span> <span class='ocrx_word' id='word_1_7' title='bbox 1953 608 2129 693; x_wconf 88' lang='lat' dir='ltr'>apud</span> <span class='ocrx_word' id='word_1_8' title='bbox 2172 628 2286 693; x_wconf 86' lang='lat' dir='ltr'>pa-</span> 
     </span>
     <span class='ocr_line' id='line_1_3' title="bbox 325 693 2287 775; baseline -0.001 -12"><span class='ocrx_word' id='word_1_9' title='bbox 325 704 500 763; x_wconf 79' lang='lat' dir='ltr'>trem</span> <span class='ocrx_word' id='word_1_10' title='bbox 543 694 768 761; x_wconf 90' lang='lat' dir='ltr'>Deum</span> <span class='ocrx_word' id='word_1_11' title='bbox 819 694 892 759; x_wconf 90' lang='lat' dir='ltr'>in</span> <span class='ocrx_word' id='word_1_12' title='bbox 943 694 1351 761; x_wconf 79' lang='lat' dir='ltr'>confessione</span> <span class='ocrx_word' id='word_1_13' title='bbox 1391 703 1621 761; x_wconf 88' lang='lat' dir='ltr'>nostra</span> <span class='ocrx_word' id='word_1_14' title='bbox 1664 693 1744 758; x_wconf 93' lang='lat' dir='ltr'>de</span> <span class='ocrx_word' id='word_1_15' title='bbox 1786 693 2141 775; x_wconf 78' lang='lat' dir='ltr'>mediatore</span> <span class='ocrx_word' id='word_1_16' title='bbox 2183 714 2287 761; x_wconf 91' lang='lat' dir='ltr'>as-</span> 
     </span>
     <span class='ocr_line' id='line_1_4' title="bbox 321 777 2288 863; baseline -0.001 -14"><span class='ocrx_word' id='word_1_17' title='bbox 321 800 645 849; x_wconf 84' lang='lat' dir='ltr'>seramus.</span> <span class='ocrx_word' id='word_1_18' title='bbox 716 777 833 847; x_wconf 83' lang='lat' dir='ltr'>Sic</span> <span class='ocrx_word' id='word_1_19' title='bbox 857 779 1135 846; x_wconf 89' lang='lat' dir='ltr'>Iacobus</span> <span class='ocrx_word' id='word_1_20' title='bbox 1248 778 1419 846; x_wconf 67' lang='lat' dir='ltr'>buius·</span> <span class='ocrx_word' id='word_1_21' title='bbox 1448 778 1838 863; x_wconf 76' lang='lat' dir='ltr'>subscripsit</span> <span class='ocrx_word' id='word_1_22' title='bbox 1870 780 2038 847; x_wconf 93' lang='lat' dir='ltr'>meis</span> <span class='ocrx_word' id='word_1_23' title='bbox 2079 778 2288 847; x_wconf 89' lang='lat' dir='ltr'>literis</span> 
     </span>
     <span class='ocr_line' id='line_1_5' title="bbox 319 865 2288 950; baseline -0.002 -15"><span class='ocrx_word' id='word_1_24' title='bbox 319 887 450 935; x_wconf 74' lang='lat' dir='ltr'>sua</span> <span class='ocrx_word' id='word_1_25' title='bbox 489 884 729 932; x_wconf 89' lang='lat' dir='ltr'>manu:</span> <span class='ocrx_word' id='word_1_26' title='bbox 788 865 1071 932; x_wconf 89' lang='lat' dir='ltr'>Iacobus</span> <span class='ocrx_word' id='word_1_27' title='bbox 1120 865 1210 950; x_wconf 76' lang='lat' dir='ltr'>Sy</span> <span class='ocrx_word' id='word_1_28' title='bbox 1233 867 1407 933; x_wconf 77' lang='lat' dir='ltr'>vius:</span> <span class='ocrx_word' id='word_1_29' title='bbox 1455 865 1648 933; x_wconf 83' lang='lat' dir='ltr'>Sicut</span> <span class='ocrx_word' id='word_1_30' title='bbox 1689 866 1934 949; x_wconf 89' lang='lat' dir='ltr'>psaltes</span> <span class='ocrx_word' id='word_1_31' title='bbox 1976 887 2130 933; x_wconf 91' lang='lat' dir='ltr'>cum</span> <span class='ocrx_word' id='word_1_32' title='bbox 2172 885 2288 931; x_wconf 88' lang='lat' dir='ltr'>ex·</span> 
     </span>
     <span class='ocr_line' id='line_1_6' title="bbox 317 949 2288 1036; baseline -0.002 -15"><span class='ocrx_word' id='word_1_33' title='bbox 317 950 642 1021; x_wconf 72' lang='lat' dir='ltr'>altstione</span> <span class='ocrx_word' id='word_1_34' title='bbox 685 949 971 1018; x_wconf 86' lang='lat' dir='ltr'>dicebat:</span> <span class='ocrx_word' id='word_1_35' title='bbox 1026 951 1273 1018; x_wconf 82' lang='lat' dir='ltr'>Laetor</span> <span class='ocrx_word' id='word_1_36' title='bbox 1312 974 1514 1036; x_wconf 91' lang='lat' dir='ltr'>quum</span> <span class='ocrx_word' id='word_1_37' title='bbox 1558 950 1727 1017; x_wconf 88' lang='lat' dir='ltr'>mihi</span> <span class='ocrx_word' id='word_1_38' title='bbox 1769 951 2016 1027; x_wconf 84' lang='lat' dir='ltr'>dicunt,</span> <span class='ocrx_word' id='word_1_39' title='bbox 2059 971 2288 1017; x_wconf 85' lang='lat' dir='ltr'>eamus</span> 
     </span>
     <span class='ocr_line' id='line_1_7' title="bbox 317 1036 2289 1123; baseline -0.002 -16"><span class='ocrx_word' id='word_1_40' title='bbox 317 1037 408 1107; x_wconf 72' lang='lat' dir='ltr'>ad</span> <span class='ocrx_word' id='word_1_41' title='bbox 456 1037 731 1103; x_wconf 91' lang='lat' dir='ltr'>domum</span> <span class='ocrx_word' id='word_1_42' title='bbox 769 1036 1061 1116; x_wconf 83' lang='lat' dir='ltr'>Domini,</span> <span class='ocrx_word' id='word_1_43' title='bbox 1127 1037 1222 1103; x_wconf 89' lang='lat' dir='ltr'>ita</span> <span class='ocrx_word' id='word_1_44' title='bbox 1277 1047 1345 1103; x_wconf 88' lang='lat' dir='ltr'>et</span> <span class='ocrx_word' id='word_1_45' title='bbox 1402 1058 1524 1123; x_wconf 90' lang='lat' dir='ltr'>ego</span> <span class='ocrx_word' id='word_1_46' title='bbox 1587 1036 1947 1121; x_wconf 90' lang='lat' dir='ltr'>plurimum</span> <span class='ocrx_word' id='word_1_47' title='bbox 2002 1037 2289 1103; x_wconf 87' lang='lat' dir='ltr'>laetatus</span> 
     </span>
     <span class='ocr_line' id='line_1_8' title="bbox 314 1121 2285 1207; baseline -0.002 -18"><span class='ocrx_word' id='word_1_48' title='bbox 314 1142 476 1189; x_wconf 86' lang='lat' dir='ltr'>sum</span> <span class='ocrx_word' id='word_1_49' title='bbox 513 1130 858 1206; x_wconf 88' lang='lat' dir='ltr'>postquam</span> <span class='ocrx_word' id='word_1_50' title='bbox 894 1122 1056 1188; x_wconf 90' lang='lat' dir='ltr'>haec</span> <span class='ocrx_word' id='word_1_51' title='bbox 1091 1121 1433 1207; x_wconf 77' lang='lat' dir='ltr'>aliquoties</span> <span class='ocrx_word' id='word_1_52' title='bbox 1474 1123 1707 1207; x_wconf 89' lang='lat' dir='ltr'>relegi:</span> <span class='ocrx_word' id='word_1_53' title='bbox 1753 1132 1821 1189; x_wconf 91' lang='lat' dir='ltr'>et</span> <span class='ocrx_word' id='word_1_54' title='bbox 1862 1123 2056 1188; x_wconf 84' lang='lat' dir='ltr'>flexis</span> <span class='ocrx_word' id='word_1_55' title='bbox 2099 1122 2285 1207; x_wconf 90' lang='lat' dir='ltr'>geni-</span> 
     </span>
     <span class='ocr_line' id='line_1_9' title="bbox 313 1207 2289 1294; baseline -0.001 -19"><span class='ocrx_word' id='word_1_56' title='bbox 313 1207 450 1275; x_wconf 85' lang='lat' dir='ltr'>bus</span> <span class='ocrx_word' id='word_1_57' title='bbox 491 1209 744 1294; x_wconf 89' lang='lat' dir='ltr'>gratias</span> <span class='ocrx_word' id='word_1_58' title='bbox 788 1208 895 1291; x_wconf 87' lang='lat' dir='ltr'>egi</span> <span class='ocrx_word' id='word_1_59' title='bbox 937 1208 1187 1292; x_wconf 86' lang='lat' dir='ltr'>pastori</span> <span class='ocrx_word' id='word_1_60' title='bbox 1230 1218 1298 1274; x_wconf 92' lang='lat' dir='ltr'>et</span> <span class='ocrx_word' id='word_1_61' title='bbox 1340 1209 1627 1275; x_wconf 79' lang='lat' dir='ltr'>curatori</span> <span class='ocrx_word' id='word_1_62' title='bbox 1669 1208 1981 1275; x_wconf 89' lang='lat' dir='ltr'>ecclesiae</span> <span class='ocrx_word' id='word_1_63' title='bbox 2023 1217 2289 1274; x_wconf 90' lang='lat' dir='ltr'>nostrae</span> 
     </span>
     <span class='ocr_line' id='line_1_10' title="bbox 313 1292 2287 1378; baseline -0.002 -17"><span class='ocrx_word' id='word_1_64' title='bbox 313 1292 480 1361; x_wconf 81' lang='lat' dir='ltr'>Iesu</span> <span class='ocrx_word' id='word_1_65' title='bbox 524 1292 815 1372; x_wconf 82' lang='lat' dir='ltr'>Christo,</span> <span class='ocrx_word' id='word_1_66' title='bbox 915 1294 984 1359; x_wconf 91' lang='lat' dir='ltr'>ui</span> <span class='ocrx_word' id='word_1_67' title='bbox 1025 1315 1158 1360; x_wconf 91' lang='lat' dir='ltr'>non</span> <span class='ocrx_word' id='word_1_68' title='bbox 1212 1293 1377 1361; x_wconf 89' lang='lat' dir='ltr'>sinit</span> <span class='ocrx_word' id='word_1_69' title='bbox 1418 1315 1542 1360; x_wconf 88' lang='lat' dir='ltr'>nos</span> <span class='ocrx_word' id='word_1_70' title='bbox 1595 1295 1926 1361; x_wconf 89' lang='lat' dir='ltr'>erroribus</span> <span class='ocrx_word' id='word_1_71' title='bbox 1970 1314 2287 1378; x_wconf 89' lang='lat' dir='ltr'>conquas-</span> 
     </span>
     <span class='ocr_line' id='line_1_11' title="bbox 313 1315 2289 1449; baseline -0.002 0"><span class='ocrx_word' id='word_1_72' title='bbox 313 1379 459 1449; x_wconf 78' lang='lat' dir='ltr'>sari</span> <span class='ocrx_word' id='word_1_73' title='bbox 518 1378 636 1447; x_wconf 89' lang='lat' dir='ltr'>sed</span> <span class='ocrx_word' id='word_1_74' title='bbox 689 1315 1030 1446; x_wconf 48' lang='lat' dir='ltr'>liberhius</span> <span class='ocrx_word' id='word_1_75' title='bbox 1086 1379 1170 1446; x_wconf 87' lang='lat' dir='ltr'>ad</span> <span class='ocrx_word' id='word_1_76' title='bbox 1223 1400 1344 1447; x_wconf 89' lang='lat' dir='ltr'>nos</span> <span class='ocrx_word' id='word_1_77' title='bbox 1398 1378 1800 1447; x_wconf 86' lang='lat' dir='ltr'>transvibrat</span> <span class='ocrx_word' id='word_1_78' title='bbox 1855 1377 2073 1446; x_wconf 86' lang='lat' dir='ltr'>radios</span> <span class='ocrx_word' id='word_1_79' title='bbox 2130 1399 2289 1445; x_wconf 89' lang='lat' dir='ltr'>suae</span> 
     </span>
     <span class='ocr_line' id='line_1_12' title="bbox 311 1460 2288 1550; baseline -0.001 -17"><span class='ocrx_word' id='word_1_80' title='bbox 311 1460 492 1533; x_wconf 86' lang='lat' dir='ltr'>lucis</span> <span class='ocrx_word' id='word_1_81' title='bbox 538 1474 606 1530; x_wconf 92' lang='lat' dir='ltr'>et</span> <span class='ocrx_word' id='word_1_82' title='bbox 639 1464 999 1549; x_wconf 80' lang='lat' dir='ltr'>agnitionis</span> <span class='ocrx_word' id='word_1_83' title='bbox 1034 1464 1139 1531; x_wconf 91' lang='lat' dir='ltr'>sui</span> <span class='ocrx_word' id='word_1_84' title='bbox 1173 1464 1466 1531; x_wconf 89' lang='lat' dir='ltr'>nominis</span> <span class='ocrx_word' id='word_1_85' title='bbox 1501 1474 1567 1531; x_wconf 93' lang='lat' dir='ltr'>et</span> <span class='ocrx_word' id='word_1_86' title='bbox 1601 1464 1852 1550; x_wconf 89' lang='lat' dir='ltr'>gloriae</span> <span class='ocrx_word' id='word_1_87' title='bbox 1885 1486 2060 1532; x_wconf 87' lang='lat' dir='ltr'>suae.</span> <span class='ocrx_word' id='word_1_88' title='bbox 2139 1464 2288 1531; x_wconf 86' lang='lat' dir='ltr'>Hac</span> 
     </span>
     <span class='ocr_line' id='line_1_13' title="bbox 311 1549 2286 1634; baseline -0.002 -15"><span class='ocrx_word' id='word_1_89' title='bbox 311 1550 434 1619; x_wconf 76' lang='lat' dir='ltr'>via</span> <span class='ocrx_word' id='word_1_90' title='bbox 473 1551 612 1617; x_wconf 89' lang='lat' dir='ltr'>iam</span> <span class='ocrx_word' id='word_1_91' title='bbox 632 1549 827 1617; x_wconf 81' lang='lat' dir='ltr'>video</span> <span class='ocrx_word' id='word_1_92' title='bbox 870 1551 1138 1634; x_wconf 82' lang='lat' dir='ltr'>penitus</span> <span class='ocrx_word' id='word_1_93' title='bbox 1164 1551 1484 1617; x_wconf 89' lang='lat' dir='ltr'>miserum</span> <span class='ocrx_word' id='word_1_94' title='bbox 1505 1549 1864 1618; x_wconf 78' lang='lat' dir='ltr'>concidisse</span> <span class='ocrx_word' id='word_1_95' title='bbox 1891 1549 2286 1629; x_wconf 76' lang='lat' dir='ltr'>Stancarum,</span> 
     </span>
     <span class='ocr_line' id='line_1_14' title="bbox 311 1635 2288 1807; baseline -0.002 -17"><span class='ocrx_word' id='word_1_96' title='bbox 311 1636 1253 1805; x_wconf 50' lang='lat' dir='ltr'>&amp;aaq⁰1⁰111⁶³‘‹30‘}2¹¹i8³‘35033</span> <span class='ocrx_word' id='word_1_97' title='bbox 1286 1637 1608 1807; x_wconf 51' lang='lat' dir='ltr'>{QZ</span> <span class='ocrx_word' id='word_1_98' title='bbox 1627 1635 2288 1788; x_wconf 51' lang='grc' dir='ltr'>θέἔὲἔέἶίωῗέἓὲἴὲ</span> 
     </span>
     <span class='ocr_line' id='line_1_15' title="bbox 311 1805 2287 1891; baseline -0.002 -15"><span class='ocrx_word' id='word_1_99' title='bbox 311 1808 674 1876; x_wconf 85' lang='lat' dir='ltr'>contrahit.</span> <span class='ocrx_word' id='word_1_100' title='bbox 759 1805 1144 1874; x_wconf 81' lang='lat' dir='ltr'>Secundum</span> <span class='ocrx_word' id='word_1_101' title='bbox 1202 1807 1510 1886; x_wconf 89' lang='lat' dir='ltr'>Nestorii,</span> <span class='ocrx_word' id='word_1_102' title='bbox 1568 1808 1724 1891; x_wconf 89' lang='lat' dir='ltr'>quia</span> <span class='ocrx_word' id='word_1_103' title='bbox 1781 1805 1943 1874; x_wconf 90' lang='lat' dir='ltr'>duos</span> <span class='ocrx_word' id='word_1_104' title='bbox 1986 1807 2287 1873; x_wconf 88' lang='lat' dir='ltr'>Ohristos</span> 
     </span>
     <span class='ocr_line' id='line_1_16' title="bbox 309 1892 2288 1977; baseline -0.002 -16"><span class='ocrx_word' id='word_1_105' title='bbox 309 1893 479 1961; x_wconf 75' lang='lat' dir='ltr'>facit</span> <span class='ocrx_word' id='word_1_106' title='bbox 522 1895 597 1959; x_wconf 89' lang='lat' dir='ltr'>in</span> <span class='ocrx_word' id='word_1_107' title='bbox 637 1892 1055 1960; x_wconf 85' lang='lat' dir='ltr'>mediatione.</span> <span class='ocrx_word' id='word_1_108' title='bbox 1138 1894 1455 1974; x_wconf 78' lang='lat' dir='ltr'>Tertium,</span> <span class='ocrx_word' id='word_1_109' title='bbox 1501 1892 1672 1977; x_wconf 92' lang='lat' dir='ltr'>quod</span> <span class='ocrx_word' id='word_1_110' title='bbox 1717 1902 1939 1959; x_wconf 88' lang='lat' dir='ltr'>careat</span> <span class='ocrx_word' id='word_1_111' title='bbox 1979 1894 2288 1959; x_wconf 88' lang='lat' dir='ltr'>societate</span> 
     </span>
     <span class='ocr_line' id='line_1_17' title="bbox 307 1977 2286 2047; baseline -0.001 -2"><span class='ocrx_word' id='word_1_112' title='bbox 307 1979 635 2047; x_wconf 83' lang='lat' dir='ltr'>ecclesiae</span> <span class='ocrx_word' id='word_1_113' title='bbox 690 1977 958 2046; x_wconf 88' lang='lat' dir='ltr'>Ohristi.</span> <span class='ocrx_word' id='word_1_114' title='bbox 1051 1979 1383 2045; x_wconf 88' lang='lat' dir='ltr'>Dominus</span> <span class='ocrx_word' id='word_1_115' title='bbox 1440 1978 1618 2045; x_wconf 88' lang='lat' dir='ltr'>hune</span> <span class='ocrx_word' id='word_1_116' title='bbox 1675 1988 1936 2045; x_wconf 89' lang='lat' dir='ltr'>avertat</span> <span class='ocrx_word' id='word_1_117' title='bbox 1977 1999 2020 2044; x_wconf 91' lang='lat' dir='ltr'>a</span> <span class='ocrx_word' id='word_1_118' title='bbox 2076 1978 2286 2044; x_wconf 90' lang='lat' dir='ltr'>nobis.</span> 
     </span>
     <span class='ocr_line' id='line_1_18' title="bbox 307 2062 2286 2149; baseline -0.001 -18"><span class='ocrx_word' id='word_1_119' title='bbox 307 2062 510 2135; x_wconf 87' lang='lat' dir='ltr'>Haec</span> <span class='ocrx_word' id='word_1_120' title='bbox 575 2064 876 2149; x_wconf 88' lang='lat' dir='ltr'>pauculis</span> <span class='ocrx_word' id='word_1_121' title='bbox 941 2064 1181 2131; x_wconf 88' lang='lat' dir='ltr'>addidi.</span> <span class='ocrx_word' id='word_1_122' title='bbox 1275 2064 1618 2131; x_wconf 75' lang='lat' dir='ltr'>Hactenus</span> <span class='ocrx_word' id='word_1_123' title='bbox 1681 2062 1960 2130; x_wconf 92' lang='lat' dir='ltr'>Iacobus</span> <span class='ocrx_word' id='word_1_124' title='bbox 2014 2062 2286 2148; x_wconf 75' lang='lat' dir='ltr'>Sylvius.</span> 
     </span>
     <span class='ocr_line' id='line_1_19' title="bbox 302 2146 2288 2235; baseline -0.003 -17"><span class='ocrx_word' id='word_1_125' title='bbox 302 2148 508 2219; x_wconf 89' lang='lat' dir='ltr'>Idem</span> <span class='ocrx_word' id='word_1_126' title='bbox 554 2158 710 2216; x_wconf 91' lang='lat' dir='ltr'>ante</span> <span class='ocrx_word' id='word_1_127' title='bbox 741 2153 828 2228; x_wconf 81' lang='lat'>¹⁸)</span> <span class='ocrx_word' id='word_1_128' title='bbox 871 2150 1120 2234; x_wconf 83' lang='lat' dir='ltr'>aliquot</span> <span class='ocrx_word' id='word_1_129' title='bbox 1172 2150 1575 2235; x_wconf 88' lang='lat' dir='ltr'>septimanas</span> <span class='ocrx_word' id='word_1_130' title='bbox 1629 2149 1907 2219; x_wconf 88' lang='lat' dir='ltr'>deficere</span> <span class='ocrx_word' id='word_1_131' title='bbox 1948 2149 2161 2216; x_wconf 80' lang='lat' dir='ltr'>voluit</span> <span class='ocrx_word' id='word_1_132' title='bbox 2203 2146 2288 2214; x_wconf 88' lang='lat' dir='ltr'>ad</span> 
     </span>
     <span class='ocr_line' id='line_1_20' title="bbox 309 2234 2287 2318; baseline -0.002 -16"><span class='ocrx_word' id='word_1_133' title='bbox 309 2234 702 2303; x_wconf 63' lang='lat' dir='ltr'>&amp;numm</span> <span class='ocrx_word' id='word_1_134' title='bbox 746 2244 816 2301; x_wconf 90' lang='lat' dir='ltr'>et</span> <span class='ocrx_word' id='word_1_135' title='bbox 858 2258 1035 2302; x_wconf 89' lang='lat' dir='ltr'>nunc</span> <span class='ocrx_word' id='word_1_136' title='bbox 1078 2245 1272 2302; x_wconf 88' lang='lat' dir='ltr'>vocat</span> <span class='ocrx_word' id='word_1_137' title='bbox 1312 2256 1420 2301; x_wconf 89' lang='lat' dir='ltr'>me</span> <span class='ocrx_word' id='word_1_138' title='bbox 1463 2236 1846 2314; x_wconf 76' lang='lat' dir='ltr'>Attianum,</span> <span class='ocrx_word' id='word_1_139' title='bbox 1891 2234 2205 2318; x_wconf 88' lang='lat' dir='ltr'>deceptus</span> <span class='ocrx_word' id='word_1_140' title='bbox 2247 2256 2287 2299; x_wconf 90' lang='lat' dir='ltr'>a</span> 
     </span>
     <span class='ocr_line' id='line_1_21' title="bbox 308 2320 2286 2405; baseline -0.003 -15"><span class='ocrx_word' id='word_1_141' title='bbox 308 2320 620 2391; x_wconf 74' lang='lat' dir='ltr'>Samitio</span> <span class='ocrx_word' id='word_1_142' title='bbox 673 2343 866 2405; x_wconf 92' lang='lat' dir='ltr'>quem</span> <span class='ocrx_word' id='word_1_143' title='bbox 925 2320 1426 2405; x_wconf 83' lang='lat' dir='ltr'>prudentiorem</span> <span class='ocrx_word' id='word_1_144' title='bbox 1480 2321 1866 2404; x_wconf 87' lang='lat' dir='ltr'>scriptorem</span> <span class='ocrx_word' id='word_1_145' title='bbox 1919 2320 2286 2405; x_wconf 84' lang='lat' dir='ltr'>appellasti,</span> 
     </span>
     <span class='ocr_line' id='line_1_22' title="bbox 305 2405 2287 2476; baseline -0.002 -3"><span class='ocrx_word' id='word_1_146' title='bbox 305 2409 384 2473; x_wconf 88' lang='lat' dir='ltr'>ni</span> <span class='ocrx_word' id='word_1_147' title='bbox 434 2406 569 2476; x_wconf 87' lang='lat' dir='ltr'>cito</span> <span class='ocrx_word' id='word_1_148' title='bbox 612 2406 886 2473; x_wconf 90' lang='lat' dir='ltr'>redierit</span> <span class='ocrx_word' id='word_1_149' title='bbox 928 2406 1011 2473; x_wconf 88' lang='lat' dir='ltr'>ad</span> <span class='ocrx_word' id='word_1_150' title='bbox 1055 2406 1394 2472; x_wconf 89' lang='lat' dir='ltr'>meliorem</span> <span class='ocrx_word' id='word_1_151' title='bbox 1435 2414 1746 2472; x_wconf 84' lang='lat' dir='ltr'>mentem.</span> <span class='ocrx_word' id='word_1_152' title='bbox 1818 2406 1926 2471; x_wconf 86' lang='lat' dir='ltr'>Ita</span> <span class='ocrx_word' id='word_1_153' title='bbox 1969 2427 2122 2472; x_wconf 90' lang='lat' dir='ltr'>eum</span> <span class='ocrx_word' id='word_1_154' title='bbox 2166 2405 2287 2471; x_wconf 90' lang='lat' dir='ltr'>tibi</span> 
     </span>
     <span class='ocr_line' id='line_1_23' title="bbox 304 2491 2285 2595; baseline -0.001 -36"><span class='ocrx_word' id='word_1_155' title='bbox 304 2492 686 2595; x_wconf 68' lang='lat' dir='ltr'>yerissimis</span> <span class='ocrx_word' id='word_1_156' title='bbox 751 2491 1106 2593; x_wconf 73' lang='lat' dir='ltr'>depingam</span> <span class='ocrx_word' id='word_1_157' title='bbox 1168 2493 1511 2592; x_wconf 73' lang='lat' dir='ltr'>coloribus,</span> <span class='ocrx_word' id='word_1_158' title='bbox 1563 2505 1665 2591; x_wconf 37' lang='lat' dir='ltr'>‘ut</span> <span class='ocrx_word' id='word_1_159' title='bbox 1742 2491 1998 2592; x_wconf 77' lang='lat' dir='ltr'>nullum</span> <span class='ocrx_word' id='word_1_160' title='bbox 2077 2491 2285 2591; x_wconf 76' lang='lat' dir='ltr'>possis</span> 
     </span>
     <span class='ocr_line' id='line_1_24' title="bbox 301 2577 2284 2747; baseline -0.001 -17"><span class='ocrx_word' id='word_1_161' title='bbox 301 2599 693 2730; x_wconf 55' lang='lat' dir='ltr'>:tffit</span> <span class='ocrx_word' id='word_1_162' title='bbox 713 2578 1362 2731; x_wconf 48' lang='grc' dir='ltr'>Εέἓξῖἴῗῖὼὲἶΐί</span> <span class='ocrx_word' id='word_1_163' title='bbox 1406 2577 1868 2728; x_wconf 58' lang='grc' dir='ltr'>Ἒὲὲὲοὲῗῗᾶ.</span> <span class='ocrx_word' id='word_1_164' title='bbox 1894 2598 2284 2747; x_wconf 57' lang='lat' dir='ltr'>¹33th</span> 
     </span>
     <span class='ocr_line' id='line_1_25' title="bbox 301 2746 2284 2817; baseline -0.002 0"><span class='ocrx_word' id='word_1_165' title='bbox 301 2749 396 2817; x_wconf 79' lang='lat' dir='ltr'>ad</span> <span class='ocrx_word' id='word_1_166' title='bbox 463 2748 657 2814; x_wconf 90' lang='lat' dir='ltr'>illum</span> <span class='ocrx_word' id='word_1_167' title='bbox 720 2747 950 2814; x_wconf 90' lang='lat' dir='ltr'>literae</span> <span class='ocrx_word' id='word_1_168' title='bbox 1012 2749 1397 2815; x_wconf 90' lang='lat' dir='ltr'>commissae</span> <span class='ocrx_word' id='word_1_169' title='bbox 1461 2756 1619 2814; x_wconf 90' lang='lat' dir='ltr'>sunt</span> <span class='ocrx_word' id='word_1_170' title='bbox 1672 2748 1758 2814; x_wconf 81' lang='lat' dir='ltr'>R.</span> <span class='ocrx_word' id='word_1_171' title='bbox 1804 2749 1886 2814; x_wconf 92' lang='lat' dir='ltr'>D.</span> <span class='ocrx_word' id='word_1_172' title='bbox 1946 2746 2284 2814; x_wconf 83' lang='lat' dir='ltr'>Stanislao</span> 
     </span>
     <span class='ocr_line' id='line_1_26' title="bbox 301 2831 1835 2903; baseline -0.001 -1"><span class='ocrx_word' id='word_1_173' title='bbox 301 2834 743 2903; x_wconf 73' lang='lat' dir='ltr'>Luithomirio</span> <span class='ocrx_word' id='word_1_174' title='bbox 784 2832 1251 2900; x_wconf 88' lang='lat' dir='ltr'>custodiendae</span> <span class='ocrx_word' id='word_1_175' title='bbox 1294 2834 1504 2898; x_wconf 89' lang='lat' dir='ltr'>donec</span> <span class='ocrx_word' id='word_1_176' title='bbox 1546 2831 1835 2901; x_wconf 89' lang='lat' dir='ltr'>redierit.</span> 
     </span>
    </p>

    <p class='ocr_par' dir='ltr' id='par_1_3' title="bbox 299 2917 2284 4623">
     <span class='ocr_line' id='line_1_27' title="bbox 483 2917 2280 3004; baseline -0.002 -17"><span class='ocrx_word' id='word_1_177' title='bbox 483 2920 655 2987; x_wconf 89' lang='lat' dir='ltr'>Post</span> <span class='ocrx_word' id='word_1_178' title='bbox 694 2919 869 2985; x_wconf 90' lang='lat' dir='ltr'>hanc</span> <span class='ocrx_word' id='word_1_179' title='bbox 903 2919 1170 3004; x_wconf 89' lang='lat' dir='ltr'>longam</span> <span class='ocrx_word' id='word_1_180' title='bbox 1206 2919 1322 2986; x_wconf 92' lang='lat' dir='ltr'>sed</span> <span class='ocrx_word' id='word_1_181' title='bbox 1357 2919 1796 2986; x_wconf 88' lang='lat' dir='ltr'>necessariam</span> <span class='ocrx_word' id='word_1_182' title='bbox 1831 2917 2280 3003; x_wconf 82' lang='lat' dir='ltr'>parenthesim</span> 
     </span>
     <span class='ocr_line' id='line_1_28' title="bbox 301 3004 2281 3089; baseline -0.001 -15"><span class='ocrx_word' id='word_1_183' title='bbox 301 3005 516 3074; x_wconf 84' lang='lat' dir='ltr'>redeo</span> <span class='ocrx_word' id='word_1_184' title='bbox 558 3004 643 3073; x_wconf 88' lang='lat' dir='ltr'>ad</span> <span class='ocrx_word' id='word_1_185' title='bbox 687 3004 1138 3085; x_wconf 80' lang='lat' dir='ltr'>Blandratam,</span> <span class='ocrx_word' id='word_1_186' title='bbox 1199 3026 1350 3072; x_wconf 91' lang='lat' dir='ltr'>cum</span> <span class='ocrx_word' id='word_1_187' title='bbox 1393 3026 1522 3089; x_wconf 91' lang='lat' dir='ltr'>quo</span> <span class='ocrx_word' id='word_1_188' title='bbox 1577 3004 1735 3089; x_wconf 89' lang='lat' dir='ltr'>quid</span> <span class='ocrx_word' id='word_1_189' title='bbox 1779 3005 2135 3072; x_wconf 86' lang='lat' dir='ltr'>constituet</span> <span class='ocrx_word' id='word_1_190' title='bbox 2175 3026 2281 3072; x_wconf 92' lang='lat' dir='ltr'>ec-</span> 
     </span>
     <span class='ocr_line' id='line_1_29' title="bbox 301 3088 2281 3176; baseline -0.004 -15"><span class='ocrx_word' id='word_1_191' title='bbox 301 3092 536 3172; x_wconf 82' lang='lat' dir='ltr'>clesia,</span> <span class='ocrx_word' id='word_1_192' title='bbox 580 3092 771 3159; x_wconf 88' lang='lat' dir='ltr'>euius</span> <span class='ocrx_word' id='word_1_193' title='bbox 807 3091 1049 3158; x_wconf 88' lang='lat' dir='ltr'>iudicio</span> <span class='ocrx_word' id='word_1_194' title='bbox 1082 3112 1156 3157; x_wconf 91' lang='lat' dir='ltr'>se</span> <span class='ocrx_word' id='word_1_195' title='bbox 1189 3092 1532 3175; x_wconf 84' lang='lat' dir='ltr'>aliquoties</span> <span class='ocrx_word' id='word_1_196' title='bbox 1566 3092 1638 3156; x_wconf 90' lang='lat' dir='ltr'>in</span> <span class='ocrx_word' id='word_1_197' title='bbox 1675 3088 1946 3176; x_wconf 81' lang='lat' dir='ltr'>synodis</span> <span class='ocrx_word' id='word_1_198' title='bbox 1989 3090 2281 3169; x_wconf 89' lang='lat' dir='ltr'>subiecit,</span> 
     </span>
     <span class='ocr_line' id='line_1_30' title="bbox 299 3176 2282 3261; baseline -0.002 -17"><span class='ocrx_word' id='word_1_199' title='bbox 299 3179 484 3245; x_wconf 82' lang='lat' dir='ltr'>scies</span> <span class='ocrx_word' id='word_1_200' title='bbox 540 3177 656 3244; x_wconf 90' lang='lat' dir='ltr'>ubi</span> <span class='ocrx_word' id='word_1_201' title='bbox 713 3177 1022 3261; x_wconf 89' lang='lat' dir='ltr'>princeps</span> <span class='ocrx_word' id='word_1_202' title='bbox 1062 3176 1414 3244; x_wconf 90' lang='lat' dir='ltr'>Palatinus</span> <span class='ocrx_word' id='word_1_203' title='bbox 1471 3176 1790 3243; x_wconf 71' lang='lat' dir='ltr'>Vilnensis</span> <span class='ocrx_word' id='word_1_204' title='bbox 1845 3197 2071 3242; x_wconf 90' lang='lat' dir='ltr'>eorum</span> <span class='ocrx_word' id='word_1_205' title='bbox 2116 3195 2282 3259; x_wconf 90' lang='lat' dir='ltr'>quae</span> 
     </span>
     <span class='ocr_line' id='line_1_31' title="bbox 301 3260 2282 3346; baseline -0.002 -15"><span class='ocrx_word' id='word_1_206' title='bbox 301 3264 393 3331; x_wconf 88' lang='lat' dir='ltr'>de</span> <span class='ocrx_word' id='word_1_207' title='bbox 455 3262 826 3332; x_wconf 70' lang='lat' dir='ltr'>Blandmta</span> <span class='ocrx_word' id='word_1_208' title='bbox 884 3263 1208 3346; x_wconf 88' lang='lat' dir='ltr'>scripsisti</span> <span class='ocrx_word' id='word_1_209' title='bbox 1263 3263 1570 3330; x_wconf 88' lang='lat' dir='ltr'>ecclesias</span> <span class='ocrx_word' id='word_1_210' title='bbox 1633 3262 1908 3328; x_wconf 87' lang='lat' dir='ltr'>minoris</span> <span class='ocrx_word' id='word_1_211' title='bbox 1965 3260 2282 3328; x_wconf 89' lang='lat' dir='ltr'>Poloniae</span> 
     </span>
     <span class='ocr_line' id='line_1_32' title="bbox 299 3345 2281 3416; baseline -0.002 0"><span class='ocrx_word' id='word_1_212' title='bbox 299 3348 680 3416; x_wconf 84' lang='lat' dir='ltr'>reddiderit</span> <span class='ocrx_word' id='word_1_213' title='bbox 721 3351 1049 3416; x_wconf 90' lang='lat' dir='ltr'>certiores.</span> <span class='ocrx_word' id='word_1_214' title='bbox 1133 3345 1388 3415; x_wconf 81' lang='lat' dir='ltr'>Scribis</span> <span class='ocrx_word' id='word_1_215' title='bbox 1431 3369 1577 3414; x_wconf 92' lang='lat' dir='ltr'>meo</span> <span class='ocrx_word' id='word_1_216' title='bbox 1633 3348 1859 3413; x_wconf 83' lang='lat' dir='ltr'>favore</span> <span class='ocrx_word' id='word_1_217' title='bbox 1902 3367 2091 3412; x_wconf 89' lang='lat' dir='ltr'>susce</span> <span class='ocrx_word' id='word_1_218' title='bbox 2140 3353 2281 3412; x_wconf 88' lang='lat' dir='ltr'>tum</span> 
     </span>
     <span class='ocr_line' id='line_1_33' title="bbox 301 3431 2284 3516; baseline -0.003 -14"><span class='ocrx_word' id='word_1_219' title='bbox 301 3435 523 3502; x_wconf 83' lang='lat' dir='ltr'>fuisse</span> <span class='ocrx_word' id='word_1_220' title='bbox 565 3435 648 3501; x_wconf 90' lang='lat' dir='ltr'>ab</span> <span class='ocrx_word' id='word_1_221' title='bbox 691 3433 798 3501; x_wconf 85' lang='lat' dir='ltr'>his</span> <span class='ocrx_word' id='word_1_222' title='bbox 841 3433 1153 3511; x_wconf 90' lang='lat' dir='ltr'>ecclesiis,</span> <span class='ocrx_word' id='word_1_223' title='bbox 1196 3454 1400 3516; x_wconf 92' lang='lat' dir='ltr'>quum</span> <span class='ocrx_word' id='word_1_224' title='bbox 1446 3441 1602 3500; x_wconf 88' lang='lat' dir='ltr'>ante</span> <span class='ocrx_word' id='word_1_225' title='bbox 1634 3453 1860 3498; x_wconf 91' lang='lat' dir='ltr'>meum</span> <span class='ocrx_word' id='word_1_226' title='bbox 1896 3453 1980 3497; x_wconf 90' lang='lat' dir='ltr'>ex</span> <span class='ocrx_word' id='word_1_227' title='bbox 2003 3431 2105 3498; x_wconf 92' lang='lat' dir='ltr'>Po</span> <span class='ocrx_word' id='word_1_228' title='bbox 2131 3431 2284 3496; x_wconf 91' lang='lat' dir='ltr'>onia</span> 
     </span>
     <span class='ocr_line' id='line_1_34' title="bbox 299 3515 2283 3600; baseline -0.004 -12"><span class='ocrx_word' id='word_1_229' title='bbox 299 3520 551 3588; x_wconf 87' lang='lat' dir='ltr'>maiori</span> <span class='ocrx_word' id='word_1_230' title='bbox 610 3518 896 3586; x_wconf 88' lang='lat' dir='ltr'>reditum</span> <span class='ocrx_word' id='word_1_231' title='bbox 958 3541 998 3585; x_wconf 89' lang='lat' dir='ltr'>a</span> <span class='ocrx_word' id='word_1_232' title='bbox 1053 3517 1141 3586; x_wconf 91' lang='lat' dir='ltr'>D.</span> <span class='ocrx_word' id='word_1_233' title='bbox 1197 3519 1450 3585; x_wconf 89' lang='lat' dir='ltr'>Ioanne</span> <span class='ocrx_word' id='word_1_234' title='bbox 1510 3539 1553 3584; x_wconf 81' lang='lat' dir='ltr'>a</span> <span class='ocrx_word' id='word_1_235' title='bbox 1597 3517 1801 3583; x_wconf 76' lang='lat' dir='ltr'>Laeco</span> <span class='ocrx_word' id='word_1_236' title='bbox 1858 3515 2283 3600; x_wconf 85' lang='lat' dir='ltr'>adhiberetur</span> 
     </span>
     <span class='ocr_line' id='line_1_35' title="bbox 301 3600 2284 3687; baseline -0.004 -13"><span class='ocrx_word' id='word_1_237' title='bbox 301 3606 396 3673; x_wconf 78' lang='lat' dir='ltr'>ad</span> <span class='ocrx_word' id='word_1_238' title='bbox 441 3605 718 3674; x_wconf 88' lang='lat' dir='ltr'>consilia</span> <span class='ocrx_word' id='word_1_239' title='bbox 758 3604 1218 3683; x_wconf 88' lang='lat' dir='ltr'>ecclesiastica,</span> <span class='ocrx_word' id='word_1_240' title='bbox 1263 3625 1306 3670; x_wconf 90' lang='lat' dir='ltr'>a</span> <span class='ocrx_word' id='word_1_241' title='bbox 1338 3625 1466 3687; x_wconf 92' lang='lat' dir='ltr'>quo</span> <span class='ocrx_word' id='word_1_242' title='bbox 1505 3611 1574 3669; x_wconf 91' lang='lat' dir='ltr'>et</span> <span class='ocrx_word' id='word_1_243' title='bbox 1617 3600 2114 3668; x_wconf 88' lang='lat' dir='ltr'>commendatus</span> <span class='ocrx_word' id='word_1_244' title='bbox 2154 3602 2284 3667; x_wconf 80' lang='lat' dir='ltr'>fuit</span> 
     </span>
     <span class='ocr_line' id='line_1_36' title="bbox 299 3687 2279 3771; baseline -0.004 -12"><span class='ocrx_word' id='word_1_245' title='bbox 299 3692 416 3759; x_wconf 90' lang='lat'>111.</span> <span class='ocrx_word' id='word_1_246' title='bbox 461 3691 771 3759; x_wconf 88' lang='lat' dir='ltr'>Palatino</span> <span class='ocrx_word' id='word_1_247' title='bbox 819 3689 1126 3757; x_wconf 65' lang='lat' dir='ltr'>Vilnensi.</span> <span class='ocrx_word' id='word_1_248' title='bbox 1213 3687 1410 3771; x_wconf 89' lang='lat' dir='ltr'>Quod</span> <span class='ocrx_word' id='word_1_249' title='bbox 1455 3708 1612 3754; x_wconf 88' lang='lat' dir='ltr'>vero</span> <span class='ocrx_word' id='word_1_250' title='bbox 1655 3687 1876 3753; x_wconf 88' lang='lat' dir='ltr'>senior</span> <span class='ocrx_word' id='word_1_251' title='bbox 1917 3687 2130 3754; x_wconf 84' lang='lat' dir='ltr'>factus</span> <span class='ocrx_word' id='word_1_252' title='bbox 2171 3687 2279 3766; x_wconf 89' lang='lat' dir='ltr'>sit,</span> 
     </span>
     <span class='ocr_line' id='line_1_37' title="bbox 301 3772 2282 3860; baseline -0.004 -15"><span class='ocrx_word' id='word_1_253' title='bbox 301 3780 379 3845; x_wconf 85' lang='lat' dir='ltr'>in</span> <span class='ocrx_word' id='word_1_254' title='bbox 426 3797 508 3843; x_wconf 84' lang='lat' dir='ltr'>eo</span> <span class='ocrx_word' id='word_1_255' title='bbox 553 3775 901 3860; x_wconf 89' lang='lat' dir='ltr'>compedes</span> <span class='ocrx_word' id='word_1_256' title='bbox 942 3775 1167 3841; x_wconf 89' lang='lat' dir='ltr'>iniecti</span> <span class='ocrx_word' id='word_1_257' title='bbox 1212 3783 1369 3839; x_wconf 90' lang='lat' dir='ltr'>sunt</span> <span class='ocrx_word' id='word_1_258' title='bbox 1410 3772 1823 3851; x_wconf 72' lang='lat' dir='ltr'>Blandratae,</span> <span class='ocrx_word' id='word_1_259' title='bbox 1880 3793 2015 3838; x_wconf 89' lang='lat' dir='ltr'>non</span> <span class='ocrx_word' id='word_1_260' title='bbox 2068 3772 2282 3838; x_wconf 90' lang='lat' dir='ltr'>honor</span> 
     </span>
     <span class='ocr_line' id='line_1_38' title="bbox 304 3857 2277 3944; baseline -0.004 -14"><span class='ocrx_word' id='word_1_261' title='bbox 304 3863 608 3943; x_wconf 62' lang='lat' dir='ltr'>acessit,</span> <span class='ocrx_word' id='word_1_262' title='bbox 647 3861 920 3929; x_wconf 80' lang='lat' dir='ltr'>vincula</span> <span class='ocrx_word' id='word_1_263' title='bbox 962 3882 1094 3927; x_wconf 89' lang='lat' dir='ltr'>non</span> <span class='ocrx_word' id='word_1_264' title='bbox 1131 3860 1443 3944; x_wconf 83' lang='lat' dir='ltr'>dignitas,</span> <span class='ocrx_word' id='word_1_265' title='bbox 1485 3859 1720 3944; x_wconf 90' lang='lat' dir='ltr'>iugum</span> <span class='ocrx_word' id='word_1_266' title='bbox 1761 3857 1892 3923; x_wconf 88' lang='lat' dir='ltr'>fuit</span> <span class='ocrx_word' id='word_1_267' title='bbox 1933 3857 2100 3924; x_wconf 90' lang='lat' dir='ltr'>illud</span> <span class='ocrx_word' id='word_1_268' title='bbox 2143 3879 2277 3924; x_wconf 88' lang='lat' dir='ltr'>non</span> 
     </span>
     <span class='ocr_line' id='line_1_39' title="bbox 305 3944 2278 4031; baseline -0.004 -15"><span class='ocrx_word' id='word_1_269' title='bbox 305 3949 666 4016; x_wconf 70' lang='lat' dir='ltr'>autoritas:</span> <span class='ocrx_word' id='word_1_270' title='bbox 724 3948 904 4031; x_wconf 90' lang='lat' dir='ltr'>piam</span> <span class='ocrx_word' id='word_1_271' title='bbox 963 3946 1294 4014; x_wconf 82' lang='lat' dir='ltr'>vafritiem</span> <span class='ocrx_word' id='word_1_272' title='bbox 1348 3952 1647 4011; x_wconf 87' lang='lat' dir='ltr'>nostram</span> <span class='ocrx_word' id='word_1_273' title='bbox 1705 3965 1789 4009; x_wconf 91' lang='lat' dir='ltr'>ne</span> <span class='ocrx_word' id='word_1_274' title='bbox 1844 3944 2278 4027; x_wconf 89' lang='lat' dir='ltr'>interpretere</span> 
     </span>
     <span class='ocr_line' id='line_1_40' title="bbox 305 4028 2274 4115; baseline -0.005 -12"><span class='ocrx_word' id='word_1_275' title='bbox 305 4035 414 4102; x_wconf 82' lang='lat' dir='ltr'>tui</span> <span class='ocrx_word' id='word_1_276' title='bbox 452 4032 940 4112; x_wconf 88' lang='lat' dir='ltr'>contumeliam,</span> <span class='ocrx_word' id='word_1_277' title='bbox 986 4052 1181 4115; x_wconf 90' lang='lat' dir='ltr'>quem</span> <span class='ocrx_word' id='word_1_278' title='bbox 1217 4051 1518 4096; x_wconf 89' lang='lat' dir='ltr'>amamus</span> <span class='ocrx_word' id='word_1_279' title='bbox 1553 4040 1622 4096; x_wconf 92' lang='lat' dir='ltr'>et</span> <span class='ocrx_word' id='word_1_280' title='bbox 1655 4049 2065 4097; x_wconf 84' lang='lat' dir='ltr'>veneramur.</span> <span class='ocrx_word' id='word_1_281' title='bbox 2137 4028 2274 4093; x_wconf 85' lang='lat' dir='ltr'>Vo-</span> 
     </span>
     <span class='ocr_line' id='line_1_41' title="bbox 306 4114 2273 4199; baseline -0.005 -12"><span class='ocrx_word' id='word_1_282' title='bbox 306 4121 592 4188; x_wconf 76' lang='lat' dir='ltr'>cabatur</span> <span class='ocrx_word' id='word_1_283' title='bbox 633 4118 1007 4185; x_wconf 77' lang='lat' dir='ltr'>Blandrata</span> <span class='ocrx_word' id='word_1_284' title='bbox 1048 4139 1089 4181; x_wconf 90' lang='lat' dir='ltr'>a</span> <span class='ocrx_word' id='word_1_285' title='bbox 1130 4117 1442 4199; x_wconf 89' lang='lat' dir='ltr'>Principe</span> <span class='ocrx_word' id='word_1_286' title='bbox 1491 4114 2030 4199; x_wconf 78' lang='lat' dir='ltr'>Transsylvaniae</span> <span class='ocrx_word' id='word_1_287' title='bbox 2068 4114 2273 4179; x_wconf 89' lang='lat' dir='ltr'>nostri</span> 
     </span>
     <span class='ocr_line' id='line_1_42' title="bbox 303 4198 2271 4286; baseline -0.005 -13"><span class='ocrx_word' id='word_1_288' title='bbox 303 4205 416 4273; x_wconf 80' lang='lat' dir='ltr'>Re</span> <span class='ocrx_word' id='word_1_289' title='bbox 466 4207 523 4273; x_wconf 82' lang='lat' dir='ltr'>‘s</span> <span class='ocrx_word' id='word_1_290' title='bbox 565 4226 650 4271; x_wconf 91' lang='lat' dir='ltr'>ex</span> <span class='ocrx_word' id='word_1_291' title='bbox 693 4223 917 4270; x_wconf 91' lang='lat' dir='ltr'>sorore</span> <span class='ocrx_word' id='word_1_292' title='bbox 959 4212 1216 4286; x_wconf 90' lang='lat' dir='ltr'>nepote.</span> <span class='ocrx_word' id='word_1_293' title='bbox 1245 4205 1329 4281; x_wconf 87' lang='lat'>¹⁴)</span> <span class='ocrx_word' id='word_1_294' title='bbox 1398 4199 1875 4267; x_wconf 83' lang='lat' dir='ltr'>Accersebatur</span> <span class='ocrx_word' id='word_1_295' title='bbox 1914 4200 2152 4265; x_wconf 91' lang='lat' dir='ltr'>iterum</span> <span class='ocrx_word' id='word_1_296' title='bbox 2191 4198 2271 4264; x_wconf 89' lang='lat' dir='ltr'>ab</span> 
     </span>
     <span class='ocr_line' id='line_1_43' title="bbox 305 4284 2273 4371; baseline -0.005 -12"><span class='ocrx_word' id='word_1_297' title='bbox 305 4291 416 4359; x_wconf 86' lang='lat' dir='ltr'>m</span> <span class='ocrx_word' id='word_1_298' title='bbox 500 4290 749 4357; x_wconf 87' lang='lat' dir='ltr'>alatino</span> <span class='ocrx_word' id='word_1_299' title='bbox 784 4289 1087 4356; x_wconf 64' lang='lat' dir='ltr'>Vanensi.</span> <span class='ocrx_word' id='word_1_300' title='bbox 1161 4287 1590 4371; x_wconf 90' lang='lat' dir='ltr'>Amplissima</span> <span class='ocrx_word' id='word_1_301' title='bbox 1621 4284 1948 4369; x_wconf 89' lang='lat' dir='ltr'>stipendia</span> <span class='ocrx_word' id='word_1_302' title='bbox 1990 4293 2055 4349; x_wconf 91' lang='lat' dir='ltr'>et</span> <span class='ocrx_word' id='word_1_303' title='bbox 2095 4304 2273 4350; x_wconf 90' lang='lat' dir='ltr'>sum-</span> 
     </span>
     <span class='ocr_line' id='line_1_44' title="bbox 305 4368 2272 4456; baseline -0.006 -11"><span class='ocrx_word' id='word_1_304' title='bbox 305 4399 493 4445; x_wconf 85' lang='lat' dir='ltr'>mam</span> <span class='ocrx_word' id='word_1_305' title='bbox 695 4374 857 4441; x_wconf 89' lang='lat' dir='ltr'>tiam</span> <span class='ocrx_word' id='word_1_306' title='bbox 923 4372 1239 4440; x_wconf 88' lang='lat' dir='ltr'>offerebat</span> <span class='ocrx_word' id='word_1_307' title='bbox 1301 4381 1598 4456; x_wconf 88' lang='lat' dir='ltr'>uterque.</span> <span class='ocrx_word' id='word_1_308' title='bbox 1705 4371 1854 4437; x_wconf 91' lang='lat' dir='ltr'>Illic</span> <span class='ocrx_word' id='word_1_309' title='bbox 1916 4368 2070 4453; x_wconf 91' lang='lat' dir='ltr'>quid</span> <span class='ocrx_word' id='word_1_310' title='bbox 2134 4388 2272 4434; x_wconf 90' lang='lat' dir='ltr'>non</span> 
     </span>
     <span class='ocr_line' id='line_1_45' title="bbox 306 4455 2273 4623; baseline -0.006 -7"><span class='ocrx_word' id='word_1_311' title='bbox 306 4464 562 4616; x_wconf 47' lang='lat'><strong>&amp;⁸⁸⁰3</strong></span> <span class='ocrx_word' id='word_1_312' title='bbox 615 4462 984 4613; x_wconf 51' lang='grc' dir='ltr'>οἶέῗέᾞιὶ</span> <span class='ocrx_word' id='word_1_313' title='bbox 1006 4458 1332 4612; x_wconf 55' lang='lat' dir='ltr'>qffissss&#39;ss?</span> <span class='ocrx_word' id='word_1_314' title='bbox 1349 4455 2273 4623; x_wconf 51' lang='lat' dir='ltr'>ssssfftfflfssttffiffi</span> 
     </span>
    </p>

    <p class='ocr_par' dir='ltr' id='par_1_4' title="bbox 348 4628 2271 4800">
     <span class='ocr_line' id='line_1_46' title="bbox 511 4628 2271 4709; baseline -0.006 -9"><span class='ocrx_word' id='word_1_315' title='bbox 511 4631 744 4700; x_wconf 70' lang='lat' dir='ltr'>oedali.</span> <span class='ocrx_word' id='word_1_316' title='bbox 813 4631 948 4699; x_wconf 88' lang='lat' dir='ltr'>Hic</span> <span class='ocrx_word' id='word_1_317' title='bbox 983 4630 1406 4698; x_wconf 70' lang='lat' dir='ltr'>Lismaninus</span> <span class='ocrx_word' id='word_1_318' title='bbox 1441 4630 1525 4707; x_wconf 78' lang='lat'>¹⁵)</span> <span class='ocrx_word' id='word_1_319' title='bbox 1568 4628 1805 4694; x_wconf 87' lang='lat' dir='ltr'>anxius</span> <span class='ocrx_word' id='word_1_320' title='bbox 1839 4636 1906 4691; x_wconf 93' lang='lat' dir='ltr'>et</span> <span class='ocrx_word' id='word_1_321' title='bbox 1945 4647 2076 4692; x_wconf 89' lang='lat' dir='ltr'>non</span> <span class='ocrx_word' id='word_1_322' title='bbox 2111 4646 2271 4709; x_wconf 90' lang='lat' dir='ltr'>pue-</span> 
     </span>
     <span class='ocr_line' id='line_1_47' title="bbox 348 4712 2270 4800; baseline -0.006 -12"><span class='ocrx_word' id='word_1_323' title='bbox 348 4722 364 4737; x_wconf 83' lang='lat'>‘</span> <span class='ocrx_word' id='word_1_324' title='bbox 403 4723 530 4787; x_wconf 85' lang='lat' dir='ltr'>&#39;ter</span> <span class='ocrx_word' id='word_1_325' title='bbox 586 4717 876 4796; x_wconf 90' lang='lat' dir='ltr'>timidus,</span> <span class='ocrx_word' id='word_1_326' title='bbox 935 4716 1170 4783; x_wconf 80' lang='lat' dir='ltr'>videns</span> <span class='ocrx_word' id='word_1_327' title='bbox 1220 4715 1432 4782; x_wconf 90' lang='lat' dir='ltr'>multa</span> <span class='ocrx_word' id='word_1_328' title='bbox 1486 4735 1651 4800; x_wconf 87' lang='lat' dir='ltr'>quae</span> <span class='ocrx_word' id='word_1_329' title='bbox 1708 4712 1989 4780; x_wconf 89' lang='lat' dir='ltr'>scribere</span> <span class='ocrx_word' id='word_1_330' title='bbox 2048 4721 2270 4777; x_wconf 90' lang='lat' dir='ltr'>tutum</span> 
     </span>
    </p>
   </div>
   <div class='ocr_carea' id='block_1_3' title="bbox 305 4893 730 4909">
    <p class='ocr_par' dir='ltr' id='par_1_5' title="bbox 305 4893 730 4909">
     <span class='ocr_line' id='line_1_48' title="bbox 305 4893 730 4909; baseline 0 1216"><span class='ocrx_word' id='word_1_331' title='bbox 305 4893 730 4909; x_wconf 95' lang='lat' dir='ltr'> </span> 
     </span>
    </p>
   </div>
   <div class='ocr_carea' id='block_1_4' title="bbox 309 4987 2271 5410">
    <p class='ocr_par' dir='ltr' id='par_1_6' title="bbox 486 4987 1543 5061">
     <span class='ocr_line' id='line_1_49' title="bbox 486 4987 1543 5061; baseline -0.008 -13"><span class='ocrx_word' id='word_1_332' title='bbox 486 4992 582 5060; x_wconf 79' lang='lat'>13)</span> <span class='ocrx_word' id='word_1_333' title='bbox 626 4991 811 5048; x_wconf 64' lang='lat' dir='ltr'>Codex</span> <span class='ocrx_word' id='word_1_334' title='bbox 837 4990 1106 5061; x_wconf 71' lang='lat' dir='ltr'>praebet.-</span> <span class='ocrx_word' id='word_1_335' title='bbox 1138 4987 1308 5045; x_wconf 83' lang='lat' dir='ltr'>Idem.</span> <span class='ocrx_word' id='word_1_336' title='bbox 1377 4989 1543 5043; x_wconf 81' lang='lat' dir='ltr'>Ante.</span> 
     </span>
    </p>

    <p class='ocr_par' dir='ltr' id='par_1_7' title="bbox 309 5055 2271 5410">
     <span class='ocr_line' id='line_1_50' title="bbox 484 5055 2271 5129; baseline -0.005 -12"><span class='ocrx_word' id='word_1_337' title='bbox 484 5063 583 5129; x_wconf 79' lang='lat'>14)</span> <span class='ocrx_word' id='word_1_338' title='bbox 633 5061 859 5118; x_wconf 60' lang='lat' dir='ltr'>Venatio</span> <span class='ocrx_word' id='word_1_339' title='bbox 892 5059 1027 5116; x_wconf 66' lang='lat' dir='ltr'>haee</span> <span class='ocrx_word' id='word_1_340' title='bbox 1060 5058 1180 5113; x_wconf 73' lang='lat' dir='ltr'>alia</span> <span class='ocrx_word' id='word_1_341' title='bbox 1215 5058 1396 5123; x_wconf 65' lang='lat' dir='ltr'>tuisse</span> <span class='ocrx_word' id='word_1_342' title='bbox 1427 5055 1644 5111; x_wconf 73' lang='lat' dir='ltr'>videtur</span> <span class='ocrx_word' id='word_1_343' title='bbox 1676 5071 1745 5111; x_wconf 81' lang='lat' dir='ltr'>ac</span> <span class='ocrx_word' id='word_1_344' title='bbox 1778 5069 1845 5109; x_wconf 75' lang='lat' dir='ltr'>ea</span> <span class='ocrx_word' id='word_1_345' title='bbox 1878 5067 2045 5125; x_wconf 68' lang='lat' dir='ltr'>quan</span> <span class='ocrx_word' id='word_1_346' title='bbox 2074 5068 2271 5123; x_wconf 71' lang='lat' dir='ltr'>sequu-</span> 
     </span>
     <span class='ocr_line' id='line_1_51' title="bbox 315 5119 2267 5264; baseline -0.008 -75"><span class='ocrx_word' id='word_1_347' title='bbox 315 5137 405 5189; x_wconf 65' lang='lat' dir='ltr'>m</span> <span class='ocrx_word' id='word_1_348' title='bbox 435 5138 522 5190; x_wconf 64' lang='lat' dir='ltr'>en</span> <span class='ocrx_word' id='word_1_349' title='bbox 552 5145 608 5190; x_wconf 76' lang='lat' dir='ltr'>a·</span> <span class='ocrx_word' id='word_1_350' title='bbox 647 5127 801 5186; x_wconf 75' lang='lat'>1⁵68.</span> <span class='ocrx_word' id='word_1_351' title='bbox 854 5125 1148 5264; x_wconf 44' lang='grc' dir='ltr'><strong>ςἯλΠ.</strong></span> <span class='ocrx_word' id='word_1_352' title='bbox 1184 5121 1305 5181; x_wconf 78' lang='grc'><strong>668.</strong></span> <span class='ocrx_word' id='word_1_353' title='bbox 1342 5123 1462 5181; x_wconf 77' lang='grc'><strong>882.</strong></span> <span class='ocrx_word' id='word_1_354' title='bbox 1495 5122 1632 5191; x_wconf 73' lang='lat'>8475</span> <span class='ocrx_word' id='word_1_355' title='bbox 1667 5122 1885 5179; x_wconf 65' lang='lat' dir='ltr'>Lumen</span> <span class='ocrx_word' id='word_1_356' title='bbox 1920 5119 2052 5188; x_wconf 78' lang='lat'>1‘10,·</span> <span class='ocrx_word' id='word_1_357' title='bbox 2090 5122 2267 5179; x_wconf 66' lang='lat' dir='ltr'>Sana.</span> 
     </span>
     <span class='ocr_line' id='line_1_52' title="bbox 309 5199 2270 5339; baseline -0.006 -13"><span class='ocrx_word' id='word_1_358' title='bbox 309 5199 1336 5339; x_wconf 53' lang='lat' dir='ltr'>‘&#39;⁹⁸15)Dn¹e⁵a¹2tipaoloquim</span> <span class='ocrx_word' id='word_1_359' title='bbox 1378 5260 2270 5333; x_wconf 64' lang='lat' dir='ltr'>widcah&#39;oquodem,atu</span> 
     </span>
     <span class='ocr_line' id='line_1_53' title="bbox 314 5335 870 5410; baseline -0.02 -8"><span class='ocrx_word' id='word_1_360' title='bbox 314 5340 494 5410; x_wconf 66' lang='lat' dir='ltr'>nouit</span> <span class='ocrx_word' id='word_1_361' title='bbox 525 5335 870 5396; x_wconf 58' lang='lat' dir='ltr'>conanae&amp;</span> 
     </span>
    </p>
   </div>
   <div class='ocr_carea' id='block_1_5' title="bbox 2035 414 2649 488">
    <p class='ocr_par' dir='ltr' id='par_1_8' title="bbox 2035 414 2649 488">
     <span class='ocr_line' id='line_1_54' title="bbox 2035 414 2649 488; baseline 0 -2"><span class='ocrx_word' id='word_1_362' title='bbox 2035 419 2199 487; x_wconf 74' lang='lat'><strong>1⁵61</strong></span> <span class='ocrx_word' id='word_1_363' title='bbox 2239 414 2649 488; x_wconf 71' lang='lat' dir='ltr'>mmmm.</span> 
     </span>
    </p>
   </div>
   <div class='ocr_carea' id='block_1_6' title="bbox 2318 635 2352 5392">
    <p class='ocr_par' dir='ltr' id='par_1_9' title="bbox 2318 635 2352 5392">
     <span class='ocr_line' id='line_1_55' title="bbox 2318 635 2352 5392; baseline 0 0"><span class='ocrx_word' id='word_1_364' title='bbox 2318 635 2352 5392; x_wconf 95' lang='lat' dir='ltr'> </span> 
     </span>
    </p>
   </div>
   <div class='ocr_carea' id='block_1_7' title="bbox 4215 424 4342 489">
    <p class='ocr_par' dir='ltr' id='par_1_10' title="bbox 4215 424 4342 489">
     <span class='ocr_line' id='line_1_56' title="bbox 4215 424 4342 489; baseline -0.008 -1"><span class='ocrx_word' id='word_1_365' title='bbox 4215 424 4342 489; x_wconf 72' lang='lat'>1⁷4</span> 
     </span>
    </p>
   </div>
   <div class='ocr_carea' id='block_1_8' title="bbox 2371 608 4351 4629">
    <p class='ocr_par' dir='ltr' id='par_1_11' title="bbox 2371 608 4351 4629">
     <span class='ocr_line' id='line_1_57' title="bbox 2391 608 4344 693; baseline 0.002 -20"><span class='ocrx_word' id='word_1_366' title='bbox 2391 628 2525 674; x_wconf 88' lang='lat' dir='ltr'>non</span> <span class='ocrx_word' id='word_1_367' title='bbox 2569 615 2688 687; x_wconf 87' lang='lat' dir='ltr'>est,</span> <span class='ocrx_word' id='word_1_368' title='bbox 2744 608 2814 674; x_wconf 91' lang='lat' dir='ltr'>id</span> <span class='ocrx_word' id='word_1_369' title='bbox 2867 609 3006 693; x_wconf 88' lang='lat' dir='ltr'>egit</span> <span class='ocrx_word' id='word_1_370' title='bbox 3061 617 3138 676; x_wconf 92' lang='lat' dir='ltr'>ut</span> <span class='ocrx_word' id='word_1_371' title='bbox 3180 608 3549 677; x_wconf 66' lang='lat' dir='ltr'>Blando-ata</span> <span class='ocrx_word' id='word_1_372' title='bbox 3597 608 4035 677; x_wconf 87' lang='lat' dir='ltr'>invisibilibus</span> <span class='ocrx_word' id='word_1_373' title='bbox 4089 608 4344 693; x_wconf 84' lang='lat' dir='ltr'>laqueis</span> 
     </span>
     <span class='ocr_line' id='line_1_58' title="bbox 2387 694 4343 781; baseline 0.001 -21"><span class='ocrx_word' id='word_1_374' title='bbox 2387 694 2782 760; x_wconf 88' lang='lat' dir='ltr'>irretiretur.</span> <span class='ocrx_word' id='word_1_375' title='bbox 2874 695 3104 763; x_wconf 88' lang='lat' dir='ltr'>Primo</span> <span class='ocrx_word' id='word_1_376' title='bbox 3156 694 3454 779; x_wconf 87' lang='lat' dir='ltr'>persuasi</span> <span class='ocrx_word' id='word_1_377' title='bbox 3517 701 3596 760; x_wconf 92' lang='lat' dir='ltr'>ut</span> <span class='ocrx_word' id='word_1_378' title='bbox 3648 695 3909 779; x_wconf 89' lang='lat' dir='ltr'>publice</span> <span class='ocrx_word' id='word_1_379' title='bbox 3962 695 4034 760; x_wconf 88' lang='lat' dir='ltr'>in</span> <span class='ocrx_word' id='word_1_380' title='bbox 4089 694 4343 781; x_wconf 75' lang='lat' dir='ltr'>synodo</span> 
     </span>
     <span class='ocr_line' id='line_1_59' title="bbox 2389 778 4343 881; baseline 0.001 -36"><span class='ocrx_word' id='word_1_381' title='bbox 2389 779 2685 865; x_wconf 88' lang='lat' dir='ltr'>generali</span> <span class='ocrx_word' id='word_1_382' title='bbox 2738 778 3199 847; x_wconf 84' lang='lat' dir='ltr'>Servetianam</span> <span class='ocrx_word' id='word_1_383' title='bbox 3259 780 3681 881; x_wconf 84' lang='lat' dir='ltr'>impietatem,</span> <span class='ocrx_word' id='word_1_384' title='bbox 3741 780 4095 847; x_wconf 87' lang='lat' dir='ltr'>Arrianam</span> <span class='ocrx_word' id='word_1_385' title='bbox 4159 800 4343 847; x_wconf 85' lang='lat' dir='ltr'>vesa-</span> 
     </span>
     <span class='ocr_line' id='line_1_60' title="bbox 2388 864 4343 950; baseline 0.001 -19"><span class='ocrx_word' id='word_1_386' title='bbox 2388 865 2591 944; x_wconf 88' lang='lat' dir='ltr'>niam,</span> <span class='ocrx_word' id='word_1_387' title='bbox 2647 865 3090 935; x_wconf 75' lang='lat' dir='ltr'>sabellianam</span> <span class='ocrx_word' id='word_1_388' title='bbox 3148 866 3511 944; x_wconf 78' lang='lat' dir='ltr'>stultitlam,</span> <span class='ocrx_word' id='word_1_389' title='bbox 3556 864 4191 950; x_wconf 70' lang='lat' dir='ltr'>Stancarianamque</span> <span class='ocrx_word' id='word_1_390' title='bbox 4235 865 4343 932; x_wconf 83' lang='lat' dir='ltr'>fu-</span> 
     </span>
     <span class='ocr_line' id='line_1_61' title="bbox 2388 951 4343 1036; baseline 0.001 -20"><span class='ocrx_word' id='word_1_391' title='bbox 2388 951 2560 1023; x_wconf 74' lang='lat' dir='ltr'>riam</span> <span class='ocrx_word' id='word_1_392' title='bbox 2602 951 3056 1033; x_wconf 88' lang='lat' dir='ltr'>detestaretur,</span> <span class='ocrx_word' id='word_1_393' title='bbox 3113 954 3190 1016; x_wconf 83' lang='lat'>2⁰</span> <span class='ocrx_word' id='word_1_394' title='bbox 3231 952 3625 1035; x_wconf 89' lang='lat' dir='ltr'>approbaret</span> <span class='ocrx_word' id='word_1_395' title='bbox 3665 951 4036 1036; x_wconf 80' lang='lat' dir='ltr'>symbolum</span> <span class='ocrx_word' id='word_1_396' title='bbox 4165 962 4343 1018; x_wconf 89' lang='lat' dir='ltr'>osto·-</span> 
     </span>
     <span class='ocr_line' id='line_1_62' title="bbox 2388 1035 4344 1121; baseline 0.002 -20"><span class='ocrx_word' id='word_1_397' title='bbox 2388 1035 2608 1116; x_wconf 89' lang='lat' dir='ltr'>licum,</span> <span class='ocrx_word' id='word_1_398' title='bbox 2653 1059 2780 1121; x_wconf 88' lang='lat' dir='ltr'>quo</span> <span class='ocrx_word' id='word_1_399' title='bbox 2813 1039 3071 1104; x_wconf 89' lang='lat' dir='ltr'>utinam</span> <span class='ocrx_word' id='word_1_400' title='bbox 3106 1047 3452 1105; x_wconf 86' lang='lat' dir='ltr'>contentae</span> <span class='ocrx_word' id='word_1_401' title='bbox 3495 1048 3729 1103; x_wconf 86' lang='lat' dir='ltr'>essent</span> <span class='ocrx_word' id='word_1_402' title='bbox 3750 1057 3977 1105; x_wconf 89' lang='lat' dir='ltr'>omnes</span> <span class='ocrx_word' id='word_1_403' title='bbox 4010 1057 4121 1104; x_wconf 91' lang='lat' dir='ltr'>ecc</span> <span class='ocrx_word' id='word_1_404' title='bbox 4146 1037 4344 1117; x_wconf 87' lang='lat' dir='ltr'>esiae,</span> 
     </span>
     <span class='ocr_line' id='line_1_63' title="bbox 2389 1120 4349 1206; baseline 0.002 -20"><span class='ocrx_word' id='word_1_405' title='bbox 2389 1129 2467 1187; x_wconf 88' lang='lat' dir='ltr'>ut</span> <span class='ocrx_word' id='word_1_406' title='bbox 2529 1122 2959 1190; x_wconf 87' lang='lat' dir='ltr'>beatitudinis</span> <span class='ocrx_word' id='word_1_407' title='bbox 3022 1133 3090 1191; x_wconf 88' lang='lat' dir='ltr'>et</span> <span class='ocrx_word' id='word_1_408' title='bbox 3164 1122 3495 1190; x_wconf 83' lang='lat' dir='ltr'>felicitatis</span> <span class='ocrx_word' id='word_1_409' title='bbox 3568 1124 4017 1206; x_wconf 89' lang='lat' dir='ltr'>episcoporum</span> <span class='ocrx_word' id='word_1_410' title='bbox 4083 1120 4349 1190; x_wconf 80' lang='lat' dir='ltr'>Galliae</span> 
     </span>
     <span class='ocr_line' id='line_1_64' title="bbox 2391 1206 4346 1297; baseline 0 -24"><span class='ocrx_word' id='word_1_411' title='bbox 2391 1209 2608 1285; x_wconf 91' lang='lat' dir='ltr'>(cuius</span> <span class='ocrx_word' id='word_1_412' title='bbox 2649 1216 2723 1275; x_wconf 93' lang='lat' dir='ltr'>tu</span> <span class='ocrx_word' id='word_1_413' title='bbox 2765 1230 2848 1274; x_wconf 90' lang='lat' dir='ltr'>ex</span> <span class='ocrx_word' id='word_1_414' title='bbox 2891 1208 3150 1275; x_wconf 84' lang='lat' dir='ltr'>Hilario</span> <span class='ocrx_word' id='word_1_415' title='bbox 3208 1209 3280 1276; x_wconf 89' lang='lat' dir='ltr'>in</span> <span class='ocrx_word' id='word_1_416' title='bbox 3337 1218 3454 1274; x_wconf 91' lang='lat' dir='ltr'>tua</span> <span class='ocrx_word' id='word_1_417' title='bbox 3490 1208 3912 1274; x_wconf 89' lang='lat' dir='ltr'>Institutione</span> <span class='ocrx_word' id='word_1_418' title='bbox 3955 1206 4346 1297; x_wconf 80' lang='lat' dir='ltr'>meministi)</span> 
     </span>
     <span class='ocr_line' id='line_1_65' title="bbox 2390 1293 4345 1379; baseline 0.001 -21"><span class='ocrx_word' id='word_1_419' title='bbox 2390 1301 2611 1359; x_wconf 89' lang='lat' dir='ltr'>essent</span> <span class='ocrx_word' id='word_1_420' title='bbox 2672 1294 3054 1379; x_wconf 89' lang='lat' dir='ltr'>participes:</span> <span class='ocrx_word' id='word_1_421' title='bbox 3118 1316 3348 1361; x_wconf 90' lang='lat' dir='ltr'>verum</span> <span class='ocrx_word' id='word_1_422' title='bbox 3406 1302 3474 1359; x_wconf 92' lang='lat' dir='ltr'>et</span> <span class='ocrx_word' id='word_1_423' title='bbox 3529 1293 3897 1361; x_wconf 90' lang='lat' dir='ltr'>Nicaenum</span> <span class='ocrx_word' id='word_1_424' title='bbox 3961 1293 4345 1377; x_wconf 88' lang='lat' dir='ltr'>reliquaque</span> 
     </span>
     <span class='ocr_line' id='line_1_66' title="bbox 2390 1376 4351 1464; baseline 0 -19"><span class='ocrx_word' id='word_1_425' title='bbox 2390 1376 2691 1464; x_wconf 77' lang='lat' dir='ltr'>symbola</span> <span class='ocrx_word' id='word_1_426' title='bbox 2744 1400 2912 1463; x_wconf 90' lang='lat' dir='ltr'>quae</span> <span class='ocrx_word' id='word_1_427' title='bbox 2965 1381 3213 1446; x_wconf 84' lang='lat' dir='ltr'>fuerint</span> <span class='ocrx_word' id='word_1_428' title='bbox 3266 1401 3417 1447; x_wconf 90' lang='lat' dir='ltr'>cum</span> <span class='ocrx_word' id='word_1_429' title='bbox 3459 1378 3767 1446; x_wconf 83' lang='lat' dir='ltr'>Nicaeno.</span> <span class='ocrx_word' id='word_1_430' title='bbox 3852 1379 4215 1457; x_wconf 90' lang='lat' dir='ltr'>Postremo,</span> <span class='ocrx_word' id='word_1_431' title='bbox 4261 1400 4351 1445; x_wconf 90' lang='lat' dir='ltr'>ne</span> 
     </span>
     <span class='ocr_line' id='line_1_67' title="bbox 2389 1461 4349 1616; baseline 0 -86"><span class='ocrx_word' id='word_1_432' title='bbox 2389 1464 2538 1548; x_wconf 89' lang='lat' dir='ltr'>quis</span> <span class='ocrx_word' id='word_1_433' title='bbox 2579 1463 2762 1532; x_wconf 90' lang='lat' dir='ltr'>locus</span> <span class='ocrx_word' id='word_1_434' title='bbox 2805 1466 3085 1551; x_wconf 88' lang='lat' dir='ltr'>relinqui</span> <span class='ocrx_word' id='word_1_435' title='bbox 3122 1475 3361 1616; x_wconf 48' lang='lat' dir='ltr'>(posset</span> <span class='ocrx_word' id='word_1_436' title='bbox 3413 1461 3907 1549; x_wconf 87' lang='lat' dir='ltr'>suspicionibus,</span> <span class='ocrx_word' id='word_1_437' title='bbox 3967 1464 4133 1531; x_wconf 90' lang='lat' dir='ltr'>illud</span> <span class='ocrx_word' id='word_1_438' title='bbox 4184 1485 4349 1549; x_wconf 91' lang='lat' dir='ltr'>quo-</span> 
     </span>
     <span class='ocr_line' id='line_1_68' title="bbox 2389 1549 4349 1635; baseline -0.001 -19"><span class='ocrx_word' id='word_1_439' title='bbox 2389 1571 2517 1633; x_wconf 92' lang='lat' dir='ltr'>que</span> <span class='ocrx_word' id='word_1_440' title='bbox 2561 1549 2954 1634; x_wconf 89' lang='lat' dir='ltr'>approbaret</span> <span class='ocrx_word' id='word_1_441' title='bbox 2995 1572 3120 1635; x_wconf 90' lang='lat' dir='ltr'>quo</span> <span class='ocrx_word' id='word_1_442' title='bbox 3208 1550 3331 1618; x_wconf 92' lang='lat' dir='ltr'>sub</span> <span class='ocrx_word' id='word_1_443' title='bbox 3373 1552 3639 1616; x_wconf 89' lang='lat' dir='ltr'>nomine</span> <span class='ocrx_word' id='word_1_444' title='bbox 3682 1550 4036 1616; x_wconf 81' lang='lat' dir='ltr'>Athanasii</span> <span class='ocrx_word' id='word_1_445' title='bbox 4083 1549 4349 1617; x_wconf 82' lang='lat' dir='ltr'>canitur</span> 
     </span>
     <span class='ocr_line' id='line_1_69' title="bbox 2388 1634 4348 1720; baseline 0.001 -19"><span class='ocrx_word' id='word_1_446' title='bbox 2388 1636 2463 1701; x_wconf 91' lang='lat' dir='ltr'>in</span> <span class='ocrx_word' id='word_1_447' title='bbox 2498 1636 2761 1720; x_wconf 89' lang='lat' dir='ltr'>templis</span> <span class='ocrx_word' id='word_1_448' title='bbox 2795 1638 3145 1720; x_wconf 86' lang='lat' dir='ltr'>papisticis,</span> <span class='ocrx_word' id='word_1_449' title='bbox 3186 1636 3381 1702; x_wconf 92' lang='lat' dir='ltr'>modo</span> <span class='ocrx_word' id='word_1_450' title='bbox 3415 1636 3606 1702; x_wconf 86' lang='lat' dir='ltr'>iuxta</span> <span class='ocrx_word' id='word_1_451' title='bbox 3640 1636 4042 1703; x_wconf 90' lang='lat' dir='ltr'>sententiam</span> <span class='ocrx_word' id='word_1_452' title='bbox 4069 1634 4348 1702; x_wconf 87' lang='lat' dir='ltr'>Nicaeni</span> 
     </span>
     <span class='ocr_line' id='line_1_70' title="bbox 2391 1720 4349 1806; baseline 0 -19"><span class='ocrx_word' id='word_1_453' title='bbox 2391 1730 2460 1787; x_wconf 92' lang='lat' dir='ltr'>et</span> <span class='ocrx_word' id='word_1_454' title='bbox 2500 1723 2926 1805; x_wconf 84' lang='lat' dir='ltr'>expositionis</span> <span class='ocrx_word' id='word_1_455' title='bbox 2969 1721 3123 1789; x_wconf 88' lang='lat' dir='ltr'>fidei</span> <span class='ocrx_word' id='word_1_456' title='bbox 3164 1722 3238 1788; x_wconf 91' lang='lat' dir='ltr'>in</span> <span class='ocrx_word' id='word_1_457' title='bbox 3282 1722 3582 1806; x_wconf 88' lang='lat' dir='ltr'>Epistola</span> <span class='ocrx_word' id='word_1_458' title='bbox 3622 1721 3829 1805; x_wconf 89' lang='lat' dir='ltr'>ipsius</span> <span class='ocrx_word' id='word_1_459' title='bbox 3863 1720 4218 1786; x_wconf 89' lang='lat' dir='ltr'>Athanasii</span> <span class='ocrx_word' id='word_1_460' title='bbox 4260 1720 4349 1787; x_wconf 87' lang='lat' dir='ltr'>ad</span> 
     </span>
     <span class='ocr_line' id='line_1_71' title="bbox 2390 1806 4347 1906; baseline -0.001 -33"><span class='ocrx_word' id='word_1_461' title='bbox 2390 1806 2775 1890; x_wconf 85' lang='lat' dir='ltr'>Epictetum</span> <span class='ocrx_word' id='word_1_462' title='bbox 2811 1807 3308 1875; x_wconf 84' lang='lat' dir='ltr'>Corinthiorum</span> <span class='ocrx_word' id='word_1_463' title='bbox 3344 1808 3720 1906; x_wconf 88' lang='lat' dir='ltr'>episcopum</span> <span class='ocrx_word' id='word_1_464' title='bbox 3762 1814 4109 1874; x_wconf 88' lang='lat' dir='ltr'>contentae</span> <span class='ocrx_word' id='word_1_465' title='bbox 4149 1806 4347 1872; x_wconf 90' lang='lat' dir='ltr'>intel-</span> 
     </span>
     <span class='ocr_line' id='line_1_72' title="bbox 2388 1890 4349 1979; baseline -0.001 -20"><span class='ocrx_word' id='word_1_466' title='bbox 2388 1892 2654 1976; x_wconf 83' lang='lat' dir='ltr'>ligatur.</span> <span class='ocrx_word' id='word_1_467' title='bbox 2745 1894 2851 1960; x_wconf 92' lang='lat' dir='ltr'>De</span> <span class='ocrx_word' id='word_1_468' title='bbox 2916 1915 3046 1978; x_wconf 92' lang='lat' dir='ltr'>quo</span> <span class='ocrx_word' id='word_1_469' title='bbox 3110 1892 3410 1979; x_wconf 82' lang='lat' dir='ltr'>symbolo</span> <span class='ocrx_word' id='word_1_470' title='bbox 3453 1890 3849 1976; x_wconf 75' lang='lat' dir='ltr'>Quicunque</span> <span class='ocrx_word' id='word_1_471' title='bbox 3910 1891 4058 1959; x_wconf 88' lang='lat' dir='ltr'>vult</span> <span class='ocrx_word' id='word_1_472' title='bbox 4122 1891 4349 1958; x_wconf 88' lang='lat' dir='ltr'>salvus</span> 
     </span>
     <span class='ocr_line' id='line_1_73' title="bbox 2392 1976 4349 2063; baseline -0.001 -19"><span class='ocrx_word' id='word_1_473' title='bbox 2392 1999 2557 2055; x_wconf 86' lang='lat' dir='ltr'>esse,</span> <span class='ocrx_word' id='word_1_474' title='bbox 2622 1998 2927 2063; x_wconf 89' lang='lat' dir='ltr'>cuperem</span> <span class='ocrx_word' id='word_1_475' title='bbox 2994 1990 3060 2046; x_wconf 90' lang='lat' dir='ltr'>te</span> <span class='ocrx_word' id='word_1_476' title='bbox 3125 1978 3351 2045; x_wconf 81' lang='lat' dir='ltr'>videre</span> <span class='ocrx_word' id='word_1_477' title='bbox 3416 1978 3729 2044; x_wconf 90' lang='lat' dir='ltr'>iudicium</span> <span class='ocrx_word' id='word_1_478' title='bbox 3794 1976 4154 2043; x_wconf 88' lang='lat' dir='ltr'>doctissimi</span> <span class='ocrx_word' id='word_1_479' title='bbox 4219 1976 4349 2045; x_wconf 87' lang='lat' dir='ltr'>viri</span> 
     </span>
     <span class='ocr_line' id='line_1_74' title="bbox 2389 2061 4349 2147; baseline 0 -18"><span class='ocrx_word' id='word_1_480' title='bbox 2389 2063 2711 2129; x_wconf 87' lang='lat' dir='ltr'>Ioachimi</span> <span class='ocrx_word' id='word_1_481' title='bbox 2736 2063 3113 2143; x_wconf 72' lang='lat' dir='ltr'>Camerarii,</span> <span class='ocrx_word' id='word_1_482' title='bbox 3149 2065 3224 2130; x_wconf 90' lang='lat' dir='ltr'>in</span> <span class='ocrx_word' id='word_1_483' title='bbox 3245 2062 3662 2131; x_wconf 69' lang='lat' dir='ltr'>Cawchismo</span> <span class='ocrx_word' id='word_1_484' title='bbox 3696 2083 3815 2129; x_wconf 88' lang='lat' dir='ltr'>suo</span> <span class='ocrx_word' id='word_1_485' title='bbox 3836 2080 4088 2147; x_wconf 87' lang='lat' dir='ltr'>graeco.</span> <span class='ocrx_word' id='word_1_486' title='bbox 4145 2061 4349 2129; x_wconf 87' lang='lat' dir='ltr'>Oerte</span> 
     </span>
     <span class='ocr_line' id='line_1_75' title="bbox 2388 2148 4347 2236; baseline -0.001 -20"><span class='ocrx_word' id='word_1_487' title='bbox 2388 2149 2447 2216; x_wconf 91' lang='lat' dir='ltr'>si</span> <span class='ocrx_word' id='word_1_488' title='bbox 2490 2150 2563 2214; x_wconf 90' lang='lat' dir='ltr'>in</span> <span class='ocrx_word' id='word_1_489' title='bbox 2607 2150 2858 2236; x_wconf 80' lang='lat' dir='ltr'>synodo</span> <span class='ocrx_word' id='word_1_490' title='bbox 2893 2150 3304 2228; x_wconf 86' lang='lat' dir='ltr'>Florentina,</span> <span class='ocrx_word' id='word_1_491' title='bbox 3349 2148 3460 2215; x_wconf 91' lang='lat' dir='ltr'>ubi</span> <span class='ocrx_word' id='word_1_492' title='bbox 3500 2148 3582 2215; x_wconf 92' lang='lat' dir='ltr'>de</span> <span class='ocrx_word' id='word_1_493' title='bbox 3615 2148 4027 2232; x_wconf 89' lang='lat' dir='ltr'>processione</span> <span class='ocrx_word' id='word_1_494' title='bbox 4070 2148 4347 2231; x_wconf 89' lang='lat' dir='ltr'>spiritus</span> 
     </span>
     <span class='ocr_line' id='line_1_76' title="bbox 2388 2231 4346 2313; baseline -0.001 -11"><span class='ocrx_word' id='word_1_495' title='bbox 2388 2235 2601 2302; x_wconf 86' lang='lat' dir='ltr'>sancti</span> <span class='ocrx_word' id='word_1_496' title='bbox 2670 2244 2892 2302; x_wconf 88' lang='lat' dir='ltr'>actum</span> <span class='ocrx_word' id='word_1_497' title='bbox 2970 2236 3125 2313; x_wconf 86' lang='lat' dir='ltr'>fuit,</span> <span class='ocrx_word' id='word_1_498' title='bbox 3201 2236 3427 2302; x_wconf 86' lang='lat' dir='ltr'>Latini</span> <span class='ocrx_word' id='word_1_499' title='bbox 3492 2233 3922 2301; x_wconf 85' lang='lat' dir='ltr'>adduxissent</span> <span class='ocrx_word' id='word_1_500' title='bbox 3987 2231 4346 2300; x_wconf 90' lang='lat' dir='ltr'>Athanasii</span> 
     </span>
     <span class='ocr_line' id='line_1_77' title="bbox 2387 2319 4345 2405; baseline -0.001 -19"><span class='ocrx_word' id='word_1_501' title='bbox 2387 2320 2810 2386; x_wconf 88' lang='lat' dir='ltr'>sententiam:</span> <span class='ocrx_word' id='word_1_502' title='bbox 2872 2320 3165 2405; x_wconf 83' lang='lat' dir='ltr'>Spiritus</span> <span class='ocrx_word' id='word_1_503' title='bbox 3223 2329 3490 2388; x_wconf 82' lang='lat' dir='ltr'>sanctus</span> <span class='ocrx_word' id='word_1_504' title='bbox 3542 2341 3583 2385; x_wconf 90' lang='lat' dir='ltr'>a</span> <span class='ocrx_word' id='word_1_505' title='bbox 3633 2326 3822 2402; x_wconf 89' lang='lat' dir='ltr'>patre</span> <span class='ocrx_word' id='word_1_506' title='bbox 3876 2327 3943 2383; x_wconf 92' lang='lat' dir='ltr'>et</span> <span class='ocrx_word' id='word_1_507' title='bbox 3998 2319 4152 2397; x_wconf 90' lang='lat' dir='ltr'>filio,</span> <span class='ocrx_word' id='word_1_508' title='bbox 4210 2340 4345 2385; x_wconf 89' lang='lat' dir='ltr'>non</span> 
     </span>
     <span class='ocr_line' id='line_1_78' title="bbox 2387 2402 4342 2492; baseline -0.001 -21"><span class='ocrx_word' id='word_1_509' title='bbox 2387 2407 2620 2485; x_wconf 87' lang='lat' dir='ltr'>factus,</span> <span class='ocrx_word' id='word_1_510' title='bbox 2665 2428 2787 2473; x_wconf 89' lang='lat' dir='ltr'>nec</span> <span class='ocrx_word' id='word_1_511' title='bbox 2828 2417 3107 2486; x_wconf 90' lang='lat' dir='ltr'>creatus,</span> <span class='ocrx_word' id='word_1_512' title='bbox 3171 2429 3292 2473; x_wconf 90' lang='lat' dir='ltr'>nec</span> <span class='ocrx_word' id='word_1_513' title='bbox 3334 2406 3616 2492; x_wconf 88' lang='lat' dir='ltr'>genitus,</span> <span class='ocrx_word' id='word_1_514' title='bbox 3674 2403 3789 2470; x_wconf 90' lang='lat' dir='ltr'>sed</span> <span class='ocrx_word' id='word_1_515' title='bbox 3878 2402 4208 2484; x_wconf 90' lang='lat' dir='ltr'>rocedens,</span> <span class='ocrx_word' id='word_1_516' title='bbox 4254 2425 4342 2470; x_wconf 90' lang='lat' dir='ltr'>an</span> 
     </span>
     <span class='ocr_line' id='line_1_79' title="bbox 2389 2488 4343 2560; baseline -0.001 -2"><span class='ocrx_word' id='word_1_517' title='bbox 2389 2492 2631 2559; x_wconf 83' lang='lat' dir='ltr'>Graeci</span> <span class='ocrx_word' id='word_1_518' title='bbox 2687 2493 2831 2560; x_wconf 90' lang='lat' dir='ltr'>ausi</span> <span class='ocrx_word' id='word_1_519' title='bbox 2886 2492 3170 2559; x_wconf 87' lang='lat' dir='ltr'>fuissent</span> <span class='ocrx_word' id='word_1_520' title='bbox 3231 2490 3676 2559; x_wconf 89' lang='lat' dir='ltr'>contradicere</span> <span class='ocrx_word' id='word_1_521' title='bbox 3732 2491 3796 2554; x_wconf 98' lang='lat' dir='ltr'>A</span> <span class='ocrx_word' id='word_1_522' title='bbox 3874 2488 4147 2554; x_wconf 81' lang='lat' dir='ltr'>anasio?</span> <span class='ocrx_word' id='word_1_523' title='bbox 4233 2490 4343 2556; x_wconf 82' lang='lat' dir='ltr'>Ex</span> 
     </span>
     <span class='ocr_line' id='line_1_80' title="bbox 2387 2575 4342 2661; baseline -0.001 -18"><span class='ocrx_word' id='word_1_524' title='bbox 2387 2577 2576 2644; x_wconf 90' lang='lat' dir='ltr'>cuius</span> <span class='ocrx_word' id='word_1_525' title='bbox 2619 2579 2915 2661; x_wconf 90' lang='lat' dir='ltr'>quinque</span> <span class='ocrx_word' id='word_1_526' title='bbox 2951 2577 3359 2644; x_wconf 91' lang='lat' dir='ltr'>orationibus</span> <span class='ocrx_word' id='word_1_527' title='bbox 3402 2586 3631 2643; x_wconf 88' lang='lat' dir='ltr'>contra</span> <span class='ocrx_word' id='word_1_528' title='bbox 3670 2575 3988 2639; x_wconf 88' lang='lat' dir='ltr'>Arrianos</span> <span class='ocrx_word' id='word_1_529' title='bbox 4027 2575 4112 2640; x_wconf 94' lang='lat' dir='ltr'>D.</span> <span class='ocrx_word' id='word_1_530' title='bbox 4151 2575 4342 2641; x_wconf 90' lang='lat' dir='ltr'>Basi-</span> 
     </span>
     <span class='ocr_line' id='line_1_81' title="bbox 2387 2658 4343 2744; baseline 0 -17"><span class='ocrx_word' id='word_1_531' title='bbox 2387 2661 2515 2729; x_wconf 90' lang='lat' dir='ltr'>lius</span> <span class='ocrx_word' id='word_1_532' title='bbox 2559 2672 2627 2728; x_wconf 93' lang='lat' dir='ltr'>et</span> <span class='ocrx_word' id='word_1_533' title='bbox 2661 2663 3115 2729; x_wconf 82' lang='lat' dir='ltr'>Nazianzenus</span> <span class='ocrx_word' id='word_1_534' title='bbox 3159 2661 3468 2728; x_wconf 88' lang='lat' dir='ltr'>dicuntur</span> <span class='ocrx_word' id='word_1_535' title='bbox 3502 2658 3800 2725; x_wconf 88' lang='lat' dir='ltr'>hausisse</span> <span class='ocrx_word' id='word_1_536' title='bbox 3835 2659 4150 2744; x_wconf 90' lang='lat' dir='ltr'>quidquid</span> <span class='ocrx_word' id='word_1_537' title='bbox 4238 2660 4343 2727; x_wconf 87' lang='lat' dir='ltr'>ul-</span> 
     </span>
     <span class='ocr_line' id='line_1_82' title="bbox 2386 2743 4341 2816; baseline -0.001 -4"><span class='ocrx_word' id='word_1_538' title='bbox 2386 2748 2528 2813; x_wconf 89' lang='lat' dir='ltr'>chri</span> <span class='ocrx_word' id='word_1_539' title='bbox 2590 2748 2908 2816; x_wconf 88' lang='lat' dir='ltr'>adversus</span> <span class='ocrx_word' id='word_1_540' title='bbox 2962 2751 3319 2814; x_wconf 88' lang='lat' dir='ltr'>Arrianam</span> <span class='ocrx_word' id='word_1_541' title='bbox 3370 2745 3695 2811; x_wconf 88' lang='lat' dir='ltr'>haeresim</span> <span class='ocrx_word' id='word_1_542' title='bbox 3747 2743 4111 2812; x_wconf 89' lang='lat' dir='ltr'>ediderunt.</span> <span class='ocrx_word' id='word_1_543' title='bbox 4263 2770 4341 2811; x_wconf 91' lang='lat' dir='ltr'>x-</span> 
     </span>
     <span class='ocr_line' id='line_1_83' title="bbox 2385 2829 4343 2919; baseline -0.001 -19"><span class='ocrx_word' id='word_1_544' title='bbox 2385 2843 2569 2900; x_wconf 89' lang='lat' dir='ltr'>stant</span> <span class='ocrx_word' id='word_1_545' title='bbox 2610 2833 2803 2901; x_wconf 92' lang='lat' dir='ltr'>modo</span> <span class='ocrx_word' id='word_1_546' title='bbox 2854 2854 3054 2919; x_wconf 90' lang='lat' dir='ltr'>opera</span> <span class='ocrx_word' id='word_1_547' title='bbox 3095 2832 3443 2899; x_wconf 89' lang='lat' dir='ltr'>Athanasii</span> <span class='ocrx_word' id='word_1_548' title='bbox 3484 2832 3556 2895; x_wconf 90' lang='lat' dir='ltr'>in</span> <span class='ocrx_word' id='word_1_549' title='bbox 3600 2837 3641 2894; x_wconf 84' lang='lat'>4</span> <span class='ocrx_word' id='word_1_550' title='bbox 3688 2840 3896 2897; x_wconf 92' lang='lat' dir='ltr'>tomos</span> <span class='ocrx_word' id='word_1_551' title='bbox 3943 2829 4215 2915; x_wconf 87' lang='lat' dir='ltr'>digesta,</span> <span class='ocrx_word' id='word_1_552' title='bbox 4272 2841 4343 2899; x_wconf 91' lang='lat' dir='ltr'>et</span> 
     </span>
     <span class='ocr_line' id='line_1_84' title="bbox 2385 2914 4340 3003; baseline 0 -19"><span class='ocrx_word' id='word_1_553' title='bbox 2385 2920 2631 2985; x_wconf 91' lang='lat' dir='ltr'>mirum</span> <span class='ocrx_word' id='word_1_554' title='bbox 2674 2929 2777 2985; x_wconf 92' lang='lat' dir='ltr'>est</span> <span class='ocrx_word' id='word_1_555' title='bbox 2831 2918 3006 3003; x_wconf 90' lang='lat' dir='ltr'>quod</span> <span class='ocrx_word' id='word_1_556' title='bbox 3062 2938 3275 3000; x_wconf 90' lang='lat' dir='ltr'>neque</span> <span class='ocrx_word' id='word_1_557' title='bbox 3328 2917 3400 2981; x_wconf 91' lang='lat' dir='ltr'>in</span> <span class='ocrx_word' id='word_1_558' title='bbox 3449 2914 3701 2982; x_wconf 90' lang='lat' dir='ltr'>duobus</span> <span class='ocrx_word' id='word_1_559' title='bbox 3757 2917 3951 2982; x_wconf 90' lang='lat' dir='ltr'>tomis</span> <span class='ocrx_word' id='word_1_560' title='bbox 3993 2917 4340 3001; x_wconf 90' lang='lat' dir='ltr'>prioribus,</span> 
     </span>
     <span class='ocr_line' id='line_1_85' title="bbox 2384 3000 4341 3088; baseline 0 -18"><span class='ocrx_word' id='word_1_561' title='bbox 2384 3005 2500 3088; x_wconf 90' lang='lat' dir='ltr'>qui</span> <span class='ocrx_word' id='word_1_562' title='bbox 2541 3024 2702 3071; x_wconf 87' lang='lat' dir='ltr'>vera</span> <span class='ocrx_word' id='word_1_563' title='bbox 2743 3003 3094 3071; x_wconf 90' lang='lat' dir='ltr'>Athanasii</span> <span class='ocrx_word' id='word_1_564' title='bbox 3146 3023 3345 3087; x_wconf 88' lang='lat' dir='ltr'>opera</span> <span class='ocrx_word' id='word_1_565' title='bbox 3397 3000 3751 3082; x_wconf 90' lang='lat' dir='ltr'>continent,</span> <span class='ocrx_word' id='word_1_566' title='bbox 3806 3022 4019 3086; x_wconf 92' lang='lat' dir='ltr'>neque</span> <span class='ocrx_word' id='word_1_567' title='bbox 4060 3003 4135 3069; x_wconf 93' lang='lat' dir='ltr'>in</span> <span class='ocrx_word' id='word_1_568' title='bbox 4188 3003 4341 3070; x_wconf 90' lang='lat' dir='ltr'>reli·</span> 
     </span>
     <span class='ocr_line' id='line_1_86' title="bbox 2386 3086 4338 3174; baseline 0.001 -20"><span class='ocrx_word' id='word_1_569' title='bbox 2386 3091 2533 3174; x_wconf 90' lang='lat' dir='ltr'>quis</span> <span class='ocrx_word' id='word_1_570' title='bbox 2633 3091 2700 3156; x_wconf 90' lang='lat' dir='ltr'>ui</span> <span class='ocrx_word' id='word_1_571' title='bbox 2757 3110 2893 3155; x_wconf 88' lang='lat' dir='ltr'>non</span> <span class='ocrx_word' id='word_1_572' title='bbox 2951 3089 3299 3156; x_wconf 90' lang='lat' dir='ltr'>admodum</span> <span class='ocrx_word' id='word_1_573' title='bbox 3356 3086 3634 3154; x_wconf 90' lang='lat' dir='ltr'>eruditis</span> <span class='ocrx_word' id='word_1_574' title='bbox 3692 3088 4069 3171; x_wconf 89' lang='lat' dir='ltr'>probantur,</span> <span class='ocrx_word' id='word_1_575' title='bbox 4137 3089 4338 3156; x_wconf 88' lang='lat' dir='ltr'>huius</span> 
     </span>
     <span class='ocr_line' id='line_1_87' title="bbox 2383 3173 4336 3258; baseline 0.001 -17"><span class='ocrx_word' id='word_1_576' title='bbox 2383 3196 2417 3241; x_wconf 90' lang='lat' dir='ltr'>s</span> <span class='ocrx_word' id='word_1_577' title='bbox 2464 3176 2615 3242; x_wconf 91' lang='lat' dir='ltr'>mbo</span> <span class='ocrx_word' id='word_1_578' title='bbox 2646 3176 2660 3190; x_wconf 85' lang='lat'><strong>‘</strong></span> <span class='ocrx_word' id='word_1_579' title='bbox 2700 3173 3092 3258; x_wconf 80' lang='lat' dir='ltr'>Quicunque</span> <span class='ocrx_word' id='word_1_580' title='bbox 3126 3173 3274 3240; x_wconf 81' lang='lat' dir='ltr'>vult</span> <span class='ocrx_word' id='word_1_581' title='bbox 3306 3173 3533 3240; x_wconf 84' lang='lat' dir='ltr'>salvus</span> <span class='ocrx_word' id='word_1_582' title='bbox 3574 3195 3736 3253; x_wconf 89' lang='lat' dir='ltr'>esse,</span> <span class='ocrx_word' id='word_1_583' title='bbox 3778 3175 3857 3240; x_wconf 88' lang='lat' dir='ltr'>fit</span> <span class='ocrx_word' id='word_1_584' title='bbox 3898 3174 4037 3240; x_wconf 87' lang='lat' dir='ltr'>ulla</span> <span class='ocrx_word' id='word_1_585' title='bbox 4068 3176 4336 3242; x_wconf 90' lang='lat' dir='ltr'>mentio.</span> 
     </span>
     <span class='ocr_line' id='line_1_88' title="bbox 2461 3259 4336 3344; baseline 0.001 -18"><span class='ocrx_word' id='word_1_586' title='bbox 2461 3261 2516 3326; x_wconf 84' lang='lat' dir='ltr'>‘s</span> <span class='ocrx_word' id='word_1_587' title='bbox 2578 3281 2713 3327; x_wconf 89' lang='lat' dir='ltr'>non</span> <span class='ocrx_word' id='word_1_588' title='bbox 2777 3259 3185 3327; x_wconf 87' lang='lat' dir='ltr'>obstantibus</span> <span class='ocrx_word' id='word_1_589' title='bbox 3259 3259 3549 3344; x_wconf 88' lang='lat' dir='ltr'>suscepit</span> <span class='ocrx_word' id='word_1_590' title='bbox 3618 3269 3685 3325; x_wconf 94' lang='lat' dir='ltr'>et</span> <span class='ocrx_word' id='word_1_591' title='bbox 3760 3259 3885 3327; x_wconf 93' lang='lat' dir='ltr'>hoc</span> <span class='ocrx_word' id='word_1_592' title='bbox 3947 3260 4336 3340; x_wconf 75' lang='lat' dir='ltr'>Blandrata,</span> 
     </span>
     <span class='ocr_line' id='line_1_89' title="bbox 2382 3343 4336 3431; baseline 0 -20"><span class='ocrx_word' id='word_1_593' title='bbox 2382 3354 2732 3430; x_wconf 89' lang='lat' dir='ltr'>propterea</span> <span class='ocrx_word' id='word_1_594' title='bbox 2773 3343 2946 3430; x_wconf 93' lang='lat' dir='ltr'>quod</span> <span class='ocrx_word' id='word_1_595' title='bbox 2989 3366 3074 3410; x_wconf 85' lang='lat' dir='ltr'>ex</span> <span class='ocrx_word' id='word_1_596' title='bbox 3107 3343 3330 3411; x_wconf 84' lang='lat' dir='ltr'>verbis</span> <span class='ocrx_word' id='word_1_597' title='bbox 3373 3344 3578 3428; x_wconf 88' lang='lat' dir='ltr'>ipsius</span> <span class='ocrx_word' id='word_1_598' title='bbox 3621 3345 3904 3431; x_wconf 83' lang='lat' dir='ltr'>symboli</span> <span class='ocrx_word' id='word_1_599' title='bbox 3941 3344 4336 3430; x_wconf 80' lang='lat' dir='ltr'>Quicunque</span> 
     </span>
     <span class='ocr_line' id='line_1_90' title="bbox 2381 3429 4334 3508; baseline 0.002 -12"><span class='ocrx_word' id='word_1_600' title='bbox 2381 3453 2469 3498; x_wconf 92' lang='lat' dir='ltr'>ex</span> <span class='ocrx_word' id='word_1_601' title='bbox 2524 3430 2871 3497; x_wconf 84' lang='lat' dir='ltr'>verissima</span> <span class='ocrx_word' id='word_1_602' title='bbox 2927 3430 3230 3497; x_wconf 90' lang='lat' dir='ltr'>doctrina</span> <span class='ocrx_word' id='word_1_603' title='bbox 3291 3429 3378 3496; x_wconf 93' lang='lat' dir='ltr'>di.</span> <span class='ocrx_word' id='word_1_604' title='bbox 3438 3429 3564 3497; x_wconf 57' lang='grc' dir='ltr'>ΒΨ·</span> <span class='ocrx_word' id='word_1_605' title='bbox 3622 3429 3862 3496; x_wconf 76' lang='lat' dir='ltr'>Triade</span> <span class='ocrx_word' id='word_1_606' title='bbox 3918 3431 4219 3499; x_wconf 90' lang='lat' dir='ltr'>habetur.</span> <span class='ocrx_word' id='word_1_607' title='bbox 4246 3436 4334 3508; x_wconf 82' lang='lat'>¹⁸)</span> 
     </span>
     <span class='ocr_line' id='line_1_91' title="bbox 2381 3514 4334 3586; baseline 0.002 -4"><span class='ocrx_word' id='word_1_608' title='bbox 2381 3517 2607 3582; x_wconf 80' lang='lat' dir='ltr'>Tertio</span> <span class='ocrx_word' id='word_1_609' title='bbox 2647 3525 2723 3582; x_wconf 92' lang='lat' dir='ltr'>ut</span> <span class='ocrx_word' id='word_1_610' title='bbox 2778 3514 3199 3581; x_wconf 86' lang='lat' dir='ltr'>ecclesiarum</span> <span class='ocrx_word' id='word_1_611' title='bbox 3242 3517 3515 3581; x_wconf 88' lang='lat' dir='ltr'>minoris</span> <span class='ocrx_word' id='word_1_612' title='bbox 3556 3516 3874 3583; x_wconf 91' lang='lat' dir='ltr'>Poloniae</span> <span class='ocrx_word' id='word_1_613' title='bbox 3926 3515 4024 3583; x_wconf 91' lang='lat' dir='ltr'>ita</span> <span class='ocrx_word' id='word_1_614' title='bbox 4064 3538 4137 3583; x_wconf 90' lang='lat' dir='ltr'>se</span> <span class='ocrx_word' id='word_1_615' title='bbox 4178 3518 4334 3586; x_wconf 85' lang='lat' dir='ltr'>sub-</span> 
     </span>
     <span class='ocr_line' id='line_1_92' title="bbox 2378 3598 4333 3687; baseline 0.001 -20"><span class='ocrx_word' id='word_1_616' title='bbox 2378 3603 2622 3681; x_wconf 89' lang='lat' dir='ltr'>iiceret,</span> <span class='ocrx_word' id='word_1_617' title='bbox 2680 3607 2759 3665; x_wconf 93' lang='lat' dir='ltr'>ut</span> <span class='ocrx_word' id='word_1_618' title='bbox 2811 3598 3128 3684; x_wconf 82' lang='lat' dir='ltr'>quid‘quid</span> <span class='ocrx_word' id='word_1_619' title='bbox 3180 3603 3372 3666; x_wconf 76' lang='lat' dir='ltr'>iuxta</span> <span class='ocrx_word' id='word_1_620' title='bbox 3422 3602 3704 3668; x_wconf 83' lang='lat' dir='ltr'>verbum</span> <span class='ocrx_word' id='word_1_621' title='bbox 3744 3602 3875 3668; x_wconf 90' lang='lat' dir='ltr'>Dei</span> <span class='ocrx_word' id='word_1_622' title='bbox 3927 3602 4333 3687; x_wconf 87' lang='lat' dir='ltr'>praescribe-</span> 
     </span>
     <span class='ocr_line' id='line_1_93' title="bbox 2379 3684 3946 3771; baseline 0 -19"><span class='ocrx_word' id='word_1_623' title='bbox 2379 3697 2562 3752; x_wconf 90' lang='lat' dir='ltr'>retur</span> <span class='ocrx_word' id='word_1_624' title='bbox 2603 3684 2910 3752; x_wconf 88' lang='lat' dir='ltr'>ecclesiae</span> <span class='ocrx_word' id='word_1_625' title='bbox 2951 3694 3217 3753; x_wconf 87' lang='lat' dir='ltr'>nostrae</span> <span class='ocrx_word' id='word_1_626' title='bbox 3257 3687 3829 3770; x_wconf 90' lang='lat' dir='ltr'>amplecterentur.</span> <span class='ocrx_word' id='word_1_627' title='bbox 3860 3688 3946 3771; x_wconf 85' lang='lat'>¹⁷)</span> 
     </span>
     <span class='ocr_line' id='line_1_94' title="bbox 2549 3769 4331 3856; baseline 0.003 -20"><span class='ocrx_word' id='word_1_628' title='bbox 2549 3769 2902 3836; x_wconf 80' lang='lat' dir='ltr'>Caeterum</span> <span class='ocrx_word' id='word_1_629' title='bbox 2957 3779 3032 3837; x_wconf 92' lang='lat' dir='ltr'>ut</span> <span class='ocrx_word' id='word_1_630' title='bbox 3085 3770 3169 3837; x_wconf 91' lang='lat' dir='ltr'>ad</span> <span class='ocrx_word' id='word_1_631' title='bbox 3218 3793 3297 3837; x_wconf 92' lang='lat' dir='ltr'>ea</span> <span class='ocrx_word' id='word_1_632' title='bbox 3349 3794 3517 3856; x_wconf 90' lang='lat' dir='ltr'>quae</span> <span class='ocrx_word' id='word_1_633' title='bbox 3570 3772 3736 3837; x_wconf 89' lang='lat' dir='ltr'>mihi</span> <span class='ocrx_word' id='word_1_634' title='bbox 3789 3794 3924 3839; x_wconf 91' lang='lat' dir='ltr'>non</span> <span class='ocrx_word' id='word_1_635' title='bbox 3977 3773 4331 3842; x_wconf 88' lang='lat' dir='ltr'>admodum</span> 
     </span>
     <span class='ocr_line' id='line_1_95' title="bbox 2376 3856 4335 3940; baseline 0.004 -19"><span class='ocrx_word' id='word_1_636' title='bbox 2376 3856 2635 3940; x_wconf 89' lang='lat' dir='ltr'>placent</span> <span class='ocrx_word' id='word_1_637' title='bbox 2676 3857 2747 3919; x_wconf 91' lang='lat' dir='ltr'>in</span> <span class='ocrx_word' id='word_1_638' title='bbox 2790 3857 2927 3922; x_wconf 91' lang='lat' dir='ltr'>tuis</span> <span class='ocrx_word' id='word_1_639' title='bbox 2972 3858 3268 3923; x_wconf 86' lang='lat' dir='ltr'>veniam:</span> <span class='ocrx_word' id='word_1_640' title='bbox 3328 3857 3533 3938; x_wconf 90' lang='lat' dir='ltr'>doleo,</span> <span class='ocrx_word' id='word_1_641' title='bbox 3577 3858 3672 3924; x_wconf 91' lang='lat' dir='ltr'>mi</span> <span class='ocrx_word' id='word_1_642' title='bbox 3713 3859 3800 3926; x_wconf 92' lang='lat' dir='ltr'>D.</span> <span class='ocrx_word' id='word_1_643' title='bbox 3850 3858 4123 3938; x_wconf 73' lang='lat' dir='ltr'>Calvine,</span> <span class='ocrx_word' id='word_1_644' title='bbox 4169 3861 4335 3928; x_wconf 90' lang='lat' dir='ltr'>adeo</span> 
     </span>
     <span class='ocr_line' id='line_1_96' title="bbox 2375 3941 4335 4033; baseline 0.003 -26"><span class='ocrx_word' id='word_1_645' title='bbox 2375 3941 2791 4026; x_wconf 83' lang='lat' dir='ltr'>negligenter</span> <span class='ocrx_word' id='word_1_646' title='bbox 2848 3962 3031 4008; x_wconf 90' lang='lat' dir='ltr'>meas</span> <span class='ocrx_word' id='word_1_647' title='bbox 3087 3963 3127 4008; x_wconf 88' lang='lat' dir='ltr'>a</span> <span class='ocrx_word' id='word_1_648' title='bbox 3182 3949 3248 4009; x_wconf 91' lang='lat' dir='ltr'>te</span> <span class='ocrx_word' id='word_1_649' title='bbox 3301 3943 3504 4011; x_wconf 83' lang='lat' dir='ltr'>lectas</span> <span class='ocrx_word' id='word_1_650' title='bbox 3560 3945 3784 4010; x_wconf 64' lang='lat' dir='ltr'>fixisse.</span> <span class='ocrx_word' id='word_1_651' title='bbox 3879 3943 4164 4027; x_wconf 90' lang='lat' dir='ltr'>Quando</span> <span class='ocrx_word' id='word_1_652' title='bbox 4207 3967 4335 4033; x_wconf 87' lang='lat' dir='ltr'>ego</span> 
     </span>
     <span class='ocr_line' id='line_1_97' title="bbox 2373 4027 4330 4115; baseline 0.005 -24"><span class='ocrx_word' id='word_1_653' title='bbox 2373 4027 2776 4111; x_wconf 88' lang='lat' dir='ltr'>imaginatus</span> <span class='ocrx_word' id='word_1_654' title='bbox 2840 4047 2988 4092; x_wconf 89' lang='lat' dir='ltr'>sum</span> <span class='ocrx_word' id='word_1_655' title='bbox 3052 4029 3295 4112; x_wconf 89' lang='lat' dir='ltr'>optime</span> <span class='ocrx_word' id='word_1_656' title='bbox 3358 4030 3570 4115; x_wconf 84' lang='lat' dir='ltr'>egisse</span> <span class='ocrx_word' id='word_1_657' title='bbox 3628 4029 4061 4098; x_wconf 79' lang='lat' dir='ltr'>Blandratam</span> <span class='ocrx_word' id='word_1_658' title='bbox 4123 4053 4330 4115; x_wconf 91' lang='lat' dir='ltr'>quum</span> 
     </span>
     <span class='ocr_line' id='line_1_98' title="bbox 2374 4111 4329 4199; baseline 0.003 -22"><span class='ocrx_word' id='word_1_659' title='bbox 2374 4122 2549 4180; x_wconf 89' lang='lat' dir='ltr'>esset</span> <span class='ocrx_word' id='word_1_660' title='bbox 2591 4111 2766 4195; x_wconf 90' lang='lat' dir='ltr'>apud</span> <span class='ocrx_word' id='word_1_661' title='bbox 2811 4112 2974 4180; x_wconf 79' lang='lat' dir='ltr'>vos?</span> <span class='ocrx_word' id='word_1_662' title='bbox 3045 4123 3240 4199; x_wconf 90' lang='lat' dir='ltr'>putas</span> <span class='ocrx_word' id='word_1_663' title='bbox 3281 4135 3391 4181; x_wconf 90' lang='lat' dir='ltr'>me</span> <span class='ocrx_word' id='word_1_664' title='bbox 3441 4116 3611 4182; x_wconf 84' lang='lat' dir='ltr'>forte</span> <span class='ocrx_word' id='word_1_665' title='bbox 3655 4114 3951 4195; x_wconf 90' lang='lat' dir='ltr'>delirare,</span> <span class='ocrx_word' id='word_1_666' title='bbox 4008 4127 4082 4182; x_wconf 89' lang='lat' dir='ltr'>ut</span> <span class='ocrx_word' id='word_1_667' title='bbox 4124 4118 4329 4185; x_wconf 84' lang='lat' dir='ltr'>velim</span> 
     </span>
     <span class='ocr_line' id='line_1_99' title="bbox 2373 4197 4330 4286; baseline 0.003 -21"><span class='ocrx_word' id='word_1_668' title='bbox 2373 4204 2663 4265; x_wconf 89' lang='lat' dir='ltr'>statuere</span> <span class='ocrx_word' id='word_1_669' title='bbox 2709 4197 2789 4263; x_wconf 91' lang='lat' dir='ltr'>de</span> <span class='ocrx_word' id='word_1_670' title='bbox 2832 4197 2941 4264; x_wconf 90' lang='lat' dir='ltr'>his</span> <span class='ocrx_word' id='word_1_671' title='bbox 2983 4220 3147 4283; x_wconf 88' lang='lat' dir='ltr'>quae</span> <span class='ocrx_word' id='word_1_672' title='bbox 3185 4199 3498 4267; x_wconf 85' lang='lat' dir='ltr'>Genevae</span> <span class='ocrx_word' id='word_1_673' title='bbox 3542 4201 3680 4286; x_wconf 88' lang='lat' dir='ltr'>egit</span> <span class='ocrx_word' id='word_1_674' title='bbox 3713 4200 4082 4269; x_wconf 79' lang='lat' dir='ltr'>Blandrata</span> <span class='ocrx_word' id='word_1_675' title='bbox 4096 4202 4129 4266; x_wconf 70' lang='grc' dir='ltr'><em>Ἰ</em></span> <span class='ocrx_word' id='word_1_676' title='bbox 4194 4203 4330 4271; x_wconf 90' lang='lat' dir='ltr'>Hic</span> 
     </span>
     <span class='ocr_line' id='line_1_100' title="bbox 2373 4283 4333 4368; baseline 0.004 -20"><span class='ocrx_word' id='word_1_677' title='bbox 2373 4283 2551 4368; x_wconf 91' lang='lat' dir='ltr'>apud</span> <span class='ocrx_word' id='word_1_678' title='bbox 2594 4304 2732 4362; x_wconf 90' lang='lat' dir='ltr'>nos,</span> <span class='ocrx_word' id='word_1_679' title='bbox 2790 4284 3014 4351; x_wconf 89' lang='lat' dir='ltr'>nullus</span> <span class='ocrx_word' id='word_1_680' title='bbox 3067 4283 3274 4366; x_wconf 89' lang='lat' dir='ltr'>dolus,</span> <span class='ocrx_word' id='word_1_681' title='bbox 3330 4285 3517 4352; x_wconf 87' lang='lat' dir='ltr'>nulla</span> <span class='ocrx_word' id='word_1_682' title='bbox 3557 4287 3758 4367; x_wconf 76' lang='lat' dir='ltr'>fraus,</span> <span class='ocrx_word' id='word_1_683' title='bbox 3803 4287 3989 4353; x_wconf 90' lang='lat' dir='ltr'>nulla</span> <span class='ocrx_word' id='word_1_684' title='bbox 4031 4288 4333 4355; x_wconf 89' lang='lat' dir='ltr'>haeresis</span> 
     </span>
     <span class='ocr_line' id='line_1_101' title="bbox 2373 4368 4328 4458; baseline 0.003 -24"><span class='ocrx_word' id='word_1_685' title='bbox 2373 4368 2683 4454; x_wconf 91' lang='lat' dir='ltr'>apparuit</span> <span class='ocrx_word' id='word_1_686' title='bbox 2723 4369 2794 4434; x_wconf 91' lang='lat' dir='ltr'>in</span> <span class='ocrx_word' id='word_1_687' title='bbox 2830 4369 3214 4439; x_wconf 76' lang='lat' dir='ltr'>Blandrata.</span> <span class='ocrx_word' id='word_1_688' title='bbox 3285 4370 3421 4438; x_wconf 79' lang='lat' dir='ltr'>Sed</span> <span class='ocrx_word' id='word_1_689' title='bbox 3460 4372 3628 4452; x_wconf 89' lang='lat' dir='ltr'>talis,</span> <span class='ocrx_word' id='word_1_690' title='bbox 3664 4373 3952 4456; x_wconf 90' lang='lat' dir='ltr'>inquam,</span> <span class='ocrx_word' id='word_1_691' title='bbox 3989 4374 4117 4439; x_wconf 88' lang='lat' dir='ltr'>fuit</span> <span class='ocrx_word' id='word_1_692' title='bbox 4150 4373 4328 4458; x_wconf 88' lang='lat' dir='ltr'>apud</span> 
     </span>
     <span class='ocr_line' id='line_1_102' title="bbox 2371 4454 4328 4527; baseline 0.002 -6"><span class='ocrx_word' id='word_1_693' title='bbox 2371 4476 2509 4522; x_wconf 91' lang='lat' dir='ltr'>nos.</span> <span class='ocrx_word' id='word_1_694' title='bbox 2581 4454 2816 4521; x_wconf 82' lang='lat' dir='ltr'>Fuerit</span> <span class='ocrx_word' id='word_1_695' title='bbox 2857 4476 3049 4523; x_wconf 88' lang='lat' dir='ltr'>sane:</span> <span class='ocrx_word' id='word_1_696' title='bbox 3113 4477 3337 4524; x_wconf 90' lang='lat' dir='ltr'>annon</span> <span class='ocrx_word' id='word_1_697' title='bbox 3425 4458 3596 4524; x_wconf 91' lang='lat' dir='ltr'>otuit</span> <span class='ocrx_word' id='word_1_698' title='bbox 3635 4457 3925 4525; x_wconf 85' lang='lat' dir='ltr'>mutari?</span> <span class='ocrx_word' id='word_1_699' title='bbox 3997 4457 4205 4527; x_wconf 89' lang='lat' dir='ltr'>Oravi</span> <span class='ocrx_word' id='word_1_700' title='bbox 4248 4466 4328 4526; x_wconf 90' lang='lat' dir='ltr'>ut</span> 
     </span>
     <span class='ocr_line' id='line_1_103' title="bbox 2371 4539 4324 4629; baseline 0.003 -23"><span class='ocrx_word' id='word_1_701' title='bbox 2371 4562 2521 4607; x_wconf 89' lang='lat' dir='ltr'>eum</span> <span class='ocrx_word' id='word_1_702' title='bbox 2564 4539 2933 4608; x_wconf 74' lang='lat' dir='ltr'>Bloendrata</span> <span class='ocrx_word' id='word_1_703' title='bbox 2979 4551 3231 4609; x_wconf 90' lang='lat' dir='ltr'>mutato</span> <span class='ocrx_word' id='word_1_704' title='bbox 3284 4564 3357 4610; x_wconf 90' lang='lat' dir='ltr'>re</span> <span class='ocrx_word' id='word_1_705' title='bbox 3406 4544 3535 4610; x_wconf 84' lang='lat' dir='ltr'>‘res</span> <span class='ocrx_word' id='word_1_706' title='bbox 3591 4545 3665 4609; x_wconf 91' lang='lat' dir='ltr'>in</span> <span class='ocrx_word' id='word_1_707' title='bbox 3722 4545 4019 4629; x_wconf 89' lang='lat' dir='ltr'>gratiam.</span> <span class='ocrx_word' id='word_1_708' title='bbox 4110 4545 4324 4611; x_wconf 83' lang='lat' dir='ltr'>Estne</span> 
     </span>
    </p>
   </div>
   <div class='ocr_carea' id='block_1_9' title="bbox 2370 4627 4466 4725">
    <p class='ocr_par' dir='ltr' id='par_1_12' title="bbox 2370 4627 4466 4725">
     <span class='ocr_line' id='line_1_104' title="bbox 2370 4627 4466 4725; baseline 0.002 -33"><span class='ocrx_word' id='word_1_709' title='bbox 2370 4627 2498 4693; x_wconf 89' lang='lat' dir='ltr'>hoc</span> <span class='ocrx_word' id='word_1_710' title='bbox 2555 4646 2906 4710; x_wconf 89' lang='lat' dir='ltr'>puerorum</span> <span class='ocrx_word' id='word_1_711' title='bbox 2958 4627 3240 4696; x_wconf 89' lang='lat' dir='ltr'>ludibrio</span> <span class='ocrx_word' id='word_1_712' title='bbox 3292 4639 3361 4695; x_wconf 90' lang='lat' dir='ltr'>te</span> <span class='ocrx_word' id='word_1_713' title='bbox 3402 4649 3752 4713; x_wconf 86' lang='lat' dir='ltr'>exponere,</span> <span class='ocrx_word' id='word_1_714' title='bbox 3809 4638 4004 4714; x_wconf 84' lang='lat' dir='ltr'>teque</span> <span class='ocrx_word' id='word_1_715' title='bbox 4054 4631 4323 4717; x_wconf 88' lang='lat' dir='ltr'>ingenio</span> <span class='ocrx_word' id='word_1_716' title='bbox 4452 4712 4466 4725; x_wconf 36' lang='lat'>⁵</span> 
     </span>
    </p>
   </div>
   <div class='ocr_carea' id='block_1_10' title="bbox 2366 4712 4322 4986">
    <p class='ocr_par' dir='ltr' id='par_1_13' title="bbox 2366 4712 4322 4986">
     <span class='ocr_line' id='line_1_105' title="bbox 2369 4712 4127 4799; baseline 0.002 -20"><span class='ocrx_word' id='word_1_717' title='bbox 2369 4712 2736 4779; x_wconf 89' lang='lat' dir='ltr'>adulatorio</span> <span class='ocrx_word' id='word_1_718' title='bbox 2777 4721 2846 4778; x_wconf 91' lang='lat' dir='ltr'>et</span> <span class='ocrx_word' id='word_1_719' title='bbox 2886 4713 3116 4780; x_wconf 85' lang='lat' dir='ltr'>servili</span> <span class='ocrx_word' id='word_1_720' title='bbox 3156 4735 3299 4781; x_wconf 89' lang='lat' dir='ltr'>esse</span> <span class='ocrx_word' id='word_1_721' title='bbox 3341 4725 3593 4799; x_wconf 90' lang='lat' dir='ltr'>putare,</span> <span class='ocrx_word' id='word_1_722' title='bbox 3646 4723 3713 4782; x_wconf 91' lang='lat' dir='ltr'>et</span> <span class='ocrx_word' id='word_1_723' title='bbox 3755 4726 3830 4782; x_wconf 92' lang='lat' dir='ltr'>ut</span> <span class='ocrx_word' id='word_1_724' title='bbox 3881 4717 3954 4782; x_wconf 88' lang='lat' dir='ltr'>in</span> <span class='ocrx_word' id='word_1_725' title='bbox 3995 4717 4127 4782; x_wconf 91' lang='lat' dir='ltr'>mei</span> 
     </span>
     <span class='ocr_line' id='line_1_106' title="bbox 2368 4796 4322 4878; baseline 0.002 -14"><span class='ocrx_word' id='word_1_726' title='bbox 2368 4799 2535 4864; x_wconf 88' lang='lat' dir='ltr'>tiam</span> <span class='ocrx_word' id='word_1_727' title='bbox 2578 4796 2804 4864; x_wconf 89' lang='lat' dir='ltr'>iubeas</span> <span class='ocrx_word' id='word_1_728' title='bbox 2836 4801 2923 4878; x_wconf 79' lang='lat'>¹⁸)</span> <span class='ocrx_word' id='word_1_729' title='bbox 2978 4799 3273 4867; x_wconf 88' lang='lat' dir='ltr'>levitatis</span> <span class='ocrx_word' id='word_1_730' title='bbox 3317 4810 3385 4867; x_wconf 91' lang='lat' dir='ltr'>et</span> <span class='ocrx_word' id='word_1_731' title='bbox 3426 4800 3748 4868; x_wconf 88' lang='lat' dir='ltr'>mendacii</span> <span class='ocrx_word' id='word_1_732' title='bbox 3806 4800 4127 4869; x_wconf 79' lang='lat' dir='ltr'>dedecus?</span> <span class='ocrx_word' id='word_1_733' title='bbox 4184 4822 4322 4868; x_wconf 75' lang='lat' dir='ltr'>imo</span> 
     </span>
     <span class='ocr_line' id='line_1_107' title="bbox 2366 4882 4318 4986; baseline 0.001 -36"><span class='ocrx_word' id='word_1_734' title='bbox 2366 4882 2810 4986; x_wconf 84' lang='lat' dir='ltr'>praescribere</span> <span class='ocrx_word' id='word_1_735' title='bbox 2849 4884 3029 4971; x_wconf 88' lang='lat' dir='ltr'>leges</span> <span class='ocrx_word' id='word_1_736' title='bbox 3064 4885 3384 4969; x_wconf 87' lang='lat' dir='ltr'>prodendi</span> <span class='ocrx_word' id='word_1_737' title='bbox 3418 4895 3487 4953; x_wconf 91' lang='lat' dir='ltr'>et</span> <span class='ocrx_word' id='word_1_738' title='bbox 3518 4886 3820 4954; x_wconf 77' lang='lat' dir='ltr'>veritatis</span> <span class='ocrx_word' id='word_1_739' title='bbox 3863 4895 3931 4952; x_wconf 93' lang='lat' dir='ltr'>et</span> <span class='ocrx_word' id='word_1_740' title='bbox 3963 4886 4318 4955; x_wconf 77' lang='lat' dir='ltr'>ecclesiae?</span> 
     </span>
    </p>
   </div>
   <div class='ocr_carea' id='block_1_11' title="bbox 2368 5038 2779 5055">
    <p class='ocr_par' dir='ltr' id='par_1_14' title="bbox 2368 5038 2779 5055">
     <span class='ocr_line' id='line_1_108' title="bbox 2368 5038 2779 5055; baseline 0 0"><span class='ocrx_word' id='word_1_741' title='bbox 2368 5038 2779 5055; x_wconf 95' lang='lat' dir='ltr'> </span> 
     </span>
    </p>
   </div>
   <div class='ocr_carea' id='block_1_12' title="bbox 2368 5122 4316 5397">
    <p class='ocr_par' dir='ltr' id='par_1_15' title="bbox 2368 5122 4316 5397">
     <span class='ocr_line' id='line_1_109' title="bbox 2401 5122 4316 5209; baseline 0.005 -33"><span class='ocrx_word' id='word_1_742' title='bbox 2401 5194 2415 5207; x_wconf 92' lang='lat'>.</span> <span class='ocrx_word' id='word_1_743' title='bbox 2479 5192 2493 5205; x_wconf 35' lang='lat'><em>⁶</em></span> <span class='ocrx_word' id='word_1_744' title='bbox 2542 5122 2636 5192; x_wconf 80' lang='grc'>16)</span> <span class='ocrx_word' id='word_1_745' title='bbox 2673 5122 2989 5206; x_wconf 60' lang='lat' dir='ltr'>Sicpodeae.</span> <span class='ocrx_word' id='word_1_746' title='bbox 3067 5124 3331 5209; x_wconf 53' lang='lat' dir='ltr'>Fortasse</span> <span class='ocrx_word' id='word_1_747' title='bbox 3445 5125 3669 5182; x_wconf 66' lang='lat' dir='ltr'>eadm.-</span> <span class='ocrx_word' id='word_1_748' title='bbox 3733 5127 4048 5196; x_wconf 84' lang='lat' dir='ltr'>Quicunque</span> <span class='ocrx_word' id='word_1_749' title='bbox 4083 5135 4185 5185; x_wconf 86' lang='lat' dir='ltr'>etc.</span> <span class='ocrx_word' id='word_1_750' title='bbox 4222 5146 4316 5186; x_wconf 85' lang='lat' dir='ltr'>ve·</span> 
     </span>
     <span class='ocr_line' id='line_1_110' title="bbox 2368 5193 3951 5280; baseline 0.001 -33"><span class='ocrx_word' id='word_1_751' title='bbox 2368 5208 2586 5247; x_wconf 74' lang='lat' dir='ltr'>neuma</span> <span class='ocrx_word' id='word_1_752' title='bbox 2617 5193 2867 5275; x_wconf 56' lang='lat' dir='ltr'>doctrina</span> <span class='ocrx_word' id='word_1_753' title='bbox 2901 5193 2971 5248; x_wconf 88' lang='lat' dir='ltr'>de</span> <span class='ocrx_word' id='word_1_754' title='bbox 3005 5201 3347 5250; x_wconf 74' lang='lat' dir='ltr'>sanctissima</span> <span class='ocrx_word' id='word_1_755' title='bbox 3546 5211 3577 5248; x_wconf 91' lang='lat' dir='ltr'>e</span> <span class='ocrx_word' id='word_1_756' title='bbox 3609 5195 3858 5280; x_wconf 68' lang='lat' dir='ltr'>habetur.</span> <span class='ocrx_word' id='word_1_757' title='bbox 3938 5267 3951 5279; x_wconf 43' lang='grc'><strong>.</strong></span> 
     </span>
     <span class='ocr_line' id='line_1_111' title="bbox 2541 5260 4095 5397; baseline 0.005 -81"><span class='ocrx_word' id='word_1_758' title='bbox 2541 5260 2637 5397; x_wconf 51' lang='lat'>{3</span> <span class='ocrx_word' id='word_1_759' title='bbox 2669 5261 2969 5386; x_wconf 44' lang='lat' dir='ltr'>gagi-cnlpae</span> <span class='ocrx_word' id='word_1_760' title='bbox 3002 5279 3110 5334; x_wconf 69' lang='lat' dir='ltr'>quo</span> <span class='ocrx_word' id='word_1_761' title='bbox 3142 5269 3304 5334; x_wconf 67' lang='lat' dir='ltr'>pacto</span> <span class='ocrx_word' id='word_1_762' title='bbox 3336 5262 3654 5320; x_wconf 68' lang='lat' dir='ltr'>medendum</span> <span class='ocrx_word' id='word_1_763' title='bbox 3689 5269 3858 5356; x_wconf 44' lang='lat' dir='ltr'>aut-tu</span> <span class='ocrx_word' id='word_1_764' title='bbox 3889 5264 4095 5323; x_wconf 66' lang='lat' dir='ltr'>Meae.</span> 
     </span>
    </p>
   </div>
  </div>
 </body>
</html>
