4900 6125
666 419 796 480 619

670 1118 861 1186 3273.

671 1548 862 1614 3286.

681 4464 874 4532 3415.

683 4721 876 4788 3416.

2037 411 2502 479 ADDENDA
2545 413 2666 480 ET
2711 411 3350 483 OORRIGENDA.

926 603 1037 754 Ἡῗ
1090 609 1321 685 postea
1375 601 1683 667 minister
1741 602 1810 666 in
1856 601 2214 669 Provincia
2271 602 2397 667 fuit
2452 609 2520 668 et
2561 601 2637 668 de

1008 688 1286 754 erano-ies
1329 687 1638 754 scribitur
1681 687 1793 770 (N.
1842 688 2043 771 3403)
2088 709 2139 752 s.
2172 688 2249 754 de
2274 687 2639 755 Mercurius
2765 679 2784 714 *

928 774 1040 857 (N.
1087 777 1275 838 3568.
1323 773 1544 855 3854).

924 860 1145 926 Etiam
1192 858 1363 923 11666
1407 858 1491 925 V.
1529 858 1707 925 Olar.
1749 858 2160 926 Boehmerus
2202 879 2382 925 nunc
2426 858 2530 924 ad.
2576 879 2634 925 a.

939 950 1098 1009 1559
1146 945 1365 1010 refert.
1455 944 1664 1011 Cuius
1720 942 1874 1010 vide
1916 946 2379 1011 annotationes
2422 945 2508 1011 ad
2551 942 2636 1010 N.

931 1035 1093 1096 3061
1144 1038 1213 1095 et
1257 1034 1424 1094 3182
1472 1032 1541 1095 in
1588 1031 1693 1095 his
1738 1029 2078 1098 Addendis
2122 1030 2504 1114 descriptas.

928 1118 1012 1182 In
1058 1117 1325 1182 nomine
1363 1116 1810 1182 Lintomirekii
1853 1126 1920 1181 et
1961 1139 2083 1183 nos
2128 1126 2197 1182 et
2235 1117 2489 1183 scribae
2532 1138 2636 1182 er-

931 1224 1111 1268 rasse
1206 1201 1530 1267 videmur.
1647 1200 1956 1267 Occurrit
2039 1201 2306 1286 quidem
2408 1201 2638 1268 eadem

931 1289 1147 1353 forma
1189 1289 1394 1353 etiam
1438 1288 1519 1352 N.
1571 1291 1740 1353 3647
1785 1308 1921 1373 666.
2011 1288 2265 1354 Verum
2289 1288 2640 1355 Dutomirs-

928 1376 1107 1440 kium
1150 1374 1257 1439 vel
1304 1374 1833 1441 Luitomirekium
1874 1374 2171 1441 scribunt
2211 1382 2474 1440 autores
2506 1375 2638 1440 Po-

929 1460 1084 1526 loni.
1158 1458 1257 1524 cf.
1304 1459 1388 1524 N.
1432 1463 1621 1526 2445.

928 1547 1079 1612 Not.
1138 1554 1189 1609 1.
1242 1544 1549 1627 Popillon.
1576 1544 1691 1611 Sic
1735 1545 1978 1630 legitur
2013 1546 2086 1611 in
2108 1546 2288 1611 Hist.
2337 1545 2492 1611 eccl.
2518 1566 2638 1610 no-

930 1653 1085 1697 men
1130 1633 1406 1696 fortasse
1442 1631 1675 1697 vitiose
1698 1633 2042 1714 scriptum.
2124 1630 2640 1715 Herminjardus

929 1716 1195 1801 quidem
1243 1718 1415 1782 hanc
1458 1715 1740 1782 formam
1785 1738 1918 1782 non
1963 1719 2288 1802 agnoscit,
2333 1717 2451 1783 sed
2495 1717 2638 1782 ubi-

931 1825 1057 1887 que
1105 1803 1406 1885 Papillon
1450 1802 1698 1876 scribit,
1745 1812 1812 1867 et
1855 1804 2040 1868 Tom.
2088 1804 2171 1868 V.
2217 1826 2279 1887 p.
2330 1805 2453 1867 306
2491 1802 2631 1885 plu·

932 1910 1038 1954 res
1117 1889 1465 1972 distinguit
1539 1909 1818 1972 quorum
1904 1889 2207 1955 nonnulli
2286 1890 2487 1954 etiam
2568 1889 2639 1953 16

931 1985 1157 2040 nostro
1199 1974 1538 2039 Thesauro
1605 1974 1964 2040 laudantur
1978 2026 1994 2053 ,
2039 1975 2359 2041 Ioannem
2376 2025 2390 2050 ,
2436 1972 2639 2040 01611-

932 2061 1145 2136 (11616,
1230 2059 1640 2126 Guilelmum
1707 2069 1898 2125 caett.
1987 2061 2231 2126 Noster
2290 2060 2638 2138 Antonius,

932 2148 1042 2230 qui
1101 2155 1168 2212 et
1212 2145 1319 2211 Sr.
1383 2145 1463 2211 de
1507 2147 1728 2231 Pal-ay
1787 2156 2060 2213 vocatur
2104 2147 2215 2224 (N.
2263 2149 2464 2224 3661)
2510 2147 2640 2210 for-

931 2245 1105 2299 tasse
1162 2232 1337 2297 filius
1406 2232 1531 2296 fuit
1573 2229 1850 2297 Antonii
1904 2232 2214 2316 Papillon
2273 2232 2405 2297 viri
2468 2231 2641 2298 docti

932 2316 1435 2403 Lugdunensis,
1507 2317 1619 2400 qui
1677 2318 1808 2382 iam
1866 2339 1923 2383 a.
1989 2322 2153 2382 1524
2219 2317 2643 2400 evangelium

933 2405 1277 2488 amplexus
1358 2403 1606 2480 fuerat,
1672 2404 1951 2469 Erasmo
2015 2415 2083 2468 et
2134 2403 2459 2487 zwinglio
2525 2422 2644 2485 per

933 2490 1399 2557 commercium
1459 2488 1869 2571 epistolicam
1926 2490 2269 2555 familiaris
2289 2540 2304 2566 ‚
2382 2489 2644 2555 maistre

935 2577 1046 2641 des
1079 2580 1385 2658 reque-stes
1426 2575 1517 2639 du
1537 2573 1895 2655 Daulphin‚
1941 2584 2010 2640 et
2030 2595 2087 2640 a.
2121 2579 2282 2639 1525
2311 2594 2567 2639 veneno
2603 2593 2645 2637 a

934 2662 1283 2743 pontificiis
1326 2661 1727 2726 interfectae.

854 2799 865 2811 .
934 2748 1035 2813 Le
1078 2747 1383 2812 ministre
1428 2754 1689 2811 nomme
1733 2745 1899 2810 dans
1944 2744 2009 2809 la
2044 2754 2199 2810 note
2222 2745 2322 2811 cl.
2346 2744 2644 2810 Boi-§sier

935 2832 1076 2897 doit
1119 2842 1258 2898 etre
1301 2832 1365 2897 le
1410 2842 1625 2897 meme
1661 2852 1785 2914 que
1811 2829 2062 2896 Claude
2098 2832 2174 2896 de
2217 2832 2283 2896 la
2315 2830 2643 2897 Boissiere

935 2920 1050 3002 qui
1114 2921 1216 2982 fut
1280 2918 1427 3000 plus
1493 2916 1641 2981 tard
1705 2938 1788 2982 en
1835 2916 2203 3000 Saintonge
2270 2918 2379 2994 (N.
2450 2920 2638 2981 3354.

937 3011 1157 3084 3415.)
1202 3004 1446 3070 Bullet.
1492 3003 1549 3068 Ι.
1598 3007 1697 3069 90.

853 3140 867 3155 .
935 3092 1087 3156 Not.
1137 3095 1196 3157 2.
1267 3089 1401 3171 Qui
1443 3090 1553 3155 1116
1599 3098 1869 3155 vocatur
1893 3088 1995 3153 La
2031 3088 2236 3155 Roche
2280 3088 2450 3154 idem
2498 3109 2641 3155 esse

935 3176 1197 3242 videtur
1239 3188 1433 3259 atque
1475 3176 1589 3240 ille
1631 3175 1742 3258 qui
1778 3174 1861 3239 N.
1910 3179 2081 3238 3414
2126 3182 2257 3240 not.
2307 3178 2364 3238 3.
2401 3173 2642 3241 dicitur

933 3263 1027 3328 Io.
1076 3262 1344 3327 Boulier
1386 3270 1452 3325 et
1493 3262 1577 3327 N.
1625 3265 1793 3325 3785
1840 3259 2423 3329 Larochebouazier.

936 3349 1256 3413 Ioannem
1303 3347 1629 3431 Gragnon
1672 3367 1729 3412 a.
1786 3350 1945 3409 1559
1990 3346 2233 3413 Neraci
2272 3345 2641 3412 ministerio

938 3436 1237 3499 functum
1282 3432 1459 3498 sistit
1499 3432 1796 3498 Bulletin
1832 3430 2031 3497 VIII.
2080 3437 2182 3499 75.
2220 3431 2382 3497 ΧΠ.
2440 3437 2514 3496 15
2560 3432 2640 3498 cf.

931 3606 1104 3672 Jean
1163 3604 1470 3672 l'Archer
1532 3625 1620 3669 ne
1672 3602 1776 3669 fut
1833 3613 2100 3686 pasteur
2162 3603 2233 3668 ni
2299 3611 2342 3668 a
2385 3602 2643 3670 Bienne

936 3692 1006 3755 ni
1052 3698 1095 3755 a
1137 3690 1379 3765 Berne,
1425 3691 1591 3754 mais
1635 3696 1677 3755 a
1721 3689 1787 3754 la
1826 3688 2221 3755 Neuveville
2265 3700 2332 3753 et
2376 3689 2458 3754 de
2501 3689 2569 3754 la
2602 3696 2645 3753 a

939 3774 1319 3853 Certaillod⁴
1364 3773 1530 3841 dans
1573 3775 1850 3841 l'ancien
1896 3783 2110 3842 comte
2151 3774 2231 3839 de
2255 3774 2642 3855 Neucbatel,

939 3862 1083 3927 d'ou
1152 3861 1199 3926 il
1265 3861 1469 3944 partit
1536 3883 1619 3925 en
1664 3861 1857 3927 Avril
1930 3864 2091 3924 1563
2159 3882 2324 3943 pour
2381 3860 2545 3928 aller
2603 3869 2646 3926 a

937 3947 1314 4013 Hericourt.
1405 3947 1606 4029 (Note
1676 3947 2174 4029 communiquee
2240 3968 2364 4030 par
2420 3947 2515 4014 Μ.
2582 3948 2645 4013 16

939 4044 1209 4118 pasteur
1272 4033 1626 4116 Gagnebin
1714 4039 1756 4098 a
1834 4032 2308 4109 Amsterdam.)
2427 4031 2644 4119 Voyez

940 4119 1120 4186 aussi
1176 4139 1259 4183 au
1315 4119 1396 4183 N.
1460 4123 1617 4183 3861
1683 4118 1984 4201 61-66166.
2050 4156 2124 4165 -
2187 4119 2287 4183 Le
2346 4119 2644 4186 medecin

940 4206 1163 4290 Regre
1207 4204 1320 4286 (N.
1369 4208 1538 4268 3970
1560 4204 1825 4288 Regne)
1869 4203 1980 4288 qui
2025 4213 2126 4268 est
2169 4213 2433 4268 nomme
2480 4205 2644 4271 dans

940 4292 1035 4357 les
1081 4291 1308 4356 lettres
1351 4288 1432 4354 de
1470 4289 1765 4356 Larcher
1820 4289 2022 4354 serait
2052 4290 2339 4369 Bauhin,
2385 4287 2644 4375 d'apres

946 4378 1009 4442 le
1053 4387 1267 4441 meme
1311 4386 1565 4441 auteur.

940 4461 1134 4528 Oette
1177 4462 1371 4526 lettre
1415 4482 1485 4527 se
1530 4470 1760 4526 trouve
1826 4459 1991 4526 dans
2035 4461 2098 4527 le
2142 4460 2292 4526 MS.
2346 4467 2486 4540 12¹,
2531 4462 2641 4528 fol.

941 4554 1025 4612 45
1071 4558 1141 4613 et
1185 4569 1333 4623 non,
1377 4567 1629 4612 comme
1675 4545 1986 4630 l’indique
2031 4544 2307 4626 Orottet‚
2371 4547 2536 4613 dans
2579 4547 2643 4613 le

944 4635 1067 4699 vol.
1123 4638 1260 4698 196.

948 4720 1171 4785 Meme
1213 4719 1625 4785 observation
1672 4738 1797 4802 que
1841 4738 2008 4801 pour
2073 4718 2137 4783 la
2178 4717 2371 4784 lettre
2416 4727 2640 4803 prece-

945 4805 1157 4870 dente.
1246 4804 1520 4870 Oelle-ci
1563 4823 1634 4868 se
1679 4814 1910 4869 trouve
1954 4803 2118 4870 dans
2164 4804 2225 4869 le
2268 4815 2484 4870 meme
2526 4826 2641 4870 vo-

946 4891 1125 4956 lume
1179 4894 1315 4967 121,
1362 4890 1468 4955 fol.
1515 4894 1621 4955 46.

949 4978 1031 5041 16
1077 4976 1551 5060 subscriptione
1586 4975 1731 5059 lege
1754 4974 2134 5059 Baiynauts,
2180 4977 2223 5041 i.
2248 4997 2303 5041 e.
2328 4976 2638 5061 Bagnols.

948 5064 1052 5128 De
1096 5062 1220 5127 1166
1263 5060 1541 5144 epistola
1583 5082 1758 5127 nunc
1821 5062 1915 5127 ita
1967 5059 2330 5129 iudicamus
2374 5073 2453 5126 ut
2494 5083 2640 5127 eam

948 5147 1193 5213 diutius
1270 5157 1424 5211 ante
1502 5156 1896 5212 autumnum
1960 5168 2017 5213 a.
2102 5152 2251 5212 1561
2329 5148 2642 5231 scriptam

948 5234 1146 5299 fuisse
1203 5232 1509 5298 dicamus.
1596 5232 1770 5297 Nam
1827 5232 1958 5298 alia
2025 5242 2242 5299 exstat
2285 5233 2396 5315 (N.
2442 5237 2641 5311 4202)

948 5339 1112 5402 quae
1156 5318 1308 5384 huic
1350 5316 1715 5402 respondet,
1758 5317 1873 5383 sed
1907 5319 2119 5385 serius
2154 5328 2228 5384 ut
2248 5319 2409 5387 dicit
2429 5329 2640 5398 autor,

4539 417 4636 480 520

2998 611 3067 668 et
3108 624 3275 687 quae
3319 601 3549 669 Idibus
3593 604 3884 688 Augusti
3924 611 4197 668 exarata
4238 611 4359 669 est.
4439 600 4514 666 In
4549 601 4640 666 lue

2999 709 3204 772 quum
3260 690 3504 755 scribat
3547 688 3762 773 Spina
3803 688 4160 755 Calvinum
4233 689 4448 772 ipsum
4501 689 4646 752 66111-

2993 795 3180 859 96666
3231 787 3299 838 et
3353 776 3722 856 adiurasse,
3789 783 3970 858 patet
4027 773 4112 839 ad
4169 773 4344 840 116116
4407 783 4646 839 noem

2920 865 2924 869 ’
2999 881 3150 926 6616
3216 862 3557 944 respicere.
3659 860 3809 926 Iam
3874 882 4077 944 quum
4130 858 4182 926 S
4227 860 4344 926 ina
4407 871 4650 941 tempure

2741 1885 2933 1956 3518.

2744 2401 2935 2469 3521.

2742 3602 2933 3670 3736.

2744 3689 2934 3756 3759.

2744 3945 2936 4014 3763.

2745 4032 2936 4100 3785.

2745 4203 2937 4273 3787.

2741 4888 2929 4956 3810.

2997 945 3300 1029 colloquii
3345 946 3795 1013 Poseiacensis
3852 955 4078 1029 aperte
4271 965 4454 1012 sacra
4490 963 4650 1008 evan·

2996 1032 3209 1116 gelica
3275 1032 3642 1113 transierit,
3707 1041 3983 1116 utraque
4047 1041 4204 1097 ante
4266 1053 4324 1097 a.
4379 1034 4519 1094 1561
4561 1047 4652 1114 po-

2998 1116 3217 1183 nenda
3267 1118 3569 1196 videtur,
3627 1118 3735 1183 vel
3778 1117 4015 1183 saltem
4057 1117 4176 1183 illa
4216 1117 4402 1200 prior
4440 1115 4654 1182 calvini

2999 1203 3300 1286 pluribus
3343 1205 3681 1269 mensibus
3725 1213 3879 1269 ante
3922 1206 4323 1288 Augustum.

2916 1338 2930 1353 .
2999 1290 3150 1355 Not.
3222 1294 3279 1355 3.
3370 1291 3850 1373 Antesiqnanus
3912 1290 4182 1374 proprio
4247 1310 4365 1355 suo
4439 1287 4658 1353 nomine

3000 1375 3453 1459 appellabatur
3510 1375 3754 1440 Petrus
3796 1376 4141 1441 Davantes
4159 1425 4174 1454 ,
4241 1372 4545 1440 oriundus
4595 1393 4658 1436 ex

2999 1462 3146 1528 vico
3189 1461 3588 1527 Rabasteins
3627 1462 3697 1526 in
3720 1459 4082 1540 Occitania,
4126 1459 4335 1544 philol
4426 1460 4440 1473 ‘
4543 1457 4658 1522 (166-

3000 1557 3112 1613 tus
3157 1554 3224 1612 et
3266 1555 3409 1612 arte
3451 1548 3703 1613 musica
3746 1547 3990 1625 clarus,
4050 1548 4340 1612 maxime
4430 1565 4466 1609 e
4503 1553 4660 1610 cante

3000 1632 3402 1715 psalmorum
3438 1633 3732 1698 meritus.
3792 1632 3878 1698 V.
3913 1632 4142 1718 Bayle,
4179 1631 4382 1716 Haag
4415 1627 4531 1696 IV.
4549 1631 4660 1692 212

3000 1718 3247 1784 Bullet.
3275 1718 3364 1783 Π.
3418 1725 3481 1779 11
3538 1739 3670 1800 666.
3704 1716 3793 1783 X.
3853 1723 3988 1783 185.
4031 1722 4177 1783 215.
4214 1720 4363 1782 436.
4389 1714 4511 1781 XI.
4551 1716 4662 1778 248.

2998 1803 3165 1870 XII.
3215 1809 3357 1869 252.
3448 1802 3758 1870 Occurrit
3799 1803 4000 1869 etiam
4043 1803 4126 1869 N.
4177 1804 4365 1867 3542.

3001 1889 3152 1955 Not.
3202 1895 3258 1954 7.
3308 1887 3480 1954 Dav.
3528 1888 3820 1955 011611161·ί
3861 1911 3914 1954 6.
3960 1889 4201 1955 Oaillet
4243 1885 4666 1954 Neocomensis

3000 1984 3150 2058 post
3215 1975 3436 2040 studia
3479 1974 3795 2041 Genevae
3864 1974 4167 2041 absoluta
4219 1974 4522 2039 minister
4573 1970 4664 2034 fuit

2999 2062 3074 2125 in
3118 2058 3536 2143 Delphinatu
3600 2065 3795 2136 1562,
3858 2070 4085 2144 postea
4125 2058 4448 2144 Lugduni
4503 2077 4668 2139 usqne

3004 2146 3089 2212 ad
3130 2168 3220 2211 m.
3261 2148 3648 2231 Augustum
3700 2152 3883 2225 1565,
3930 2145 4210 2228 (1661666
4256 2147 4324 2210 in
4358 2142 4666 2216 Ooroelles,

3005 2231 3380 2298 Oolombier
3436 2240 3505 2297 et
3545 2233 3611 2297 N
3613 2232 3878 2298 eocomi.
3968 2230 4151 2297 Obiit
4208 2252 4266 2296 a.
4329 2231 4494 2294 1592
4545 2229 4668 2306 (Ar-

3006 2315 3203 2395 naud‚
3248 2318 3340 2382 H.
3390 2322 3534 2383 381.
3580 2318 3826 2383 Bullet.
3861 2317 4025 2384 XII.
4071 2320 4223 2382 483.
4268 2319 4454 2398 491.)

3001 2405 3158 2469 Not.
3203 2409 3265 2469 4.
3331 2403 3478 2486 lege
3522 2404 3627 2469 La
3671 2404 3888 2469 Motte
3937 2403 4229 2469 Gondn‘n
4284 2409 4356 2467 et
4409 2403 4506 2467 616
4545 2418 4670 2494 quo·

3004 2510 3131 2572 que
3172 2489 3255 2554 N.
3302 2493 3493 2553 3585.
3544 2492 3732 2554 3613.
3779 2493 3966 2554 3645.
4015 2493 4203 2554 3654.
4291 2487 4377 2553 In
4435 2497 4670 2552 matera

3003 2574 3163 2641 locis
3205 2588 3383 2642 recte
3425 2576 3744 2657 scriptum
3789 2588 3893 2640 est
3936 2595 4199 2640 nomen.

2923 2711 2937 2726 .
3003 2661 3156 2726 Not.
3206 2664 3263 2726 3.
3331 2661 3437 2726 De
3478 2661 3838 2726 Francisco
3896 2659 3984 2726 du
4026 2661 4205 2726 Pont
4277 2657 4437 2726 vide
4499 2657 4576 2724 ad
4609 2655 4672 2721 X.

3007 2751 3087 2811 95
3133 2747 3205 2810 in
3255 2745 3611 2812 Addendis.

3004 2832 3154 2897 Not.
3202 2833 3259 2898 2.
3326 2832 3504 2916 lege:
3567 2832 3747 2897 Hist.
3792 2831 3946 2898 eccl.
3993 2831 4048 2896 Ι.
4097 2835 4241 2896 527.

3002 2918 3154 2983 Not.
3204 2922 3263 2982 9.
3331 2918 3504 3002 lege:
3579 2921 3766 2982 3536.
3815 2920 4004 2982 3567.

3008 3002 3236 3089 Voyez
3280 3002 3343 3068 la
3387 3012 3540 3069 note
3585 3002 3672 3069 du
3717 3003 3797 3069 N.
3849 3007 4036 3068 3795.

2920 3140 2937 3156 .
3009 3089 3200 3157 3648.
3268 3091 3521 3156 Ρ66166
3571 3090 3862 3156 Gilovius
3904 3089 3969 3155 h.
4017 3089 4057 3155 l.
4102 3088 4271 3155 falso
4300 3088 4546 3155 Gaea-'0'
4581 3107 4670 3153 no-

3002 3177 3181 3241 mine
3227 3176 3427 3241 venit.

2922 3313 2938 3328 .
3006 3261 3233 3327 Codex
3277 3261 3635 3327 Gothanus
3680 3261 3982 3327 distincte
4025 3260 4206 3327 hunc
4248 3260 4474 3325 virum
4520 3260 4674 3325 Te·-

3001 3368 3244 3412 merum
3287 3357 3494 3424 vocat,
3540 3346 3657 3413 sed
3698 3347 3770 3411 in
3814 3346 4072 3413 schedis
4113 3346 4516 3412 authenticis
4533 3342 4674 3411 unde

3003 3434 3086 3499 N.
3136 3438 3303 3498 3384
3348 3442 3418 3498 et
3463 3436 3630 3496 3736
3678 3432 4082 3516 sumpsimus
4124 3432 4498 3499 certissime
4537 3431 4674 3496 Tn-

3000 3540 3192 3584 nems
3241 3518 3570 3585 scribitur.

3004 3605 3154 3671 vide
3196 3605 3694 3688 praecedentem
3740 3604 4249 3670 annotationem.

3002 3690 3173 3772 Quis
3216 3691 3329 3756 ille
3372 3692 3454 3755 D.
3526 3688 3605 3755 de
3649 3690 3902 3755 Grillon
3957 3690 4157 3755 fuerit
4208 3689 4322 3774 qui
4381 3688 4492 3756 hic
4533 3684 4672 3753 haud

3006 3775 3270 3860 oblique
3313 3785 3584 3841 notatur
3628 3777 3976 3843 nescimus.
4065 3775 4242 3840 Hist.
4287 3775 4448 3842 6661.
4491 3774 4543 3839 Ι.
4577 3774 4676 3838 361)

3004 3861 3289 3944 aliquem
3335 3862 3533 3927 huius
3576 3863 3863 3927 nominis
3906 3859 4312 3944 proditorem
4355 3862 4552 3926 sistit.

3003 3946 3176 4012 Vide
3220 3969 3421 4030 supra
3464 3948 3546 4012 ad
3590 3948 3673 4013 N.
3723 3952 3889 4012 3005
3936 3958 4004 4012 et
4047 3948 4218 4012 infra
4260 3947 4344 4011 ad
4387 3947 4474 4012 N.
4521 3948 4672 4010 381⁰.

3003 4034 3156 4099 Not.
3184 4038 3240 4097 3.
3281 4032 3834 4099 Larochebouilzer.
3871 4034 4056 4117 Lege
4077 4030 4674 4099 Laroche-Bouilln

3003 4130 3068 4184 et
3093 4120 3171 4184 cf.
3197 4139 3363 4202 quae
3387 4120 3849 4183 annotavimus
3870 4119 4044 4183 adN.
4074 4122 4236 4182 3382
4255 4120 4325 4182 in
4341 4116 4670 4184 Addend'n

3000 4206 3189 4271 Note.
3262 4205 3436 4271 Jean
3492 4207 3554 4269 le
3597 4204 3833 4270 Gomte
3890 4206 4052 4270 etait
4123 4204 4228 4269 fils
4295 4203 4384 4268 dn
4441 4220 4670 4287 pnsum

3005 4290 3086 4354 de
3134 4292 3462 4356 Granson.
3536 4290 3595 4355 11
3640 4291 3741 4355 fut
3782 4311 3940 4374 requ
3983 4292 4283 4356 ministre
4327 4297 4369 4356 a
4410 4289 4574 4373 l'age
4609 4286 4668 4349 de

3014 4381 3086 4438 17
3135 4398 3274 4442 666.
3367 4376 3507 4442 Son
3551 4386 3708 4460 pere
3751 4377 3962 4461 figure
4005 4376 4172 4441 dans
4213 4375 4279 4441 la
4321 4394 4670 4457 correspon-

3005 4461 3210 4527 danoe
3253 4483 3408 4528 sous
3451 4462 3511 4528 le
3556 4483 3708 4526 nom
3762 4462 3842 4527 de
4105 4512 4119 4527 .

3123 4550 3234 4613 Au
3276 4559 3491 4612 meme
3533 4548 3792 4613 endroit
3834 4569 3921 4613 on
3964 4569 4005 4612 a
4047 4546 4350 4631 imprime
4395 4546 4462 4611 S.
4521 4545 4668 4610 Har·

3006 4644 3176 4699 toret
3219 4654 3304 4698 au
3350 4634 3480 4699 lieu
3524 4633 3606 4698 de
3650 4633 3728 4700 F.
3775 4634 4116 4699 Martoret.

2998 4720 3223 4805 Voyez
3280 4720 3430 4803 plus
3488 4720 3655 4784 haut
3712 4741 3796 4785 au
3853 4719 3932 4784 N.
3997 4723 4181 4784 3408.

3001 4815 3102 4870 est
3145 4813 3185 4870 a
3227 4806 3519 4888 corriger
3562 4804 3820 4888 d’apres
3859 4806 4018 4871 cela.

3003 4892 3103 4956 De
3168 4892 3498 4956 natalibus
3565 4892 3762 4957 huius
3829 4891 4138 4974 epistolae
4193 4902 4264 4958 et
4315 4890 4456 4957 eius
4497 4906 4664 4972 quat

2999 4975 3123 5042 sub
3167 4977 3251 5041 N.
3301 4982 3466 5042 3763
3529 4976 3827 5042 dedimus
3881 4978 4010 5042 iam
4069 4977 4262 5043 aliter
4313 4975 4660 5042 indic-mu

3001 5062 3175 5127 Hist.
3222 5064 3374 5129 eccl.
3419 5063 3474 5128 Ι.
3531 5067 3648 5127 134
3694 5065 3858 5128 11666
3900 5062 4126 5128 habet:
4213 5060 4514 5129 Philebo-t
4553 5055 4662 5122 ffi-

2999 5149 3216 5228 melin,
3295 5150 3584 5214 ministre
3658 5170 3736 5214 en
3781 5148 4147 5233 Saintonqe,
4227 5146 4530 5215 demanda
4601 5141 4662 5237 ὃς

3000 5231 3184 5299 l'aide
3223 5236 3264 5300 ὰ
3300 5235 3530 5319 Peylise
3561 5236 3640 5301 de
3667 5234 3881 5314 Pari-3,
3924 5236 4037 5318 qui
4069 5256 4306 5320 mvoya
4334 5256 4416 5299 ιιι
4447 5246 4654 5297 nuc-t

3002 5321 3227 5386 Andre
3280 5322 3356 5387 de
3411 5320 3761 5400 Mazierae,
3827 5327 4172 5389 andrensem
4220 5323 4300 5389 de
4365 5322 4426 5387 la
4479 5315 4654 5384 Ru·

4271 4718 4664 4784 11666165
