4900 6125
307 410 408 471 357

448 594 709 660 Comme
743 593 953 678 iestoy
994 601 1181 745 Erest
1222 593 1303 659 de
1337 592 1581 661 fermer
1623 614 1732 661 ces
1773 593 2006 661 lettres
2046 611 2218 658 nous

299 700 477 746 avons
533 699 726 746 receu
779 701 994 746 nonve
1045 700 1115 746 es
1181 679 1264 745 de
1325 678 1396 744 la
1450 688 1642 747 court
1695 681 1811 764 qui
1868 701 1952 746 ne
1994 677 2220 744 valent

379 767 546 831 eres.
655 765 817 832 Cest
862 766 1001 849 quil
1056 788 1102 852 y
1166 785 1208 829 a
1260 786 1461 850 grans
1517 766 1808 832 troubles
1861 772 1927 830 et
1980 785 2107 848 que
2161 762 2221 830 si

298 787 428 917 {lma
480 872 570 935 ny
618 850 836 918 donne
891 850 1083 917 ordre
1140 850 1279 933 quil
1333 872 1379 935 y
1438 872 1480 916 a
1523 850 1772 936 danger
1814 851 1896 917 de
1940 851 2220 934 quelque

440 936 482 1001 d
534 936 849 1003 malheur.
881 940 963 1013 ¹⁰)
1047 938 1150 1004 Le
1189 935 1519 1021 Seigneur
1571 936 1815 1003 vueille
1867 935 2224 1002 maintenir

428 1022 598 1089 siens
649 1031 716 1089 et
759 1024 945 1089 avoir
1003 1022 1164 1106 pitie
1205 1021 1285 1088 de
1328 1042 1450 1087 son
1492 1023 1714 1108 eglise.
1805 1020 1966 1089 Cela
2006 1043 2048 1087 a
2082 1041 2220 1086 em-

293 1107 507 1192 pescbe
546 1109 881 1175 monsieur
926 1109 1004 1174 de
1035 1108 1280 1175 valence
1306 1110 1388 1187 ¹¹)
1431 1110 1542 1192 qui
1585 1130 1671 1175 ne
1715 1110 1844 1175 soit
1882 1128 2080 1187 venu,
2123 1106 2219 1173 le·

294 1194 426 1277 quel
465 1194 654 1261 estoit
687 1194 960 1262 attendu
996 1193 1076 1261 de
1110 1196 1266 1277 jour
1308 1214 1394 1259 en
1431 1196 1601 1279 jour.

1146 1756 1344 1826 3752.

797 1910 1207 1979 VIRE'PUS
1250 1909 1689 1978 OALVINO.

443 2081 897 2151 Recenti-ssim
939 2104 1019 2148 ecc
1069 2083 1409 2150 Ooeitania.
1503 2080 1796 2148 Crudelis
1827 2082 2051 2165 ubique
2092 2082 2220 2147 luc·

286 2168 1840 2252 m,ubiq¹oepwordphmmmonisimaqo.

282 2338 378 2398 (Ex
429 2340 768 2410 autographo
822 2339 955 2394 God.
1005 2339 1230 2393 Vntisl.
1282 2337 1385 2393 111.
1417 2339 1482 2391 Β.
1533 2337 1628 2391 fol.
1663 2335 1748 2391 29.
1833 2337 2027 2392 Edidit
2076 2338 2223 2392 Besa

283 2406 400 2462 Gen.
453 2426 506 2478 p.
541 2408 666 2475 2⁷0,
717 2409 880 2465 Laus.
936 2425 985 2477 p.
1021 2405 1530 2544 ἓῑὲἑιῖωῗῶβ.
1575 2404 1697 2474 628,
1750 2405 1961 2461 Ohouet
2011 2421 2064 2475 p.
2098 2405 2221 2473 371,

434 2648 824 2715 Clarissimo
870 2647 955 2712 D.
1002 2647 1243 2712 Ioanni
1287 2645 1584 2712 Calvino.

1714 2730 2044 2797 Genevae.

431 2906 588 2971 Duo
633 2916 792 2971 sunt
844 2925 1009 2988 quae
1063 2924 1170 2969 me
1231 2902 1338 2968 hic
1390 2901 1606 2969 adhue
1664 2901 1978 2968 detinent.
2065 2901 2214 2968 Pri-

275 3011 442 3057 mum
476 2991 722 3057 medici
746 2989 795 3076 ¹)
829 2989 1218 3074 quibuscum
1265 2988 1433 3053 mihi
1482 3008 1588 3053 res
1632 2997 1760 3054 est:
1805 2986 2042 3053 deinde
2075 3008 2214 3053 mo-

273 3085 370 3142 tus
426 3079 628 3144 variis
681 3078 753 3142 in
809 3077 971 3143 loeis
1027 3076 1299 3142 excitati
1356 3074 1440 3140 ab
1492 3073 1811 3150 hostibus,
1862 3083 1930 3140 et
1984 3073 2217 3141 caedes

271 3163 754 3232 crudelissimae
812 3164 894 3228 ab
948 3161 1181 3227 iisdem
1234 3168 1662 3244 perpetratae
1752 3159 2092 3226 Audivisti
2133 3157 2216 3225 de

271 3251 542 3317 motibus
587 3259 658 3316 et
696 3247 1128 3314 seditionibus
1170 3245 1704 3312 Provincialium.
1777 3246 2018 3313 Paucis
2059 3254 2215 3311 ante

271 3335 486 3401 diebus
507 3335 992 3410 Narbonenses,
1039 3333 1175 3399 ficti
1219 3331 1420 3398 duelli
1461 3339 1810 3415 praetextu
1849 3331 2029 3396 inter
2049 3330 2215 3398 duos

335 3421 350 3437 ⁹
430 3443 615 3498 anos,
672 3422 852 3487 cives
894 3429 964 3484 et
1017 3417 1267 3486 incolas
1322 3436 1529 3501 paene
1569 3438 1796 3484 omnes
1850 3417 1934 3482 ad
1988 3418 2214 3484 fictum

267 3505 374 3572 illu
501 3505 953 3591 spectaculum
1039 3505 1204 3569 urbe
1293 3512 1744 3568 extraxerunt.
1857 3504 1990 3570 Pos
2063 3524 2215 3568 uam

267 3595 502 3677 egressi
545 3601 710 3658 sunt
752 3589 932 3656 fraus
975 3588 1236 3674 prodita
1292 3593 1394 3654 est
1436 3598 1505 3655 et
1547 3589 1867 3673 patefacta
1908 3609 2030 3674 pro
2081 3589 2212 3654 'tio.

267 3677 478 3760 Quum
524 3681 707 3744 enim
750 3677 1136 3744 nunciatum
1196 3684 1370 3742 esset
1424 3677 1493 3740 in
1552 3673 1753 3740 alium
1800 3674 1974 3741 diem
2017 3676 2217 3741 reiec-

263 3773 395 3830 tum
447 3785 596 3831 esse
656 3762 967 3838 duellum,
1038 3782 1112 3826 ac
1170 3781 1398 3826 omnes
1453 3762 1570 3844 qui
1625 3763 1873 3846 egressi
1931 3762 2212 3827 fuerant.

265 3851 328 3913 in
373 3850 606 3917 urbem
668 3848 1191 3932 regrederentur,
1257 3846 1341 3912 iis
1387 3847 1542 3912 solis
1585 3854 1946 3930 patuerunt
1987 3857 2214 3931 portae

264 3937 366 4018 qui
408 3936 799 4020 papisticam
835 3942 1110 3999 tuentur
1144 3944 1211 3997 et
1245 3943 1609 4016 sequuntur
1643 3933 2046 4017 religionem,
2099 3932 2211 3998 alii

263 4033 404 4087 sunt
447 4022 723 4087 exclusi.
797 4018 939 4086 Sub
974 4018 1146 4083 idem
1184 4039 1391 4101 paene
1435 4029 1713 4102 tempus,
1758 4039 1964 4102 quum
2005 4018 2210 4086 eccle-

263 4108 350 4172 sia
370 4107 885 4175 Carcasonensis
899 4108 960 4178 ²)
985 4106 1164 4188 regio
1199 4125 1441 4186 parens
1475 4103 1706 4184 edicto,
1753 4104 1916 4171 urbe
1949 4124 2214 4190 egressa

262 4203 422 4258 esset
444 4194 528 4258 ad
567 4212 830 4259 sacrum
869 4201 1287 4264 conventum,
1323 4189 1581 4255 clausae
1604 4199 1760 4256 sunt
1781 4190 1964 4256 urbis
1984 4197 2213 4273 portae

423 4431 516 4501 10)
547 4431 598 4486 11
635 4430 839 4485 n'avait
873 4446 979 4499 que
1015 4439 1140 4498 trop
1175 4430 1374 4483 raison.
1426 4428 1535 4484 Les
1571 4430 1817 4484 eombsts
1837 4430 1907 4484 de
1931 4430 2212 4485 Provence

258 4506 312 4556 et
342 4502 390 4556 le
424 4505 599 4556 crime
636 4499 707 4553 de
729 4500 868 4552 Vas·
1061 4507 1126 4552 nt
1159 4499 1210 4551 le
1245 4498 1291 4551 si
1449 4498 1519 4551 de
1554 4499 1607 4551 la
1639 4515 1836 4568 guerre
1858 4500 1928 4553 de
1963 4499 2210 4569 religion.

259 4569 490 4624 valence
525 4570 693 4632 aussi,
728 4568 827 4621 des
882 4585 913 4622 e
951 4583 1106 4621 mons
1127 4566 1351 4632 d'Avnl,
1386 4566 1579 4620 devint
1613 4568 1665 4620 le
1699 4567 1914 4622 thestre
1937 4568 2007 4622 de
2041 4569 2210 4623 luttes

259 4640 561 4708 angl-ntes
599 4637 943 4707 provoquees
978 4653 1079 4705 par
1125 4637 1206 4689 les
1240 4636 1492 4690 ornantes
1527 4637 1596 4690 de
1633 4637 1713 4690 La
1745 4637 2209 4704 Metui-Gondrin,

260 4711 342 4775 qui
377 4709 726 4790 lui-meaneJ
760 4705 846 4758 fut
877 4705 1161 4759 massacre.
1228 4704 1513 4772 (Amaci.
1551 4704 1591 4758 Ι.
1629 4704 1777 4774 106.)

259 4776 516 4908 δἸὕΆΙθ
548 4772 1354 4925 &amasaissffrm
1367 4772 1723 4912 (ἐωξὶ.
1757 4841 1846 4895 49.
1916 4842 2073 4899 Inter
2119 4858 2209 4899 eos

465 4913 726 4970 mutuae
756 4912 860 4976 res.
895 4912 1105 4966 addici·
1138 4917 1314 4965 aaut.

452 4982 517 5050 2)
551 4980 680 5035 1oe
701 4997 772 5036 ιιι.
791 4979 927 5036 Dee.
948 4979 1082 5035 1561
1119 4981 1313 5036 mbae
1344 4980 1426 5034 ibi
1456 4980 1724 5035 mediatae
1755 4980 1983 5046 fueram
2014 4988 2207 5038 eontra

254 5057 614 5116 rotmanus
659 5065 779 5105 eun
829 5051 1093 5118 effusione
1141 5050 1449 5117 cambis.
1519 5049 1779 5105 Attamen
1828 5050 2060 5107 adicem
2110 5051 2207 5106 Ia·

257 5122 444 5173 unio·
477 5120 535 5174 d.
575 5116 659 5171 18.
698 5117 864 5174 Febr.
906 5117 1242 5187 publicata-⁸
1283 5119 1397 5183 tuit
1424 5117 1601 5187 (Hm.
1634 5120 1757 5174 ecel.
1791 5118 1835 5174 1.
1868 5118 2013 5188 875).
2085 5119 2206 5175 Idu·-

568 5190 602 5201 ''
693 5191 702 5198 ‘
1045 5192 1342 5243 mmm
1390 5192 1552 5241 extro
1600 5188 1788 5243 urbes·
1857 5189 1956 5244 ubi
2002 5189 2210 5246 oceidit

255 5186 396 5404 mm
389 5189 1040 5314 Mammwjl.
1097 5255 1286 5324 Aprile·
1341 5253 1612 5310 omont&
1671 5231 1943 5312 odviam
2003 5264 2204 5315 nm

2033 405 2196 470 1562
2239 401 2517 473 MART.

4149 405 4278 467 358

2316 611 2404 657 ne
2459 593 2531 657 in
2588 591 2820 657 urbem
2863 598 3328 657 reverteretur.
3415 590 3690 657 Fratres
3731 610 3934 674 quum
3977 611 4051 657 se
4094 589 4277 656 vide-

2317 683 2469 743 rent
2509 676 2826 757 exclusos‚
2868 676 3054 744 urbis
3095 684 3317 761 portas
3360 675 3761 743 obsederunt
3800 699 3887 744 ne
3929 677 4080 760 quis
4113 674 4276 742 urbe

2318 761 2763 848 egrederetur,
2824 770 2941 828 aut
2981 762 3056 828 in
3096 782 3243 829 eam
3287 761 3765 847 ingrederetur.
3842 762 4109 828 Interea
4141 769 4278 826 tor-

2318 858 2544 915 mento
2586 848 2815 915 bellico
2859 869 2945 914 ex
2993 848 3157 915 urbe
3200 857 3336 914 tres
3378 869 3463 914 ex
3497 847 3744 914 nostris
3785 848 4029 915 occisos
4072 846 4277 913 fuisse

2320 934 2712 1001 audivimus.
2801 932 2938 1001 Sed
2980 933 3175 1019 longe
3217 935 3486 1017 gravius
3530 939 3634 999 est
3665 941 3736 1000 et
3775 933 4061 1002 atrocius
4104 931 4280 1017 quod

2319 1019 2546 1086 eodem
2600 1039 2809 1104 paene
2866 1030 3163 1105 tempore
3219 1019 3455 1086 accidit
3506 1020 3581 1084 in
3636 1020 3819 1098 urbe,
3886 1019 3994 1085 oui
4035 1039 4279 1085 nomen

2321 1113 2421 1172 est
2463 1103 2839 1184 Castelnau,
2859 1106 2918 1187 8)
2963 1125 3132 1190 quae
3175 1126 3310 1171 non
3350 1105 3450 1171 ita
3489 1104 3717 1189 procul
3761 1124 3803 1169 a
3846 1104 4131 1171 Tholosa
4162 1104 4279 1170 ab·

2319 1202 2441 1258 est.
2543 1190 2716 1256 Nam
2781 1192 2924 1274 pari
2988 1192 3266 1258 saevitia
3326 1198 3397 1255 et
3450 1189 3836 1257 erudelitate
3893 1191 3967 1255 in
4019 1197 4279 1256 nostros

2319 1276 2544 1343 hostes
2600 1278 2882 1361 grassati
2942 1284 3102 1342 sunt
3154 1297 3285 1360 qua
3340 1276 3473 1341 iam
3530 1282 3686 1342 ante
3726 1297 3989 1343 menses
4031 1275 4280 1359 aliquot

2318 1363 2393 1427 in
2462 1363 2625 1428 urbe
2677 1383 2843 1446 quae
2897 1369 3172 1430 vocatur
3215 1361 3443 1429 anrs.
3463 1365 3523 1439 ⁴)
3605 1362 3778 1427 Nam
3821 1382 4025 1445 quum
4067 1361 4279 1427 nostri

2319 1447 2404 1513 ad
2448 1467 2705 1514 sacrum
2750 1456 3009 1514 coetum
3050 1448 3530 1527 convenissent,
3574 1449 3842 1514 incensa
3872 1448 4056 1531 prius
4085 1446 4279 1513 domo

2320 1534 2547 1600 hostes
2602 1536 2674 1599 in
2738 1553 2851 1599 eos
2904 1533 3242 1599 irruerunt
3293 1540 3484 1599 tanta
3546 1532 3931 1600 crudelitate
3973 1540 4053 1598 ut
4093 1552 4280 1616 mag-

2320 1642 2447 1686 nus
2489 1621 2689 1686 fuerit
2732 1620 3090 1686 occisorum
3148 1640 3484 1685 numerus.
3574 1619 3658 1685 In
3692 1618 3798 1685 his
3831 1619 4087 1702 primus
4134 1636 4279 1683 cae-

2318 1726 2433 1773 sus
2469 1713 2570 1772 est
2601 1705 2924 1784 minister,
2970 1706 3085 1788 qui
3119 1725 3315 1772 suum
3350 1713 3550 1789 caput
3583 1703 3881 1771 hostibus
3915 1725 4035 1789 pro
4066 1711 4280 1771 caete-

2320 1792 2414 1857 ris
2448 1790 2751 1857 omnibus
2787 1789 3040 1856 obtulit.
3109 1789 3246 1858 Sed
3279 1811 3366 1856 ne
3388 1791 3513 1857 hae
3538 1789 3803 1874 quidem
3826 1790 4081 1855 ratione
4102 1810 4279 1855 com-

2319 1878 2499 1961 pesci
2562 1877 2778 1960 potuit
2828 1875 3117 1943 hostium
3172 1875 3415 1943 rabies:
3476 1875 3713 1943 deinde
3754 1876 4090 1942 Diaconus
4130 1875 4281 1958 pari

2320 1963 2456 2028 fato
2492 1962 2810 2042 sublatus,
2845 1970 2913 2027 et
2946 1983 3122 2028 unus
3154 1962 3381 2047 regius
3413 1970 3799 2045 procurator
3831 1962 3936 2027 vir
3968 1960 4277 2046 optimus,

2321 2058 2389 2113 et
2453 2048 2808 2114 consiliarii
2863 2047 3128 2131 aliquot,
3217 2056 3477 2132 praeter
3528 2047 3770 2132 vulgus
3810 2048 4277 2131 promiscuum.

2320 2134 2589 2200 Interea
2652 2133 3011 2201 'l'holosani
3067 2133 3200 2199 huc
3263 2133 3646 2212 adveniunt,
3709 2154 3862 2200 cum
3915 2131 4279 2198 multorum

2319 2220 2551 2299 literis,
2594 2219 2947 2285 'l'holosam
2991 2219 3049 2286 si
3091 2228 3366 2302 possunt
3404 2239 3515 2284 me
3569 2219 3853 2299 ducturi,
3878 2220 3939 2297 ὅ)
3982 2220 4280 2303 quamvis

2323 2304 2590 2371 disertis
2626 2305 2846 2371 verbis
2879 2304 3368 2371 admonuissem
3404 2326 3488 2371 ne
3521 2304 3753 2405 pedem
3790 2312 4139 2371 moverent
4159 2324 4279 2370 an·

2322 2400 2586 2474 tequam
2629 2412 2671 2457 a
2711 2412 2819 2458 me
2862 2391 3363 2469 intellexissent,
3434 2391 3592 2475 quid
3634 2391 3801 2456 mihi
3834 2411 3955 2473 per
3999 2399 4278 2474 tempus,

2321 2497 2442 2560 per
2461 2476 2928 2555 valetudinem,
2973 2483 3043 2543 et
3073 2497 3196 2560 per
3228 2478 3570 2543 ecclesiam
3612 2476 3721 2543 cui
3762 2478 3883 2542 uni
3926 2475 4280 2543 obstrictus

2323 2583 2473 2627 sum
2539 2562 3001 2630 Genevensem
3065 2562 3308 2629 liceret.
3420 2562 3965 2646 Monspellienses
3982 2563 4040 2644 ⁶)
4098 2581 4277 2642 vero,

2321 2649 2448 2714 etsi
2483 2669 2600 2731 spe
2631 2649 2885 2715 fructus
2919 2669 3114 2731 quem
3148 2669 3234 2714 ex
3269 2668 3417 2714 meo
3439 2648 3794 2715 'l'holosam
3816 2646 4106 2714 adventu
4139 2668 4279 2731 spe·

2320 2742 2476 2799 rant
2518 2755 2594 2800 eo
2633 2733 3050 2801 adducuntur
3090 2742 3170 2800 ut
3210 2735 3384 2799 hanc
3417 2755 3459 2800 a
3492 2755 3599 2800 me
3654 2733 3900 2818 suscipi
3933 2733 4278 2816 profectio-

2321 2840 2475 2885 nem
2518 2828 2778 2903 optent,
2823 2840 2958 2885 non
3000 2827 3162 2886 sunt
3201 2828 3428 2886 tamen
3469 2820 3543 2884 in
3585 2841 3666 2885 ea
3698 2820 4044 2895 sententia,
4088 2826 4167 2883 ut
4199 2838 4278 2885 eo

2319 2905 2448 2970 iter
2481 2906 2794 2988 arripiam
2836 2904 2940 2971 his
2979 2905 3375 2972 turbulentis
3417 2905 3842 2990 temporibus,
3893 2905 4100 2971 donec
4140 2911 4280 2969 tota

2319 2991 2502 3076 regio
2534 2990 2731 3076 paulo
2768 2992 2857 3057 sit
2890 2991 3198 3077 pacatior.
3264 2991 3359 3058 Ut
3412 3012 3519 3057 res
3551 2990 3745 3057 modo
3776 2989 4025 3057 habent
4056 2990 4278 3057 nescio

2316 3075 2515 3160 plane
2551 3085 2702 3143 utra
2735 3099 2821 3144 ex
2852 3087 3042 3159 parte
3078 3077 3287 3143 tutius
3321 3077 3410 3143 sit
3429 3078 3557 3142 iter
3578 3075 3868 3162 aggredi.
3927 3075 4065 3144 Sed
4086 3097 4277 3161 spero

2316 3162 2453 3229 fore
2490 3173 2566 3228 ut
2598 3163 2784 3229 brevi
2818 3163 3146 3229 Dominus
3184 3163 3357 3228 viam
3392 3163 3708 3229 tutiorem
3743 3164 4017 3247 aperiat,
4048 3171 4169 3228 aut
4201 3170 4279 3228 ut

2332 3247 2418 3313 ad
2460 3270 2581 3316 vos
2619 3260 2922 3315 revertar
2964 3247 3047 3313 ad
3090 3257 3353 3332 tempus
3395 3247 3563 3313 mihi
3604 3251 4103 3335 praescriptum,
4161 3256 4279 3314 aut

2327 3342 2402 3399 ut
2433 3334 2698 3419 longius
2730 3334 3117 3419 progrediar
3155 3334 3213 3400 si
3248 3334 3536 3419 coegerit
3565 3335 3940 3402 necessitas.
4011 3336 4279 3403 Interea

2316 3420 2626 3486 ecclesiae
2663 3431 3008 3504 augentur,
3065 3439 3229 3503 quae
3262 3428 3552 3505 pergunt
3584 3422 3798 3506 magis
3831 3431 4029 3507 atque
4060 3424 4276 3508 magis

2315 3505 2654 3571 ministros
2709 3505 3061 3591 postulare.
3150 3505 3283 3572 Hic
3344 3506 3741 3586 tabellarius,
3798 3529 4003 3592 quum
4058 3530 4272 3594 neque

2315 3591 2442 3669 hic,
2478 3613 2693 3675 neque
2728 3591 2793 3657 N
2794 3592 3064 3670 emausi,
3110 3612 3321 3675 neque
3364 3592 3519 3659 alibi
3553 3595 3930 3660 ministrum
3966 3596 4272 3662 invenire

2314 3677 2622 3760 potuerit,
2681 3677 2938 3761 cogitur
2994 3676 3079 3742 ad
3137 3698 3250 3744 vos
3309 3699 3379 3743 se
3423 3679 3729 3762 recipere.
3818 3681 4034 3747 Valde
4077 3683 4270 3766 cupio

2312 3784 2444 3846 qua
2500 3764 2592 3830 sis
2643 3779 2820 3828 nunc
2862 3762 3242 3829 valetudine
3295 3783 3706 3848 cognoscere,
3762 3788 3961 3850 quam
4004 3776 4081 3833 ut
4123 3767 4271 3833 dili-

2313 3857 2548 3934 genter
2611 3869 2802 3916 cures
2856 3849 3101 3914 iterum
3157 3857 3357 3933 atque
3413 3851 3651 3916 iterum
3708 3873 3973 3937 precor,
4030 3861 4107 3919 ut
4159 3855 4270 3937 qui

2313 3936 2526 4020 magis
2569 3933 2874 4000 omnibus
2915 3935 3008 4001 sis
3050 3935 3343 4002 ecclesiis
3375 3938 3781 4003 necessarius
3818 3959 4017 4022 quam
4050 3938 4271 4007 hacte-

2313 4042 2441 4087 nus
2464 4040 2768 4104 unquam.
2834 4018 3134 4086 Salutem
3154 4020 3438 4086 multam
3460 4022 3604 4089 dico
3640 4022 3905 4109 collegis
3939 4033 4009 4090 et
4043 4026 4271 4094 amicis

2313 4106 2636 4258 {mnillkus
2652 4103 3146 4256 ”Valg2optime
3190 4128 3266 4174 ac
3302 4106 3683 4176 diutissime.
3752 4111 3814 4177 E
3850 4111 4268 4195 Montepelio,

3295 4332 3477 4399 Tuus
3518 4333 3759 4399 Petrus
3804 4332 4095 4399 Viretus.

2515 4515 2577 4585 3)
2614 4516 2826 4572 Gunela·
3050 4559 3066 4574 .
3141 4517 3303 4575 Gn‘rca
3336 4518 3409 4574 50
3444 4526 3808 4589 protestantes
3848 4538 3970 4577 enm
4012 4524 4268 4578 ministro

2317 4583 2543 4640 Giseart
2572 4587 2839 4642 meida&
2868 4587 2963 4651 (H
3070 4627 3082 4640 .
3121 4587 3218 4642 111.
3254 4587 3396 4656 139).
3430 4658 3443 4671 ⁰
3694 4661 3704 4672 ι
4213 4661 4224 4674 ο

2308 4653 3139 4809 ...dommum
3135 4672 3173 4710 ⁰
3213 4657 3324 4790 ἐς.)
3341 4673 3583 4728 m..
3643 4659 3732 4713 '··⁶
3788 4659 4014 4809 ‚m
4064 4659 4267 4728 Μ’

2516 4794 2551 4847 5
2607 4794 2704 4848 abt
2736 4795 3090 4876 nmmos}
3122 4796 3190 4850 de
3215 4795 3483 4860 NoruN
3502 4794 3683 4865 8714).
3729 4796 3946 4851 Van-etus
3975 4802 4266 4879 postqum

2307 4859 2762 5052 stigma
2792 4863 3166 5015 awa?
3214 4880 3332 4920 Μ’
3374 4883 3437 4920 ···
3475 4865 3880 4934 ”mm
3914 4873 4267 4923 ...m

2552 5001 2575 5057 l
2612 4999 2765 5054 Besa
2799 5003 3107 5057 emendam
3139 5018 3203 5056 m
3235 5002 3450 5058 codice.-
3486 5002 3939 5072 Monspessulsni.
