4900 6125
611 405 740 472 895
2054 402 2584 478 EPISTOLAE
2625 406 3054 469 4154—4155
3101 404 3201 471 bis
4486 409 4583 474 ³96

785 591 1112 674 Quum¹³)
1135 590 1299 656 illud
1314 592 1711 677 Tigurinum
1733 592 2055 675 scriptum
2097 592 2570 676 perquirerem,

610 678 868 745 nullum
911 677 1021 744 hic
1063 677 1400 761 exemplar
1436 687 1770 761 repertum
1806 689 1924 744 est.
1996 676 2134 744 Sed
2173 678 2327 762 quia
2362 699 2571 743 unum

609 766 796 848 prius
854 763 1187 831 Utenhovio
1241 764 1553 830 miseram
1610 762 1693 830 ab
1736 786 1812 830 eo
1864 773 2053 847 petes
2097 764 2155 829 si
2220 763 2572 830 videbitur.

610 852 900 918 Tametsi
947 850 1186 915 desunt
1227 850 1363 915 illic
1407 849 1536 916 duo
1577 851 1793 933 capita
1836 871 2003 933 quae
2042 871 2162 935 per
2203 850 2574 934 incogitan-

610 937 771 1003 tiam
826 936 1069 1002 omissa
1124 936 1416 1003 inserere
1472 937 1611 1002 suis
1668 936 1828 1002 locis
1872 936 2197 1021 Tigurini,
2244 947 2319 1001 ut
2362 957 2572 1019 spero,

609 1042 748 1088 non
793 1022 1209 1089 recusabunt.

780 1193 1010 1260 Unum
1063 1201 1164 1258 est
1220 1192 1392 1277 quod
1450 1195 1601 1260 addi
1662 1194 1855 1260 debet
1901 1243 2199 1260 ......
2261 1195 2575 1260 Diximus

607 1279 954 1345 Christum
1023 1280 1089 1343 iu
1155 1301 1355 1346 carne
1420 1302 1541 1346 sua
1585 1329 1980 1347 .......
2028 1279 2186 1345 dum
2245 1301 2388 1345 esse
2450 1289 2572 1346 etc.

606 1365 818 1432 Porro
883 1372 960 1430 ut
1021 1386 1095 1430 se
1162 1366 1351 1430 nobis
1415 1366 1614 1432 talem
1689 1367 2001 1432 exhibeat
2064 1364 2373 1431 Christus
2398 1418 2414 1444 ,
2500 1388 2576 1432 ac

609 1450 935 1517 eiusmodi
999 1451 1070 1516 in
1137 1451 1325 1518 nobis
1392 1452 1666 1520 effectus
1748 1453 2064 1535 proferat,
2143 1473 2348 1516 unum
2426 1474 2575 1518 cum

608 1537 752 1620 ipso
797 1557 921 1603 nos
980 1537 1153 1603 effici
1198 1547 1265 1602 et
1322 1538 1392 1602 in
1438 1539 1582 1606 eius
1625 1537 1917 1627 c[orpus]
1966 1538 2330 1605 coalescere
2381 1558 2579 1621 opor-

608 1632 739 1701 tet,
806 1623 962 1707 quia
1027 1645 1160 1688 non
1227 1622 1420 1689 aliter
1478 1625 1688 1690 vitam
1733 1626 1805 1689 in
1849 1646 1968 1691 nos
2012 1645 2198 1690 suam
2245 1622 2576 1701 diffundit,

607 1710 739 1775 nisi
782 1709 942 1774 dum
986 1716 1184 1792 caput
1228 1718 1528 1775 nostrum
1574 1721 1708 1788 est,
1782 1733 1867 1775 ex
1911 1731 2042 1794 quo
2087 1719 2294 1774 totum
2342 1730 2578 1792 corpus

609 1803 1025 1877 compactum
1091 1805 1158 1859 et
1238 1817 1609 1861 connexum
1677 1819 1795 1880 per
1858 1817 2118 1863 omnem
2197 1797 2576 1862 iuncturam

608 1878 1286 1968 submi[nistrationis]
1346 1883 1707 1948 secundum
1765 1882 2214 1967 operationem
2276 1884 2346 1946 in
2392 1902 2577 1946 men·

609 1987 837 2032 suram
883 1968 1194 2049 cuiusque
1227 1965 1564 2055 mem[bri]
1607 1977 2040 2054 augmentum
2076 1968 2367 2050 corporis
2401 1968 2578 2033 facit.

610 2052 936 2131 Alterum,
981 2051 1211 2118 ordine
1256 2052 1581 2119 decimum
1654 2076 1925 2120 nonum.
2015 2055 2125 2119 Ex
2170 2064 2392 2118 autem
2437 2074 2581 2119 car-

608 2138 719 2203 nis
762 2159 921 2204 suae
965 2159 1083 2203 esu
1127 2148 1194 2204 et
1235 2141 1584 2223 sanguinis
1648 2142 1909 2223 potione
1951 2159 2118 2224 quae
2162 2137 2302 2227 hi[s
2342 2136 2577 2224 signis]

609 2224 1014 2309 figurantur,
1083 2223 1396 2291 Christus
1483 2227 1739 2292 animas
1807 2236 2067 2293 nostras
2132 2225 2409 2310 spiritus
2476 2226 2579 2290 sui

609 2310 858 2376 virtute
903 2332 1018 2393 per
1063 2309 1262 2376 fidem
1307 2313 1547 2393 pascit:
1605 2311 1675 2377 id
1734 2334 1870 2378 non
1925 2311 2198 2395 perinde
2253 2311 2581 2394 accipien-

610 2394 768 2461 dum
828 2397 1016 2480 quasi
1063 2397 1278 2480 aliqua
1319 2395 1499 2485 fi[at]
1561 2398 1968 2464 substantiae
2026 2397 2134 2463 vel
2199 2397 2582 2463 commixtio

607 2481 714 2568 vel
763 2481 1152 2560 transfusio,
1221 2482 1336 2547 sed
1382 2484 1694 2568 quoniam
1739 2506 1824 2550 ex
1869 2505 2067 2551 carne
2110 2482 2316 2549 semel
2359 2483 2431 2546 in
2477 2503 2582 2547 sa-

609 2567 927 2633 crificium
965 2566 1185 2634 oblata
1219 2577 1287 2632 et
1321 2589 1406 2635 ex
1440 2571 1763 2654 sanguine
1798 2571 1871 2635 in
1907 2571 2352 2654 expiationem
2375 2569 2584 2633 effuso

612 2653 822 2719 vitam
868 2654 1273 2720 hauriamus.

1504 3200 1697 3270 4155.

1063 3354 1664 3423 CZERWENKA
1706 3353 2146 3422 CALVINO.

791 3526 1173 3594 Memoriam
1209 3529 1531 3608 pri-stiriae
1548 3528 2022 3610 familiaritatis
2055 3527 2285 3603 recolit,
2333 3527 2587 3593 iuvenes

613 3613 922 3694 quosdam
962 3615 1274 3679 studiosos
1315 3615 1710 3691 commendat,
1755 3615 1998 3679 tristem
2039 3614 2450 3679 conditionem
2491 3633 2586 3680 ec·

618 3698 956 3765 deciorum
999 3699 1485 3766 Bohemicamm
1526 3701 1824 3784 depinyit.

613 3868 732 3935 (Ex
767 3869 964 3925 Codice
999 3872 1228 3925 Lissano
1263 3871 1410 3926 vm.
1447 3872 1538 3927 fol.
1575 3871 1646 3926 32
1681 3874 1738 3927 in
1776 3870 2029 3925 Archivis
2076 3870 2308 3924 fratrum
2347 3869 2587 3924 Horren·

618 3939 736 3992 hut,
774 3940 950 3994 edidit
984 3942 1238 4012 Gindely,
1277 3942 1503 4006 Quellen
1540 3959 1585 3994 z.
1624 3942 1822 3996 Gesch.
1856 3941 1909 3993 d.
1946 3939 2129 3993 bohm.
2166 3940 2395 3993 Bruder.
2433 3939 2589 3994 1859.

618 4025 671 4077 p.
691 4006 811 4062 273.
851 4010 1091 4073 Quocum
1110 4011 1346 4063 contulit
1362 4011 1736 4064 authenticum
1755 4026 1911 4063 exem
1953 4009 2037 4061 lar
2071 4010 2130 4061 in
2154 4015 2404 4062 nostrum
2429 4026 2587 4063 usum

1119 4079 1178 4132 P.
1217 4079 1495 4144 Kummer,
1533 4079 1699 4133 Csnd.
1737 4080 1868 4132 min.
1947 4077 2095 4146 axo.)

620 4247 887 4314 Eximio
931 4248 1184 4314 Christi
1228 4250 1531 4314 ministro
1566 4247 1654 4315 D.
1677 4248 1913 4315 Ioanni
1950 4247 2233 4317 Calvino
2276 4250 2587 4317 ecclesiae

619 4330 745 4398 Dei
770 4334 943 4418 apud
970 4334 1409 4402 Genuenses·
1446 4336 1516 4400 in
1538 4334 1876 4402 Sabaudia
1919 4338 2166 4419 pastori
2204 4335 2587 4402 fidelissimo

917 4420 1110 4486 fratri
1155 4423 1223 4486 in
1268 4421 1538 4487 Christo
1580 4429 1959 4487 reverenter
2001 4420 2292 4487 colendo.

790 4590 1090 4657 Gratiam
1138 4601 1206 4658 et
1248 4613 1476 4675 pacem
1522 4593 1591 4657 in
1629 4594 1935 4659 Domino.
2010 4594 2157 4658 Etsi
2194 4593 2587 4675 temeritatis

618 4686 813 4759 atque
880 4679 1182 4745 inscitiae
1207 4679 1260 4761 ¹)
1326 4680 1649 4756 accusari,
1716 4678 1913 4763 idque
1987 4680 2280 4746 fortassis
2345 4679 2586 4745 merito

615 4762 1053 4846 possim,quia
1074 4763 1193 4829 tibi
1217 4764 1358 4829 viro
1381 4763 1758 4830 doctissimo
1782 4775 1851 4829 et
1869 4767 2254 4849 ingentibus
2273 4786 2586 4832 curarum

615 4847 1043 4932 laborumque
1087 4849 1398 4916 oneribus
1455 4851 1590 4915 fere
1650 4850 1886 4916 obruto
1932 4851 2111 4917 hisce
2155 4852 2318 4916 meis
2375 4852 2588 4917 literis

617 4934 993 5018 obstrepere
1038 4956 1239 5001 ausus
1279 4936 1537 5012 fuerim,
1582 4945 1806 5002 tamen
1851 4937 2059 5003 fretus
2102 4956 2181 5001 ea
2244 4937 2585 5003 existima-

619 5018 798 5085 tione
841 5041 1039 5102 quam
1084 5019 1165 5086 de
1211 5031 1278 5087 te
1321 5021 1478 5086 olim
1521 5021 1836 5104 optimam
1880 5024 2181 5107 concepi,
2227 5044 2307 5088 ea
2350 5020 2588 5089 deinde

624 5258 896 5395 ms¹³13
929 5260 1340 5384 &mne-Q
1364 5260 1428 5315 ’ἢ
1459 5266 1627 5329 ‘⁶⁹⁰'

2677 592 3107 673 humanitate,
3155 593 3438 660 candore
3481 593 3974 677 eruditioneque
4016 601 4157 673 tua,
4221 614 4409 677 quam
4446 594 4507 659 in
4538 605 4589 659 ts

2675 678 3064 756 luculenter,
3102 701 3303 763 quum
3341 678 3546 746 semel
3582 677 3756 763 apud
3793 679 4113 746 Buce-um
4148 681 4590 745 ornatissimum

2677 767 2895 831 virum
2942 766 3371 849 Argentorati
3414 768 3700 844 fueram,
3760 764 4163 849 deprehendi
4181 817 4196 843 ,
4242 787 4318 831 eo
4360 765 4594 848 denique

2679 871 2902 916 amore
2960 872 3087 934 quo
3149 860 3217 917 te
3280 853 3353 917 in
3419 872 3647 918 omnes
3703 850 3959 918 Christi
4022 850 4305 917 cultores
4360 853 4597 936 flagiano

2678 937 3135 1016 animadverti,
3180 938 3292 1021 qui
3336 941 3557 1003 omnia
3600 937 3756 1002 boni
3799 937 4082 1002 consulit
4105 988 4121 1017 ,
4166 958 4487 1020 nunquam
4522 938 4598 1002 of·

2678 1021 2990 1102 tenditur,
3035 1023 3252 1090 laesus
3296 1024 3486 1090 facile
3530 1023 3811 1088 offensas
3854 1024 4160 1107 ignoscit,
4214 1044 4292 1089 eo
4332 1023 4601 1088 audacius

2678 1108 2760 1173 ad
2807 1119 2872 1174 te
2912 1110 3162 1192 scripsi,
3208 1111 3480 1174 minime
3524 1108 3885 1193 ambigens,
3930 1110 3985 1174 si
4021 1107 4177 1192 quid
4214 1109 4337 1174 hac
4370 1109 4603 1174 audacia

2679 1214 3053 1277 peccavero,
3091 1197 3356 1260 veniam
3393 1215 3500 1260 me
3536 1195 3714 1260 haud
3751 1194 4078 1278 gravatim
4113 1196 4604 1278 impetraturum,

2679 1282 3067 1362 praesertim
3112 1302 3314 1364 quum
3359 1280 3794 1359 intellexeris,
3854 1302 3962 1346 me
4005 1279 4201 1346 huius
4252 1281 4471 1363 scripti
4510 1280 4605 1344 ali·

2680 1386 2861 1449 quas,
2904 1367 3393 1450 qualescunque
3436 1367 3587 1440 sint,
3632 1387 3864 1432 causas
3908 1366 4234 1431 habuisse.

2854 1454 3031 1517 Ante
3075 1451 3465 1519 decennium
3511 1453 3665 1530 fere,
3730 1473 3935 1535 quum
3977 1451 4152 1534 apud
4196 1451 4607 1519 doctissimum

2682 1539 2905 1603 virum
2952 1539 3036 1603 D.
3085 1538 3175 1604 M.
3216 1536 3537 1604 Bucerum
3571 1538 4003 1621 Argentorati
4044 1539 4325 1603 fratrum
4368 1539 4609 1604 Boemo-

2682 1646 2831 1689 rum
2875 1625 3141 1689 nomine
3185 1645 3487 1709 egeram,
3553 1635 3771 1690 tecum
3830 1644 4088 1707 quoque
4132 1624 4609 1690 familiaritatem

2684 1732 2812 1775 non
2869 1710 3209 1794 vulgarem
3268 1710 3595 1787 contraxi,
3663 1717 3859 1792 atque
3924 1710 4124 1774 etiam
4168 1709 4398 1775 literas
4439 1710 4512 1773 ad
4547 1709 4607 1772 Ρ.

2684 1796 3005 1861 Ioannem
3052 1796 3440 1878 Auyustam,
3502 1796 3890 1860 Boemicum
3948 1808 4248 1860 nostrum
4296 1805 4611 1878 pastorem,

2684 1903 2724 1946 a
2768 1891 2833 1946 te
2876 1882 3012 1946 fere
3056 1883 3320 1956 extorsi,
3366 1882 3439 1946 in
3475 1881 3716 1965 quibus
3759 1901 4021 1946 summa
4053 1882 4271 1946 officia
4308 1893 4443 1958 tua,
4478 1901 4612 1964 quas

2684 1968 2990 2033 absentes
3036 1966 3418 2033 absentibus
3461 1978 3799 2051 praestare
3841 1974 4136 2050 possunt,
4182 1968 4489 2034 fratribus
4526 1966 4613 2030 de·

2684 2053 2916 2132 tulisti,
2964 2073 3132 2135 quae
3176 2049 3310 2120 illis
3354 2053 3659 2119 omnibus
3703 2052 4080 2137 gratissima
4131 2054 4334 2119 fuere.
4426 2054 4521 2118 Ab
4554 2073 4613 2116 so

2685 2147 2979 2223 tempore
3024 2138 3209 2203 nulla
3251 2149 3627 2222 opportuna
3668 2139 3921 2203 occasio
3978 2138 4381 2204 offerebatur
4422 2149 4483 2203 te
4520 2159 4615 2204 seu

2684 2224 2988 2302 videndi,
3070 2245 3187 2289 seu
3251 2227 3452 2289 etiam
3518 2225 3764 2308 scripto
3829 2224 4194 2301 invisendi,
4277 2227 4614 2308 quamvis&

2685 2331 3029 2394 nunquam
3075 2330 3207 2375 non
3253 2311 3623 2376 obverseris
3667 2310 3830 2375 mihi
3868 2311 3950 2374 ob
3984 2310 4205 2375 oculos
4243 2321 4315 2377 et
4350 2312 4615 2376 omnibus

2685 2396 3071 2481 symmystis
3105 2396 3528 2461 ecclesiarum
3563 2405 3961 2474 nostrarum,
3996 2398 4389 2479 praesertim
4412 2397 4617 2479 scripta

2688 2490 2807 2547 tua
2845 2491 2922 2545 ut
2965 2482 3190 2545 eximii
3234 2483 3463 2565 organi
3507 2480 3757 2546 Christi
3801 2481 4191 2565 legentibus.
4276 2484 4471 2549 Nunc
4522 2485 4616 2546 ita·

2689 2589 2817 2651 que
2873 2588 3077 2650 quum
3134 2567 3451 2633 fratribus
3510 2567 3754 2633 nostris
3813 2568 4089 2651 dignum
4133 2590 4279 2634 esse
4324 2569 4619 2634 viderem

2690 2661 2767 2718 ut
2808 2652 3123 2736 quosdam
3170 2653 3492 2737 ingenuos
3537 2652 3985 2719 adolescentes
4028 2654 4369 2720 Basileam
4412 2652 4617 2720 studio-

2690 2760 2838 2803 rum
2885 2739 3101 2822 gratia
3146 2738 3478 2823 ablegatos
3521 2740 3660 2805 suis
3704 2738 4082 2822 sumptibus
4125 2740 4418 2818 alerent,
4458 2737 4619 2805 officii

2690 2826 2821 2890 mei
2864 2845 3008 2890 esse
3052 2825 3362 2907 putabam
3409 2832 3485 2890 ut
3520 2832 3584 2889 te
3630 2824 3734 2889 vel
3769 2825 3971 2890 semel
4008 2826 4079 2890 in
4121 2833 4222 2891 tot
4256 2827 4621 2896 annorum')

2692 2909 3014 2975 curriculo
3073 2911 3423 2975 salutarem
3443 2962 3457 2988 ,
3517 2912 3649 2975 imo
3705 2931 3852 2975 meo
3911 2911 4323 2995 aliorumque
4382 2913 4621 2977 fratrum

2693 2996 2958 3061 nomine
3002 3015 3303 3080 rogarem
3344 2997 3835 3080 obtestarerque
3882 3007 3973 3077 ut,
4018 2999 4075 3061 si
4111 2997 4380 3082 quando
4413 2999 4621 3064 coutin-

2691 3094 2878 3167 geret
2942 3083 3121 3148 hisce
3186 3082 3711 3149 adolescentibus
3780 3083 3889 3148 vel
3954 3104 4183 3148 eorum
4244 3086 4525 3168 cuipiam
4558 3080 4619 3147 ad

2690 3189 2810 3233 vos
2854 3166 3292 3251 divertere,⁴)
3348 3190 3458 3234 eos
3511 3169 3623 3233 vel
3678 3188 3829 3233 eum
3888 3176 4203 3252 tanquam
4256 3172 4525 3236 fiatrem
4572 3170 4619 3231 in

2688 3253 2959 3320 Christo
3016 3254 3320 3337 excipere
3385 3254 3781 3338 consilioque
3825 3263 4048 3320 vestro
4091 3257 4327 3321 iuvare
4370 3278 4499 3321 non
4536 3254 4619 3318 de-

2688 3338 3145 3424 dignaremini.
3235 3339 3316 3405 Id
3362 3340 3536 3424 quod
3583 3361 3699 3406 vos
3745 3350 4013 3424 propter
4055 3362 4476 3408 communem
4515 3340 4619 3425 pie-

2688 3426 2844 3491 tatis
2888 3445 3151 3490 causam
3193 3426 3478 3492 facturos
3520 3448 3655 3492 non
3700 3424 4097 3493 dubitamus.

2862 3509 3058 3592 Quod
3102 3510 3185 3576 ad
3221 3512 3529 3579 ecclesias
3564 3523 3826 3578 nostras
3858 3534 3979 3596 per
4012 3513 4359 3579 Boemiam
4404 3514 4621 3587 attinet,

2688 3598 2912 3663 visum
2977 3603 3080 3661 est
3124 3596 3393 3663 divinae
3460 3597 3829 3682 dignationi
3895 3619 4007 3663 eas
4079 3600 4255 3665 cruci
4300 3599 4621 3681 multisque

2687 3682 3070 3767 ingentibus
3129 3684 3749 3766 persequutionibus
3804 3684 4160 3761 subiicere,
4223 3684 4621 3752 dilectisdmi·

2690 3790 2817 3852 que
2883 3769 3001 3834 filii
3067 3769 3170 3833 sui
3240 3770 3509 3834 Domini
3578 3771 3789 3836 nostri
3848 3770 4002 3834 Iesu
4062 3769 4321 3835 Christi
4392 3768 4620 3853 imagini

2689 3855 3058 3921 conformes
3102 3853 3405 3932 reddere,
3462 3876 3593 3939 quo
3636 3854 3790 3921 fidei
3834 3866 4211 3921 sanctorum
4260 3857 4433 3924 facta
4473 3874 4621 3921 sano

2690 3941 2967 4005 timonia
3010 3941 3167 4018 eius,
3213 3948 3288 4004 ut
3333 3940 3584 4006 Paulus
3628 3942 3876 4024 inquit,
3938 3939 4390 4008 abundantius
4432 3939 4621 4006 indus-

2690 4036 2939 4090 rentur.
3029 4026 3200 4091 Pars
3266 4025 3688 4093 ecclesiarum
3772 4048 3922 4092 cum
4001 4028 4331 4093 ministris
4410 4045 4623 4111 quoqne

2690 4112 2867 4196 regis
2913 4110 3313 4177 Ferdinandi
3370 4134 3407 4178 e
3452 4111 3643 4177 dictis
3701 4111 3967 4179 sedibus
4009 4113 4148 4178 suis
4193 4124 4464 4198 propter
4499 4132 4623 4178 eon·

2690 4206 2977 4263 stantem
3034 4198 3499 4279 professionem
3559 4198 3885 4282 evangelii
3943 4199 4151 4265 eiecta
4194 4199 4267 4263 in
4316 4200 4621 4266 prussiam

2689 4281 3108 4349 Sauromatis
3151 4283 3460 4350 Lituanis
3505 4282 3842 4350 Scitisve*
3888 4284 4171 4350 vicinam
4196 4288 4251 4359 ⁸)
4317 4284 4619 4351 concess&

2690 4370 2978 4434 Domino
3055 4369 3150 4433 eis
3228 4370 3364 4435 illic
3431 4369 3884 4453 qualecunque
3945 4368 4358 4437 domicilium
4429 4388 4621 4437 conoe-

2689 4454 2902 4532 dente,
2949 4453 3240 4537 reliquae
3281 4454 3657 4521 Baronibus
3714 4456 4045 4521 subiectae
4102 4455 4228 4521 sub
4271 4458 4621 4543 gravissimo

2688 4560 2890 4605 onere
2935 4540 3432 4606 tribulationum
3458 4545 3515 4617 ο)
3560 4552 3853 4625 gemunt,
3898 4543 4078 4607 omni
4119 4554 4495 4608 sanctarum
4533 4538 4619 4607 ad·

2689 4627 3247 4691 ministrationum
3286 4626 3588 4692 libertate
3623 4628 3719 4693 eis
3752 4627 4124 4703 interdicta,
4148 4628 4230 4693 ad
4256 4630 4616 4714 amplectun-

2691 4711 2809 4777 das
2832 4711 3230 4777 Antichristi
3276 4712 3799 4778 abominationes
3842 4713 3910 4779 vi
3946 4724 4293 4798 coguntur.
4364 4712 4615 4780 uiuam

2690 4796 2954 4881 quidam
3037 4798 3109 4860 in
3175 4818 3504 4864 carcerem
3579 4800 3856 4865 coniecti
3932 4801 4170 4865 misere
4246 4810 4615 4885 torquentur.

2896 5054 2932 5107 2
2989 5055 3087 5107 sed
3126 5092 3346 5109 .....
3382 5056 3693 5109 obversaris
3734 5055 3805 5111 0.

2896 5122 2933 5177 3
2991 5139 3237 5178 amorum
3277 5123 3344 5178 0.

2896 5055 2965 5395 ἒξ
2995 5193 3090 5262 qui
3130 5192 3239 5245 iam
3277 5234 3288 5244 .
3327 5232 3341 5245 .
3379 5232 3392 5244 .
3429 5192 3734 5247 diverteret
3772 5192 3840 5247 0.

2898 5260 2934 5313 5
2992 5262 3048 5314 in
3114 5262 3345 5315 russiam
3364 5261 3763 5317 Sauromatiam
3784 5263 4163 5317 Lituaniamve
4180 5263 4317 5316 satia
4333 5256 4609 5317 vici-nst

2997 5331 3381 5384 tribulatorum
3423 5330 3492 5385 0.
