4900 6125
303 409 409 470 109

293 593 614 676 aequaturi
681 590 969 658 consilii:
1032 611 1190 658 nam
1253 612 1458 677 grave
1522 591 1652 658 erit
1713 590 2037 668 omnibus,
2103 610 2241 656 non

293 678 630 747 convenire
684 676 1035 763 synodum.
1124 677 1202 745 Si
1261 679 1750 758 conveniamus,
1806 697 2115 745 veremur
2157 698 2243 743 ne

293 762 433 850 quid
494 764 840 830 turbemus
904 772 974 831 et
1037 786 1123 831 ne
1186 763 1270 831 iis
1310 763 1766 849 ‘praebeamus
1832 763 2243 830 occasionem

290 869 472 935 quam
514 857 788 934 captant
830 850 945 934 qui
986 849 1176 917 nobis
1207 869 1448 934 parum
1490 850 1735 917 favent.
1809 850 1915 915 'Pu
1959 857 2030 914 et
2062 848 2245 915 Besa

289 945 504 1003 noster
558 936 795 1003 melius
859 937 1070 1004 nostis
1120 956 1321 1020 quam
1385 955 1506 1002 nos
1572 957 1821 1016 omnes,
1887 934 2100 1019 qualis
2155 934 2246 999 sit

286 1023 475 1089 totius
517 1022 709 1105 regni
766 1029 999 1104 status,
1046 1028 1114 1088 et
1155 1021 1313 1105 quid
1357 1021 1573 1106 magis
1616 1022 1744 1088 hoc
1784 1030 2081 1105 temporo
2125 1040 2243 1085 ex-

284 1107 509 1192 pediat.
593 1107 1042 1190 Quamobrem
1098 1128 1342 1191 quaeso
1397 1129 1517 1175 vos
1574 1115 1651 1173 ut
1712 1108 1931 1192 primo
1986 1126 2244 1191 quoque

282 1203 567 1277 tempore
611 1194 996 1278 significetis
1040 1192 1198 1277 quid
1243 1193 1606 1260 consultius
1648 1194 1951 1259 futurum
1993 1191 2245 1259 iudica-

282 1280 520 1346 veritis.
590 1280 1040 1347 Praestitisset
1074 1280 1340 1364 quidem
1378 1279 1635 1345 nullum
1671 1280 1753 1346 de
1795 1278 2050 1363 synodo
2092 1298 2244 1344 ver·

282 1367 430 1433 bum
495 1366 730 1432 fecisse
788 1364 965 1449 apud
1012 1364 1564 1444 Gubernatorem,
1631 1367 1689 1432 si
1751 1364 1821 1430 id
1880 1386 1964 1431 ex
2029 1364 2244 1430 officio

277 1452 590 1519 licuisset:
659 1472 815 1517 nam
876 1452 997 1518 etsi
1064 1452 1361 1537 impense
1420 1452 1602 1518 favet
1665 1471 1902 1517 causae
1959 1461 2246 1530 nostrae,

277 1538 462 1603 timet
528 1545 749 1604 tamen
816 1559 902 1603 ne
958 1537 1170 1603 ullum
1231 1537 1344 1604 det
1406 1538 1695 1604 sinistris
1759 1536 2246 1621 suspicionibus

274 1625 487 1690 locum
576 1623 1028 1707 suspicacibus
1050 1675 1066 1703 ,
1161 1624 1398 1709 quibus
1484 1633 1711 1692 nostra
1788 1623 2007 1690 omnia
2088 1629 2246 1688 sunt

274 1715 593 1794 suspecta.
665 1710 758 1775 Et
800 1708 961 1775 dum
1006 1709 1161 1776 huic
1204 1709 1379 1775 malo
1422 1708 1673 1776 mederi
1731 1728 2068 1786 conamur,
2128 1728 2245 1773 au-

270 1803 463 1880 getur
506 1797 739 1881 magis.

438 1881 787 1948 Hactenus
838 1881 949 1947 hic
1008 1883 1229 1947 omnia
1283 1882 1444 1948 satis
1503 1880 1862 1965 tranquilla
1915 1880 2120 1959 fuere,
2178 1887 2247 1944 et

267 1975 495 2033 nostra
561 1967 836 2035 ecclesia
898 1967 970 2032 in
1038 1966 1178 2033 dies
1241 1977 1524 2052 augetur
1586 1969 1801 2051 magis
1866 1985 1943 2032 ac
2008 1966 2242 2049 magis.

264 2053 724 2120 Provinciales
791 2073 910 2120 suo
968 2073 1151 2118 more
1214 2054 1555 2132 ferociunt,
1624 2071 1746 2118 nec
1812 2052 2021 2117 ullum
2082 2050 2246 2117 dant

264 2138 481 2206 edicto
550 2140 731 2223 regio
806 2138 1043 2205 locum.
1061 2141 1122 2216 ⁴)
1227 2139 1609 2206 Villevillius
1673 2137 2004 2204 nihildum
2070 2137 2245 2221 apud

261 2224 412 2291 illos
456 2225 694 2291 effecit.
768 2224 1139 2291 Audivistis
1183 2226 1402 2304 etiam,
1438 2225 1689 2308 opinor,
1725 2245 1854 2310 quo
1891 2232 2083 2308 paeto
2128 2245 2242 2289 ex-

261 2310 601 2396 cipiantur
642 2310 895 2388 fideles,
954 2317 1024 2376 et
1064 2311 1136 2375 in
1180 2310 1575 2395 Burgundia
1619 2321 1688 2376 et
1732 2310 1878 2377 aliis
1936 2309 2096 2375 locis
2138 2311 2242 2375 in-

258 2399 583 2463 numeris.
656 2395 794 2463 Sed
838 2416 1034 2462 curae
1076 2406 1275 2462 erunt
1297 2398 1601 2477 Domin0,
1638 2397 1754 2480 qui
1795 2397 1891 2462 ita
1934 2395 2239 2462 reiiciun-

258 2491 370 2548 tur
424 2484 515 2550 ab
574 2482 975 2549 hominibus.
1045 2483 1246 2549 Mitto
1306 2482 1390 2547 ad
1434 2492 1503 2548 te
1557 2482 1898 2566 exemplar
1940 2482 2242 2564 responsi

256 2568 432 2652 quod
480 2568 816 2635 adiectum
858 2577 962 2635 est
1019 2569 1243 2636 libello
1302 2568 1585 2652 supplici
1627 2568 1844 2635 oblato
1890 2567 2236 2635 Guberna-

254 2656 404 2733 tori,
454 2676 548 2721 ex
590 2655 801 2738 ipsius
844 2654 1111 2721 consilio
1152 2663 1221 2721 et
1263 2654 1614 2734 sententia,
1658 2675 1853 2738 quem
1889 2653 1972 2719 ad
2016 2654 2239 2719 aulam

251 2741 460 2807 misit.
554 2740 843 2806 Multam
898 2741 1179 2806 salutem
1226 2739 1371 2809 dieo
1416 2740 1686 2826 collegis
1730 2748 1799 2806 et
1850 2739 2237 2826 symmystis

250 2825 593 2894 omnibus.
663 2826 834 2893 ‘Vale
878 2827 1124 2911 optime
1177 2833 1247 2893 et
1301 2826 1686 2902 diutissime,
1740 2826 1845 2891 vir
1888 2825 2130 2890 eximie
2173 2833 2240 2890 et

249 2912 422 2979 mihi
468 2913 839 2998 plurimum
882 2911 1169 2979 colende.
1243 2912 1559 2997 Lugduni
1605 2917 1705 2977 28.
1742 2911 1897 2977 Iulii
1950 2914 2132 2976 1563.

1258 3048 1443 3114 Tuus
1484 3049 1726 3116 Petrus
1767 3048 2062 3115 Viretus.

1153 3610 1356 3681 3994.

795 3767 1041 3833 ΒΕΖΑ
1086 3765 1725 3834 BULLINGERO.

426 3939 761 4008 Libellum
813 3938 1029 4006 Turioi
1078 3940 1430 4023 yemanice
1470 3937 1773 4004 edendum
1814 3939 2043 4005 iterum
2084 3958 2240 4004 oom-

235 4031 521 4097 mendat
566 4032 625 4094 d
664 4026 784 4094 hac
825 4025 1139 4094 occasione
1181 4024 1464 4091 dadam
1496 4025 1704 4089 variis
1741 4025 1924 4090 rebus
1964 4026 2242 4091 maxime

234 4119 329 4184 aa
379 4114 697 4183 Galliam
729 4111 1183 4196 mantibus
1222 4109 1454 4193 implet.

590 4283 703 4349 (Ex
739 4281 1079 4352 autographo
1112 4280 1245 4336 Ood.
1281 4281 1484 4336 Gener.
1526 4280 1644 4350 118,
1679 4283 1769 4337 fol.
1807 4281 1952 4346 156.)

424 4455 720 4523 Eximio
778 4453 1029 4522 Christi
1085 4474 1294 4533 servo,
1362 4454 1445 4518 D.
1496 4453 1790 4520 Henrico
1846 4452 2241 4538 Bullingero

232 4543 427 4628 patri
468 4541 653 4607 mihi
687 4540 1047 4624 plurimum
1084 4538 1511 4617 observandO,
1536 4539 1893 4624 Tigurinae
1929 4539 2240 4607 ecclesiae

230 4649 409 4697 vere
456 4626 611 4695 fido
653 4628 917 4711 pastori.

1813 4712 2065 4798 Tiguri-

465 4921 545 4989 4)
582 4919 732 4976 Hire.
768 4918 864 4973 des
895 4918 1082 4974 choses
1114 4915 1330 4973 memor.
1409 4957 1421 4970 .
1455 4915 1592 4971 275:
1642 4917 1721 4971 Le
1767 4918 1971 4971 conseil
2006 4918 2081 4971 dn
2114 4918 2237 4989 Boy

226 4996 325 5049 fut
363 4990 677 5048 eontrnint
708 5004 872 5058 apres
904 4985 1074 5041 l'Edit
1107 4986 1175 5040 de
1325 4932 1559 5040 iflpcation
1594 5002 1831 5057 envoyer
1864 4986 1917 5038 le
1950 4986 2241 5041 President

224 5068 305 5119 de
346 5062 612 5118 uox-am
663 5074 797 5111 avec
846 5057 1055 5111 certain
1104 5072 1232 5109 nom
1380 5055 1451 5109 de
1485 5056 1814 5110 Oonseillem
1860 5054 1931 5107 de
1965 5056 2124 5109 Paris
2166 5073 2237 5112 en

226 5135 584 5193 Provenee,
628 5125 864 5195 lesquels
894 5125 1062 5181 flrent
1094 5126 1253 5181 telles
1288 5125 1604 5181 executione
1637 5123 1894 5177 d'aucuns
1929 5125 2147 5179 voleurs
2182 5131 2242 5179 et

226 5200 606 5290 macru-iesu
639 5211 746 5266 qne
781 5194 976 5264 depuis
1008 5194 1066 5249 la
1087 5194 1365 5276 Provencc
1387 5210 1455 5248 ne
1490 5193 1618 5249 s'est
1649 5193 1773 5263 plus
1804 5194 2048 5276 mutinee
2079 5194 2150 5249 de
2184 5195 2242 5248 ls

225 5291 348 5396 ”380¹
336 5280 403 5393 ⁸⁶.
490 5284 539 5321 ⁰
558 5265 666 5319 ⁶¹¹⁰
698 5262 764 5318 ¹¹⁸
797 5263 1427 5402 ῗὲῗὲαωλὲἱΐῗθᾶἕ
1460 5262 1977 5388 &ww
1985 5263 2238 5399 ‘i'f‘iffi‘

2106 403 2270 468 1563
2314 401 2500 469 IUL.

4193 406 4318 467 110

2520 588 2592 656 S.
2651 589 2984 673 Exspecto
3027 608 3419 673 responsum
3474 588 3559 653 ad
3616 609 3694 654 ea
3749 610 3919 673 quae
3974 610 4068 656 nu
4153 612 4190 655 r
4232 591 4318 657 ad

2343 683 2413 743 te
2457 673 2757 741 dedimus
2791 683 2859 741 et
2891 676 3136 740 iterum
3170 694 3331 760 rogo
3365 682 3461 755 ut,
3498 676 3556 740 si
3591 674 3756 740 satis
3790 694 4002 742 comm
4090 697 4128 742 e
4170 678 4319 743 fieri

2345 769 2581 847 potest,
2634 761 2869 827 edatur
2914 768 3135 828 vestra
3190 760 3420 845 lingua
3476 762 3798 844 scriptum
3848 760 4014 827 illud
4047 767 4097 843 ¹)
4142 762 4318 846 quod

2343 851 2517 915 istuc
2559 847 2880 913 misimus.
2953 846 3090 929 Qui
3134 867 3346 930 nuper
3389 867 3430 912 a
3471 848 3659 913 vobis
3702 847 3894 914 venit
3931 847 4101 913 mihi
4147 849 4319 914 dixit

2346 944 2413 1000 te
2456 955 2591 1000 non
2634 934 2800 999 satis
2843 934 3011 999 bene
3050 934 3294 1011 valere,
3337 932 3512 1016 quod
3555 934 3745 999 nobis
3789 933 3917 998 fuit
3959 935 4317 1017 permoles-

2347 1029 2511 1087 tum.
2589 1018 2902 1086 Calvinue
2951 1027 3178 1084 noster
3233 1018 3471 1085 melius
3569 1017 3790 1085 uidem
3856 1019 4058 1087 habet
4119 1041 4319 1103 quam

2346 1113 2545 1172 antea
2587 1115 2655 1171 et
2697 1125 2940 1170 munus
2982 1125 3181 1170 suum
3224 1105 3380 1183 obit,
3446 1041 3566 1171 883
3606 1125 3760 1172 cum
3800 1105 4085 1171 infinitis
4126 1106 4319 1173 malis

2346 1193 2655 1259 luctatur.
2743 1190 3180 1273 Suspicamur
3230 1192 3527 1257 vicinum
3584 1199 3888 1256 nostrum
3944 1192 4189 1276 aliquid
4248 1193 4322 1258 in

2350 1300 2471 1344 nos
2511 1277 2748 1354 moliri,
2796 1275 3113 1343 adversus
3157 1297 3356 1361 quem
3385 1277 3717 1344 Dominus
3759 1276 3933 1343 hanc
3976 1278 4320 1345 ecclesiam

2349 1377 2590 1431 servet.
2677 1363 2940 1445 Aliquis
3005 1373 3106 1428 est
3170 1383 3440 1446 sparsus
3494 1382 3724 1427 rumor
3784 1362 3866 1428 de
3921 1384 4085 1446 pace
4145 1365 4323 1430 inter

2348 1449 2645 1534 Anglum
2702 1458 2771 1515 et
2815 1448 3111 1528 Gallum,
3170 1447 3283 1514 sed
3339 1449 3653 1515 incertus.
3671 1450 3731 1528 ¹²)
3801 1449 4138 1516 Ecclesiae
4180 1449 4320 1534 ple-

2347 1557 2588 1620 raeque
2641 1534 2817 1600 male
2879 1536 2952 1600 in
2998 1534 3221 1600 Gallia
3280 1542 3626 1612 vexantur,
3692 1535 4005 1618 quoniam
4060 1557 4323 1602 summa

2348 1632 2449 1688 est
2512 1622 2604 1687 im
2653 1622 2895 1686 unitas.
2990 1621 3294 1703 Denique
3350 1619 3443 1685 ibi
3497 1621 3680 1703 viget
3722 1618 4001 1705 ἀναρχία,
4066 1629 4137 1687 et
4192 1623 4321 1687 nisi

2346 1707 2535 1773 Deus
2577 1644 2762 1772 illius
2803 1707 2990 1791 regni
3026 1708 3433 1784 misereatur,
3482 1707 3966 1790 subsequentur
4000 1707 4167 1772 aliae
4210 1730 4319 1774 ca-

2345 1794 2676 1860 lamitates
2731 1792 3061 1876 prioribus
3115 1793 3312 1859 etiam
3372 1792 3755 1871 acerbiores,
3812 1794 3867 1859 si
3923 1791 4081 1877 quid
4123 1793 4320 1859 modo

2347 1880 2430 1945 ad
2484 1879 2635 1945 illas
2691 1878 2844 1945 addi
2902 1886 3136 1962 potest.
3216 1879 3539 1963 Lugduni
3592 1885 3814 1943 tamen
3883 1880 4046 1945 satis
4101 1878 4319 1945 adhuc

2345 1975 2582 2049 pacata
2625 1966 2866 2044 omnia,
2899 1967 2951 2042 ³)
2996 1973 3065 2030 et
3106 1965 3235 2031 Dei
3278 1965 3494 2049 gratia
3538 1965 3668 2030 iam
3716 1964 3903 2030 nobis
3948 1964 4139 2032 obiici
4181 1987 4318 2031 non

2345 2059 2562 2136 potest
2619 2050 2910 2130 rebellio,
2968 2071 3053 2114 ne
3110 2050 3192 2116 ab
3247 2049 3547 2116 hostibus
3601 2049 3884 2134 quidem,
3945 2071 4149 2135 quum
4193 2051 4318 2118 soli

2345 2139 2549 2222 regiis
2592 2136 2821 2203 edictis
2858 2155 3228 2218 pareamus.
3300 2137 3690 2202 Amiraldus
3742 2158 3818 2203 co
3869 2138 3918 2201 ‘t
3954 2137 4315 2204 amicorum

2345 2224 2587 2308 copias,
2645 2229 2723 2288 ut
2781 2222 2986 2300 aiunt,
3043 2222 3281 2305 quibus
3335 2242 3407 2288 se
3462 2230 3727 2287 tueatur
3781 2244 3821 2288 a
3869 2242 4101 2288 versus
4146 2222 4316 2290 Gui-

2344 2309 2571 2375 sianae
2606 2308 2894 2374 familiae
2928 2309 3310 2392 potentiam.
3383 2307 3567 2390 Quid
3610 2309 3698 2373 sit
3741 2309 4034 2374 futurum
4072 2310 4315 2376 nescio.

2343 2395 2482 2462 Sed
2526 2395 2655 2460 nisi
2710 2394 3096 2460 cohibeatur
3157 2394 3602 2477 improborum
3668 2393 3953 2473 licentia,
4019 2394 4316 2479 ingentia

2341 2481 2523 2548 mala
2576 2481 2849 2547 evenire
2904 2501 3170 2546 necesse
3231 2489 3351 2545 est.
3422 2479 3755 2545 Dominus
3812 2479 4001 2546 Iesus
4061 2480 4317 2546 interea

2343 2589 2465 2633 nos
2510 2566 2759 2633 soletur
2801 2574 2868 2631 et
2909 2586 3030 2649 per
3069 2564 3318 2633 medias
3362 2573 3789 2650 tempestates
3832 2574 3899 2631 et
3939 2567 4011 2630 in
4045 2573 4315 2650 portum

2346 2653 2591 2738 dirigat
2625 2651 3003 2717 naviculam
3047 2673 3255 2718 suam.
3328 2650 3462 2733 Qui
3499 2651 3619 2716 tibi
3656 2649 3874 2717 reddit
3907 2652 4030 2717 has
4063 2652 4313 2729 literas,

2343 2739 2605 2806 Frisius
2668 2739 2970 2816 natione,
3048 2739 3156 2821 pie
3220 2745 3287 2803 et
3351 2737 3750 2820 perhoneste
3813 2738 3989 2804 vixit
4051 2738 4124 2802 in
4187 2737 4315 2803 hac

2343 2826 2571 2892 schola
2605 2845 2797 2909 quem
2834 2825 3033 2889 etiam
3071 2825 3194 2888 hoc
3229 2825 3497 2889 nomine
3530 2822 3648 2888 tibi
3686 2822 4088 2889 commendo.
4156 2822 4313 2889 001·

2343 2911 2526 2996 legas
2580 2932 2809 2976 omnes
2862 2931 3039 2994 rogo,
3095 2910 3188 2974 mi
3242 2917 3448 2993 pater,
3507 2919 3583 2974 ut
3638 2930 3723 2974 ex
3766 2931 3873 2976 me
3933 2909 4198 2990 salutes,
4243 2917 4316 2975 et

2341 2997 2565 3064 Deum
2603 3016 2834 3082 precor
2875 3005 2953 3061 ut
2992 3004 3059 3061 te
3102 2994 3504 3061 incolumem
3538 3002 3761 3063 servet
3793 2994 4107 3064 ecelesiae
4151 3016 4313 3063 suae

2344 3085 2717 3167 sanctisque
2761 3084 2892 3149 tuis
2934 3081 3268 3149 laboribus
3314 3080 3675 3149 benedicat.

2519 3169 2832 3236 Genevae
2879 3172 2978 3233 29.
3026 3167 3198 3233 Iulii.

3223 3713 3429 3784 3995.

2745 3869 3222 3937 GALVINUS
3267 3867 3904 3936 BULLINGERO.

2521 4041 2740 4108 Pauca
2781 4064 2860 4109 ex
2895 4043 3234 4126 Rotomayo
3267 4046 3323 4106 et
3357 4041 3685 4125 Luyduno.

2344 4213 2742 4279 (Describimus
2777 4230 2846 4267 ex
2881 4213 3082 4268 scheda
3114 4212 3399 4268 lonvillaei
3434 4211 3566 4269 Cod.
3593 4210 3797 4266 Gener.
3833 4210 3975 4277 107⁸,
4012 4211 4103 4265 fol.
4121 4208 4224 4263 267
4249 4227 4303 4261 v.

2341 4283 2466 4337 coll.
2502 4300 2549 4338 c.
2584 4282 2717 4338 eod.
2754 4280 2872 4345 108,
2905 4283 2996 4336 sol.
3035 4281 3134 4336 151
3173 4300 3223 4334 v.
3261 4282 3426 4335 Bern.
3465 4281 3553 4335 Vl.
3591 4297 3647 4349 p.
3671 4278 3805 4334 1225
3839 4286 3898 4333 et
3930 4279 4144 4334 Simleri
4183 4279 4302 4332 Vol.

2858 4350 2977 4409 107.
3047 4352 3239 4406 Versio
3275 4351 3489 4420 anglica
3520 4349 3614 4403 IV.
3650 4347 3802 4415 325.)

2513 4523 2584 4590 S.
2660 4522 2845 4588 Nihil
2890 4521 3097 4587 habeo
3153 4522 3224 4587 in
3268 4521 3637 4605 praesentia
3695 4520 3945 4601 scriptu
4003 4516 4299 4602 dignum,

2341 4610 2470 4676 nisi
2541 4607 2716 4693 quod
2783 4609 3302 4692 Rotomagenses
3337 4612 3385 4687 ¹)
3452 4606 3726 4672 audacia
3789 4615 3857 4670 et
3934 4606 4300 4687 pervicacia

2338 4702 2598 4762 certant
2639 4715 2790 4761 cum
2836 4692 3336 4761 Parisiensibus.
3418 4690 3652 4775 Itaque
3695 4691 3935 4757 missus
3980 4698 4082 4755 est
4127 4710 4297 4755 unus

2336 4987 2607 5054 80041)
2640 4987 2715 5041 N.
2750 4983 2907 5039 3981.

2544 5056 2608 5122 2)
2644 5055 2724 5111 Ν.
2760 5052 2916 5121 3991,
2950 5060 3063 5108 not.
3098 5054 3149 5110 5.

2543 5124 2605 5191 3)
2647 5125 2723 5181 N.
2757 5120 2912 5179 3974.
2946 5121 3101 5179 3976.

2338 5193 2601 5262 8998.1)
2643 5193 2872 5260 Soldan,
2925 5191 3076 5247 Ἠοῖ.
3122 5193 3184 5244 e'n
3231 5189 3476 5244 Frank.
3525 5190 3592 5244 11.
3644 5189 3760 5243 112.
3800 5218 3865 5230 —
3906 5189 4098 5245 Mense
4146 5188 4299 5244 Iulio

2343 5261 2459 5319 Rot
2756 5264 2958 5318 niem
3005 5266 3086 5316 m
3121 5258 3525 5315 Man-eschanna
3558 5259 3626 5314 de
3659 5257 4004 5323 Bono-dinen,
4037 5260 4138 5331 qui
4166 5274 4298 5328 pro·

2340 5338 2601 5389 mantes
2635 5349 2672 5386 a
2706 5330 3095 5387 catholicorum
3129 5328 3508 5384 ommibus
3541 5327 3868 5396 defenderet
