4900 6125
622 425 709 488 '15
2300 417 2768 488 RPISTOLA
2809 422 2978 486 ³986
4535 423 4602 485 '16

624 610 853 696 plicat,
888 607 1153 692 proprie
1188 628 1468 693 reg-nare
1490 606 1735 675 dicitnr
1770 607 1843 673 in
1876 608 2023 674 eius
2044 629 2342 693 persona.
2390 606 2588 675 Unde

620 695 938 779 sequitur,
984 693 1204 778 ipsum
1247 692 1726 776 quodammodo
1768 714 1914 760 esse
1948 693 2210 778 ubique,
2254 694 2412 778 quia
2444 693 2588 760 loeo

622 777 871 848 includi
917 799 1047 845 non
1091 787 1309 863 petest
1349 779 1461 862 qui
1502 800 1734 846 omnes
1774 779 1937 845 coeli
1990 789 2061 846 et
2104 791 2318 845 terrae
2359 791 2588 862 partes

622 868 805 934 fovet
845 885 925 932 ιο
964 873 1206 942 tuetur,
1261 865 1609 947 omniaque
1665 886 1933 931 sursum
1986 875 2057 931 et
2112 864 2419 932 deorsum
2463 885 2587 931 suo

624 951 904 1036 imperio
946 947 1328 1017 moderatur
1370 969 1448 1015 ac
1490 959 1833 1033 temperat.
1909 949 2097 1015 Dum
2141 970 2316 1018 nunc
2355 949 2587 1018 Chris-

626 1047 770 1105 tum
814 1038 1081 1102 nominc
1123 1043 1326 1102 totam
1371 1037 1695 1121 unigeniti
1738 1035 1859 1102 filii
1893 1057 2241 1119 personam
2262 1037 2588 1120 complec-

624 1134 747 1204 tor,
804 1131 881 1188 ut
943 1130 1048 1187 eet
1097 1122 1171 1188 iu
1223 1141 1424 1187 carne
1480 1121 1956 1188 manifestatus.
2060 1121 2233 1207 Ipse,
2292 1122 2586 1207 inquam,

624 1209 811 1276 Deus
852 1215 920 1275 et
961 1206 1159 1273 homo
1202 1208 1442 1289 ubique
1482 1215 1588 1274 est
1620 1207 1895 1291 imperio
1930 1208 2304 1292 virtuteque
2336 1211 2589 1274 incom-

623 1293 1055 1396 prehensibili
1097 1301 1166 1391 et
1224 1293 1487 1358 infinita
1541 1292 1785 1392 gloria:
1850 1294 2045 1359 sicuti
2097 1294 2293 1361 claris
2336 1292 2588 1359 effectis

625 1400 770 1534 2113.
784 1400 879 1531 τέ)
901 1387 1421 1549 praeillitdanthg¹
1452 1389 1776 1564 usnilfitptbr.
1815 1378 2063 1546 ξῗθιιῧ
2086 1379 2384 1531 οηὶθᾳίιιιιθ
2398 1400 2589 1564 gebi-‘s

626 1552 946 1619 habitare.
1038 1550 1293 1615 Verum
1338 1548 1508 1634 quod
1554 1549 1636 1615 de
1688 1552 2134 1617 immensitate
2176 1551 2444 1616 virtutis
2489 1549 2588 1615 ‹11-

626 1639 819 1716 citur,
878 1657 1047 1721 quae
1111 1636 1182 1702 iu
1238 1633 1429 1701 donis
1491 1635 1972 1718 spiritualibus,
2036 1637 2283 1704 invicto
2339 1635 2587 1702 auxilio

626 1733 893 1808 totaque
947 1729 1173 1788 nostra
1226 1719 1441 1787 salute
1484 1729 1776 1806 apparet,
1837 1722 1921 1787 ad
1960 1723 2314 1789 essentiam
2369 1723 2589 1789 carnis

629 1820 736 1874 tor
781 1829 939 1874 uere
981 1807 1253 1873 minime
1293 1817 1807 1873 consentaneum
1849 1817 1969 1873 est.
2036 1807 2310 1875 Utinam
2350 1809 2590 1874 saltem

626 1891 2001 2047 ἒωὶῗθὲἒηῖᾬᾋῖῗῖἰηξῶῗέὴ
2043 1915 2355 2062 ..w
2354 1893 2589 2045 12³..ss

627 2086 707 2133 ιο
746 2066 1032 2134 celebre:
1121 2063 1436 2130 Christus
1480 2062 1593 2130 ubi
1637 2085 1721 2129 ue
1763 2072 1941 2130 totus
1961 2000 2104 2144 gott,
2147 2064 2265 2132 sed
2308 2087 2441 2131 non
2486 2075 2588 2131 to-

627 2152 803 2218 tuml
872 2150 1049 2228 (Lib.
1073 2235 1087 2249 ·
1119 2153 1158 2214 3
1224 2147 1525 2249 Sentent.
1594 2084 1744 2215 dist.
1814 2150 1931 2235 22)
1972 2151 2350 2234 Repudient
2414 2151 2587 2229 licet,

628 2237 785 2322 quia
830 2236 1168 2303 barbaries
1198 2235 1386 2300 Petri
1422 2234 1787 2302 Lombardi
1842 2257 1973 2302 non
2028 2236 2279 2303 arridet
2342 2237 2591 2302 teneris

627 2344 707 2391 ιο
747 2321 1043 2389 delicatis
1085 2340 1313 2387 eorum
1356 2321 1656 2388 auribus:
1725 2321 1896 2405 quod
1958 2331 2182 2389 tamen
2236 2323 2399 2390 scite
2453 2321 2590 2389 dic·

628 2419 774 2476 tum
817 2417 937 2486 est,
983 2428 1025 2472 a
1068 2427 1461 2490 quocunque
1524 2407 1912 2486 manaverit,
1980 2408 2263 2475 libenter
2307 2407 2587 2491 amplec—

627 2503 749 2562 tor.
838 2492 976 2560 Sed
1042 2493 1247 2558 miror
1301 2490 1479 2558 unde
1536 2492 1703 2558 istae
1752 2492 2077 2573 lautitiae,
2132 2514 2337 2577 quum
2397 2493 2591 2560 ‘We-st-

614 2579 816 2665 phala
853 2580 1125 2662 eiusque
1160 2576 1484 2644 similibus
1506 2576 1796 2645 arrideat
1815 2579 2206 2665 Berengarii
2240 2578 2586 2663 palinodia,

626 2666 881 2733 Christi
942 2684 1181 2748 corpus
1244 2662 1551 2763 dentibus
1616 2665 1813 2763 atteri
1875 2673 1944 2730 et
2007 2667 2076 2731 in
2120 2674 2418 2731 ventrem
2474 2663 2588 2731 de·

627 2751 914 2904 fflffifo
934 2772 1053 2817 cur
1111 2748 1445 2900 ᾶίεωοοῢὲο
1502 2748 1722 2851 sobria
1774 2749 2037 2817 fastidio
2070 2751 2200 2903 esgt,
2246 2749 2586 2850 Christum

627 2859 695 2904 m
916 2856 1059 2903 rem
1116 2855 1261 2902 esse
1318 2857 1365 2901 u
1412 2857 1434 2900 1
1480 2856 1564 2901 ue
1621 2849 1977 2921 integrum,
2035 2858 2068 2904 s
2192 2857 2322 2903 non
2368 2857 2589 2902 carnis

626 2931 928 3008 respectu
971 2941 1141 3005 quae
1184 2856 1613 2987 finibusqsuis
1646 2923 2043 3000 continetur,
2087 2943 2292 3006 quum
2325 2923 2589 2988 infinita

626 3009 719 3077 sit
783 3009 926 3076 eius
986 3008 1284 3092 potentia
1321 3013 1392 3073 et
1432 3008 1727 3092 operatio
1782 3007 1855 3074 in
1921 3017 2102 3076 terra
2165 3030 2299 3076 non
2364 3008 2589 3074 minus

626 3116 826 3181 quam
868 3095 939 3161 in
983 3094 1165 3161 coelo
1207 3093 1547 3161 sentiatur.
1624 3094 1817 3160 Duae
1861 3108 2020 3160 sunt
2058 3097 2339 3162 usitatae
2377 3116 2588 3174 voces,

627 3181 785 3248 unio
827 3189 896 3248 et
938 3179 1188 3247 unitas:
1233 3198 1509 3263 quarum
1544 3180 1725 3264 prior
1758 3179 1842 3246 ad
1878 3189 2150 3248 naturas
2184 3180 2347 3248 duas
2382 3180 2590 3247 refer-

627 3274 761 3346 tur,
806 3265 1017 3334 altera
1058 3266 1182 3333 soli
1222 3285 1536 3348 personae
1579 3265 1912 3333 convenit.
1984 3267 2325 3335 Unitatem
2371 3266 2591 3335 carnis

627 3360 697 3421 et
738 3351 1002 3420 deitatis
1043 3372 1335 3418 asserere
1388 3371 1500 3418 eos
1541 3371 1815 3502 quoa-lue,
1871 3352 2003 3419 nisi
2044 3353 2256 3432 fallor,
2314 3350 2592 3437 puderet

628 3438 742 3524 qui
808 3445 1031 3505 tamen
1097 3440 1168 3503 in
1231 3436 1404 3503 hanc
1467 3435 1668 3502 absur
1717 3437 1942 3504 'tatem
2001 3438 2456 3524 imprudenter
2519 3460 2592 3504 se

629 3523 1080 3695 mma„
1110 3522 1289 3676 ‘¹022
1340 3522 1472 3675 23³
1488 3521 2593 3694 afflffss‘ffiffiwoeffiissptssffi

627 3696 948 3762 mixtione
991 3695 1063 3760 in
1104 3715 1313 3760 unum
1357 3692 1741 3761 coalescent.
1828 3693 2027 3777 Quod
2079 3695 2446 3763 cavillando
2491 3694 2589 3761 fa-

626 3788 770 3849 cete
808 3781 1241 3865 interrogant,
1284 3801 1418 3865 qua
1458 3780 1531 3845 in
1566 3779 1771 3931 gage
1810 3781 1973 3847 coeli
2029 3782 2327 3867 empyrei
2368 3779 2595 3848 sedeat

628 3866 959 3945 Christus,
1003 3867 1310 3933 fruantur
1350 3885 1509 3932 sane
1648 3865 1757 3933 llis
1810 3866 1957 3933 istis
2014 3867 2589 3952 speculationibus.

629 3953 776 4038 Ego
854 3973 1059 4036 quum
1103 3971 1188 4018 ex
1264 3951 1501 4036 spiritu
1589 3959 1818 4018 sancto
1865 3952 2203 4020 didicerim
2249 3973 2405 4020 eum
2447 3973 2593 4023 esse

628 4059 833 4122 supra
908 4058 1136 4105 omnes
1212 4037 1425 4105 coelos
1503 4037 1706 4122 (Eph.
1764 4043 1826 4116 4,
1900 4042 2028 4117 10),
2094 4061 2177 4105 ex
2255 4037 2592 4105 communi

630 4123 999 4208 scripturae
1041 4145 1167 4190 usu
1210 4123 1461 4190 coelum
1508 4123 1774 4190 nomino
1818 4123 2132 4209 quidquid
2169 4132 2362 4192 extra
2397 4144 2591 4190 mun·

629 4210 792 4277 dum
833 4218 967 4277 est:
1014 4206 1285 4293 ideoque
1327 4208 1495 4275 mihi
1536 4207 1799 4289 sufficit,
1842 4209 2003 4279 dum
2044 4208 2456 4294 quaerendus
2490 4215 2595 4276 est

630 4295 966 4376 Christus,
1022 4294 1353 4362 tollendas
1409 4315 1553 4362 esse
1609 4316 1875 4361 sursum
1933 4305 2209 4376 mentes,
2268 4317 2352 4363 ne
2417 4295 2475 4361 si
2519 4295 2592 4359 in

630 4390 810 4449 terra
852 4380 1201 4448 subsidant
1240 4380 1480 4448 crassis
1520 4380 2099 4466 superstitionibus
2146 4381 2593 4465 implicentur.

804 4467 988 4535 Haec
1065 4476 1166 4534 est
1233 4468 1439 4534 totius
1499 4469 1984 4535 controversiae
2068 4488 2329 4535 summa
2390 4486 2591 4550 quam

630 4552 2057 4723 &imtg‘ffit‘ffiffiosstffl‘tffl‘aessff
2087 4553 2593 4717 333315‘1’112222',

629 4722 805 4810 quod
845 4723 1254 4792 contendunt
1294 4724 1531 4807 impios
1585 4746 1718 4791 non
1778 4726 1999 4792 minus
2052 4725 2197 4791 fieri
2239 4723 2595 4811 participes

630 4810 853 4879 carnis
896 4819 965 4876 et
1007 4810 1351 4897 sanguinis
1394 4809 1650 4877 Christi
1708 4831 1908 4895 quam
1952 4809 2235 4896 optimos
2275 4809 2409 4876 Dei
2452 4808 2594 4876 cul·

630 4905 825 4963 tores.
914 4897 1016 4963 Ao
1078 4917 1195 4963 nos
1253 4895 1517 4981 quidem
1573 4895 1861 4963 fatemur
1915 4916 2237 4981 peraeque
2294 4894 2594 4979 utrisque

630 4981 878 5060 offerri,
957 4989 1025 5047 et
1100 4981 1554 5068 qualecunque
1625 4982 1714 5049 sit
1795 4981 2138 5049 hominum
2215 4979 2592 5059 discrimen,

631 5068 853 5135 Deum
895 5074 1118 5134 tamen
1160 5088 1421 5154 semper
1461 5087 1732 5135 manere
1773 5067 2061 5134 similem
2099 5068 2241 5134 sui:
2316 5065 2602 5150 ideoque.

634 5172 865 5220 eornm
908 5152 1021 5236 qui
1064 5174 1138 5220 se
1179 5173 1525 5238 perperam
1591 5154 1912 5238 ingerunt
1969 5153 2133 5221 vitio
2174 5150 2346 5219 nihil
2402 5150 2594 5219 dece-

635 5237 790 5305 dere
854 5259 941 5305 ex
1003 5240 1397 5305 sacramenti
1460 5247 1715 5306 natura.
1805 5237 2111 5324 Indignis
2174 5259 2334 5324 ergo
2386 5257 2594 5322 quum

637 5322 752 5390 det
792 5322 1103 5392 Christus
1158 5344 1395 5410 eorpus
1470 5346 1685 5404 suum,
1751 5331 2012 5391 tantum
2070 5324 2151 5392 de
2216 5323 2596 5409 receptione

2689 615 2993 692 superest
3032 606 3444 692 disceptatio.
3527 605 3666 673 Nos
3709 627 3867 673 vero
3911 606 4162 674 Christi
4213 627 4478 692 capaces
4509 629 4606 678 ne-

2688 714 2922 779 gamus
2986 715 3130 760 esse
3192 713 3360 778 quoe
3424 692 3723 760 diabolus
3788 693 4190 777 mancipatos
4233 705 4414 760 tenet
4455 701 4516 757 et
4549 695 4608 760 in

2686 780 2922 863 quibus
2976 778 3201 846 sedem
3258 779 3479 846 habet.
3567 778 3797 863 Neque
3855 791 4073 845 tamen
4129 781 4384 846 interea
4423 779 4610 846 reiici-

2687 887 2837 931 mus
2893 863 3202 949 loquendi
3258 864 3570 930 formam:
3649 875 4060 932 sacramento
4115 873 4314 931 tenus
4370 865 4451 932 ab
4499 864 4612 931 illis

2687 950 3030 1018 Christum
3091 951 3315 1034 recipi,
3389 949 3580 1017 modo
3637 971 3723 1016 ne
3781 951 4184 1034 praeposteri
4245 951 4610 1035 interpretes

2688 1038 3054 1121 Augustini
3119 1037 3324 1103 verba
3387 1035 3769 1119 depravent,
3833 1036 4070 1120 quibus
4147 1035 4614 1104 sacramentalis

2687 1143 2841 1189 esus
2883 1130 2986 1189 est
3027 1122 3435 1188 substantiae
3487 1124 3820 1205 perceptio
3865 1121 4111 1205 absque
4151 1122 4404 1207 gratia:
4465 1121 4614 1206 qued

2689 1206 3053 1290 insipidum
3107 1215 3555 1273 commentum
3600 1208 3974 1292 Augustino
4026 1209 4439 1293 incognitum
4489 1208 4616 1274 fnit.

2688 1293 2889 1359 Ratio
2931 1314 3128 1378 quam
3171 1292 3527 1373 adducunt,
3567 1302 3647 1359 ut
3687 1294 3953 1359 infirma
3994 1302 4112 1371 est,
4157 1293 4345 1359 nullo
4382 1294 4618 1378 negotio

2688 1378 3033 1446 refellitur.
3115 1377 3460 1445 Christum
3525 1380 3788 1445 venisse
3853 1379 4186 1457 obiiciunt,
4251 1399 4388 1445 non
4451 1378 4618 1445 modo

2688 1464 2912 1532 electis
2945 1465 3017 1530 in
3054 1465 3358 1543 salutem,
3392 1464 3510 1531 sed
3543 1465 3838 1548 reprobis
3871 1465 3942 1530 in
3978 1463 4312 1533 iudicium.
4391 1464 4619 1548 Nempe

2687 1551 2866 1618 sicut
2906 1550 3323 1636 evangelium
3367 1550 3530 1617 odor
3582 1559 3685 1617 est
3739 1553 3969 1617 mortis
4011 1552 4080 1617 in
4139 1561 4422 1616 mortem
4461 1571 4622 1633 pere·

2689 1635 2963 1704 nutibus
3005 1641 3076 1713 (2
3124 1635 3276 1703 Cor.
3323 1640 3383 1716 2,
3435 1641 3540 1714 16)
3593 1657 3728 1703 nou
3769 1645 4103 1720 receptum
4147 1636 4262 1702 sed
4307 1638 4618 1703 reiectum.

2690 1721 2861 1804 Quis
2905 1723 3083 1788 enim
3139 1721 3339 1788 fando
3397 1741 3690 1804 unquam
3740 1720 3994 1789 audivit
4049 1722 4461 1788 mortiferam
4497 1742 4622 1788 eme

2692 1806 2947 1874 Christi
2991 1808 3479 1892 perceptionem
3506 1807 3538 1872 ⁴?
3628 1806 3828 1890 Quod
3867 1809 3925 1875 si
3967 1808 4324 1875 incredulis
4369 1808 4625 1874 damna·

2691 1894 2892 1960 tionis
2934 1894 3213 1960 materia
3255 1907 3356 1959 est
3397 1893 3723 1974 Christus,
3769 1894 3920 1977 quia
3964 1895 4045 1961 ab
4087 1893 4251 1977 ipsis
4295 1894 4623 1977 respuitur,

2691 2000 2826 2046 non
2890 1979 3083 2046 video
3135 1980 3249 2064 qui
3313 1980 3680 2059 conveniat,
3745 1981 3887 2045 eius
3948 2001 4214 2046 carnem
4267 1978 4624 2063 incipiendo

2692 2065 3184 2131 damnationem
3226 2065 3355 2131 sibi
3395 2084 3745 2131 accersere.
3833 2066 4212 2148 Excipiunt,
4266 2085 4417 2132 esee
4474 2064 4626 2130 nihi-

2691 2150 2975 2217 lominus
3006 2152 3341 2218 obseratos
3374 2171 3462 2216 ne
3496 2149 3850 2217 admittant
3881 2151 4023 2217 eius
4043 2152 4344 2236 gratiam.
4390 2150 4626 2216 Verum

2691 2245 2768 2302 ut
2808 2237 2932 2302 sibi
2974 2236 3175 2303 fidem
3217 2236 3584 2315 adstruant,
3626 2236 3932 2320 inprimis
3975 2247 4429 2304 commentum
4469 2231 4628 2303 istud

2690 2322 2968 2406 probare
3008 2342 3274 2389 necesse
3316 2332 3435 2402 est,
3479 2342 3593 2389 eos
3627 2324 3737 2407 qui
3781 2331 3940 2387 sunt
3996 2344 4038 2388 a
4079 2320 4342 2388 Christo
4386 2321 4628 2388 alieub-

2691 2408 2839 2475 simi
2907 2408 3249 2475 comedere
3313 2408 3457 2474 eius
3533 2427 3803 2474 carnem
3875 2408 4058 2492 quasi
4140 2408 4520 2474 exanimem
4573 2417 4634 2471 et

2692 2495 2872 2560 omui
2913 2514 3036 2560 sua
3076 2495 3320 2560 virtute
3362 2492 3661 2559 orbatam
3704 2501 3774 2560 et
3817 2515 4112 2560 vacuam.

2863 2579 3182 2646 Fideliter
3222 2588 3290 2646 et
3332 2580 3578 2664 absque
3617 2579 3766 2646 fuco
3809 2579 4082 2662 exposui
4125 2600 4244 2645 cur
4300 2587 4446 2644 tam
4501 2579 4632 2644 hce-

2691 2664 2895 2731 tiliter
2938 2664 3133 2731 hodie
3173 2665 3513 2733 nobiscum
3558 2663 3893 2732 decertent
3928 2666 4042 2749 qui
4084 2686 4156 2731 se
4209 2666 4470 2730 iactant
4507 2683 4632 2730 eme

2693 2751 2956 2817 Lutheri
2998 2750 3367 2834 discipulos.
3439 2749 3594 2832 Qua
3632 2750 3862 2816 eadem
3902 2750 3984 2816 de
4026 2769 4226 2816 causa
4258 2750 4634 2834 Philippum

2692 2836 3227 2903 Melanchtlionem
3269 2838 3487 2901 virum
3531 2834 3614 2902 ob
3656 2835 4232 2920 incomparabilem
4275 2857 4508 2902 rerum
4537 2856 4634 2917 cp-

2694 2922 3009 2988 timarum
3052 2921 3415 3000 scientiam,
3457 2942 3782 2988 summam
3827 2923 4136 3005 pietatem
4178 2920 4480 3005 aliasque
4516 2920 4636 2986 vir·

2693 3015 2874 3075 tutes
2915 3013 3210 3075 aetatum
3250 3008 3548 3074 omnium
3588 3008 3907 3075 memoria
3951 3006 4245 3093 dignum,
4289 3028 4498 3092 quem
4527 3005 4636 3074 sibi

2693 3094 3086 3179 magistrum
3131 3114 3276 3161 esse
3319 3094 3601 3161 antehac
3642 3093 3916 3178 professi
3952 3102 4126 3171 sunt,
4170 3113 4359 3159 nune
4391 3092 4552 3159 diris
4579 3106 4636 3157 et

2694 3178 3252 3247 exsecrationibus
3291 3188 3628 3246 mortuum
3669 3178 4016 3246 devovent.
4095 3180 4196 3245 Ac
4237 3180 4498 3246 mirum
4535 3186 4639 3253 ct,

2694 3271 2772 3331 ut
2813 3265 2937 3332 sibi
2971 3265 3267 3332 favorem
3311 3265 3674 3348 acquirant,
3717 3273 3856 3330 tam
3898 3263 4178 3349 superbe
4215 3266 4636 3351 Aug-uetante

2694 3351 3123 3418 consessionis
3156 3351 3592 3433 patrocinium
3637 3349 4010 3430 obtendere,
4053 3350 4240 3416 cuius
4282 3359 4490 3417 autor
4511 3350 4640 3434 ipse

2693 3437 2980 3503 maxime
3056 3436 3331 3503 idoneus
3407 3444 3475 3501 et
3548 3434 3722 3502 fidus
3799 3436 4022 3503 debuit
4097 3456 4246 3503 esse
4305 3439 4384 3503 in

2693 3520 3137 3589 Turbulentos
3178 3520 3441 3588 rabulas
3482 3521 3799 3607 intelligo,
3844 3521 4017 3606 apud
4063 3541 4227 3604 quos
4267 3542 4498 3606 neque
4533 3521 4640 3587 hn-

2692 3608 2978 3674 manitas
3034 3628 3248 3691 neque
3307 3608 3521 3693 pudor
3565 3607 3740 3673 ullus
3781 3608 3978 3693 viget.
4057 3607 4231 3673 Nam
4271 3610 4401 3692 qni
4443 3606 4640 3675 excel-

2693 3693 2846 3759 lunt
2886 3693 2959 3758 in
3003 3693 3119 3758 illa
3161 3702 3351 3777 parte
3402 3692 3738 3777 aliquanto
3794 3692 4156 3759 modestius
4211 3691 4344 3760 sibi
4406 3704 4640 3777 tempe-

2691 3787 2863 3844 rant.
2933 3779 3027 3844 Et
3079 3787 3303 3844 tamen
3349 3780 3493 3845 iure
3550 3779 3862 3862 conqueri
3913 3778 4078 3843 mihi
4127 3777 4285 3844 licet
4332 3778 4640 3863 quosdam

2692 3864 3103 3931 illiberaliter
3140 3884 3356 3949 agere,
3400 3862 3561 3930 dum
3603 3884 3845 3930 nomen
3896 3884 4138 3942 meum,
4180 3863 4359 4016 w
4402 3884 4642 3950 germe-

2693 3950 2845 4016 nica
2908 3950 3141 4035 lingua
3201 3950 3694 4034 impetiverant,
3760 3950 3832 4017 iu
3897 3949 4106 4015 latino
4162 3949 4211 4016 li
4405 3970 4642 4035 expun-

2694 4042 2880 4121 gunt.
2915 4038 2970 4111 ⁸)
3055 4036 3205 4102 Hoc
3247 4034 3512 4119 quidem
3555 4034 3756 4102 surdo
3797 4033 4187 4102 maledicere
4227 4044 4354 4102 est.

2867 4120 3123 4188 Verum
3167 4121 3301 4188 illis
3338 4122 3598 4188 omissis
3640 4119 3725 4187 ad
3769 4121 4208 4188 tumultuosos
4259 4121 4642 4188 clamatore

2693 4205 2909 4286 redeo,
2951 4207 3062 4290 qui
3105 4207 3243 4273 fere
3281 4206 3532 4273 similes
3566 4215 3722 4273 sunt
3753 4205 4157 4291 phreneticis
4174 4205 4456 4286 zelotis,
4499 4226 4642 4290 qno-

2695 4314 2846 4360 rum
2902 4291 3075 4376 apud
3120 4291 3479 4377 Iosephum
3537 4294 3618 4358 fit
3672 4291 3936 4368 mentio,
3957 4293 4015 4375 ⁴)
4075 4313 4360 4376 quorum
4417 4293 4642 4359 inten-

2693 4379 2875 4461 perie
2908 4397 3253 4445 accensum
3289 4378 3418 4443 fnit
3449 4382 3784 4444 funestum
3819 4377 4061 4444 bellum
4097 4399 4226 4463 quo
4258 4384 4642 4461 oonsumph

2693 4464 2823 4530 fuit
2863 4463 3128 4530 Iudaea.
3195 4463 3473 4529 Nullum
3514 4464 3799 4530 atrocius
3832 4464 4174 4548 reperiunt
4207 4463 4644 4533 maledictum,

2696 4569 2825 4633 quo
2924 4560 3105 4615 tuam
3184 4547 3668 4616 Celsitudinem
3751 4550 4103 4628 incessant,
4201 4548 4642 4616 illustrissimo

2693 4635 3033 4719 Princeps,
3068 4655 3268 4718 quam
3302 4655 3546 4702 nomen
3566 4633 3979 4702 Calvinismi.
4037 4634 4235 4703 Unde
4267 4655 4436 4703 vero
4469 4642 4644 4700 tants

2694 4719 2830 4786 odii
2893 4721 2964 4785 in
3028 4741 3135 4786 me
3195 4720 3536 4798 acerbitas,
3596 4741 3732 4787 non
3776 4719 4049 4787 obscura
4100 4727 4205 4787 est
4259 4722 4642 4788 conieoenn-

2694 4806 2870 4872 Nam
2927 4826 3131 4890 quum
3205 4806 3526 4872 victoriae
3581 4805 4046 4891 compendium
4101 4806 4174 4872 in
4233 4827 4313 4873 ee
4369 4807 4642 4891 posit-un

2692 4912 2837 4959 esse
2880 4890 3210 4972 duxerint,
3267 4892 3324 4959 si
3375 4912 3684 4976 oppresso
3742 4900 3809 4958 et
3864 4891 4121 4976 sepulto
4176 4912 4420 4959 causae
4476 4900 4640 4958 stete

2692 4978 4038 5149 ffifflfflffiwpffimmffitz.
4057 4976 4538 5130 fflffism'
4396 5064 4474 5129 in
4513 4974 4640 5146 ..³3

2701 5206 2924 5215 ——

2900 5269 2962 5405 {3
2995 5268 3618 5409 ffisswz
3651 5267 3904 5396 ..m
3927 5266 4326 5394 mm&
4354 5336 4638 5403 ..sm
