4900 6125
645 408 775 474 54⁸

644 594 989 748 grincipia,
1053 594 1186 662 duo
1248 595 1566 681 ingenita,
1620 597 1835 698 qualis
1887 597 2017 665 fuit
2058 599 2358 667 Marcion
2372 601 2431 678 ²)
2477 605 2601 701 etc.

644 681 1138 835 mxuma
1154 680 1346 749 docet
1398 691 1468 748 et
1507 682 1807 750 Iustinus
1863 683 2262 751 credendum
2303 706 2465 766 esse,
2529 707 2604 751 1n

1363 767 1603 834 honem
1635 769 1976 849 Iudaeum,
2040 771 2153 837 ubi
2211 771 2413 837 etiam
2468 791 2604 836 non

646 860 917 919 veretur
973 852 1189 918 filium

1313 854 1374 920 ei
1429 853 1645 921 dicere
1709 855 1914 921 alium
1957 857 2175 922 Deum
2231 876 2507 922 numero
2564 874 2605 920 a

646 945 956 1006 creatore.
1043 937 1235 1006 Sicut
1291 946 1360 1005 et
1415 939 1705 1039 Basilius
1780 962 1991 1007 unum
2047 942 2268 1008 Deum
2323 962 2602 1008 numero

645 1043 863 1176 manoe9⁶
845 1031 1247 1194 {segqffssquff
1274 1023 2602 1210 offffpffiissgudriffp‘foi.‘²1¹2's)¹¹2p{rtms1mbpzin⁰d

645 1195 773 1262 hoc
824 1194 1116 1262 defendit
1170 1203 1237 1261 et
1288 1203 1385 1261 ita
1439 1195 1756 1279 loquitur:
1817 1197 2009 1265 Unus
2067 1209 2137 1264 et
2178 1219 2348 1264 unus
2392 1197 2600 1276 Deus,

645 1280 832 1348 Deus
852 1282 1205 1366 ingenitus,
1220 1280 1408 1347 Deus
1426 1282 1828 1366 unigenitus.
1866 1282 1975 1349 De
1995 1292 2183 1366 patre
2205 1291 2275 1349 et
2294 1283 2447 1362 filio,
2468 1303 2602 1349 non

646 1364 777 1432 duo
819 1365 932 1445 dii,
974 1367 1206 1451 inquit,
1250 1366 1368 1432 sed
1389 1365 1575 1434 Deus
1610 1377 1679 1434 et
1699 1369 1897 1435 Deus.
1967 1368 2083 1436 Sic
2124 1371 2194 1435 in
2230 1370 2374 1435 Deo
2409 1377 2602 1453 patre

648 1459 719 1517 et
780 1453 855 1517 in
919 1452 1057 1518 filio
1121 1471 1334 1535 neque
1400 1452 1564 1518 duos
1627 1455 2130 1522 connumerabis
2194 1455 2365 1533 deos,
2448 1456 2603 1539 quia

646 1558 856 1603 unum
897 1547 1174 1623 uterque
1231 1545 1416 1615 sunt,
1483 1559 1692 1622 neque
1749 1540 2152 1625 singularem
2195 1540 2603 1624 praedicabis

644 1624 798 1707 quia
839 1635 1115 1707 uterque
1156 1643 1291 1688 non
1333 1645 1507 1690 uuus
1550 1633 1667 1690 est.
1755 1626 1909 1691 Non
1951 1626 2152 1692 habet
2191 1625 2399 1711 igitur
2437 1625 2601 1693 fides

644 1709 1002 1793 apostolica
1051 1708 1216 1774 duos
1274 1706 1444 1788 deos,
1523 1711 1677 1794 quia
1734 1732 1854 1778 nec
1907 1711 2072 1778 duos
2120 1721 2343 1796 patres
2401 1711 2603 1777 habet

641 1814 767 1861 nec
830 1793 991 1860 duos
1048 1794 1238 1860 filios.
1325 1794 1503 1876 Quin
1560 1802 1627 1861 et
1681 1794 1953 1862 Sabellii
2010 1798 2283 1881 impiam
2347 1797 2601 1881 opinio·

645 1899 802 1945 nem
859 1880 1245 1964 perstringit
1301 1880 1413 1964 qui
1468 1902 1676 1946 unum
1721 1882 1937 1947 Deum
1977 1892 2233 1967 patrem
2277 1891 2347 1949 et
2388 1882 2601 1948 filium

645 2051 1306 2203 assidant}
1331 2050 1511 2203 ¹133.ss
1546 2054 1915 2221 essum...
1953 1968 2606 2206 gaztffizzssss‘ssi'}

646 2222 852 2289 tincte
895 2242 1038 2288 esse
1078 2221 1480 2305 loquendum
1515 2222 1597 2289 de
1631 2232 1816 2307 patre
1853 2232 1921 2290 et
1951 2225 2087 2291 filio
2123 2226 2312 2291 docet
2346 2224 2609 2311 (contra

644 2304 888 2374 Sabell.
933 2309 1119 2374 Tom.
1186 2313 1211 2371 1
1263 2307 1374 2373 fol.
1439 2308 1612 2394 503),
1671 2317 1868 2393 atque
1917 2331 1995 2376 eo
2049 2312 2192 2393 ipso
2236 2310 2606 2378 Sabellium

644 2392 876 2460 cadere
918 2399 986 2459 et
1029 2394 1389 2459 Anomium
1407 2397 1466 2472 8)
1507 2403 1738 2460 contra
1780 2393 1972 2463 dicit:
2059 2397 2254 2465 Unus
2297 2398 2486 2463 Deus
2536 2403 2606 2461 et

643 2487 851 2561 pater,
893 2500 1068 2545 unus
1104 2480 1286 2545 Deus
1328 2487 1398 2545 et
1438 2480 1631 2560 filius,
1677 2501 1810 2546 non
1855 2480 1948 2547 dii
2003 2482 2163 2548 duo:
2225 2503 2380 2548 nam
2428 2483 2603 2564 patri

643 2562 820 2631 filius
873 2565 1108 2630 similis
1150 2575 1267 2631 est.
1356 2565 1511 2631 Non
1555 2566 1732 2631 enim
1774 2566 1970 2633 aliam
2010 2569 2084 2633 in
2126 2577 2314 2653 patre
2358 2565 2601 2633 divini-

643 2657 848 2716 tatem
891 2651 1168 2729 intueor,
1212 2659 1281 2716 et
1317 2650 1514 2716 aliam
1572 2652 1647 2716 in
1702 2652 1856 2732 filio,
1914 2674 2126 2738 neque
2179 2654 2377 2720 aliam
2419 2652 2602 2718 illius

643 2744 711 2801 et
755 2736 950 2802 aliam
995 2736 1194 2802 huius
1235 2743 1540 2801 naturam
1594 2757 1768 2821 pono
1825 2745 1944 2805 etc.
2034 2739 2149 2806 Sic
2193 2740 2602 2805 Athanasius

645 2821 730 2888 ad
750 2822 1130 2906 Epictetum
1174 2829 1244 2886 et
1284 2831 1518 2888 contra
1779 2844 1850 2889 es
1896 2823 2189 2903 Sabellii,
2241 2824 2603 2890 Nazianze-

643 2928 772 2973 nus
813 2915 936 2974 etc.
1021 2905 1159 2973 Sed
1199 2906 1501 2974 videmus
1540 2929 1774 2992 purms
1816 2909 1995 2993 loqui
2037 2910 2243 2976 multo
2287 2908 2369 2975 de
2412 2909 2604 2974 trini-

644 3000 783 3059 tate
847 3013 960 3059 eos
1024 2993 1139 3078 qui
1204 2992 1537 3078 apostolos
1601 2996 1860 3078 sequuti
1927 3005 2101 3076 sunt,
2186 2994 2471 3061 necdum
2511 2994 2607 3059 ita

642 3080 868 3147 variae
910 3080 1215 3146 haereses
1257 3079 1543 3147 mnibus
1576 3082 1716 3146 suis
1747 3082 2094 3148 veritatem
2143 3083 2604 3159 obscurarunt,

646 3164 824 3249 quod
884 3171 1036 3248 post
1099 3164 1350 3230 factum
1414 3173 1517 3232 est
1578 3186 1620 3231 a
1681 3168 2168 3250 posterioribus.
2259 3167 2606 3233 Obiiciunt

647 3248 945 3335 quidam:
1013 3249 1092 3316 Si
1125 3248 1310 3317 Deus
1344 3263 1445 3317 est
1477 3273 1649 3318 unus
1682 3252 1797 3335 qui
1839 3261 1940 3318 est
1978 3261 2185 3337 pater,
2230 3272 2389 3336 ergo
2423 3252 2606 3318 filius

647 3338 836 3403 Deus
901 3354 1036 3401 nou
1099 3346 1201 3401 est
1264 3336 1469 3402 Deus.
1569 3336 1754 3403 Satis
1822 3339 2231 3423 respondisse
2294 3344 2607 3422 putamus

648 3420 1133 3487 Tertullianum
1190 3422 1262 3485 in
1326 3422 1493 3488 libro
1558 3422 1639 3488 de
1681 3423 2012 3489 'l'rinitate
2068 3434 2136 3489 et
2198 3424 2398 3489 alias:
2463 3432 2605 3488 tum

647 3507 950 3573 Hilarius
1013 3506 1124 3572 lib.
1193 3511 1252 3572 9.
1321 3508 1403 3573 de
1445 3508 1770 3574 Trinitate
1835 3509 1943 3575 sol.
2019 3514 2156 3575 176.
2224 3518 2290 3576 et
2345 3509 2604 3576 caeteri.

649 3591 1216 3674 Quemadmodum
1283 3593 1460 3658 enim
1512 3592 1706 3673 filius,
1771 3595 1882 3678 qui
1939 3605 2213 3661 vocatur
2256 3594 2606 3671 Dominus,

648 3696 787 3743 non
830 3679 1082 3744 auferat
1125 3679 1297 3762 patri
1341 3679 1691 3762 quominus
1734 3681 1822 3745 sit
1864 3682 2061 3745 etiam
2098 3681 2443 3758 Dominus,
2509 3679 2608 3742 ita

646 3771 852 3844 pater,
888 3766 1002 3848 qui
1035 3785 1212 3829 unus
1233 3764 1417 3830 Deus
1450 3763 1694 3831 dicitur
1712 3765 1847 3831 filio
1869 3766 2284 3833 divinitatem
2320 3786 2452 3831 non
2490 3763 2605 3828 ab·

647 3849 853 3925 stulit,
922 3870 1118 3933 quem
1175 3849 1396 3915 Deum
1454 3870 1539 3915 ex
1594 3872 1667 3916 se
1722 3850 2069 3934 praevidit.
2158 3849 2601 3932 Quemadmo-

648 3934 809 4000 dum
850 3955 972 4001 nec
1013 3933 1209 4011 filius,
1254 3937 1367 4018 qui
1407 3937 1593 4002 Deus
1636 3935 1878 4002 dicitur
1920 3936 2114 4003 Rom.
2160 3943 2219 4002 9.
2259 3936 2493 4001 Ioann.
2542 3939 2603 3998 5.

646 4020 878 4087 Ioann.
923 4024 1024 4085 20.
1071 4020 1182 4097 (de
1245 4020 1383 4085 solo
1437 4022 1613 4085 enim
1658 4020 1921 4088 Christo
1963 4022 2207 4088 dicitur
2259 4022 2385 4097 ibi)
2425 4019 2604 4103 patri

648 4106 1058 4172 divinitatem
1117 4105 1350 4172 aufert.
1437 4104 1552 4172 Sic
1618 4105 1699 4171 de
1762 4106 1900 4173 solo
1963 4107 2101 4173 filio
2168 4107 2407 4173 dicitur
2450 4108 2602 4171 Act.

649 4196 762 4257 20:
876 4191 1219 4275 Sanguine
1281 4191 1411 4257 Dei
1486 4190 1787 4257 mundati
1863 4214 2089 4260 sumus
2153 4193 2196 4258 i.
2276 4213 2334 4258 e.
2399 4190 2603 4257 solius

645 4277 921 4357 Christi,
967 4296 1105 4341 non
1143 4276 1373 4358 patris,
1416 4286 1485 4342 et
1525 4286 1746 4342 tamen
1790 4298 1866 4344 eo
1909 4276 2221 4345 divinitas
2258 4277 2434 4361 patri
2467 4296 2603 4341 non

646 4364 1000 4429 auferetur.
1067 4361 1175 4426 Ita
1211 4361 1442 4428 Ioann.
1486 4366 1558 4427 3:
1625 4361 1739 4430 Sic
1774 4361 1962 4429 Deus
1995 4363 2228 4428 dilexit
2258 4362 2602 4439 mundum,

647 4449 690 4515 i.
735 4470 790 4515 e.
834 4457 1039 4534 pater,
1107 4455 1185 4512 ut
1239 4447 1454 4513 filium
1507 4446 1695 4512 daret
1743 4449 1855 4531 qui
1906 4448 2084 4515 solus
2128 4448 2326 4514 habet
2366 4446 2601 4525 filium,

645 4544 715 4601 et
756 4543 979 4600 tamen
1023 4531 1148 4600 hoc
1187 4533 1331 4600 loco
1372 4553 1493 4599 nec
1535 4555 1576 4599 a
1608 4532 1949 4599 divinitate
2003 4534 2179 4600 filius
2210 4532 2605 4613 excluditur,

648 4641 770 4687 nec
813 4639 854 4684 a
895 4618 1242 4686 dilectione
1298 4638 1426 4704 qua
1478 4639 1599 4684 nos
1657 4621 1857 4685 etiam
1914 4640 2173 4685 summa
2229 4618 2466 4684 dilexit
2528 4628 2604 4681 ut

648 4707 854 4773 vitam
920 4704 1112 4771 daret
1175 4725 1296 4788 pro
1358 4704 1568 4783 nobis,
1629 4713 1708 4771 ut
1741 4705 2025 4772 Ioannes
2082 4715 2153 4770 et
2209 4703 2466 4770 Paulus
2528 4703 2603 4767 in

649 4791 797 4857 aliis
861 4789 1020 4858 locis
1083 4796 1431 4857 testantur.
1518 4788 1636 4857 Sic
1678 4790 1985 4858 Christus
2039 4790 2328 4874 loquitur
2384 4788 2468 4855 de
2531 4809 2604 4855 se

649 4876 816 4944 solo:
881 4876 1249 4960 Antequam
1289 4874 1628 4942 Abraham
1667 4877 1856 4943 fieret
1894 4896 2016 4960 ego
2058 4897 2224 4955 sum,
2269 4883 2340 4941 et
2379 4886 2603 4940 tamen

649 4982 786 5027 non
824 4970 1107 5046 negatur
1141 4982 1219 5027 eo
1254 4962 1396 5029 loco
1428 4971 1683 5045 patrem
1715 4962 1917 5028 fuisse
1950 4969 2104 5028 ante
2123 4960 2605 5038 Abrahamum,

652 5047 784 5112 imo
826 5068 948 5113 nec
991 5046 1154 5124 Noc,
1212 5069 1333 5115 nec
1378 5047 1593 5114 Adam
1635 5047 2019 5115 excluditur.
2108 5047 2203 5115 Ut
2245 5068 2402 5132 ergo
2444 5066 2608 5112 vera

643 1965 1021 2048 praedicare
1083 1965 1288 2049 impia
1339 1967 1719 2034 confusione
1777 1987 1975 2034 ausus
2036 1977 2140 2035 est
2193 1977 2312 2035 etc.

858 5316 896 5370 8
947 5264 1218 5387 ῗομοων.

2145 411 2675 483 ΕΡΙΒΤΟῙΔΕ
2716 412 3142 479 3857-3858

4508 423 4608 486 544

2704 597 2969 666 trinitas
3001 620 3138 666 non
3172 601 3442 668 confusa
3475 599 3798 668 credenda
3829 607 3950 681 est,
3986 601 4083 668 ita
4159 623 4323 669 uum
4343 602 4613 672 distincte

2703 684 2993 769 loquitur
3033 687 3367 772 scriptura
3406 687 3488 753 de
3530 687 3678 753 Deo
3729 695 3935 772 patre,
4001 687 4083 754 de
4198 689 4264 755 io
4299 689 4457 764 Deo,
4493 691 4615 756 Deo

2703 790 2790 836 ex
2830 770 2995 850 Deo,
3036 769 3120 838 de
3158 772 3399 857 spiritu
3453 779 3678 841 sancto
3718 773 3883 851 Deo,
3937 793 4073 839 non
4114 775 4470 858 corrumpit
4504 795 4615 840 unc

2703 854 2847 922 loco
2891 855 3113 1008 alffim,
3155 879 3369 943 neque
3427 859 3682 925 anmhil'
3639 859 3653 874 '
3683 867 3754 925 at
3805 857 4116 926 divinitas
4168 862 4377 944 pmas‘
4419 859 4619 927 divini-

2703 948 2907 1008 tatem
3024 943 3069 1007 ii
3112 951 3234 1010 etc.

2876 1026 3014 1094 Sed
3055 1029 3188 1094 iam
3252 1029 3446 1113 plura
3485 1051 3620 1095 non
3663 1049 3928 1113 possum
3972 1037 4255 1114 urgente
4292 1028 4619 1106 tabellario,

2701 1132 2825 1177 nec
2865 1119 3027 1197 puto
3071 1135 3262 1199 posse
3303 1115 3529 1182 literas
3570 1125 3944 1181 nostrorum
3988 1115 4621 1199 superintendentum

2703 1207 3122 1281 praevertere
3162 1201 3326 1267 istas
3351 1202 3588 1284 quibus
3630 1210 3871 1286 rogant
3912 1209 3990 1267 ut
4008 1199 4394 1269 Stancarico
4433 1200 4621 1268 libello

2702 1284 2904 1350 misso
2960 1284 3044 1351 ad
3108 1306 3230 1351 vos
3287 1286 3747 1370 respondeatis.
3834 1284 4047 1352 Video
4102 1288 4463 1353 Dominum
4520 1288 4623 1354 hoc

2704 1370 2847 1435 eius
2909 1369 3245 1437 Iudaismo
3320 1372 3491 1438 velle
3562 1393 3925 1456 repurgare
3995 1371 4301 1440 ecclesiae
4380 1381 4623 1438 nostras.

2704 1452 2883 1521 Sunt
2944 1457 3312 1523 cantilenae
3372 1458 3668 1541 impurae
3732 1457 4051 1541 quaedam
4113 1466 4180 1523 et
4221 1456 4627 1536 Sabellianae,

2701 1539 2816 1605 ubi
2880 1542 3148 1608 trinitas
3201 1543 3469 1610 confusa
3524 1544 3874 1609 invocatur
3914 1562 4034 1629 per
4074 1543 4423 1609 Christum
4461 1562 4627 1627 quar·

2704 1632 2868 1690 tum.
2934 1628 3227 1693 Trinitas
3268 1637 3543 1713 rogatur
3575 1650 3693 1711 pro
3736 1629 3975 1713 spiritu
4008 1649 4127 1695 suo
4162 1637 4413 1706 sancto,
4452 1649 4631 1712 quum

2704 1721 2964 1777 tantum
3029 1714 3237 1798 patris
3301 1723 3369 1779 et
3430 1713 3553 1779 filii
3616 1715 3886 1798 spiritus
3938 1715 4041 1780 sit.
4129 1714 4479 1780 Trinitatis
4533 1714 4633 1779 filii

2706 1796 3004 1878 dicimur,
3070 1819 3272 1883 quum
3331 1821 3506 1865 unus
3562 1800 3650 1865 sit
3703 1809 3891 1883 pater
3932 1807 4172 1878 noster,
4217 1799 4527 1867 Christus
4560 1799 4635 1864 sit

2704 1883 2912 1948 frater
2950 1893 3018 1949 et
3059 1904 3183 1950 nos
3221 1884 3518 1950 membra
3558 1885 3720 1951 eius.
3810 1884 3987 1951 Sunt
4030 1885 4329 1970 plerique
4372 1886 4634 1951 ministri

2706 1968 2861 2033 boni
2920 1970 3048 2036 viri
3108 1972 3221 2053 qui
3275 1970 3404 2036 hoc
3458 1991 3595 2036 non
3658 1970 4055 2053 intelligunt.
4141 1970 4467 2037 Monendi
4506 1989 4635 2052 ergo

2706 2062 2871 2119 sunt
2910 2062 2980 2120 et
3022 2054 3305 2139 urgendi
3348 2063 3423 2121 ut
3470 2055 3707 2140 psalmi
3773 2056 3899 2122 soli
3939 2075 4060 2140 pro
4124 2056 4477 2122 cantilenis
4516 2056 4637 2120 ἱεᾱε

2704 2138 3214 2207 introducantur
3254 2142 3325 2206 in
3348 2141 3653 2209 ecclesias
3675 2151 3935 2208 nostras
3975 2149 4043 2208 et
4085 2140 4403 2209 distincte
4435 2140 4639 2207 doce·-

2706 2234 2816 2290 tur
2859 2224 2941 2291 de
2982 2226 3299 2292 trinitate.

2876 2310 3066 2396 Rogo
3107 2332 3227 2395 per
3259 2311 3484 2378 Iesum
3503 2310 3849 2379 Christum
3882 2320 3976 2393 ut,
4020 2313 4079 2379 si
4111 2334 4242 2397 qua
4278 2312 4355 2377 in
4394 2333 4465 2378 re
4498 2331 4639 2388 erro,

2704 2396 2815 2462 hic
2881 2396 3169 2464 doceatis
3234 2417 3355 2464 nos
3420 2397 3727 2464 docentes
3790 2398 3898 2482 pie
3962 2405 4033 2463 et
4087 2404 4331 2478 sancte,
4396 2406 4473 2464 ut
4510 2397 4645 2463 Iesu

2708 2480 2964 2549 Christi
3026 2482 3383 2566 praecipua
3445 2503 3709 2568 organa,
3776 2491 3843 2549 et
3904 2482 4075 2549 mihi
4139 2505 4181 2549 a
4220 2483 4308 2550 D.
4352 2504 4404 2550 a
4444 2483 4643 2558 Laeuo,

2704 2567 2822 2632 illo
2856 2568 3275 2633 ornatissimo
3307 2569 3471 2648 viro,
3518 2568 3972 2635 commendata
4013 2589 4294 2637 veneror
4326 2579 4403 2635 et
4624 2569 4638 2580 ”

2706 2652 2893 2718 facio.
2910 2657 2966 2729 ⁴)
3050 2652 3471 2736 Respondete
3514 2675 3671 2720 vero
3712 2654 3908 2721 citius
3949 2675 4034 2720 ne
4074 2653 4234 2738 quid
4268 2589 4645 2721 malim

2709 2739 2809 2804 sia
2851 2737 3111 2816 habeat,
3171 2751 3238 2804 et
3277 2740 3376 2804 ita
3418 2738 3680 2823 quidem
3724 2746 3801 2804 ut
3843 2739 4091 2806 nullius
4133 2748 4509 2823 respectum
4546 2738 4646 2803 ha·

2708 2824 2941 2902 beatis,
3000 2823 3250 2891 nullius
3291 2824 3558 2909 gloriae,
3601 2836 4067 2909 praeterquam
4109 2825 4241 2891 Dei
4282 2833 4357 2891 et
4398 2823 4647 2891 Domini

2709 2909 2869 2976 Iesu
2899 2909 3151 2977 Christi
3194 2908 3529 2990 studeatis,
3577 2918 3646 2976 et
3685 2919 3911 2978 cavete
3948 2931 4035 2977 ne
4069 2910 4371 2996 gladium
4404 2917 4647 2978 sumant

2709 2995 2940 3061 furiosi
3000 2996 3113 3079 qui
3167 3016 3240 3063 se
3290 3005 3517 3061 vestra
3569 2997 3918 3063 autoritate
3975 3003 4265 3064 tuentur.
4352 2995 4419 3064 E
4552 3016 4649 3063 ex·

2709 3090 2931 3164 specto
2974 3102 3359 3165 responsum
3402 3089 3696 3149 vestrum
3741 3102 3894 3150 cum
3945 3103 4204 3149 summo
4245 3017 4585 3150 desidffiio.
4606 3085 4649 3157 ⁵)

2709 3167 3039 3233 Dominus
3079 3168 3269 3234 vobis
3302 3166 3645 3235 benedicat
3686 3174 3758 3233 et
3798 3167 4034 3252 spiritu
4074 3189 4198 3236 suo
4228 3176 4443 3253 regat.
4512 3167 4651 3235 Cn·

2711 3252 2936 3321 coviae
2978 3256 3083 3319 24.
3130 3251 3501 3338 Septembr.
3554 3257 3737 3320 1562.

3475 3390 3716 3455 Frater
3756 3397 3979 3457 vester
4021 3412 4105 3457 ex
4148 3389 4374 3456 animo
4409 3396 4581 3458 totus

3696 3475 4061 3560 Gregorius
4104 3476 4363 3543 Paulus

3392 3559 3704 3628 dioecesis
3747 3559 4206 3627 Cracoviensis
4249 3563 4652 3647 superinten-

3507 3644 3671 3712 dens
3705 3654 3774 3711 et
3806 3646 4110 3713 minister
4144 3646 4527 3715 Cracoviae.

2858 3814 3213 3899 Perlegere
3255 3814 3454 3880 etiam
3501 3836 3632 3881 non
3770 3832 3777 3841 ·

2859 3899 3061 3966 licuit.
3129 3899 3474 3985 Ignoscite.

2909 4188 2973 4325 ἐξ
3001 4204 3359 4327 ”Sg‘aeipmm
3390 4259 3555 4314 man
3590 4258 3839 4314 Seniores
3873 4266 3932 4314 et
3946 4261 4183 4316 ministri
4214 4262 4277 4315 in
4309 4262 4521 4333 synodo
4544 4260 4653 4315 Pin·

2704 4327 2947 4382 coviensi
2992 4327 3216 4381 minoris
3251 4327 3512 4382 Polcniae
3554 4343 3657 4382 con
3826 4329 3871 4381 ti
3952 4329 4315 4385 insessoribus
4580 4331 4591 4341 “

2704 4395 3111 4519 ἓὲἷέεῗῖἓὲ
3144 4397 3411 4519 5⁰⁰11¹1.‘⁸¹⁸⁶'
3382 4397 4338 4534 ,at'ssffffl'a-dew
4375 4416 4547 4481 ⁹¹¹⁶·-
4576 4414 4652 4521 ἓ
