4900 6125
590 387 727 453 499

591 578 936 658 receptum
995 572 1196 639 fuerit
1260 572 1680 653 Gabilunum,
1710 575 1770 652 ⁸)
1832 593 1908 640 ac
1970 573 2306 639 munitum
2370 573 2565 639 firmo

594 659 942 746 praesidio,
985 659 1320 744 navigatio
1363 680 1483 744 per
1522 659 1794 726 Ararim
1837 667 1981 727 tuta
2014 662 2158 741 erit,
2202 681 2370 744 quae
2412 679 2569 742 sup-

595 745 850 831 peditet
888 745 1141 830 largam
1186 746 1547 813 multarum
1582 766 1806 812 rerum
1845 746 2116 830 copiam.
2184 744 2369 812 Hoeo
2403 765 2567 812 vera

595 833 726 897 erit
766 831 948 897 urbis
990 830 1302 898 custodia.
1391 831 1643 898 Verum
1679 830 1860 896 aliud
1895 830 2282 915 postulatur,
2328 837 2404 897 ut
2446 852 2566 916 pa-

595 923 744 983 cato
787 916 902 982 illo
960 924 1198 996 tractu,
1241 915 1414 1001 quod
1475 917 1659 983 nullo
1701 917 1965 1002 negotio
2008 918 2139 996 fiet,
2184 924 2364 983 recta
2407 937 2566 984 con·

591 1000 871 1068 tendant
913 999 998 1067 ad
1045 1001 1426 1084 Principem.
1515 1003 1597 1069 Id
1631 1024 1789 1070 vero
1831 1023 1904 1069 se
1946 1003 2231 1069 facturos
2273 1003 2564 1087 pertina-

591 1088 760 1154 citer
801 1095 1065 1173 negant,
1106 1108 1225 1154 nec
1268 1097 1485 1172 potest
1517 1098 1786 1155 senatus
1820 1088 2057 1156 adduci
2089 1096 2166 1154 ut
2200 1089 2561 1173 permittat.

593 1172 930 1256 Quorsum
987 1194 1143 1257 ergo
1200 1194 1364 1257 opus
1407 1175 1532 1241 fuit
1577 1174 1820 1241 vexilla
1871 1173 2152 1241 efferre?
2240 1174 2562 1258 Princeps

591 1259 737 1344 ipse
794 1280 1006 1344 nuper
1063 1260 1476 1344 significavit,
1536 1281 1768 1326 rursus
1828 1281 1899 1326 se
1968 1260 2293 1344 dispersas
2342 1262 2564 1345 copias

595 1344 902 1429 colligere
961 1352 1027 1409 et
1085 1345 1220 1412 fore
1281 1347 1467 1412 brevi
1511 1344 1805 1412 validum
1850 1347 2229 1413 exercitum.
2316 1346 2564 1413 Hostes

596 1429 792 1497 valde
851 1431 1088 1495 terruit
1136 1431 1504 1515 Anglorum
1566 1431 1910 1510 adventus,
1930 1433 1988 1516 ⁴)
2046 1433 2159 1516 qui
2215 1433 2288 1497 in
2345 1432 2565 1498 media

595 1516 961 1583 Normania
1007 1516 1135 1580 iam
1195 1525 1409 1582 castra
1466 1539 1588 1583 sua
1629 1515 1948 1596 locarunt,
1994 1526 2060 1583 et
2103 1518 2289 1583 brevi
2333 1539 2404 1584 se
2447 1518 2564 1582 ad-

595 1601 878 1686 iungent
923 1601 1123 1668 Scoti.
1212 1602 1442 1686 Itaque
1487 1603 1735 1689 Reyina
1778 1604 2021 1670 iterum
2066 1604 2147 1669 ad
2192 1624 2345 1670 suas
2389 1611 2566 1671 artes

597 1707 920 1753 conversa
964 1687 1213 1771 legatos
1271 1687 1351 1753 de
1395 1709 1553 1771 pace
1599 1689 1928 1756 subornat.
2019 1688 2170 1772 Qua
2214 1698 2435 1756 tamen
2484 1688 2565 1755 de

595 1794 670 1838 re
737 1772 1161 1838 Admiraldus
1225 1794 1490 1840 securos
1555 1795 1674 1839 nos
1753 1795 1896 1840 esse
1980 1775 2180 1841 iubet.
2293 1775 2567 1841 Auxilia

596 1877 768 1942 quae
824 1879 907 1923 ex
955 1857 1315 1924 Germania
1371 1861 1798 1945 speravimus,
1815 1862 1873 1940 ⁵)
1940 1862 2067 1926 nisi
2133 1861 2339 1941 fallor,
2408 1882 2565 1927 eva-

596 1953 886 2022 nescent,
943 1945 1094 2027 quia
1150 1965 1473 2028 nusquam
1519 1955 1780 2029 reperta
1823 1954 1924 2013 est
1967 1947 2264 2030 pecunia.
2351 1945 2563 2014 Sena-

593 2037 706 2096 tus
750 2037 975 2095 noster
1030 2030 1370 2095 mandavit
1412 2031 1676 2098 Budaeo
1704 2037 1755 2110 θ)
1800 2041 1876 2097 ut
1932 2031 2270 2098 duodecim
2334 2053 2565 2098 aureo-

592 2136 743 2181 rum
786 2114 994 2180 millia
1036 2115 1141 2181 vel
1185 2116 1484 2182 Basileus
1528 2116 1633 2182 vel
1680 2119 2087 2203 Argentinae
2129 2127 2561 2185 mutuaretur.

595 2198 672 2267 Si
718 2200 888 2266 idem
933 2201 1080 2266 aliis
1123 2201 1353 2268 fuisset
1388 2203 1668 2280 animus,
1713 2203 1945 2286 quibus
1989 2204 2183 2289 longe
2216 2205 2430 2269 maior
2466 2212 2565 2269 est

591 2286 889 2367 facultas,
934 2308 1071 2352 non
1116 2287 1210 2352 ita
1253 2310 1544 2354 essemus
1589 2288 1903 2356 destituti.
1993 2291 2355 2373 Rogaudue
2404 2312 2478 2355 er
2525 2312 2563 2355 o

591 2372 779 2438 Deus
824 2379 926 2437 est
969 2382 1046 2437 ut
1100 2373 1364 2439 aliunde
1420 2375 1606 2440 nobis
1658 2377 2027 2460 prospiciat.
2117 2377 2381 2461 Regina
2497 2399 2565 2441 α·

589 2479 822 2524 varrae
839 2462 895 2538 ⁷)
932 2457 1243 2525 mediocri
1281 2460 1577 2527 exercitu
1611 2460 1934 2526 instructa
1967 2469 2087 2540 est,
2132 2464 2245 2544 qui
2289 2460 2372 2526 ad
2407 2482 2561 2545 par-

589 2551 726 2609 tem
785 2545 1182 2627 Aquitaniae
1233 2545 1657 2612 retinendam
1711 2548 2012 2613 sufficiat.
2114 2547 2370 2614 Verum
2429 2547 2560 2614 nisi

589 2631 988 2696 accesserint
1031 2651 1200 2697 nova
1253 2630 1517 2711 auxilia,
1564 2631 1854 2697 nondum
1898 2655 2023 2718 par
2065 2643 2166 2699 est
2207 2633 2291 2698 ad
2333 2633 2561 2700 hostes

591 2714 1033 2781 invadendos:
1089 2716 1261 2799 quod
1316 2725 1539 2782 tamen
1608 2718 1897 2784 maxime
1952 2719 2310 2803 optandum
2365 2727 2557 2799 esset,

586 2809 667 2866 ut
709 2810 884 2867 esset
936 2800 1021 2867 ad
1064 2822 1386 2867 summam
1445 2804 1542 2868 rei
1587 2805 1881 2886 apprime
1935 2805 2116 2870 utile.
2205 2806 2298 2870 Et
2340 2803 2562 2870 dolen·

590 2884 747 2952 dum
793 2897 895 2952 est
960 2887 1253 2952 nondum
1313 2908 1502 2972 posse
1560 2889 1828 2973 reprimi
1885 2892 2228 2958 saevitiam
2285 2899 2560 2956 senatus

585 2972 992 3053 Tolosani,⁸)
1044 2974 1157 3056 qui
1212 2992 1415 3039 manu
1458 2975 1780 3041 carnificis
1823 2996 2024 3060 supra
2068 2983 2396 3042 trecentos
2440 2976 2559 3041 ho-

586 3058 803 3126 mines
855 3058 1212 3143 locupletes
1271 3068 1340 3126 et
1393 3058 1722 3139 honestos,
1783 3063 2037 3129 nobiles
2080 3064 2279 3128 etiam
2337 3069 2405 3128 et
2447 3064 2560 3146 qui

596 3144 878 3228 publicis
928 3146 1313 3213 muneribus
1379 3147 1594 3214 functi
1658 3158 1851 3213 erant
1913 3148 2168 3215 occidit.
2261 3146 2340 3215 Si
2399 3147 2560 3231 quid

588 3229 813 3297 valere
856 3238 922 3296 te
964 3231 1316 3298 autoritate
1360 3232 1584 3299 videas
1628 3232 1710 3298 ad
1745 3232 2222 3319 impellendum
2255 3234 2559 3300 Beruen-

587 3334 733 3382 sem
777 3323 1098 3396 senatum,
1144 3324 1222 3382 ut
1257 3338 1407 3384 suos
1449 3319 1694 3385 milites
1753 3318 1837 3385 ad
1884 3319 2401 3404 Prindpm‚⁴ire
2444 3341 2561 3403 pa-

587 3402 814 3482 tiatur,
875 3402 1142 3469 obsecro
1200 3404 1468 3482 enitere,
1527 3406 1682 3488 quia
1736 3406 1795 3470 si
1839 3404 2090 3471 diutins
2145 3405 2561 3489 protrahitur

587 3486 835 3554 bellum
877 3508 1011 3554 una
1052 3508 1204 3556 cum
1246 3510 1452 3574 regno
1496 3511 1728 3558 sumus
1765 3512 2031 3576 pessum
2075 3490 2231 3557 dati.
2282 3491 2559 3557 Utinam

794 3794 857 3859 3)
896 3796 1203 3853 Montbrun
1249 3797 1435 3853 urbem
1482 3797 1800 3863 defenderat
1844 3802 2036 3852 eontra
2096 3794 2402 3865 Taoannee,
2463 3795 2560 3852 sed

575 3863 736 3934 prid.
780 3862 895 3919 Col.
933 3865 1065 3920 Iun.
1102 3866 1316 3922 dedidit
1351 3865 1457 3929 (N.
1493 3865 1648 3920 3802.
1687 3866 1839 3922 Hm.
1873 3866 1994 3921 eccl.
2031 3863 2129 3919 ΠΙ.
2162 3864 2301 3928 408).

794 3932 856 4000 4)
889 3933 1136 3989 Foedere
1167 3937 1276 3990 icto
1309 3935 1395 3990 20.
1433 3935 1583 4004 Sept.
1613 3935 1901 3989 Gondaeus
1929 3934 2130 4001 Anatis
2164 3934 2396 3988 Portum
2427 3949 2559 4003 qra-

587 4002 701 4057 τίω
734 4005 1012 4067 concessit,
1054 4009 1108 4058 et
1149 4004 1392 4059 υίοίεσὲηι
1439 4006 1647 4072 occepit
1693 4001 1833 4057 3000
1865 4003 2064 4056 milites
2095 4007 2148 4057 et
2182 4002 2373 4058 10000
2406 4019 2562 4059 coro-

586 4076 753 4126 natos
777 4084 995 4195 ἷκτοῦε.
1011 4072 1348 4194 Βέὸίὲαυιᾱοπ,
1385 4073 1537 4130 Εῑίε.
1570 4071 1656 4127 61.
1696 4071 1909 4127 Soldan
1941 4071 2009 4125 11.
2048 4070 2117 4123 70
2150 4043 2274 4141 ete}

797 4140 859 4275 εἷ
899 4180 1035 4278 R'eq.
1088 4181 1166 4264 αεὶ
1202 4208 1420 4266 omen
1460 4208 1515 4265 4.
1558 4208 1646 4263 28.
1693 4211 1841 4279 Any.
1884 4206 1938 4263 8.
1988 4208 2135 4278 Sept.
2181 4215 2233 4265 ιε
2277 4208 2434 4277 infra
2481 4208 2562 4265 N.
2669 4198 2780 4263 (Ex

806 4343 868 4413 7)
905 4344 1130 4401 Lutetia
1171 4363 1241 4401 m.
1283 4347 1429 4403 Iulio
1474 4347 1652 4402 medio
1683 4346 1875 4401 relicta
1920 4360 2082 4400 mam
2115 4345 2377 4402 ditionem
2410 4361 2567 4416 repe-

595 4415 703 4481 tiit,
737 4430 878 4482 pour
911 4431 945 4482 y
981 4416 1135 4468 vivre
1171 4415 1204 4468 ὁ
1239 4416 1294 4469 la
1327 4416 1626 4479 calviniste,
1662 4431 1866 4483 noym
1899 4415 2161 4470 nobdium
2196 4417 2440 4471 virorum
2476 4432 2568 4471 co-

597 4488 754 4537 terva
800 4485 1024 4552 stipata.
1107 4483 1260 4539 Fata
1302 4487 1422 4539 eius
1468 4487 1531 4539 in
1574 4485 1676 4540 hoe
1709 4486 1917 4549 itinere,
1953 4484 2050 4539 ubi
2080 4486 2226 4538 inter
2259 4485 2377 4539 clia
2412 4484 2569 4554 apud

596 4552 827 4607 neodem
862 4555 1041 4607 omo·
1080 4552 1347 4609 Goumont
1389 4554 1457 4609 de
1489 4557 1548 4609 la
1584 4554 1764 4609 For-ee
1797 4554 1982 4608 norbo
2013 4561 2263 4622 correpta
2296 4555 2565 4624 almon·

597 4619 702 4675 diu
734 4620 958 4675 merere
991 4628 1181 4678 coacta
1209 4623 1322 4689 fuit
1373 4624 1598 4678 insidiis
1631 4624 1742 4678 σῶα·
1755 4624 1978 4677 structis
2010 4637 2172 4690 neore
2203 4623 2409 4691 vitatu,
2439 4623 2567 4692 plu·

596 4690 758 4745 nm
811 4696 1014 4744 narrat
1063 4691 1269 4753 Mum,
1321 4666 1448 4746 hae.
1503 4691 1570 4745 ae
1615 4690 1670 4745 J.
1706 4690 1966 4746 &Alba-t.
2014 4691 2076 4744 Ρ.
2129 4689 2279 4745 1882.
2335 4705 2391 4760 p.
2447 4691 2568 4745 128.

597 4757 1037 4826 Πᾶσα-Βαναία·
1080 4758 1118 4813 1.
1155 4759 1240 4815 99.
1309 4761 1362 4814 Δ
1409 4760 1644 4815 subditis
1683 4762 1747 4815 in
1780 4760 1975 4815 Bearn
2006 4763 2247 4815 mantino
2279 4776 2399 4816 em
2432 4777 2570 4830 qau-

594 4826 691 4884 ⁴⁸⁰
724 4828 1208 4975 Ἥεῧῖαᾷεα.
1246 4896 1338 4951 111.
1371 4896 1469 4951 31.-
1539 4897 1688 4952 eeu
1723 4897 1792 4951 (ιο
1848 4898 1902 4950 ι.
1938 4898 2082 4993 cour
2135 4896 2230 4962 (aa
2269 4897 2566 4966 Τοκιοιωι)

600 4974 1117 5113 &mame
1130 4966 2569 5118 ³2¹?m‘033543ffiffsst.312¹3052‘ffi·a.m

601 5118 823 5169 msques
876 5120 946 5156 au
971 5105 1228 5185 'nombre
1272 5105 1342 5159 de
1388 5102 1501 5185 22..
1530 5121 1667 5157 σιω
1701 5121 1864 5167 aussi,
1910 5104 2174 5186 quelques
2217 5120 2320 5158 uns
2366 5122 2462 5175 qm
2499 5122 2569 5159 ne

599 5170 728 5359 {32²1}
758 5172 2454 5315 tmfflxss:2:⁸⁸32502333323.Q:;22{‚:.⁰¹03¹332‘03.“3322
2476 5174 2569 5298 ‘'ii-f

628 5313 788 5361 urent
820 5308 891 5363 de
924 5308 960 5364 8
993 5310 1030 5364 a
1063 5308 1169 5363 400
1201 5317 1296 5366 etc.
1329 5311 1617 5381 (martyre
1644 5312 1740 5378 fol.
1777 5310 1881 5364 666
1915 5310 1994 5379 v.)

2091 379 2629 451 EPISTOLAE
2668 381 3101 448 3836-3838

4496 385 4603 450 500

2677 569 2875 637 domo
2922 591 3265 655 nunqnam
3308 571 3557 657 egressi
3599 578 3837 638 essent.
3928 569 4068 638 Sed
4134 590 4256 655 pro
4304 577 4419 637 tua
4470 593 4605 656 pru-

2670 656 2893 723 dentia
2935 657 3205 724 coniicis
3257 666 3577 742 quantum
3619 656 3882 723 intersit
3922 656 4007 725 ad
4050 656 4295 723 famam
4337 657 4491 724 belli
4520 659 4607 744 ip-

2667 762 2775 808 sos
2808 763 2942 809 non
2986 740 3348 812 discedere:
3394 744 3547 823 imo,
3594 742 3651 810 si
3702 742 3950 828 proelio
3994 741 4477 810 decernendum
4504 753 4605 823 est,

2667 847 2803 894 non
2841 828 3069 912 procul
3103 828 3347 896 abesse.
3411 830 3525 896 Ex
3569 829 3927 897 Germanis
3960 828 4095 896 solo
4178 829 4428 910 tariis⁸)
4468 851 4607 914 quos

2666 913 2893 981 hostes
2934 915 3388 982 conduxerant
3430 914 3751 982 vexillum
3794 936 4002 980 unum
4174 936 4293 981 nos
4337 916 4597 982 transiit:

2668 999 2781 1065 alii
2816 1000 3087 1085 polliciti
3128 1008 3288 1066 sunt
3327 1021 3400 1067 se
3441 1021 3574 1067 non
3619 1001 4056 1068 conflictui-os.
4146 1000 4392 1067 Gallici
4436 1001 4607 1068 etism

2667 1086 3035 1257 {zpitapttrgq
3049 1086 3528 1237 praeiudiciu}
3582 1085 3933 1186 Gai-§ianoe
3986 1085 4181 1237 valdte
4235 1085 4471 1186 anxios
4506 1087 4607 1153 ha-

2780 1220 2796 1237 .
3036 1194 3119 1238 ue
3169 1192 3241 1237 re
3287 1194 3393 1238 em
3516 1192 3786 1238 avarrae
3837 1192 4133 1237 miserun
4227 1192 4342 1256 qm

2668 1257 3035 1323 attraheret
3079 1259 3150 1322 in
3192 1194 3428 1336 cgstra,
3473 1279 3559 1323 ne
3602 1257 3885 1341 amplius
3918 1256 4227 1324 militiam
4270 1256 4613 1324 detrectent

2668 1349 2803 1406 tam
2846 1342 3143 1409 Helvetii
3202 1350 3270 1409 et
3326 1343 3442 1409 alii
3486 1344 3697 1410 exteri
3740 1343 3983 1414 milites
4025 1363 4226 1427 quam
4271 1342 4472 1422 Galli,
4512 1344 4611 1427 qui

2667 1426 2792 1493 soli
2837 1428 3002 1512 Reyi
3056 1451 3128 1496 88
3187 1427 3481 1495 addictos
3536 1450 3678 1496 esse
3722 1430 4129 1513 profitentur.
4217 1428 4367 1522 ῌοο
4410 1439 4611 1496 tamen

2667 1523 3131 1596 commentum,
3176 1525 3254 1580 ut
3295 1535 3508 1598 spero,
3551 1521 3848 1581 vertetur
3888 1516 3958 1579 in
4013 1514 4323 1581 fabulam.

2839 1599 2986 1665 Iam
3032 1612 3211 1667 totus
3251 1601 3503 1666 mensis
3538 1599 3642 1666 ela
3688 1621 3804 1666 sus
3845 1608 3951 1666 est
3991 1621 4075 1665 ex
4118 1621 4248 1683 quo
4292 1598 4613 1666 nobiscum

2666 1683 2848 1750 Beea
2870 1689 2955 1766 ¹⁰)
3002 1705 3145 1753 esse
3200 1683 3532 1752 debuerat.
3690 1707 3880 1751 erum
3938 1708 4023 1751 ex
4064 1706 4195 1769 quo
4237 1685 4310 1751 in
4353 1684 4615 1769 Oampoe

2668 1771 2846 1835 niam
2890 1792 3041 1837 cum
3094 1773 3332 1838 comite
3379 1771 3801 1853 Sanportiano
3856 1770 4083 1838 salvus
4126 1769 4503 1848 advenerat,
4540 1792 4615 1837 ne

2666 1856 2984 1923 minimus
3042 1855 3306 1941 quidem
3365 1878 3593 1922 rumor
3650 1855 3733 1922 ad
3778 1877 3898 1923 nos
3940 1856 4178 1922 allatus
4221 1866 4324 1922 est
4368 1856 4616 1922 ubinam

2666 1941 2961 2007 locorum
3014 1951 3205 2009 esset.
3295 1941 3470 2024 Quia
3522 1940 3850 2009 nihildum
3894 1944 4085 2008 triste
4126 1942 4410 2007 ominari
4454 1943 4617 2020 libet,

2666 2027 2942 2094 coniicio
3005 2030 3075 2093 in
3142 2049 3221 2094 ea
3263 2027 3606 2115 provincia
3669 2049 3812 2094 esse
3876 2037 4208 2093 retentum
4271 2027 4388 2093 ubi
4458 2050 4617 2095 nunc

2666 2113 2924 2178 fervent
2986 2134 3223 2198 graves
3288 2124 3522 2180 motus.
3610 2110 3832 2180 Simul
3887 2135 3963 2180 ac
4025 2112 4273 2196 aliquid
4339 2116 4503 2180 certi
4561 2123 4621 2178 et

2666 2199 2937 2282 cognitu
2990 2199 3268 2284 dignum
3323 2199 3665 2280 resciver0,
3720 2198 4044 2266 scribendi
4091 2198 4435 2283 diligentia
4474 2221 4620 2283 pen-

2667 2284 2825 2350 sabo
2876 2289 2952 2349 15
3014 2285 3269 2350 dierum
3330 2285 3682 2350 silentium.
3769 2284 3958 2364 Vale,
4013 2284 4374 2350 clarissime
4420 2286 4523 2351 vir
4561 2293 4621 2350 et

2665 2370 2869 2435 frater
2923 2370 3327 2449 honorande,
3391 2392 3526 2437 una
3577 2391 3732 2436 cum
3785 2370 3871 2437 D.
3927 2370 4005 2436 P.
4066 2369 4377 2454 Martyre,
4441 2369 4621 2437 Guel-

2662 2454 2832 2521 thero
2879 2463 2945 2521 et
3002 2457 3306 2522 omnibus
3363 2455 3645 2540 collegis.
3735 2456 4065 2521 Dominus
4108 2476 4226 2522 vos
4269 2467 4494 2523 servet
4530 2457 4622 2521 in-

2665 2540 2971 2621 columes,
3018 2551 3086 2608 et
3128 2542 3240 2607 det
3281 2542 3617 2608 laboribus
3659 2542 3900 2608 vestris
3946 2541 4201 2607 felicem
4236 2562 4619 2610 successum.

2667 2626 2986 2694 Genevae
3034 2632 3132 2693 15.
3181 2627 3472 2712 Augusti
3523 2629 3705 2693 1562.

3486 2763 3770 2830 Ioannes
3814 2762 4134 2830 Calvinus
4176 2766 4351 2830 tuus.
4382 2767 4399 2805 ¹
4417 2764 4467 2848 ¹)

2838 2949 3223 3018 lonvillaeus
3259 2956 3328 3017 te
3361 2958 3743 3017 reverenter
3784 2951 4047 3020 salutat.

3554 3513 3752 3583 3837.

3280 3684 3527 3750 BEZA
3574 3683 4010 3755 OALVINO.

2840 3852 3213 3936 Propediem
3279 3855 3597 3921 Genevam
3672 3856 4000 3924 rediturus
4074 3859 4381 3925 nomuala
4442 3860 4627 3926 tradit

2661 3938 3241 4093 ιξθῖἰιὺέξὼῖἷεῑῑίοἰε
3274 3943 3468 4024 deque
3501 3942 4010 4027 negotiationibus
4056 3962 4197 4008 cum
4228 3946 4627 4030 principibus

2816 4196 3153 4265 autographo
3188 4194 3317 4249 Cod.
3353 4196 3556 4252 Gener.
3607 4196 3723 4261 117,
3768 4196 3860 4254 fol.
3897 4198 3981 4253 90.
4054 4201 4321 4270 Reperio·
4369 4203 4535 4282 etiam
4574 4202 4623 4253 in

2665 4266 2798 4322 ⁰⁰d'
2849 4264 3107 4397 ¹¹⁹vaffi
3125 4262 3245 4387 1⁸⁹6}
3274 4266 3609 4391 ffrffidffp
3650 4267 3899 4391 ιιᾙῐῗῖ
3928 4267 4074 4407 Ᾱῗῗςῗ
4110 4275 4173 4407 {ff
4206 4270 4625 4407 &osmann-

2875 4624 2909 4678 9
2970 4622 3157 4679 Lettre
3207 4625 3275 4679 de
3314 4624 3603 4680 l’Amboee.
3642 4625 3709 4679 de
3757 4625 3970 4699 Saooye
4007 4625 4091 4680 31.
4128 4625 4288 4681 Jum.
4326 4628 4521 4694 (Μὲιι.
4564 4624 4631 4680 δι

2675 4692 2861 4750 conde
2976 4733 2989 4745 .
3037 4692 3200 4759 575).·
3276 4694 3383 4748 Les
3435 4692 3575 4748 1200
3615 4694 3848 4765 Reytres
3902 4713 3972 4750 ou
4024 4697 4303 4765 pistoliers
4355 4695 4627 4751 mnduietz

2671 4780 2773 4833 par
2818 4763 2870 4816 le
2917 4761 3091 4815 Oonte
3134 4762 3203 4815 de
3239 4763 3579 4831 Regendorff
3614 4764 3926 4818 arrivarent
3978 4779 4071 4820 ces
4120 4765 4272 4833 jours
4327 4766 4515 4835 paese·
4562 4780 4625 4816 au

2671 4846 2828 4900 camp
2864 4836 2921 4884 et
2965 4835 3089 4884 tout
3121 4831 3460 4885 incontinent
3505 4832 3615 4888 s'en
3650 4834 3863 4887 revolta
3896 4849 4003 4887 une
4037 4832 4217 4887 bonne
4252 4840 4453 4904 troupe
4487 4840 4541 4887 et
4571 4846 4625 4884 ee

2670 4900 3189 5023 &wli-⁰331*
3218 4898 3539 5025 {3⁰⁰3}
3560 4900 3938 5037 cggge.3m
3996 4942 4171 5025 ima
4252 4899 4631 5039 mmm

2673 5037 2901 5158 ΡΙκἸίιίρ
2934 5037 2984 5092 b.
3022 5034 3353 5093 Kluekholm
3386 5037 3429 5091 Ι.
3466 5035 3586 5091 316.
3623 5038 3899 5093 Barthold
3928 5038 4051 5093 400.

2874 5103 2937 5169 0)
2979 5104 3270 5161 Condacum
3315 5121 3435 5161 eum
3471 5122 3594 5162 eum
3631 5106 3686 5161 S.
3727 5106 4006 5163 Poreicno
4039 5108 4101 5161 in
4140 5106 4503 5163 θησαιιίσιι
4535 5105 4631 5161 σι’·

2671 5174 3117 5244 eitutprinei‘
3246 5175 3495 5230 mosche
3630 5176 4372 5246 ‘uouemere-senet.
4446 5176 4631 5231 Ham

2672 5243 2940 5380 Augu-{eg
2957 5258 3076 5368 τεῦ
3094 5245 3136 5297 ‘o
3168 5244 3533 5383 {peamau
3590 5244 3673 5300 uit
3700 5243 3919 5313 (Baium
3952 5244 4023 5300 11.
4055 5243 4161 5300 653
4193 5248 4295 5313 u.)

3076 5327 3188 5369 een
3252 5329 3307 5368 no
3341 5330 3410 5368 88.
3441 5328 3568 5385 ppr.
