4900 6125
325 560 579 628 iuvabit.
660 559 913 627 Galliae
945 559 1243 646 probatio
1278 559 1541 646 deteget
1581 579 1810 626 eorum
1855 558 2256 646 hypocrisim

324 647 426 732 qui
455 646 534 712 ab
568 644 942 746 hominihus
972 645 1449 748 pependerunt.
1516 645 1659 712 Piis
1693 646 1958 712 animus
1991 651 2257 724 crescet,

325 753 392 799 sc
430 752 503 798 eo
542 751 759 816 magns
801 731 1056 798 discent
1105 755 1174 798 m
1218 753 1427 817 unum
1471 732 1690 797 Deum
1737 731 2137 810 recumbere,
2182 750 2259 797 ac

323 816 505 886 simul
548 815 634 882 ad
671 837 897 901 preces
939 838 1051 883 eos
1094 816 1469 885 sollicitabit
1510 817 1801 903 agitatio.

479 901 844 987 Superiora
881 902 1183 990 relegens
1216 901 1657 971 animadverti
1697 903 1903 969 fuisse
1944 903 2257 969 omissum

359 986 484 1054 uod
526 989 853 1072 attingere
897 988 1335 1057 decreveram.
1423 988 1570 1055 Iam
1613 989 1870 1056 circiter
1913 987 2258 1054 dimidium

321 1010 740 1140 ffiebmarium
784 1095 1048 1158 sparsus
1104 1075 1231 1141 fuit
1271 1096 1500 1141 rumor
1541 1075 1613 1140 in
1655 1075 1781 1142 hac
1823 1074 2086 1152 vicinia,
2142 1080 2259 1139 tuo

321 1158 574 1227 oonsilio
617 1158 967 1226 adductum
1014 1162 1216 1228 fuisse
1259 1166 1563 1227 senatum
1597 1160 2028 1239 Beruensem‚
2050 1160 2140 1237 ²⁵)
2180 1164 2261 1224 ut

322 1244 393 1311 de
433 1244 683 1331 synodo
725 1246 1015 1330 eugendo
1057 1248 1449 1314 sententiam
1493 1255 1800 1312 mutaret.
1872 1246 2109 1330 Itaque
2142 1244 2260 1345 qui

319 1331 440 1396 iam
481 1329 568 1396 ad
609 1330 735 1396 iter
768 1340 960 1397 erant
1000 1333 1272 1399 accincti
1309 1353 1480 1399 novo
1519 1332 1733 1399 edicto
1768 1341 2035 1416 repente
2071 1330 2259 1396 vetiti

319 1424 465 1516 sunt
502 1415 737 1499 pedem
779 1436 1063 1517 movere.
1134 1417 1475 1518 ‘Equidem
1529 1418 1663 1485 scio
1694 1427 1772 1518 ‚te
1814 1425 1996 1484 recto
2039 1419 2259 1517 animo

318 1503 554 1602 fecisse,
614 1501 730 1566 sed
771 1512 1191 1602 ‘experientia
1247 1505 1432 1571 brevi
1489 1502 1741 1570 docebit
1783 1524 2055 1570 mmme
2098 1502 2257 1602 utile

318 1588 504 1654 fmsse
560 1587 923 1686 consilium.
1009 1589 1148 1688 Nec
1190 1598 1294 1655 est
1316 1588 1510 1690 ‘quod
1567 1610 1833 1690 operam
1875 1610 2088 1656 meam
2114 1610 2257 1689 ‘rm-

317 1672 745 1825 plores&
787 1672 1110 1743 denuncio
1155 1694 1376 1741 omma
1418 1696 1561 1745 esse
1594 1674 1870 1759 perdita.
1942 1674 2257 1741 Pluribus

316 1780 531 1842 supere
695 1810 710 1824 .

317 1843 1249 2031 exougzlaefndldolffiaorzldltl:
1304 1846 1790 2018 Jffiulant
1854 1849 2258 2034 dm&

311 2014 960 2203 ὢίἷῖἒοίἰῖῗᾛέά
999 2019 1973 2206 ᾗᾞθῒῲζθωᾞῗῖἓζ.
2001 2018 2256 2172 {ffl

311 2208 497 2252 mm1s
541 2209 620 2253 ac
664 2209 861 2255 nimis
904 2189 1043 2255 falh
1085 2190 1244 2256 dum
1289 2197 1629 2258 enstimas
1683 2190 1831 2257 illos
1874 2211 2114 2275 cupere
2157 2209 2256 2256 ec·

309 2272 530 2338 elesiae
601 2272 764 2339 bene
829 2276 1222 2344 consultum.
1311 2277 1584 2344 Utinam
1612 2278 1706 2356 ²⁷)
1772 2276 1945 2343 ultra
2009 2274 2255 2343 Sauro-

308 2366 528 2434 matas,
576 2359 838 2443 quando
882 2362 974 2426 ita
1018 2363 1482 2430 conmmeliose
1527 2362 1690 2428 mihi
1734 2362 2051 2429 illuditur.

1176 2926 1380 2997 8788,

783 3079 1161 3148 PONNA'P
1197 3087 1246 3160 ¹)
1292 3087 1356 3148 A
1397 3081 1774 3149 GALVIN.

302 3247 2252 3417 Dmlgffledepmmspwdmmroissesdu

305 3506 682 3576 (Autographe
715 3508 784 3562 de
820 3509 874 3561 la
909 3509 1176 3563 Biblioth'
1230 3525 1297 3563 ue
1332 3509 1401 3564 de
1435 3509 1670 3564 Geneve.
1709 3510 1834 3565 Vol.
1851 3508 1970 3577 109,
2004 3511 2097 3565 fol.
2135 3509 2253 3566 105.

400 3603 464 3614 -
501 3576 746 3630 Bulletin
781 3576 852 3631 de
884 3573 1170 3632 laSociete
1229 3594 1258 3632 e
1293 3578 1458 3635 l'hist.
1477 3579 1552 3633 du
1569 3579 1722 3634 Prot.
1758 3580 1971 3635 XVIII.
2005 3577 2153 3647 531.)

467 3749 530 3813 A
577 3766 732 3812 mon
774 3750 1082 3834 seigneur
1122 3748 1456 3816 Monsieur
1498 3749 1743 3816 Calvin

1702 3857 1744 3900 a
1786 3836 2079 3902 Geneve.

469 4004 634 4071 Mon
678 4005 1002 4089 seigneur,
1056 4027 1176 4072 nos
1217 4006 1425 4072 freres
1469 4005 1550 4070 de
1590 4004 1851 4072 Clavan
1893 4014 1962 4073 et
2002 4006 2257 4073 Mison-

308 4109 422 4155 mr
473 4093 588 4172 qui
644 4101 799 4156 sont
852 4089 1027 4156 deux
1083 4090 1369 4176 grandes
1421 4111 1618 4175 parro
1662 4091 1821 4160 chss
1877 4113 2010 4158 aux
2069 4112 2258 4159 mon·

309 4187 531 4260 tsgnes
597 4176 880 4261 doysens
904 4176 961 4256 ²)
1020 4198 1106 4243 en
1163 4197 1238 4243 ce
1291 4176 1434 4261 pais
1496 4175 1581 4243 de
1692 4177 2005 4261 sulphine
2070 4184 2261 4245 mont

472 4466 573 4536 25)
609 4473 860 4520 senatum
907 4468 1242 4521 Beruensem
1287 4466 1443 4522 Besa
1487 4469 1603 4524 1000
1649 4482 1752 4523 cuo
1793 4468 1961 4523 movit
2001 4473 2053 4524 et
2087 4467 2138 4521 N
2173 4483 2260 4524 re-

309 4537 865 4669 ρωιᾱὲωθέςίσνπι
896 4536 968 4602 ef.
1004 4536 1081 4592 N.
1114 4533 1271 4589 3722.
1304 4533 1458 4589 3735.

475 4783 489 4797 .
515 4741 571 4806 1)
605 4743 672 4796 Β.
710 4743 928 4797 Ponnat
959 4759 1020 4796 se
1052 4749 1250 4797 trouve
1302 4758 1434 4797 avec
1466 4760 1542 4796 un
1576 4743 1806 4798 docteur
1839 4743 1901 4796 Β.
1936 4743 2007 4798 de
2041 4744 2259 4799 Pomm

311 4672 570 4796 mm)
604 4674 764 4729 Haec
1000 4676 1099 4730 ata
1131 4673 1203 4730 ab
1630 4715 1642 4727 .

313 4817 368 4862 et
397 4811 462 4866 P.
495 4811 566 4867 A.
602 4812 834 4879 Ponnat,
879 4827 1090 4866 comme
1122 4828 1198 4864 un
1229 4785 1329 4865 des
1362 4817 1702 4881 protestante
1734 4812 1986 4866 notsbles
2017 4812 2089 4866 de
2123 4811 2258 4867 Gre-

313 4878 486 4944 noble,
528 4896 598 4933 su
641 4881 871 4936 nombre
909 4880 1010 4935 des
1051 4881 1375 4949 signataires
1418 4880 1489 4935 de
1533 4881 1589 4935 la
1632 4881 1800 4936 lettre
1832 4880 1906 4934 du
1941 4881 1992 4936 2.
2028 4880 2261 4936 Fevrisr

311 4947 642 5072 maging}
659 4966 747 5087 ›un
778 4949 980 5005 second
1023 4955 1249 5019 pasteur
1294 4949 1329 5003 a
1362 4951 1484 5006 cote
1517 4948 1796 5020 d’Eyuard
1831 4950 2054 5005 Pichon.
2121 4951 2259 5019 (Ar-

511 5085 574 5182 2)
605 5088 839 5144 Clavans
872 5095 930 5142 et
950 5086 1189 5141 Miscens
1219 5086 1360 5140 dans
1391 5087 1447 5141 la
1483 5087 1658 5141 valle'e
1685 5087 1936 5142 d’Oisans
1961 5086 2090 5156 (sie.
2122 5085 2257 5143 ibid

311 5151 424 5221 87).
493 5153 1678 5237 Ιιαυεωνποᾱᾶραεοίῐαᾶωαηᾱοα
1719 5156 2260 5238 pudereaccuqillie

313 5227 428 5346 aona
456 5221 527 5280 de
557 5226 713 5350 εἶναι.
771 5222 1200 5349 &mmm
1231 5222 1977 5351 ωΙὸὂρἱἆνσὲεεηωᾶὲυω
2008 5227 2260 5282 minume

2067 375 2229 438 1562
2273 371 2557 438 MART.

4182 378 4306 442 330

2355 558 2503 642 pris
2546 557 2629 625 de
2670 577 2839 626 vous
2894 559 3180 643 escripre
3237 581 3310 625 ce
3352 560 3518 642 petit
3559 566 3696 626 mot
3736 581 3907 645 pour
3948 583 4109 630 vous
4151 586 4305 649 sup-

2355 642 2530 727 plier
2570 665 2655 711 au
2688 665 2847 710 nom
2879 644 2963 711 de
2995 644 3175 711 Dieu
3208 644 3293 711 de
3331 644 3481 712 leur
3520 645 3780 732 volloyr
3817 647 4005 733 fayre
4044 670 4119 716 ce
4152 649 4305 717 bien

2356 749 2488 813 que
2530 727 2612 796 de
2652 729 2800 796 leur
2842 729 3077 816 voloyr
3120 730 3372 797 donner
3414 753 3550 816 ung
3592 731 3894 798 ministre
3947 733 4028 800 de
4081 735 4147 801 la
4186 755 4304 820 pa-

2355 814 2520 881 rolle
2564 815 2651 882 du
2696 813 3025 901 Ssigneur
3063 835 3103 881 a
3145 838 3219 883 oe
3262 816 3435 900 quilz
3476 838 3611 885 nen
3663 818 3840 884 soint
3882 818 4195 887 destitues
4239 830 4309 888 et

2356 900 2656 984 puissent
2697 909 2871 967 estre
2905 922 3170 985 separes
3204 924 3285 968 en
3310 901 3601 969 doctrine
3643 909 3711 970 et
3743 925 3935 971 ovres
3954 905 4033 971 de
4076 905 4305 974 l'ente-

2358 985 2567 1053 christ
2618 1008 2788 1072 pour
2839 988 3206 1055 embrasser
3246 989 3297 1055 J
3298 1009 3447 1055 esus
3493 987 3721 1056 Christ
3774 998 3841 1055 et
3893 1011 3997 1057 ses
4040 991 4307 1059 mande-

2358 1080 2577 1138 ments
2622 1094 2827 1158 voyre
2884 1094 3014 1139 eux
3071 1074 3474 1141 soubmettre
3538 1074 3738 1141 soubz
3797 1095 3915 1143 son
3971 1079 4091 1161 jou
4146 1097 4306 1146 avec

2358 1164 2573 1225 toutte
2614 1158 2934 1226 humilite.

2530 1243 2697 1311 Mon
2731 1246 3039 1329 seigneur
3071 1244 3133 1310 le
3167 1244 3329 1311 zelle
3348 1266 3477 1330 que
3503 1248 3574 1331 je
3605 1246 3753 1312 leur
3786 1268 4073 1334 cognoys
4098 1249 4308 1333 joinot

2359 1349 2488 1413 que
2529 1329 2596 1395 la
2638 1351 2832 1398 cause
2874 1352 2956 1397 en
2998 1339 3101 1397 est
3141 1330 3224 1397 de
3266 1352 3383 1416 soy
3419 1330 3635 1416 digne,
3677 1332 3832 1399 faict
3871 1355 3999 1418 que
4033 1336 4105 1418 je
4138 1355 4306 1402 vous

2357 1415 3357 1588 iffmb⁵3310343¹¹¹f2ffl30¹⁶b122
3390 1425 3913 1586 {53022013330
3931 1419 4308 1573 &22⁸2ss

2356 1587 2674 1654 favor-iser
2716 1610 2800 1654 en
2842 1595 2979 1654 cest
3020 1587 3283 1654 endroit
3323 1609 3573 1655 comme
3607 1593 3677 1674 je
3720 1609 3911 1675 croys
3944 1610 4071 1674 que
4112 1590 4304 1658 feres.

2530 1673 3002 1758 Monseigneur
3063 1673 3342 1758 puisque
3406 1675 3454 1742 J
3456 1695 3607 1742 esus
3670 1674 3900 1743 Christ
3962 1699 4032 1742 se
4108 1688 4305 1761 prent

2359 1780 2495 1826 aux
2548 1759 2696 1844 plus
2755 1759 2981 1826 haultz
3038 1759 3302 1827 rochers
3363 1769 3431 1825 et
3489 1783 3690 1827 creux
3735 1761 3848 1828 des
3891 1764 4305 1847 montaignss

2360 1844 2441 1910 de
2486 1865 2559 1911 ce
2602 1866 2785 1931 pays,
2834 1848 2905 1930 je
2957 1865 3042 1911 ne
3085 1865 3192 1910 me
3244 1846 3393 1930 puis
3440 1846 3520 1912 de
3563 1848 3822 1932 moings
3874 1868 4136 1914 assurer
4178 1869 4305 1932 que

2359 1930 2447 1996 du
2505 1930 2926 1997 deffinement
2983 1931 3300 2016 prochain
3353 1930 3435 1998 de
3498 1932 3903 2000 l’entechrist
3968 1941 4039 1999 et
4094 1931 4175 2000 de
4229 1955 4305 2001 sa

2357 2016 2667 2102 paliarde.
2734 2017 2922 2084 Vous
2964 2038 3141 2083 seres
3185 2015 3353 2083 donc
3393 2038 3549 2102 pere
3594 2040 3634 2084 a
3677 2040 3784 2086 ces
3818 2018 4067 2085 bonnes
4110 2026 4307 2104 gente

2357 2112 2424 2168 et
2476 2124 2516 2168 a
2560 2112 2779 2169 vostre
2832 2114 3201 2170 acostumee
3277 2103 3420 2169 leur
3483 2105 3652 2171 feres
3755 2114 3859 2195 art
3912 2104 4026 2170 des
4076 2126 4306 2191 graces

2357 2208 2485 2272 que
2527 2208 2602 2256 ce
2648 2189 2775 2255 bon
2818 2189 2971 2256 dieu
3014 2209 3179 2256 vous
3224 2188 3440 2255 donne
3489 2198 3558 2255 et
3600 2212 3686 2257 ne
3752 2212 3823 2258 es
3867 2190 4072 2257 lerres
4116 2192 4306 2257 venir

2357 2274 2614 2359 vuydes
2668 2273 2749 2340 de
2804 2274 2951 2341 leur
3003 2281 3149 2340 tant
3200 2276 3409 2342 sainct
3464 2273 3637 2342 desir
3680 2285 3748 2342 et
3800 2276 3886 2341 ilz
3929 2277 4227 2361 prieront
4266 2298 4306 2344 a

2343 2361 2638 2512 {3321
2667 2369 3329 2513 ‘'2333''03353150?
3343 2382 3668 2514 effi&
3689 2365 3789 2515 ξι
3815 2363 3958 2514 Ρέῗῗ
3983 2362 4085 2514 22⁰
4111 2383 4307 2534 gramm

2356 2551 2481 2615 par
2520 2532 2571 2598 J
2570 2553 2720 2599 esus
2762 2531 2995 2599 Ohrist
3036 2532 3273 2615 auquel
3329 2534 3454 2599 soit
3494 2534 3726 2618 gloyre
3768 2534 4017 2619 empire
4060 2545 4128 2599 et
4171 2534 4307 2602 vic-

2354 2625 2546 2702 toyre
2610 2617 3161 2685 esternellement.
3273 2616 3379 2684 De
3444 2618 3778 2686 Grenoble
3849 2641 3921 2687 ce
3986 2618 4304 2686 dosiesme

2354 2722 2534 2769 mars
2582 2708 2765 2771 1562.

2766 2838 3006 2907 Vostre
3050 2840 3565 2992 treshumsslepet
3605 2840 3935 2991 obeissant
3977 2843 4307 2907 serviteur

3396 2977 3411 2992 .
3518 2947 3740 2993 onna.

3233 3472 3427 3544 8789.

2843 3628 3329 3698 HAGENIUS
3374 3628 3812 3696 CALVINO.

2531 3801 2753 3868 Rarus
2805 3795 3070 3883 scssptor
3094 3806 3147 3875 ¹)
3195 3799 3393 3882 plura
3447 3800 3647 3867 tradit
3688 3821 3850 3884 quae
3886 3804 4135 3885 partim
4177 3804 4311 3869 iam

2355 3887 2621 3955 obsoleta
2652 3888 2901 3969 partim
2949 3884 3212 3953 Calvino
3254 3885 3493 3952 dudum
3539 3886 3769 3960 nulius
3809 3889 4052 3971 vomita
4110 3894 4309 3969 erant,

2355 3979 2487 4040 tam
2549 3993 2629 4039 ex
2675 3972 2900 4039 Gallia
2962 3990 3157 4055 quam
3215 3990 3296 4038 ex
3353 3970 3702 4038 Germania
3764 3971 3890 4039 sibi
3952 3973 4171 4055 allata,
4232 3974 4310 4041 de

2355 4059 2653 4142 colloquio
2701 4057 3115 4137 Possiaoensi,
3156 4056 3234 4124 de
3278 4055 3456 4123 Baba
3512 4055 3901 4124 Ulmensium
3925 4064 4199 4142 pastore,
4232 4059 4309 4126 de

2355 4150 2654 4211 conventu
2693 4145 2763 4210 in
2813 4143 3121 4209 Tabernis
3162 4141 3445 4209 alsaticis
3488 4142 3693 4210 habito
3732 4149 3835 4210 etc.

2671 4313 2787 4380 (Ex
2821 4313 3161 4385 autographo
3194 4312 3327 4367 Ood.
3362 4312 3565 4369 Genev.
3602 4312 3722 4383 112,
3757 4314 3850 4369 fol.
3886 4313 3996 4381 61.)

2533 4486 2920 4554 Clarissimo
2961 4485 3503 4569 ornatissimoque
3546 4486 3688 4551 viro
3724 4485 3800 4550 D.
3836 4485 4119 4552 Iohanni
4154 4485 4305 4553 021-

2358 4574 2515 4639 vino
2568 4571 2982 4640 Genevensis
3046 4570 3357 4638 ecclesiae
3419 4570 3700 4637 antistiti
3755 4569 4133 4638 fidelissimo
4188 4571 4304 4637 do-

2357 4660 2768 4811 gngilrggdttque
2809 4659 2877 4724 in
2913 4656 3179 4724 Christo
3219 4656 3395 4741 patri
3437 4676 3556 4722 suo
3598 4675 3857 4721 summa
3890 4655 4307 4724 observantia

3903 4827 4124 4894 Genff.

2746 4999 2944 5068 Salus
2986 5001 3058 5066 in
3102 5020 3183 5066 eo
3224 5002 3339 5085 qui
3382 5020 3539 5068 vera
3582 5007 3683 5066 est
3725 4998 3918 5066 salus.

2354 5292 2539 5348 8789.
2565 5291 2618 5358 1)
2659 5290 2735 5347 N.
2767 5291 2923 5345 3109.
