4900 6125
342 407 452 472 565

490 588 935 658 ornatissimo
977 587 1121 654 viro
1154 586 1240 653 D.
1264 585 1662 653 Immanueli
1697 584 2044 668 Tremelio,
2088 584 2272 653 theo-

340 677 529 763 logiae
569 675 842 754 doctori,
884 674 1075 741 fratri
1117 682 1186 739 et
1228 672 1439 739 amico
1481 670 1650 737 mihi
1691 670 1985 739 colendo.

1600 755 2099 843 Heidelbergae.

492 932 688 1015 Quod
732 931 867 997 tuis
910 929 1122 997 literis
1162 928 1487 997 hactenus
1530 951 1663 996 non
1706 927 2035 1014 respondi,
2089 947 2278 994 orna-

336 1020 573 1087 tissime
615 1020 739 1096 vir,
798 1018 855 1083 si
912 1016 1271 1099 impetrare
1325 1036 1577 1099 nequeo
1620 1016 1783 1098 quin
1842 1015 2146 1101 pigritiae
2189 1014 2279 1081 si-

334 1105 601 1171 lentium
642 1124 868 1169 meum
912 1101 1219 1178 ascribas,
1277 1100 1540 1183 culpam
1598 1121 1898 1186 agnosco,
1957 1100 2074 1167 sed
2127 1119 2280 1166 cum

333 1192 448 1258 bac
487 1189 968 1275 deprecatione,
1010 1208 1210 1271 quam
1248 1186 1440 1253 facile
1476 1195 1555 1252 ut
1596 1207 1787 1271 spero
1821 1185 2149 1265 admittes,
2194 1204 2279 1251 ne

371 1275 476 1342 uid
508 1294 595 1341 ex
629 1295 853 1341 amore
886 1295 960 1340 er
1081 1294 1188 1339 me
1223 1281 1338 1338 tuo
1374 1271 1663 1339 decedat.
1729 1271 2043 1339 Nondum
2078 1271 2278 1338 etiam

332 1298 407 1428 de
445 1359 916 1427 commentario
1029 1408 1045 1425 .
1078 1358 1322 1425 Buceri
1354 1356 1404 1443 ¹)
1449 1359 1556 1443 egi
1597 1358 1881 1443 gratias:
1928 1356 2103 1424 unde
2145 1358 2279 1423 col-

330 1448 525 1532 ligere
581 1444 701 1512 tibi
756 1444 996 1511 melius
1051 1443 1305 1523 licebit,
1364 1465 1472 1510 me
1524 1464 1659 1509 non
1712 1452 2051 1511 contemtu
2105 1443 2281 1509 eius-

331 1532 497 1599 modi
542 1531 757 1599 officia
799 1531 1345 1616 praetermittere.

489 1617 724 1701 Nuper
744 1637 949 1699 quum
986 1636 1027 1680 a
1059 1623 1297 1683 senatu
1318 1635 1439 1698 pro
1482 1635 1664 1682 more
1685 1616 1964 1698 petitum
2010 1621 2202 1695 esset,
2219 1616 2280 1692 2)

330 1712 401 1769 ut
442 1713 595 1769 tuos
637 1703 713 1769 in
754 1702 1048 1768 Hoseam
1102 1702 1609 1768 commentarios
1665 1700 1900 1767 excudi
1945 1701 2283 1784 permitte·

328 1798 446 1868 ret,
489 1788 711 1855 delata
751 1789 944 1854 nobis
986 1787 1112 1853 fuit
1156 1787 1460 1872 cognitio.
1535 1788 1684 1872 Ego
1726 1808 1883 1852 vero
1925 1786 2284 1853 absurdum

326 1894 463 1940 esse
518 1874 754 1940 censui
810 1880 926 1938 tan
970 1894 1127 1939 nam
1169 1871 1251 1938 de
1304 1893 1379 1937 re
1423 1870 1623 1937 dubia
1675 1871 1996 1939 iudicium
2046 1873 2281 1939 facere.

324 1959 494 2026 Nam
550 1960 609 2026 si
666 1958 749 2024 de
807 1978 932 2024 666
984 1960 1183 2025 'tione
1201 1956 1257 2044 ⁸)
1315 1957 1556 2043 agitur,
1609 1958 1757 2042 quis
1813 1958 1937 2024 sibi
1996 1957 2286 2028 censoris

322 2053 541 2130 partes
578 2043 1010 2129 sumpsisset?
1057 2043 1213 2111 fidei
1246 2053 1470 2110 autem
1506 2051 1659 2109 tuae
1695 2044 2038 2111 sinceritas
2072 2042 2285 2128 magis

322 2131 509 2197 nobis
552 2137 890 2215 comperta
932 2137 1052 2209 est,
1112 2149 1310 2214 quam
1354 2138 1429 2194 ut
1484 2128 1911 2212 inquisitione
1954 2149 2119 2214 opus
2177 2129 2282 2194 sit.

320 2217 526 2283 Liber
570 2217 796 2300 itaque
839 2216 1117 2282 Antonio
1139 2219 1200 2292 ⁴)
1247 2222 1473 2281 nostro
1516 2214 1812 2282 redditus
1854 2222 1974 2293 est,
2032 2223 2110 2280 ut
2152 2235 2286 2298 qua

508 2310 540 2367 t
605 2302 900 2368 maxima
962 2301 1359 2369 dexteritate
1424 2308 1690 2367 curaret
1748 2299 2284 2386 imprimendum.

382 2389 600 2455 tinam
634 2386 721 2453 ad
762 2387 927 2454 alios
970 2387 1175 2453 etiam
1207 2386 1582 2471 Prophetas
1616 2386 2039 2473 explicandos
2067 2389 2124 2463 6)
2167 2384 2285 2452 ad-

318 2472 932 2541 iiceres.1nterea
986 2471 1227 2558 dignus
1284 2473 1413 2537 snit
1450 2472 1708 2539 Hoseas
1765 2493 1808 2538 a
1849 2492 1978 2557 quo
2036 2472 2285 2539 faceres

318 2559 693 2626 exordium.
762 2559 951 2625 Bene
993 2558 1164 2637 vale,
1222 2557 1640 2624 ornatissime
1695 2559 1818 2638 vir,
1869 2565 1937 2623 et
1989 2557 2155 2622 mihi
2199 2578 2284 2623 ex

319 2647 546 2712 animo
581 2643 872 2727 colende,
903 2644 1219 2711 salutabis
1254 2664 1402 2709 meo
1434 2641 1703 2710 nomine
1736 2644 2090 2730 diligenter
2122 2642 2286 2708 ami-

316 2751 448 2797 cos.
545 2731 875 2797 Dominus
938 2750 1057 2798 vos
1117 2729 1357 2813 spiritu
1421 2749 1542 2795 suo
1618 2750 1878 2813 semper
1942 2728 2286 2815 gubernet,

314 2817 572 2883 virtute
640 2817 979 2894 sustineat,
1045 2823 1112 2882 et
1172 2814 1536 2881 incolumes
1601 2823 1884 2882 tueatur.
1973 2815 2288 2883 Genevae

314 2904 419 2968 27.
464 2901 781 2971 Octobris
830 2904 1017 2968 1562.

1235 3036 1523 3105 Ioannes
1565 3036 1892 3107 Calvinus
1936 3043 2108 3105 tuus.

1209 3564 1401 3635 3871.

415 3719 787 3790 OALVIN
830 3722 892 3786 A
937 3703 1376 3786 L’EGLISE
1420 3718 1551 3783 DE
1596 3718 2183 3786 FRANOFORT.

488 3891 954 3977 Appreciation
996 3890 1073 3957 de
1116 3890 1287 3958 vetat
1327 3891 1439 3958 des
1480 3889 1689 3958 choses
1730 3895 1789 3957 et
1827 3890 2085 3957 oonseils
2126 3889 2290 3957 rela-

300 3978 425 4063 tiss
478 3979 528 4044 ὰ
571 3979 641 4043 la
682 3977 1002 4045 situation.

298 4149 649 4220 (L’originsl
699 4148 935 4215 franceis
984 4165 1018 4200 a
1063 4145 1150 4200 ete
1242 4145 1389 4200 ublie
1441 4163 1545 4215 par
1586 4147 1641 4201 J.
1679 4145 1862 4202 Balth.
1898 4146 2098 4213 Ritter,
2151 4146 2289 4201 (1666

300 4218 412 4273 l’ou
615 4237 628 4272 :
664 4218 873 4287 Evang.
898 4217 1050 4271 Denc
1269 4214 1371 4269 der
1404 4213 1568 4269 Stadt
1590 4215 1958 4269 Franckfurth
1993 4222 2098 4269 etc.
2134 4214 2287 4269 1726.

294 4286 353 4341 4.
394 4305 453 4357 p.
496 4234 607 4341 3ss
648 4285 786 4339 mais
829 4301 963 4340 svec
995 4285 1065 4339 de
1101 4284 1457 4365 nombreuses
1503 4284 1681 4338 fantes
1716 4283 2092 4354 d’impression
2127 4291 2185 4338 et
2218 4284 2290 4339 de

299 4357 495 4426 copie.
568 4355 653 4411 On
700 4355 753 4409 le
797 4360 992 4408 trouve
1038 4369 1183 4406 aussi
1233 4352 1370 4406 dans
1415 4352 1496 4406 les
1543 4352 1769 4409 Franks.
1804 4353 1925 4408 Bel.
1970 4352 2168 4407 Handl.
2212 4353 2285 4408 11.

296 4630 515 4685 88⁷0.
535 4629 595 4697 1)
626 4627 1029 4684 Praelectiones
1081 4628 1140 4681 in
1187 4644 1217 4681 e
1260 4668 1273 4680 .
1308 4627 1378 4684 D.
1422 4628 1582 4682 Pauli
1634 4627 1703 4681 ad
1750 4627 2019 4698 Ephesios
2070 4628 2289 4684 habitae

293 4698 710 4767 Cant-brigiae
751 4698 809 4750 in
968 4697 1044 4751 lia
1084 4715 1133 4750 a.
1172 4697 1202 4750 1
1354 4702 1412 4749 et
1447 4694 1599 4750 1551.
1668 4697 1755 4750 Ex
1792 4713 1888 4751 ore
1964 4698 2291 4767 raelegentis

294 4770 582 4823 collectae
616 4772 675 4820 et
707 4766 890 4819 editae
924 4714 1210 4835 diligentia
1241 4765 1282 4818 1.
1319 4765 1609 4820 Tremellii.
1680 4766 1803 4819 Bas.
1843 4764 1869 4817 1
1945 4766 1980 4818 2
2011 4766 2103 4819 fol.

529 4835 593 4901 2)
640 4834 709 4889 Si
786 4832 886 4887 uid
930 4834 1038 4889 tale
1076 4835 1140 4888 in
1189 4835 1595 4890 commentariis
1646 4840 1872 4888 senatu
1912 4834 2143 4889 relatiua
2193 4842 2288 4903 est,

292 4920 409 4961 nos
460 4904 687 4975 quiden
756 4904 893 4973 uait.
964 4903 1302 4959 Prodierunt
1344 4902 1618 4958 Tremellis‘
1653 4903 2045 4957 Enni-rationes
2086 4904 2144 4958 iu
2179 4904 2289 4960 Ho-

290 4990 461 5028 seam
522 4988 576 5028 a.
622 4971 773 5026 1563.
816 4971 1055 5041 (Adoni
1095 4973 1242 5028 vitae
1284 4972 1440 5028 theol.
1473 4977 1638 5027 exter.
1665 4988 1726 5042 p.
1775 4970 1869 5038 72;
1914 4970 2125 5028 Gerdes
2155 4971 2288 5030 Ital.

288 5042 407 5111 ref.
436 5058 511 5112 p.
546 5038 694 5108 243.)
1139 5108 1152 5119 ·

531 5110 566 5163 3
628 5109 891 5165 simlerus
923 5126 991 5165 ex
1025 5116 1339 5164 cannetum
1371 5108 1758 5177 superscribit.-
1793 5109 2114 5177 cognitione.

378 5247 396 5262 ⁸
524 5114 877 5301 14}8Caloino.
952 5178 1242 5234 Gaullieur
1275 5177 1461 5233 &tudes
1493 5192 1594 5231 sur
1624 5178 1682 5232 la
1716 5179 2079 5248 typoqraphco
2118 5179 2289 5235 Gene-

533 5316 593 5383 5)
624 5314 891 5373 &inieras
924 5314 1273 5372 inserendum
1304 5320 1491 5384 putat:
1525 5314 1781 5369 animum.

2059 398 2224 462 1562
2270 393 2602 465 OOTOB.

4214 402 4348 467 568

2378 582 2501 640 207.
2552 583 2706 640 Nous
2741 600 2811 640 sn
2835 585 3044 641 devons
3068 602 3176 642 une
3209 601 3274 644 co
3313 587 3364 642 ie
3386 586 3743 657 authentique
3773 585 3909 642 faite
3942 603 4038 641 sur
4069 586 4350 658 l’originst

2378 653 2450 708 de
2484 654 2541 707 la
2575 653 2720 735 131111.
2756 654 2825 709 (16
2860 654 3164 723 Francsort,
3204 656 3282 712 Oo
3325 656 3504 711 ectiou
3539 655 3857 737 quubach.
3894 655 4021 737 Yol.
4055 653 4109 719 5,
4145 674 4198 726 p.
4215 654 4343 722 369,

2377 720 2416 776 a
2448 720 2800 803 l'obhgeance
2834 722 2903 778 ds
2938 723 3037 777 Mt.
3073 724 3127 779 le
3160 724 3249 778 Dr,
3286 723 3353 785 G.
3377 725 3478 779 Ed.
3513 723 3705 806 Steitz,
3739 740 3979 794 premier
4049 730 4236 779 ssteur
4269 725 4350 779 de

2379 790 2436 843 la
2480 790 2611 844 ville
2655 791 2726 846 de
2775 792 3082 849 Francsort.
3134 820 3200 832 -
3253 792 3418 848 Trad.
3470 794 3651 875 latine·
3674 792 3807 848 Gen.
3844 791 3966 860 883,
4099 810 4178 847 us.
4212 791 4346 857 637,

2379 858 2530 914 Han.
2546 857 2665 926 716,
2701 859 2916 943 9bouet
2928 859 3058 942 458,
3089 860 3265 916 Amst.
3281 861 3404 917 209.
3435 930 3447 943 ⁸
3471 863 3877 942 Relativemeut
3908 878 3979 915 au
4011 867 4164 916 texte
4199 862 4340 917 latin

2378 944 2724 1079 1101οΜ,
2605 996 2652 1052 n
2700 937 2759 1052 .t‚
2800 929 3124 1080 stads?
3139 931 3532 1054 ,61151εῆ
3563 931 3888 1066 amin?
3918 930 4348 1054 meat.

2380 1064 2620 1134 francam
2674 1065 2796 1121 l'est
2846 1068 3255 1148 positivemeut,
3307 1083 3477 1137 voyez
3529 1073 3690 1122 notes
3733 1064 3769 1119 5
3802 1069 3861 1121 et
3891 1066 3943 1121 6.
4013 1067 4094 1123 La
4140 1072 4268 1122 note
4301 1065 4346 1121 2

2842 1137 3047 1190 semble
3081 1135 3260 1190 trahit
3292 1137 3350 1191 la
3381 1137 3565 1206 plume
3597 1136 3669 1190 de
3704 1133 3891 1201 Bene.)

2554 1306 2741 1373 Nous
2797 1305 3181 1384 entendons,
3247 1327 3288 1371 a
3340 1312 3562 1373 nostre
3617 1304 3830 1391 grand
3887 1311 4126 1391 regret,
4186 1305 4344 1372 bien

3030 1396 3047 1426 2

2382 1391 3664 1562 iiffissnffi‘ssssnffssssffibss‘ffiffiss
3697 1412 3896 1543 ΞῙἚΣΞ
3899 1390 4346 1561 ’1ἶῖπῖῗέἕί

2384 1564 2691 1644 tentione,
2737 1584 2989 1630 comme
3032 1562 3091 1629 si
3124 1584 3291 1630 vous
3334 1564 3584 1628 n’avies
3625 1583 3743 1648 pas
3784 1583 3977 1629 recen
4020 1583 4152 1628 une
4196 1583 4347 1629 asse

2385 1647 2639 1735 grande
2693 1648 2887 1734 playe
2940 1669 3060 1732 par
3111 1648 3179 1713 la
3234 1648 3618 1733 dissipation
3673 1647 3754 1715 de
3809 1656 4030 1715 vostre
4088 1648 4345 1733 Eglise,

2386 1756 2460 1802 ce
2504 1735 2618 1818 qui
2660 1755 2828 1800 nous
2871 1742 2973 1800 est
3016 1741 3161 1799 tant
3193 1733 3343 1819 plus
3378 1735 3563 1819 grief,
3607 1754 3733 1819 que
3768 1755 3935 1801 nous
3968 1754 4053 1799 ne
4087 1754 4348 1821 voyons

2387 1840 2605 1887 aucun
2669 1841 2911 1906 moyen
2991 1819 3073 1885 de
3138 1841 3304 1886 vous
3380 1820 3762 1887 reconcilier
3837 1841 3924 1885 en
4001 1819 4348 1885 fraternite

2386 1928 2614 1993 vraye‚
2640 1910 2694 1983 ¹)
2750 1925 2824 1972 ce
2881 1927 3008 1989 que
3064 1926 3231 1972 nous
3274 1906 3409 1971 crai
3503 1927 3641 1983 ons,
3696 1927 3822 1990 que
3875 1905 4008 1970 fort
4050 1904 4348 1971 difficile·

2386 2000 2575 2058 ment
2637 2013 2708 2058 se
2773 2011 3017 2075 pourra
3080 1991 3341 2057 obtenir
3443 2012 3480 2056 e
3533 2011 3715 2058 vous.
3806 1990 3900 2057 Oe
3944 2010 4071 2075 que
4128 1989 4227 2055 dit
4282 1989 4348 2056 le

2388 2078 2596 2144 Poste
2621 2077 2680 2164 2)
2724 2098 2795 2143 66
2837 2077 2978 2144 voit
3020 2097 3141 2160 par
3183 2085 3405 2142 vostre
3448 2077 3643 2142 lettre
3686 2095 3726 2142 a
3768 2077 4024 2143 scavoir
4066 2075 4227 2160 qu’il
4271 2094 4344 2142 se

2387 2171 2671 2231 commet
2694 2160 2774 2229 de
2801 2163 3015 2228 fantes
3050 2170 3118 2229 et
3139 2183 3227 2228 au
3248 2159 3496 2228 dedans
3530 2170 3599 2228 et
3619 2161 3877 2228 dehors.
3950 2162 4101 2230 Une
4134 2162 4348 2245 partie

2388 2248 2471 2315 de
2513 2270 2680 2315 vous
2723 2249 2972 2327 estime,
3039 2268 3165 2330 que
3219 2269 3353 2314 non
3406 2247 3671 2315 obstant
3722 2248 3790 2314 la
3844 2248 4200 2314 fermeture
4255 2246 4352 2313 du

2387 2334 2634 2418 temple
2658 2338 2718 2412 ⁸)
2776 2334 2906 2400 l’on
2976 2333 3155 2399 doibt
3218 2334 3638 2399 neantmoins
3681 2332 3981 2400 demorer
4023 2354 4110 2399 en
4152 2339 4348 2412 estat,

2380 2422 2656 2506 jusques
2700 2441 2741 2485 a
2783 2419 2850 2485 la
2884 2417 3172 2486 decision
3207 2418 3289 2485 de
3332 2418 3397 2484 la
3430 2439 3624 2486 cause
3668 2419 3884 2485 finale.
3957 2421 4093 2485 Les
4128 2427 4354 2484 autres

2388 2505 2898 2584 maintiennent,
2956 2525 3040 2571 au
3098 2503 3447 2584 contraire,
3507 2526 3633 2588 que
3687 2510 3847 2570 c’est
3899 2504 4032 2569 mal
4092 2504 4268 2583 faict‚
4288 2508 4352 2580 ⁴)

2389 2592 2661 2677 qu'avec
2704 2598 2842 2656 tres
2895 2590 3150 2675 grande
3207 2588 3533 2676 indignite
3592 2598 3661 2657 et
3704 2588 3982 2676 oprobre
4027 2589 4092 2654 la
4135 2589 4353 2655 verite

2392 2678 2522 2743 soit
2564 2678 2918 2762 opprimee,
2962 2676 3056 2742 Et
3089 2696 3343 2742 comme
3379 2675 3730 2742 dechassee
3765 2698 3848 2741 en
3885 2675 4036 2742 exil.
4107 2674 4354 2757 Quand

2389 2782 2431 2829 a
2474 2783 2660 2843 nous,
2725 2782 2893 2828 nous
2938 2783 3025 2828 ne
3062 2762 3403 2827 scaurions
3445 2761 3842 2829 aultrement
3884 2763 4075 2846 inger
4116 2762 4173 2828 si
4217 2781 4357 2827 non

2391 2869 2519 2933 que
2563 2869 2735 2914 ceux
2774 2855 2895 2914 ont
2936 2857 3076 2913 tres
3119 2848 3274 2913 bien
3315 2848 3489 2926 faict,
3535 2848 3647 2932 qui
3690 2849 4121 2914 incontenant
4163 2868 4357 2930 apres

2390 2934 2460 3000 la
2501 2933 2857 3000 fermeture
2900 2932 2992 2998 du
3035 2932 3281 3016 temple
3325 2940 3393 2998 et
3443 2933 3739 3000 exercice
3782 2933 3863 2999 de
3902 2933 4079 3017 piete
4123 2931 4354 2999 defen-

2390 3019 2538 3100 due,
2595 3039 2686 3086 66
2741 3027 2998 3086 trousse
3053 3019 3306 3105 bagage
3349 3026 3417 3085 et
3469 3040 3540 3086 se
3589 3025 3738 3086 sont
3780 3025 4188 3105 transportez
4232 3018 4357 3086 ail-

2388 3107 2587 3183 leurs,
2630 3106 2798 3172 mais
2820 3113 3031 3189 quant
3052 3112 3096 3171 a
3116 3125 3304 3183 ceux,
3349 3105 3460 3188 qui
3505 3109 3691 3172 n’ont
3710 3106 3897 3191 point
3939 3126 4022 3171 eu
4065 3105 4132 3171 la
4173 3127 4358 3173 com-

2392 3191 2638 3257 modite
2682 3192 2763 3257 de
2805 3192 2870 3258 le
2924 3191 3108 3271 faire,
3166 3211 3333 3257 nous
3385 3191 3701 3259 estimons
3742 3190 3936 3276 qu’ils
3992 3198 4147 3259 sont
4200 3191 4358 3277 plus

2389 3286 2523 3344 tost
2566 3276 2800 3363 dignes
2842 3275 2924 3342 de
2967 3277 3377 3362 compassion
3421 3298 3548 3361 que
3590 3276 3672 3342 de
3719 3276 3816 3343 les
3856 3277 4114 3345 vouloir
4154 3299 4358 3363 pour-

2390 3363 2616 3430 suivre
2658 3362 2742 3428 de
2785 3362 2937 3446 quel
2981 3383 3065 3428 ue
3106 3361 3579 3431 malveillance.
3644 3362 3739 3428 Et
3772 3361 3854 3430 (16
3897 3364 4055 3431 faict
4095 3364 4356 3431 vouloir

2391 3449 2569 3515 tenir
2610 3449 2909 3515 attaches
2979 3469 3051 3514 es
3093 3455 3473 3533 estrangers
3509 3469 3596 3514 au
3637 3446 3776 3514 lieu
3807 3448 3890 3515 (16
3930 3449 4077 3516 leur
4118 3450 4353 3535 refuge

2389 3555 2643 3600 comme
2687 3533 2804 3601 des
2854 3554 3093 3619 povres
3150 3533 3441 3601 esclaves
3484 3540 3529 3599 a
3579 3532 3646 3599 la
3686 3533 3960 3616 moeule,
4017 3555 4092 3602 ce
4149 3536 4354 3602 seroit

2388 3640 2526 3685 une
2569 3618 2766 3685 chose
2792 3620 2941 3703 plus
2965 3617 3379 3705 qu'indigne:
3426 3641 3539 3685 car
3571 3619 3894 3704 faignons,
3939 3642 4064 3704 que
4097 3620 4352 3707 l'eglise

2388 3705 2492 3771 fut
2533 3724 2732 3771 encor
2775 3725 2860 3771 en
2904 3713 3078 3771 estre
3120 3704 3252 3771 l’on
3296 3725 3379 3770 ne
3420 3705 3602 3771 doibt
3636 3706 3904 3772 estimer
3944 3707 4172 3773 illicite
4216 3729 4355 3775 aux

2386 3810 2749 3940 gersonnes
2812 3791 3075 3875 privees
3141 3788 3223 3855 de
3288 3791 3580 3876 changer
3647 3790 3731 3857 (16
3805 3792 3937 3858 1166
3953 3842 3969 3873 ,
4050 3794 4352 3861 combien

2432 3896 2720 3960 oncques
2754 3876 2907 3960 plus
2941 3874 3125 3942 doibt
3157 3875 3208 3940 il
3252 3883 3425 3942 estre
3458 3877 3706 3960 permis
3748 3883 3793 3942 a
3833 3897 4002 3944 ceux
4038 3879 4351 3963 ausquels

2388 3981 2477 4027 on
2511 3969 2652 4027 oste
2695 3962 3032 4028 l’exercice
3066 3960 3150 4026 de
3184 3962 3358 4044 piete
3392 3961 3475 4028 de
3510 3982 3582 4029 se
3615 3970 4027 4047 transportet
4059 3965 4349 4031 ailleurs.

2388 4047 2673 4113 D'autre
2712 4055 2866 4131 part
2907 4046 2991 4112 de
3028 4046 3294 4113 vouloir
3334 4058 3601 4132 reputer
3643 4056 3712 4114 et
3754 4047 4054 4116 diffamer
4096 4070 4354 4116 comme

2389 4133 2693 4200 traistres
2736 4152 2780 4198 a
2818 4132 2885 4198 la
2918 4133 3127 4200 verite
3161 4154 3327 4199 ceux
3363 4134 3476 4216 qui
3519 4139 3640 4198 ont
3679 4142 3819 4200 este
3862 4136 4242 4220 empesches
4282 4146 4354 4202 et

2392 4226 2659 4285 retenus
2691 4238 2816 4302 par
2856 4218 2923 4284 la
2964 4220 3285 4285 necessite
3311 4216 3719 4303 domestique
3740 4218 3823 4286 de
3864 4220 4044 4288 leurs
4086 4221 4352 4288 affaires

2391 4304 2476 4370 de
2519 4325 2603 4370 ne
2646 4305 2926 4387 pouvoir
2982 4305 3182 4370 sortir
3235 4312 3305 4369 et
3359 4304 3522 4369 aller
3565 4326 3605 4371 a
3647 4327 3741 4370 un
3798 4306 4012 4373 aultre
4065 4305 4219 4384 lieu,
4275 4327 4352 4374 ce

2390 4390 2595 4456 seroit
2636 4390 2835 4457 chose
2887 4390 3294 4455 inhumaine.
3389 4388 3620 4471 Quant
3661 4412 3704 4457 a
3744 4412 3819 4459 ce
3860 4398 4053 4475 qu’on
4098 4391 4353 4459 obiecte

2389 4496 2516 4627 366
2559 4495 2726 4541 ceux
2771 4476 2884 4558 qui
2924 4484 3311 4561 presentent
3363 4474 3543 4543 leurs
3598 4478 3833 4543 enfans
3885 4500 3970 4543 au
4013 4478 4352 4561 baptesme

2435 4582 2507 4628 66
2531 4560 2944 4628 adversaires
2974 4568 3299 4645 exposent
3316 4561 3368 4629 J
3366 4583 3517 4628 esus
3539 4560 3771 4628 Ohrist
3804 4584 3886 4628 en
3910 4564 4350 4647 moucquerie,

2386 4668 2555 4713 nous
2599 4648 2995 4727 confessons,
3035 4668 3162 4731 que
3195 4647 3252 4712 si
3297 4646 3424 4713 tels
3469 4646 3882 4714 dissimulent
3924 4657 3989 4715 et
4033 4670 4117 4715 ne
4159 4669 4348 4714 mon-

2387 4740 2602 4799 strent
2645 4742 3119 4812 ouvertement,
3165 4732 3357 4817 qu’ils
3401 4732 3728 4799 detestent
3770 4742 3913 4799 tant
3955 4734 4051 4801 les
4088 4756 4353 4802 erreurs

2383 4973 2562 5029 3871.
2584 4972 2640 5038 1)
2676 4989 2786 5028 666
2821 4974 2931 5027 alia
2962 4974 3200 5027 occurrit
3233 4974 3374 5028 ratio
3407 4973 3512 5026 nisi
3537 4973 3792 5041 utrinque
3825 4976 4050 5044 propria
4080 4980 4356 5034 sententia

2378 5043 2657 5172 οθωθὲ)
2688 5112 2840 5232 guod
2874 5112 3098 5179 agnovit
3131 5112 3224 5164 ille
3257 5112 3315 5165 in
3351 5111 3522 5165 Iliade
3556 5109 3794 5165 Homeri.
3834 5112 3920 5175 (ἓ)
3957 5112 4168 5168 Iliacos
4201 5122 4298 5171 etc.

2593 5179 2652 5247 3)
2727 5198 2761 5232 a
2805 5180 2970 5234 111666
3005 5179 3274 5234 uehmlich
3318 5181 3408 5233 die
3454 5179 3690 5250 gehabte
3723 5180 3931 5234 Kircbe
3975 5182 4354 5240 verscblossen

2391 5249 2615 5304 worden
2649 5246 2978 5315 (Uffenbaeh
3009 5264 3076 5302 en
3110 5250 3339 5317 maroe).

2597 5315 2658 5385 4)
2695 5317 2777 5371 fas
2812 5334 2922 5372 uon
2955 5317 3122 5373 fuisse
3155 5317 3360 5371 diutius
3393 5317 3691 5374 subsistere
3723 5318 3781 5371 in
3817 5318 4038 5458 63651666
4072 5319 4166 5373 ubi
4201 5325 4304 5379 etc.
