4900 6125
274 466 360 532 5²
2027 467 2188 535 1561
2238 459 2568 534 00'1'013.
4222 464 4309 530 58

271 653 580 726 (hosi-ma
611 654 883 726 quaedam
917 671 988 711 ex
1021 671 1108 726 ep.
1144 654 1305 710 Locis
1341 654 1494 711 theol
1570 654 1665 711 ’cis
1708 653 1770 710 Ρ.
1805 652 1869 709 Μ

536 724 683 779 ieeta
715 724 801 780 ed.
840 721 993 782 1587.
1030 740 1088 795 p.
1126 723 1280 781 1141.
1314 724 1401 778 ed.
1440 726 1463 776 l
1577 764 1594 790 ,
1626 723 1724 780 fol.
1758 720 1866 779 ⁶88
1899 740 1952 779 v.

2107 655 2234 710 sub-

448 982 514 1047 A
669 980 803 1056 isti.
880 981 1176 1065 quinque
1267 979 1683 1048 adversarios
1765 981 2241 1066 colloquutores

274 1064 456 1152 apud
654 1066 669 1081 ⁹
722 1068 858 1134 ales
899 1077 970 1133 et
1009 1067 1346 1152 episcopos
1387 1086 1528 1134 non
1581 1073 1847 1133 tantum
1904 1081 2242 1152 suspectos

274 1173 422 1219 eme
442 1154 496 1232 ¹)
537 1173 775 1219 verum
818 1173 940 1236 pro
994 1152 1343 1219 haereticis
1382 1151 1663 1231 habitos,
1706 1151 1882 1235 quod
1922 1153 1997 1218 in
2041 1171 2244 1219 causa

274 1239 797 1306 sacrament-aria
859 1237 990 1304 visi
1068 1247 1226 1306 sunt
1289 1238 1596 1304 nonnihil
1660 1238 1850 1304 nobis
1914 1239 2241 1305 assentiri.

278 1322 508 1407 Quare
571 1324 933 1425 noluerunt
995 1323 1148 1391 illos
1185 1324 1488 1425 ‘ampl-ius
1543 1323 1885 1453 nobisqum
1941 1323 2238 1425 colloqui.

276 1408 994 1580 ἓξοῖἓῃΐζζζᾟ
1017 1408 1812 1562 ’ἐᾟζᾜέἓὲῗέ
1830 1410 2242 1563 ,ἳῗῗὲξὲῗέἓ

280 1582 657 1665 abruptum.
702 1617 791 1630 —
832 1613 917 1626 -
960 1615 1045 1629 -·-
1090 1616 1175 1629 —
1253 1580 1509 1647 Verum
1567 1581 1844 1666 contigit
1900 1602 2037 1648 nou
2096 1581 2244 1648 sine

275 1665 662 1734 admirando
742 1667 1197 1750 providentiae
1280 1665 1543 1733 divinae
1621 1667 1898 1734 artificio
1976 1675 2054 1733 ut
2114 1666 2245 1750 ipsi

282 1754 592 1838 episcopi,
656 1754 771 1837 qui
827 1773 1021 1818 suum
1081 1760 1483 1820 conventum
1526 1751 1611 1818 ad
1652 1753 2082 1839 Poyssiacum
2125 1752 2243 1818 ha-

276 1837 542 1914 bebant,
590 1837 844 1905 decima
885 1838 1080 1905 huius
1124 1839 1372 1905 mensis
1425 1838 1523 1904 ita
1580 1838 1756 1905 inter
1798 1859 1872 1906 se
1914 1839 2241 1905 dissense-

275 1925 436 2004 rint,
480 1935 560 1990 ut
601 1944 836 2008 parum
881 1924 1167 1991 abfuerit
1219 1921 1379 2008 quiri
1434 1924 1518 1989 ad
1561 1945 1799 1990 manus
1841 1925 2165 1991 venerint.
2185 1927 2242 2002 Β)

276 2009 478 2078 Nunc
525 2031 693 2111 ‚vero
745 2011 832 2111 in·
864 2029 942 2076 eo
1002 2012 1139 2111 toti.
1180 2018 1336 2113 sunt
1383 2018 1480 2111 ‘ut
1535 2030 1821 2077 canones
1878 2008 2166 2076 condant
2180 2011 2241 2087 ⁴)

277 2096 1054 2262 ἓξωὲἲξῖἳηὲἓῗξὲῗιθ
1072 2096 1213 2247 {¹⁶¹
1233 2117 1415 2249 0022
1458 2094 1669 2266 3332.
1688 2094 2242 2265 “ffugssss‘zu‘if

277 2267 413 2332 lam
472 2266 784 2334 ecclesiae
838 2266 1009 2334 velle
1063 2289 1137 2332 re
1166 2268 1619 2334 ormationem.
1722 2267 2045 2333 Retinent
2085 2267 2241 2334 mis-

279 2374 445 2432 sam,
483 2353 956 2420 confessionem
996 2354 1559 2433 sacramentalem,
1595 2354 2012 2420 autoritatem
2037 2372 2243 2436 papae

278 2448 667 2525 agnoscunt,
722 2438 961 2505 volunt
1016 2438 1260 2505 habere
1315 2439 1656 2524 imagines,
1722 2438 2087 2523 approbant
2130 2459 2242 2522 pe-

278 2525 776 2609 regrinationes.
863 2523 1083 2590 Hodie
1122 2525 1456 2591 reversuri
1501 2534 1662 2590 sunt
1704 2525 1789 2591 ad
1833 2524 2073 2605 aulam,
2114 2545 2244 2608 quo

277 2609 513 2694 procul
555 2609 755 2677 dubio
799 2610 1242 2694 apportabunt
1283 2631 1418 2676 non
1462 2611 1767 2695 vulgaria
1807 2619 2118 2676 monstra.

453 2694 534 2762 Si
554 2715 705 2779 spes
728 2695 1033 2779 colloquii
1056 2697 1181 2762 hac
1200 2695 1610 2762 hebdomada
1631 2694 2068 2781 praecidatur,
2093 2716 2243 2779 pro-

276 2782 464 2849 xima
498 2781 771 2847 ineunte
809 2781 1187 2848 missionem
1269 2790 1463 2847 etam.
1534 2782 1811 2847 Interim
1849 2802 1890 2846 a
1923 2780 2244 2864 colloquio

276 2866 528 2933 indicto
573 2888 783 2951 usque
836 2866 921 2933 ad
978 2868 1156 2934 hunc
1258 2869 1388 2933 iem
1432 2888 1565 2933 non
1608 2875 1828 2951 potest
1869 2867 1999 2934 dici
2044 2887 2242 2952 quam

276 2954 414 3020 sint
479 2962 709 3019 auctae
774 2974 1050 3019 numero
1110 2952 1407 3019 fidelium
1471 2952 1802 3020 ecclesiae.
1906 2950 2041 3019 Sed
2107 2972 2243 3018 non

279 3037 528 3124 absque
573 3038 804 3106 turbis.
893 3038 1068 3105 Nam
1118 3043 1195 3105 12
1242 3039 1445 3106 huius
1486 3039 1735 3106 mensis
1778 3038 1991 3106 nostri
2033 3038 2243 3105 Lute-

280 3126 440 3191 tiam
489 3125 741 3211 egressi
784 3133 941 3192 sunt
981 3134 1059 3191 ut
1101 3126 1483 3193 concionem
1528 3125 1837 3192 audirent
1877 3125 1950 3190 in
1993 3144 2244 3209 campo,

280 3208 810 3295 quandoquidem
889 3212 960 3277 in
1038 3210 1202 3278 urbe
1279 3212 1601 3297 templum
1693 3233 1830 3277 non
1907 3208 2168 3277 habent.
2191 3213 2246 3288 ³)

278 3466 466 3525 ⁸⁶⁷⁴*
486 3466 549 3602 ἐξ
657 3464 1418 3618 ··²⁹:⁸.⁰;;·0.15.....³⁵⁴⁶2...⁸⁵⁴⁸..·
1432 3552 1485 3591 α.
1524 3535 1576 3591 α,
1628 3537 1725 3593 η.
1764 3532 1883 3591 σοι.
1920 3533 2031 3592 002.
2065 3534 2245 3604 <aa

280 3609 400 3665 esel-
434 3606 487 3663 1.
520 3603 656 3667 605)
691 3605 765 3673 cf.
801 3610 967 3659 etiam
996 3605 1421 3674 praecedentem.

484 3673 548 3736 8)
583 3671 738 3729 Hm.
774 3673 897 3728 secl.
928 3689 985 3741 p.
1019 3670 1155 3727 609:
1189 3672 1320 3728 cest
1352 3673 1522 3727 escrit
1550 3671 1819 3741 (formala
1854 3670 1924 3727 de
1955 3686 2069 3742 qua
2092 3670 2247 3728 Besa

285 3743 362 3801 Π.
406 3741 579 3811 ³546)
632 3757 794 3812 spres
845 3743 1002 3796 svoir
1054 3742 1173 3796 este
1231 3743 1480 3797 examine
1533 3759 1635 3812 par
1688 3742 1767 3796 les
1817 3741 2103 3806 docteurs,
2153 3742 2248 3810 qui

285 3813 560 3869 a’avoient
590 3812 713 3866 rien
746 3810 954 3865 devsnt
994 3812 1078 3867 les
1113 3826 1258 3882 yeux
1292 3811 1453 3865 sinon
1486 3810 1543 3864 la
1574 3809 1746 3864 honte
1780 3814 1840 3864 et
1870 3811 1926 3864 le
1959 3809 2247 3879 dommage

285 3882 503 3953 sequela
536 3880 607 3935 ils
640 3880 952 3934 tumboieut
982 3878 1067 3934 s'il
1101 3880 1466 3949 spparaissoit
1498 3884 1624 3933 tant
1657 3879 1768 3933 soit
1800 3893 1908 3960 peu
1932 3877 2090 3947 qu'ils
2125 3894 2247 3932 eus·

282 3960 406 4008 aaut
456 3948 612 4019 erre,
664 3949 752 4002 fut
799 3948 1119 4003 finslement
1166 3947 1366 4003 reiette
1416 3963 1628 4002 comme
1676 3953 1933 4016 captieux
1987 3953 2046 4001 et
2094 3947 2247 4017 plein

283 4018 594 4083 &hu-niu,
629 4018 683 4071 le
699 4016 736 4070 9
761 4017 923 4071 dudit
942 4016 1102 4085 mois,
1137 4020 1198 4070 et
1228 4032 1365 4070 ceux
1389 4016 1485 4086 qui
1517 4016 1777 4070 l'avoient
1810 4014 2043 4085 apperte
2063 4015 2249 4070 furent

284 4098 444 4171 tenus
477 4104 622 4158 pour
654 4092 904 4156 suspects
938 4084 1076 4140 dont
1109 4086 1233 4155 puis
1268 4100 1431 4155 spres
1447 4085 1730 4154 Desponsa
1751 4085 1857 4138 mit
1887 4085 2063 4155 grand
2084 4087 2247 4155 peine

286 4176 321 4212 s
347 4174 408 4213 se
440 4171 649 4227 purger

488 4222 553 4290 4)
588 4223 737 4280 M.
771 4220 907 4277 616:
940 4221 1051 4276 Les
1083 4223 1290 4293 prelsts
1324 4221 1394 4275 de
1418 4221 1631 4291 Poissy‚
1667 4237 1838 4291 sysns
1871 4220 1927 4275 le
1960 4218 2046 4275 13.
2071 4220 2244 4276 d'Oct.
2345 4217 2648 4288 expulerun

286 4294 549 4350 remei-eie
595 4298 656 4347 et
698 4290 937 4360 renvoye
980 4291 1131 4345 leurs
1176 4290 1452 4360 docteurs,
1495 4290 1814 4345 finalement
1844 4304 1907 4343 se
1949 4290 2248 4344 retirerent

286 4380 447 4435 apra
483 4361 639 4416 svoir
905 4361 1055 4414 leurs
1088 4375 1291 4413 canons
1327 4359 1423 4429 qui
1455 4374 1527 4414 ne
1560 4358 1828 4413 touchent
1860 4374 1932 4412 en
1967 4358 2087 4413 rien
2120 4356 2158 4413 a
2191 4358 2247 4412 la

284 4432 533 4487 doda-ine
566 4430 930 4494 chrestienne,
965 4429 1085 4482 ains
1119 4429 1424 4482 seulement
1456 4427 1822 4482 descouvrent
1836 4428 2103 4497 quelques
2124 4426 2248 4481 des-

286 4502 477 4556 αὐτοι
521 4499 593 4554 de
634 4500 759 4552 leur
790 4497 955 4551 ordre
986 4496 1058 4551 de
1101 4497 1157 4551 ls
1196 4496 1551 4552 resormstion
1585 4496 1840 4566 desquels
1873 4495 1944 4549 ils
1976 4495 2091 4550 s'en
2124 4513 2188 4549 rs

285 4569 569 4642 portoient
610 4568 885 4622 tousiours
930 4583 1000 4619 au
1035 4566 1092 4619 S.
1126 4567 1268 4621 Pers
1303 4571 1363 4620 et
1395 4583 1464 4619 su
1506 4565 1714 4620 concile
1748 4564 1818 4619 de
1854 4564 2078 4618 Trente.

284 4643 532 4711 W
580 4635 715 4694 i'bi‘d.
762 4652 820 4706 p.
861 4633 1144 4690 eie—644
1195 4632 1264 4690 ‘17
1315 4633 1593 4697 Oeneus,
1654 4649 1792 4705 quos
1840 4633 2014 4688 latine
2060 4647 2248 4689 versos

282 4706 507 4779 m
539 4705 793 4777 Loium
822 4704 894 4759 11.
932 4702 1034 4759 161
1069 4718 1143 4759 ss.
2106 4786 2121 4802 ·

288 4844 355 4901 ιι
388 4862 453 4901 ..
487 4774 834 4899 affl
753 4768 2135 4923 „gbffi1oe”.t?3:¹5tsz‘..⁶at⁶f.lssmss.{t
2165 4770 2246 4893 k:

282 4916 467 5039 πθ
501 4911 696 4983 ”⁹⁰¹⁶
729 4911 791 5012 ¹⁸-
808 4910 1263 5035 ‘ixffivrsssfltf-
1276 4906 2245 5033 m¹·1÷522.ss;²¹.12223¹1.?;2¹¹.32

461 4996 763 5052 persounes
777 5021 792 5047 ,
916 4995 986 5034 ou
1243 4995 1274 5033 c
1440 4995 1472 5033 e

538 5049 775 5104 sedition
809 5048 844 5101 s
877 5047 1049 5102 Paris.
1120 5046 1229 5101 Oar
1270 5052 1476 5118 voyant
1520 5048 1577 5101 ls
1607 5046 1899 5129 multitude
1945 5046 1995 5099 si
2177 5045 2245 5101 de

289 5124 708 5245 mmmm
644 5117 738 5241 ⁶⁰.
760 5116 835 5240 ¹?-
848 5115 1510 5269 ’Ἶῗωωὲῗὲοξῗΐὲᾯ
1552 5115 1874 5240 ἒιῗὲᾞηεω
1902 5115 2245 5253 {auxta

487 5299 530 5351 ··
602 5256 712 5311 δ”*
755 5269 819 5309 ⁰⁰
910 5255 1438 5377 dtsstoeffiffi.
1453 5260 1961 5391 ‘amm-affl
1864 5270 1970 5307 ⁶¹²¹
1996 5264 2077 5375 ἴτ’.
2097 5269 2242 5377 ὀἕῖ

290 5333 437 5466 ¹3.
448 5326 785 5450 {tamt
808 5332 971 5462 ’m‘
1000 5339 1204 5447 ΜΡ
1234 5387 1437 5447 22...-
1468 5390 1683 5447 ω,-
1682 5393 1750 5454 ..,

2339 651 2638 721 Numero
2716 660 2908 720 crant
2984 654 3188 721 octies
3266 652 3462 719 mille.
3564 650 3792 735 Quum
3874 649 3940 716 id
4007 651 4308 736 papistae

2340 740 2824 824 cognovissent,
2868 737 3021 806 illos
3075 738 3236 805 dum
3289 737 3590 805 redirent
3632 736 3716 803 ad
3760 735 3994 802 urbem
4052 738 4308 804 moeni·

2341 824 2470 891 bus
2534 825 2975 905 excluserunt,
3041 824 3158 892 sed
3220 825 3487 902 frustra,
3550 823 3860 908 quoniam
3940 825 4172 890 urbem
4233 824 4308 890 vi

2342 917 2504 977 sunt
2563 911 2881 996 ingressi:
2948 930 3281 995 quumque
3340 909 3736 976 adversariis
3791 917 4054 976 nostros
4113 911 4308 976 inva-

2343 994 2656 1062 dentibus
2719 1016 2943 1082 pugna
3004 998 3317 1080 utrinque
3381 995 3550 1061 inita
3604 995 3820 1071 fuerit,
3879 1016 3964 1060 ex
4024 1016 4071 1061 ιι
4219 1014 4307 1062 ue

2342 1089 2531 1167 parte
2586 1082 2785 1147 multi
2840 1093 2999 1149 sunt
3053 1081 3389 1149 vulnerati
3447 1090 3516 1148 et
3572 1081 3659 1147 ali
3704 1090 3821 1146 uot
3863 1080 4078 1148 occisi.
4231 1101 4308 1148 ec

2343 1187 2535 1234 secus
2588 1169 2669 1234 fit
2719 1189 2839 1253 per
2878 1168 3042 1234 alias
3094 1168 3285 1253 regni
3336 1177 3577 1251 partes.
3732 1186 3907 1244 uare,
3963 1173 4039 1232 ut
4079 1167 4310 1234 existi·

2343 1263 2589 1333 matur,
2635 1254 2994 1321 necessitas
3037 1253 3388 1339 Reginam,
3443 1271 3748 1336 proceres
3790 1261 3858 1317 et
3899 1252 4309 1320 consiliarios

2345 1339 2573 1423 adiget
2627 1351 2704 1404 ut
2751 1340 2998 1406 nostris
3039 1339 3417 1405 facultatem
3461 1337 3722 1421 publice
3764 1336 4200 1404 conveniendi
4239 1345 4312 1405 et

2345 1425 2568 1509 aliqua
2632 1424 2880 1508 templa
2942 1425 3330 1509 largiantur.
3427 1421 3644 1489 Hodie
3699 1423 3770 1489 in
3826 1443 4068 1508 magno
4127 1431 4312 1490 metu

2346 1530 2607 1590 sumus,
2682 1513 2836 1594 quia
2898 1512 2971 1575 in
3036 1510 3240 1578 variis
3307 1508 3568 1577 Galliae
3630 1507 4011 1593 regionibus
4076 1507 4307 1577 fideles

2343 1596 3049 1766 fficupigerunfflpla
3089 1615 3225 1746 ngn
3261 1601 3636 1745 exspeq'tata
3677 1594 3864 1696 regia
3896 1593 4310 1765 ξαοώῗίιεῗέ)

2469 1702 2553 1748 au
2623 1702 2692 1746 m
2958 1703 3036 1748 ae
3090 1703 3127 1747 e
3215 1702 3467 1765 proceri
3514 1702 3592 1747 us
3649 1700 4040 1765 gravissime
4281 1714 4312 1730 ·

2344 1767 2501 1833 cuit.
2573 1767 2962 1839 Oardinales
2997 1776 3067 1833 et
3100 1767 3389 1851 episcopi
3424 1766 3687 1831 restitui
3720 1774 3974 1850 petunt.
3999 1768 4056 1842 7)
4124 1764 4311 1832 Dum

2346 1853 2512 1919 haec
2555 1855 2767 1920 scribo
2800 1856 2934 1918 iam
2971 1862 3131 1918 sunt
3170 1854 3244 1919 in
3287 1852 3555 1919 consilio
3591 1851 3923 1936 principes
3956 1864 4033 1917 ut
4068 1852 4150 1917 de
4180 1850 4311 1919 hac

2344 1960 2419 2004 re
2462 1937 2838 2006 decernant.
2942 1938 3080 2006 Sed
3137 1939 3292 2023 quia
3346 1939 3420 2003 in
3463 1937 3983 2004 consiliariorum
4027 1957 4309 2003 numero

2345 2034 2510 2091 sunt
2561 2027 2763 2090 etiam
2820 2024 3026 2108 aliqui
3084 2023 3456 2092 cardinales
3497 2032 3566 2089 et
3609 2023 3918 2108 episcopi,
3965 2024 4175 2089 nostri
4225 2023 4310 2089 li-

2344 2109 2593 2176 bellum
2658 2110 3022 2194 supplicem
3073 2110 3374 2196 Reginae
3417 2109 3794 2176 obtulerant
3835 2117 4179 2193 precantes
4220 2129 4310 2174 ne

2344 2205 2576 2263 contra
2617 2196 2723 2263 ius
2766 2208 2834 2262 et
2874 2196 2976 2263 fas
3019 2196 3415 2263 coucedatur
3455 2195 3845 2280 suffragium
3880 2196 3952 2260 in
3989 2194 4111 2260 hac
4145 2193 4309 2259 deli-

2345 2282 2681 2349 beratione
2722 2282 2809 2348 iis
2848 2283 2964 2366 qui
3008 2291 3165 2347 sunt
3206 2283 3395 2348 nobis
3452 2303 3533 2347 ex
3579 2281 3870 2364 professo
3911 2280 4110 2346 iurati
4154 2280 4310 2364 hos·

2344 2378 2468 2434 tes.
2579 2366 2929 2449 Quantum
2989 2387 3148 2434 vero
3211 2369 3420 2433 simus
3483 2366 3904 2450 impetraturi
3958 2385 4066 2430 me
4125 2365 4305 2432 latet.

2346 2451 2423 2520 Si
2467 2453 2682 2520 edicto
2737 2454 3087 2519 iubeantur
3139 2452 3368 2537 populi
3423 2452 3672 2537 templa
3725 2451 4090 2532 restituere,
4136 2450 4310 2518 sedi·

2346 2540 2561 2606 tiones
2603 2549 2671 2604 et
2703 2539 2937 2606 caedes
2978 2538 3313 2605 timendae
3356 2546 3532 2605 sunt.
3578 2571 4310 2587 ——————

2348 2660 3196 2674 ——————
3266 2625 3371 2691 De
3436 2622 3846 2691 confessione
3907 2624 4310 2708 Augustana

2347 2731 2594 2795 quaeso
2636 2732 2722 2776 ne
2765 2712 3051 2795 angaris,
3111 2710 3267 2794 quia
3308 2709 3730 2777 ecclesiastici
3774 2729 3920 2774 eam
3965 2729 4102 2774 non
4143 2709 4309 2775 reci·

2347 2798 2549 2882 pient.
2653 2795 2939 2862 Nostrae
2996 2797 3155 2861 item
3199 2795 3511 2862 ecclesiae
3554 2816 3702 2861 eam
3745 2815 3879 2861 non
3935 2793 4307 2873 admittent,

2347 2880 2521 2967 quod
2557 2903 2747 2947 suam
2790 2880 3093 2966 gallicam
3138 2881 3323 2964 sequi
3358 2881 3788 2949 decreverint.
3868 2878 4122 2946 Omnes
4157 2900 4312 2946 nos-

2348 2968 2441 3033 tri
2484 2968 2968 3051 colloquutores
3009 2986 3156 3033 eam
3200 2966 3455 3034 nolunt.
3548 2964 3853 3033 Calvam
3893 2985 4151 3049 quoque
4195 2963 4310 3031 de-

2348 3053 2656 3121 hortatur
2717 3055 3006 3120 maxime
3068 3075 3152 3120 ne
3216 3051 3287 3118 id
3347 3053 3480 3120 fiat.
3578 3051 3855 3119 Nullum
3911 3072 4070 3137 ergo
4113 3049 4309 3118 video

2349 3140 2504 3206 inde
2547 3139 2912 3224 periculum
2948 3139 3311 3205 imminere.

2521 3226 2693 3292 Heri
2733 3226 3141 3290 mutavimus
3184 3224 3562 3308 hospitium.
3576 3228 3638 3303 ⁸)
3718 3222 4093 3290 Oardinalis
4126 3222 4309 3290 enim

2355 3309 2781 3381 &ditionem
2819 3330 3131 3376 reversus
3172 3324 3274 3377 est
3314 3311 3388 3374 in
3435 3309 3654 3375 aulam
3698 3309 4086 3392 (dissolutus
4129 3308 4311 3375 enim

2349 3405 2453 3463 est
2492 3396 2937 3481 praelatorum
2980 3401 3373 3473 conventus)
3415 3406 3484 3461 et
3514 3395 3782 3480 repetiit
3815 3394 4083 3460 domum
4118 3415 4312 3461 suam

2347 3484 2422 3548 in
2490 3502 2621 3567 qua
2683 3482 3094 3549 versabatur.
3195 3479 3420 3564 Quare
3478 3502 3706 3548 sumus
3762 3481 3951 3547 iussu
4007 3479 4310 3566 Reginae

2347 3567 2634 3654 ablegati
2672 3564 2756 3632 ad
2800 3565 3159 3651 hospitium
3203 3567 3522 3634 Ducissae
3563 3565 4025 3646 Ferrariemie,
4039 3569 4097 3643 ⁹)
4134 3563 4311 3650 quod

2346 3654 2547 3734 noi-it,
2600 3651 3155 3737 quemadmodum
3208 3660 3451 3720 testata
3507 3660 3625 3731 est,
3678 3651 3781 3718 illi
3831 3651 4117 3738 principi
4171 3670 4311 3718 non

2554 3942 2617 4009 6)
2655 3942 2915 4013 Lanam
2956 3941 3006 3998 9.
3050 3940 3166 3998 Oct.
3206 3941 3359 4012 Epp.
3393 3940 3463 3995 11.
3501 3939 3634 3995 144:
3683 3941 3898 4012 Ubique
3941 3941 4058 3996 fere
4102 3940 4311 4011 templs

2348 4011 2419 4066 sb
2471 4027 2606 4065 evan
2678 4010 2799 4066 licis
2849 4015 3201 4083 occupantur,
3254 4016 3320 4065 ut
3363 4010 3639 4078 Aureliae,
3693 4011 3932 4075 Alesiae,
3985 4008 4309 4077 Turonibus,

2347 4079 2647 4150 Andegsvi,
2672 4080 2925 4148 Pictavii,
2946 4081 3230 4150 Repellse,
3252 4079 3485 4146 meldas,
3508 4077 3778 4149 Lugduni,
3812 4081 3871 4134 in
3901 4078 4311 4150 montepessulo

2348 4155 2410 4205 et
2451 4149 2513 4203 in
2556 4154 2680 4204 tots
2721 4149 3000 4204 Vasconis
3034 4188 3050 4205 .
3087 4188 3100 4202 .
3137 4189 3151 4201 .
3451 4148 3528 4202 nii
3575 4149 3742 4203 etiam
3788 4166 3946 4203 suum
3991 4149 4309 4219 episcopum

2557 4285 2618 4354 7)
2650 4285 2739 4342 Id.
2776 4284 2862 4341 26.
2905 4284 3023 4343 Oet.
3055 4302 3115 4356 p.
3155 4283 3292 4340 151.-
3324 4284 3633 4339 Edixerunt
3665 4285 3769 4340 sub
3802 4300 3982 4356 poena
4015 4284 4211 4355 capitis
4246 4290 4311 4338 ut

2347 4362 2616 4426 occupata
2665 4372 2701 4408 a
2750 4356 2957 4410 nostris
3008 4355 3217 4424 templs
3265 4354 3687 4408 restituerentur
3720 4394 3732 4407 .
3770 4394 3788 4411 .
3823 4393 3839 4409 .
3875 4393 3887 4406 .
3923 4353 4090 4408 Istius
4141 4352 4308 4407 edicti

2346 4441 2565 4480 causam
2612 4440 2734 4477 esse
2776 4425 2983 4493 dicunt,
3025 4422 3190 4479 videl.
3223 4424 3514 4494 episcopos
3557 4439 3625 4477 es
3665 4422 3978 4478 conditione
4023 4421 4309 4491 pecuniam

2347 4493 2666 4566 promisisse
2698 4493 2750 4546 si
2784 4494 2970 4549 omnis
3002 4508 3103 4548 sus
3135 4492 3244 4546 sibi
3277 4492 3432 4547 salvs
3464 4497 3765 4557 manerent,
3814 4496 3874 4546 et
3907 4491 4113 4562 templa
4146 4490 4307 4544 resti-

2347 4567 2651 4628 tuerentur,
2675 4561 2888 4631 hocque
2905 4577 3089 4631 regem
3104 4561 3423 4632 promisisse
3455 4576 3516 4615 se
3548 4567 3880 4615 curaturum.
3930 4561 4200 4626 Quantum
4236 4557 4309 4611 ad

2346 4648 2437 4687 me
2470 4631 2674 4686 attinet
2705 4647 2808 4702 ego
2831 4635 2966 4701 puto
2988 4638 3280 4701 utramque
3314 4644 3531 4684 causam
3553 4645 3896 4696 concurrere,
3929 4628 4041 4683 vid.
4059 4634 4307 4682 contrac-

2346 4707 2468 4755 tum
2515 4700 2717 4754 factum
2780 4715 2828 4753 c.
2876 4715 2908 4755 e
2948 4699 3149 4769 iscopis
3200 4705 3260 4753 et
3307 4704 3514 4752 metum
3564 4699 3712 4769 rems
3761 4696 4060 4768 Hispanici.
4147 4694 4309 4750 Iden

2347 4769 2398 4823 9.
2443 4768 2559 4825 Oet.
2595 4784 2649 4838 p.
2687 4766 2807 4823 147.
2928 4768 3136 4839 piscopi
3220 4768 3552 4822 romiserunt
3595 4768 3714 4834 regi
3756 4766 3992 4822 sedecim
4035 4763 4309 4819 milliones

2346 4839 2659 4893 stancorum
2710 4837 3000 4892 solvendos
3058 4838 3119 4893 in
3169 4784 3436 4891 Xeoeuuio
3450 4876 3465 4903 ,
3526 4836 3613 4890 sin
3714 4836 3726 4849 ⁹
3809 4835 3965 4889 aunis
4017 4832 4196 4889 decies
4246 4839 4309 4888 et

2344 4907 2528 4962 sexies
2562 4912 2795 4961 centens
2826 4906 3015 4961 millis.
3082 4905 3285 4960 Misere
3328 4906 3557 4975 cupiunt
3644 4905 3657 4920 ⁶
3789 4919 3883 4958 ere
3915 4901 4172 4957 Possiaco
4203 4900 4308 4957 ssd

2345 4992 2459 5032 non
2502 4980 2736 5045 possunt
2774 4975 3076 5046 impetrare
3109 4974 3500 5030 dimissionem.
3570 4971 3657 5041 Of.
3692 4971 3961 5029 Bmlart
3990 4969 4026 5026 1.
4061 4970 4096 5028 1.
4125 4987 4183 5041 p.
4216 4968 4304 5027 53.

2349 5044 2641 5181 m&
2650 5040 3055 5182 ossmjroenym
3097 5111 3252 5168 rotat.
3298 5126 3389 5192 ap.
3425 5111 3734 5195 numaga.
3776 5107 3868 5192 Β..
3893 5108 3968 5164 Ε.
4004 5108 4138 5164 vn.
4184 5108 4304 5164 ιιι».

2343 5179 2883 5318 ἕέὲῧοῖὥὲῖἓι
2913 5180 2988 5303 ff
3020 5180 3692 5331 “Limam
3712 5178 4306 5330 mmmm

2341 5321 2421 5375 rui
2456 5336 2503 5375 c.
2537 5318 2687 5375 Mart
2786 5356 2802 5371 .
2869 5318 2929 5373 Is
2962 5318 3289 5390 impetrarat
3320 5317 3690 5372 dimissionem
3725 5334 3760 5370 s
3792 5316 4017 5388 Regina.

2551 5387 2614 5454 9)
2715 5427 2729 5442 .
2763 5384 2918 5441 8491.
