4900 6125
284 396 379 457 581

1152 578 1351 650 3923.

875 736 1135 802 BEZA·
1160 733 1597 801 CALVINO.

440 905 586 971 Pax
626 908 930 974 Aureliae
968 907 1159 990 facta.
1258 905 1403 989 Ipse
1434 907 1566 970 iam
1608 907 1685 972 de
1725 904 1933 970 reditu
1974 906 2211 991 coquat.

279 1077 375 1145 (Ἐκ
426 1077 759 1146 autographo
793 1077 920 1131 Cod.
977 1077 1178 1131 Genev.
1237 1076 1356 1139 117,
1400 1077 1491 1129 sol.
1545 1075 1632 1130 81.
1701 1075 1829 1130 Alia
1884 1075 2217 1145 exemplaria

282 1147 505 1210 reperies
542 1148 597 1199 in
636 1146 765 1201 Cod.
814 1146 930 1211 119,
978 1147 1066 1199 sol.
1118 1146 1202 1210 63,
1240 1147 1297 1199 in
1345 1145 1482 1200 Bibl.
1538 1145 1937 1214 Rhedigeriana
1987 1145 2214 1197 Vratisl.

282 1215 420 1268 Tom.
466 1215 533 1267 11.
571 1215 662 1268 fol.
704 1213 822 1280 178,
866 1218 918 1268 in
958 1216 1123 1268 Areh.
1176 1217 1335 1268 Bern.
1371 1216 1511 1283 Epp.
1550 1215 1702 1266 Tom.
1740 1214 1833 1268 vl.
1867 1230 1919 1282 p.
1960 1212 2113 1276 1027,
2159 1219 2216 1265 et

382 1301 463 1351 ap.
500 1283 788 1337 Simlerum
826 1284 951 1337 Vol.
994 1283 1108 1338 106.
1143 1312 1212 1323 -
1248 1284 1437 1338 Edidit
1472 1283 1642 1336 Baum
1679 1283 1747 1335 11.
1786 1284 1929 1351 App.
1965 1281 2110 1350 206.)

436 1457 497 1518 A
544 1455 887 1519 Monsieur
930 1453 1308 1536 Despeville

1466 1541 1527 1604 A
1576 1540 2041 1605 villefranche.

436 1710 505 1775 S.
555 1712 722 1774 Tota
787 1713 880 1776 cis
925 1711 1306 1793 Sequanam
1350 1710 1756 1775 Normandia
1810 1711 2035 1792 paucis
2079 1711 2214 1775 die-

278 1797 387 1860 bus
429 1797 714 1872 subacta,
760 1797 1125 1870 Britannia,
1172 1796 1575 1874 Pictonibus,
1618 1796 2034 1870 Cenomanis,
2081 1797 2214 1860 'Pu-

282 1883 532 1947 ronibus
578 1899 643 1946 et
686 1883 920 1947 vicinis
984 1883 1361 1966 regionibus
1421 1882 1503 1944 ad
1558 1881 1950 1945 deditionem
1997 1884 2214 1964 potius

278 1989 455 2048 quam
491 1967 577 2031 ad
613 1968 1047 2032 resistendum
1092 1969 1502 2048 comparatis,
1549 1968 1853 2031 maximis
1897 1970 2214 2032 sociorum

277 2054 463 2134 copiis
505 2054 637 2117 iam
684 2054 761 2117 ad
812 2056 937 2117 iter
979 2055 1307 2130 accinctis,
1354 2054 1539 2116 nobis
1585 2053 1863 2134 denique
1897 2073 2047 2117 cum
2086 2053 2215 2117 for-

280 2138 517 2202 tissimo
565 2152 629 2202 et
674 2141 959 2203 maximo
1001 2141 1313 2221 equitatu,
1389 2151 1455 2203 et
1512 2149 1831 2220 quantum
1876 2160 2216 2220 nunquam

278 2235 455 2288 antea
499 2224 874 2296 habuimus,
935 2224 1016 2289 ad
1064 2225 1289 2288 urbem
1338 2225 1742 2288 liberandam
1774 2228 1821 2300 ¹)
1867 2245 2217 2308 properan-

278 2309 454 2384 tibus,
502 2311 800 2375 hostibus
847 2331 1001 2374 vero
1046 2321 1113 2373 et
1157 2309 1318 2374 duce
1361 2320 1428 2374 et
1470 2313 1745 2374 caeteris
1780 2330 1987 2392 paene
2026 2309 2216 2374 rebus

278 2393 613 2470 destitutis,
673 2396 927 2459 inventi
972 2405 1128 2459 sunt
1172 2397 1281 2479 qui
1328 2395 1731 2468 (absentibus
1776 2407 1843 2458 et
1885 2396 2216 2459 inconsul-

276 2479 348 2543 tis
410 2482 625 2561 nobis)
671 2482 848 2562 pacis
892 2480 1072 2564 leges
1093 2485 1149 2558 ²)
1208 2492 1273 2546 et
1329 2481 1689 2546 scriberent
1747 2493 1812 2545 et
1866 2481 2213 2560 sancirent,

276 2769 443 2822 3923.
464 2770 524 2834 1)
566 2770 851 2823 Aureliam
928 2775 1039 2825 uta.
1111 2770 1416 2826 Admiralii
1448 2771 1722 2824 anabasin
1758 2787 1825 2824 ex
1862 2770 2215 2825 Normaudz’a

276 2845 484 2891 enarrat
518 2835 670 2891 His-t.
711 2839 830 2893 eccl.
868 2786 936 2892 1²1³.
972 2838 1094 2893 330.

461 2905 523 2974 2)
558 2907 805 2961 Histoire
837 2905 933 2961 des
966 2908 1152 2962 choses
1181 2906 1332 2962 me'm.
1364 2907 1514 2962 1599.
1592 2950 1604 2961 .
1642 2907 1769 2961 1632
1807 2908 1885 2960 Le
1920 2907 2213 2976 pourparle

274 2974 333 3026 de
364 2976 485 3043 paix
522 2975 949 3030 dresse'devant
983 2977 1037 3029 la
1070 2983 1218 3029 mort.
1262 2976 1336 3029 du
1382 2978 1487 3031 duc
1529 2925 1598 3032 ‹ss
1646 2977 1811 3031 Guise
1856 2976 1941 3028 fut
1982 2977 2213 3029 inconti-

276 3055 395 3096 nent
428 3044 593 3098 remis
629 3060 721 3097 sus
756 3051 813 3097 et
858 3060 1019 3115 apres
1067 3047 1336 3116 plusieurs
1380 3047 1547 3101 allees
1596 3053 1654 3099 et
1698 3061 1898 3100 venues
1942 3045 1997 3099 la
2042 3045 2213 3099 Roine

274 3130 421 3179 mere,
459 3114 799 3166 infiniement
834 3116 1056 3184 ioyeuse
1091 3115 1160 3167 (16
1196 3116 1248 3167 16
1275 3122 1422 3169 mort
1456 3116 1530 3168 (16
1565 3115 1671 3168 (166
1704 3114 1900 3184 (16’6116
1934 3113 2215 3168 redentoit

274 3182 380 3248 plus
415 3199 519 3250 que
557 3182 654 3235 nul
691 3188 860 3249 autre,
903 3190 1069 3254 ayant
1102 3184 1239 3236 faint
1273 3186 1422 3238 mille
1465 3201 1705 3238 caresses
1750 3183 1786 3237 a
1837 3184 1891 3235 la
1934 3185 2213 3251 princesse

273 3249 332 3301 (16
348 3251 525 3304 Conde
562 3252 615 3303 16
655 3249 687 3302 7
723 3268 868 3303 mars
904 3268 1009 3304 une
1044 3252 1345 3306 assemblee
1382 3270 1439 3307 se
1460 3255 1567 3306 tint
1603 3270 1671 3305 en
1701 3252 1843 3305 l’Isle
1879 3269 1985 3303 aux
2022 3252 2211 3305 boeufs

276 3334 389 3385 pres
421 3319 809 3400 d’Orleansflu
843 3321 1028 3374 furent
1071 3322 1323 3399 conduits
1350 3323 1402 3374 le
1438 3323 1633 3375 Prince
1677 3330 1731 3374 et
1766 3323 1817 3374 le
1853 3320 2213 3375 connestable

272 3402 1308 3526 2355&AEzsszsssssffgztffiaffssssszss
1325 3392 1593 3512 1333&ss
1615 3389 1862 3511 ,ιὲἓῖῖἒῗῖ
1910 3390 2021 3510 133⁰
2024 3389 2213 3527 ..3323

270 3524 522 3578 demanda
560 3527 615 3578 16
649 3526 973 3593 permission
1010 3526 1080 3579 (16
1115 3528 1364 3580 conserer
1399 3543 1531 3582 avec
1566 3544 1667 3580 son
1701 3527 1903 3580 conseil
1938 3526 2077 3579 dans
2114 3525 2211 3580 Or·

273 3592 408 3645 166116
442 3595 671 3647 voulaut
705 3594 858 3646 avoir
894 3594 1043 3649 l'avis
1077 3595 1174 3648 (166
1208 3596 1502 3661 ministres,
1540 3597 1633 3663 qui
1670 3613 1771 3664 par
1808 3596 1943 3648 trois
1980 3595 2212 3664 deputes

274 3662 338 3712 lui
372 3665 531 3715 (irent
565 3663 833 3715 entendre
908 3680 975 3715 ue
1011 3664 1065 3715 ls
1098 3664 1275 3718 Roine
1308 3666 1363 3716 ni
1402 3666 1477 3717 lui
1514 3682 1581 3717 ne
1618 3666 1912 3732 pouvoient
1946 3664 2214 3731 deroguer

272 3730 300 3780 a
331 3748 395 3783 1111
431 3732 547 3783 edit
584 3734 631 3783 si
666 3731 888 3784 solenne
933 3739 1113 3785 ement
1146 3734 1261 3786 fait.
1344 3734 1417 3785 Le
1451 3734 1757 3786 lendemain
1794 3731 1827 3784 6
1861 3750 1922 3785 66
1957 3740 2213 3801 requeste

273 3806 382 3850 tous
417 3800 494 3852 les
530 3800 812 3852 ministres
847 3816 915 3851 au
952 3803 1179 3854 nombre
1216 3802 1284 3855 de
1321 3800 1390 3853 72
1424 3803 1499 3854 161
1544 3804 1707 3854 firent
1742 3819 1843 3869 par
1892 3802 2060 3853 escrit
2104 3815 2212 3855 une

274 3876 665 3922 remonstrance
699 3868 931 3920 tendant
975 3871 1008 3923 a
1050 3885 1114 3922 ce
1158 3887 1266 3938 que
1309 3870 1499 3923 (1666116
1544 3876 1601 3923 et
1644 3869 2017 3923 adicusterent
2061 3870 2211 3938 quel·

272 3952 393 4002 ques
424 3938 646 3990 articles
684 3938 1012 3989 necessaires
1048 3955 1187 4006 pour
1222 3956 1329 3991 une
1364 3955 1522 3991 seui-e
1559 3940 1703 4007 paix.
1760 3939 1898 3991 Mais
1933 3939 1985 3991 le
2016 3939 2211 3991 Prince

272 4004 343 4055 fut
376 4007 456 4071 gai
535 4006 565 4059 6
604 4022 705 4073 par
740 4006 822 4058 les
858 4021 1162 4073 promesses
1198 4006 1359 4074 qn'on
1396 4008 1473 4060 lui
1507 4008 1716 4060 saisoit:
1768 4009 1804 4059 il
1842 4008 2070 4059 accon-da
2106 4024 2213 4075 que

271 4071 405 4151 l’edit
460 4024 531 4127 ἐξ
564 4074 797 4154 Janvier
842 4078 927 4126 l'ut
970 4076 1159 4142 altere,
1213 4094 1247 4144 y
1282 4077 1510 4129 laissant
1554 4077 1833 4128 adiouster
1879 4078 1975 4127 des
2024 4092 2214 4143 excep·

272 4150 403 4193 tiens
437 4144 568 4212 qu'il
606 4144 670 4195 fit
694 4142 796 4195 lire
821 4142 1025 4196 devant
1054 4144 1107 4195 la
1124 4142 1388 4210 noblesse,
1426 4160 1495 4198 ne
1532 4146 1758 4197 voulant
1795 4145 2070 4213 qu’autres
2108 4161 2212 4213 que

272 4209 341 4262 les
374 4212 821 4279 gentilshommes
857 4227 925 4264 en
967 4211 1177 4265 dissent
1221 4214 1341 4267 leur
1377 4216 1507 4279 avis,
1560 4214 1628 4266 de
1673 4219 1822 4265 sorte
1871 4230 1976 4281 que
2023 4214 2215 4281 depuis

272 4277 341 4329 les
388 4282 665 4332 ministres
719 4297 789 4331 ne
847 4280 1031 4333 forent
1073 4283 1284 4349 enquis,
1336 4298 1545 4335 comme
1597 4283 1743 4335 aussi
1796 4282 2039 4335 l’Amiral
2093 4281 2213 4334 n'en

272 4363 411 4400 seem.
445 4350 563 4401 rien
601 4349 855 4417 qu'apres
890 4349 944 4401 la
977 4351 1309 4403 conclusion.
1379 4352 1459 4404 La
1494 4352 1671 4404 Boine
1707 4351 1957 4419 employa
1992 4352 2043 4403 le
2080 4351 2215 4403 verd

274 4422 323 4466 et
354 4416 401 4468 le
428 4434 519 4470 sec
554 4434 697 4486 pour
730 4417 1026 4470 vistement
1058 4421 1311 4473 conclure
1346 4421 1425 4472 les
1462 4420 1680 4472 articles
1728 4436 1794 4472 en
1842 4420 2013 4471 forme
2050 4419 2218 4472 d'edit

272 4486 480 4539 necorde
516 4487 570 4539 le
608 4484 675 4537 12
712 4485 875 4549 Mars,
924 4488 1103 4539 resolu
1150 4506 1218 4540 au
1256 4489 1470 4542 Conseil
1516 4490 1589 4541 du
1634 4489 1753 4556 Roy
1802 4489 1837 4541 a
1872 4491 2128 4541 Amboise
2164 4489 2215 4540 le

276 4552 347 4605 19.
381 4563 437 4607 et
469 4554 658 4608 verifie
694 4572 763 4605 su
798 4553 1103 4622 parlement
1138 4556 1171 4608 a
1206 4558 1365 4611 Paris
1402 4558 1452 4609 le
1487 4556 1574 4609 27.
1663 4558 1771 4610 Par
1819 4556 1993 4624 iceluy
2028 4557 2213 4609 l'exer-

275 4622 374 4675 eice
406 4624 474 4675 de
510 4623 566 4676 16
601 4624 831 4691 religion
867 4624 1034 4676 estoit
1068 4626 1329 4679 restreint
1377 4626 1507 4679 chez
1556 4628 1635 4678 les
1680 4626 2125 4693 gentilshommcs
2160 4632 2218 4678 et

275 4706 331 4742 66
364 4694 625 4761 quelques
662 4692 835 4755 villos,
873 4698 1033 4746 outre
1067 4695 1230 4746 celles
1265 4694 1333 4748 611
1369 4695 1408 4747 11
1445 4696 1611 4747 estoit
1646 4712 1715 4746 au
1752 4704 2216 4749 commeneement

304 4776 337 4809 11
368 4778 568 4814 mesine
604 4761 757 4821 mois,
792 4776 926 4813 avec
960 4777 1067 4814 une
1112 4763 1395 4816 oublianee
1440 4781 1590 4816 assez
1637 4764 1858 4815 confuse
1904 4764 1972 4816 de
2007 4769 2130 4817 tout
2164 4765 2216 4817 le

276 4830 432 4892 pus-se.
514 4828 724 4896 (Canop.
770 4827 924 4884 Hist.
960 4830 1082 4885 eccl.
1121 4830 1190 4883 11.
1224 4830 1341 4885 279.
1414 4832 1500 4886 Le
1546 4838 1685 4886 texte
1734 4848 1791 4885 se
1836 4833 1901 4885 lit
1949 4832 2091 4884 dans
2139 4833 2217 4885 les

280 4895 427 4972 ᾅῑέιι.
462 4899 531 4952 de
571 4896 756 4951 Cende
792 4897 895 4951 lv.
929 4896 1052 4953 311.
1129 4900 1277 4953 Ηίετ.
1326 4901 1449 4954 eccl.
1500 4902 1564 4955 11.
1598 4899 1721 4953 283.
1790 4899 1979 4968 Haay,
2030 4900 2220 4955 Pisces

272 4971 393 5028 Just.
425 4966 537 5035 61.)
583 4967 836 5019 L'amirnl
859 4968 1043 5019 arrivs
1059 4966 1349 5023 le23avec
1384 4980 1565 5022 tontes
1602 4987 1688 5022 ses
1724 4970 1901 5023 forces
1939 4980 1996 5022 et
2018 4976 2218 5023 trouva

276 5034 413 5087 l'edit
444 5038 628 5090 (li-esse
664 5036 815 5103 signe
852 5040 909 5087 et
944 5036 1138 5104 seelle;
1187 5038 1226 5089 il
1272 5054 1339 5091 en
1389 5039 1470 5092 dit
1504 5039 1879 5091 franchement
1922 5056 2019 5092 son
2064 5039 2217 5092 advis

277 5120 335 5155 en
371 5121 623 5169 presence
658 5105 733 5156 du
770 5105 982 5169 Pnuoe,
1021 5108 1157 5159 mais
1191 5108 1243 5159 16
1280 5108 1473 5160 Princo
1509 5123 1716 5175 opposa
1749 5107 1786 5160 a
1820 5113 1942 5159 tout
1987 5108 2104 5160 cela
2138 5107 2217 5159 les

278 5188 567 5237 ιιι-01666666
605 5173 761 5244 qu'on
798 5173 873 5226 lui
910 5173 1062 5225 avoit
1094 5175 1272 5237 faites,
1308 5176 1467 5245 qu'en
1498 5178 1622 5232 bref
1650 5178 1688 5229 il
1726 5177 1898 5229 seroit
1932 5192 1999 5230 en
2036 5176 2218 5229 l’estat

276 5240 341 5293 (111
372 5242 457 5295 {eu
494 5244 610 5311 Roy
644 5258 746 5296 son
780 5242 925 5295 frere
961 5251 1019 5294 et
1105 5258 1171 5296 ue
1219 5245 1333 5297 lors
1379 5261 1511 5298 avec
1558 5247 1611 5297 la
1656 5246 1740 5299 Bo
1778 5262 1845 5299 ne
1893 5245 1961 5298 ils
2005 5245 2215 5298 obtien·

278 5308 481 5365 droient
512 5320 635 5366 tout
670 5326 732 5364 66
769 5310 926 5379 qu'ils
964 5327 1065 5363 vou
1108 5314 1301 5368 roient.
1368 5314 1544 5382 (Hist.
1582 5315 1705 5370 ecel.
1742 5264 1892 5381 ζῶ.)

2022 395 2184 458 1563
2226 391 2513 458 MART.

4147 395 4272 458 682

2320 579 2401 645 de
2445 579 2682 662 quibus
2724 579 2882 662 quid
2925 580 3092 645 mihi
3138 581 3439 647 videatur
3482 581 3655 646 malo
3699 599 4011 663 praesens
4055 589 4271 647 tecum

2317 665 2391 729 in
2430 674 2781 748 utramque
2822 677 3075 749 partem
3120 666 3457 742 disserere,
3502 687 3700 749 quam
3749 668 3984 731 absens
4026 686 4148 749 per
4191 667 4273 731 li-

2318 761 2494 816 teras
2572 760 2881 816 statuere.
2993 753 3199 818 Eram
3278 774 3435 834 ergo
3510 753 3753 828 statim,
3847 761 4044 834 atque
4109 752 4273 817 adeo

2314 837 2672 920 praeterita
2716 839 2860 919 ipsa
2904 839 3080 914 urbe,
3127 839 3231 903 vel
3277 860 3428 903 cum
3471 851 3647 904 certo
3695 837 3981 920 periculo
4024 838 4154 901 iter
4188 837 4273 902 ad

2317 943 2432 988 vos
2476 923 2916 1005 ingressurus,
2961 925 3087 988 nisi
3133 945 3240 988 me
3288 924 3621 1006 hucusque
3671 924 4097 988 retinuissent
4141 924 4274 987 fra-

2318 1017 2494 1072 trum
2531 1029 2776 1092 preces,
2824 1010 3060 1092 quibus
3089 1009 3336 1092 aliquot
3370 1009 3510 1074 dies
3546 1011 3830 1074 concessi
3870 1008 4025 1072 dum
4064 1008 4272 1073 edun-

2318 1105 2426 1158 tur
2461 1094 2754 1158 ·urbium
2821 1095 3163 1172 1166111163)
3232 1105 3300 1160 et
3364 1095 3573 1177 quoad
3641 1096 3785 1159 eius
3851 1096 3994 1159 fieri
4057 1101 4274 1176 potest

2320 1180 2672 1244 nonnullae
2730 1180 3136 1246 conditiones
3193 1193 3660 1263 temperantur.
3751 1180 3963 1245 Video
4022 1201 4141 1243 nos
4200 1181 4272 1244 in

2316 1266 2648 1347 praesenti
2692 1267 2996 1331 ecclesias
3041 1267 3299 1332 circiter
3342 1268 3735 1350 quingentas
3782 1266 4155 1331 habituros:
4202 1265 4273 1330 id

2319 1357 2437 1427 est,
2505 1351 2710 1415 multo
2754 1353 2976 1434 plures
3022 1374 3214 1434 quam
3279 1375 3453 1417 nunc
3509 1351 3843 1416 ministros
3888 1353 4272 1433 superstites

2320 1436 2697 1502 habeamus.
2789 1438 3066 1503 Caetera
3130 1461 3277 1503 cum
3343 1451 3634 1520 tempore
3689 1439 4016 1502 Dominus
4070 1437 4270 1516 dabit,

2319 1531 2385 1586 et
2427 1523 2598 1588 sicut
2640 1526 2852 1606 coepit
2895 1545 3016 1588 sua
3061 1526 3257 1588 nnius
3299 1545 3498 1588 manu
3557 1525 3776 1605 procul
3828 1524 4023 1587 dubio
4069 1525 4272 1588 eonfi-

2319 1609 2464 1673 eiet.
2554 1607 2720 1673 Cras
2765 1610 2892 1672 iter
2951 1610 3284 1692 ingrediar
3329 1610 3784 1693 Burgundiam
3831 1630 4065 1673 versus
4085 1613 4141 1683 ⁴)
4198 1619 4274 1673 ut

2318 1694 2389 1756 in
2432 1693 2671 1759 itinere
2715 1716 2862 1759 cum
2909 1694 3372 1760 cohaeredibus
3418 1696 3578 1759 meis
3623 1696 3703 1758 de
3748 1695 4159 1776 patrimoniO,
4215 1695 4272 1758 si

2318 1780 2460 1844 fieri
2506 1790 2740 1862 potest,
2787 1782 3167 1863 transigam.
3259 1782 3335 1846 si
3380 1780 3649 1845 audiero
3687 1802 3957 1845 uxorem
4015 1779 4098 1844 ad
4155 1801 4271 1844 vos

2320 1887 2685 1944 reversam,
2755 1879 2885 1948 qua
2951 1868 3032 1931 de
3099 1887 3168 1930 re
3244 1889 3326 1930 61(
3389 1867 3746 1930 Normania
3814 1887 3931 1948 per
3987 1868 4277 1930 Antver-

2317 1952 2577 2032 pienses
2643 1950 2726 2016 ad
2792 1974 2937 2015 eam
2993 1954 3242 2035 scripsi,
3302 1963 3479 2017 recta
3538 1951 3688 2016 inde
3747 1954 3828 2015 ad
3888 1973 4007 2016 vos
4073 1950 4277 2015 advo-

2318 2036 2481 2101 labo.
2573 2035 2695 2102 Sin
2755 2038 2972 2103 minus
3029 2060 3144 2120 per
3197 2041 3363 2102 fines
3408 2039 3792 2116 Comitatus,
3841 2038 4275 2120 Argentinam

2318 2121 2712 2187 contendam
2735 2127 2788 2205 ⁵)
2837 2133 2910 2188 ut
2947 2127 3158 2205 primo
3203 2146 3456 2206 quoque
3480 2135 3770 2206 tempore
3812 2132 3896 2200 tc,
3943 2124 4030 2186 mi
4069 2135 4271 2205 pater,

2319 2209 2713 2291 complectar
2748 2223 2816 2273 et
2859 2230 3012 2274 vere
3058 2211 3464 2274 reviviscam.
3547 2209 3699 2274 Scio
3741 2231 3843 2272 me
3887 2230 4096 2272 unum
4133 2228 4273 2272 om-

2320 2295 2512 2359 nibus
2556 2294 2768 2358 modis
2812 2295 2964 2378 peti,
3025 2295 3140 2360 sed
3207 2296 3275 2360 in
3325 2295 3611 2359 Domino
3668 2294 3942 2372 confidO,
4009 2293 4124 2375 qui
4168 2314 4274 2357 me

2320 2380 2556 2444 millies
2602 2381 2729 2444 iam
2776 2383 3071 2444 servavit
3114 2391 3199 2454 et,
3247 2391 3318 2446 ut
3363 2401 3573 2464 sperO,
3621 2380 3826 2458 brevi,
3870 2379 4099 2443 invitis
4134 2400 4273 2443 om-

2319 2465 2512 2530 nibus
2557 2467 2661 2530 sui
2705 2468 2988 2530 nominis
3047 2468 3361 2544 hostibus,
3425 2467 3572 2531 istic
3618 2466 3935 2530 restituet.
4028 2463 4275 2530 Omnia

2318 2553 2522 2634 igitur
2562 2553 2628 2614 in
2677 2551 2938 2616 beatum
2984 2552 3170 2617 illum
3208 2552 3379 2617 diem
3418 2552 3638 2616 reiicio
3673 2573 3799 2634 quo
3837 2561 3900 2616 te
3935 2560 4001 2615 et
4037 2550 4275 2614 fratres

2320 2659 2546 2702 omnes
2612 2638 2874 2702 favente
2930 2639 3090 2718 Dec,
3147 2639 3476 2720 aspiciam.
3569 2638 3665 2702 Mi
3725 2649 3931 2720 pater,
3994 2636 4145 2700 vide
4200 2649 4276 2700 ut

2318 2744 2427 2786 me
2470 2742 2706 2806 pergas
2750 2724 3033 2789 Domino
3079 2722 3538 2789 commendare
3582 2735 3646 2788 et
3691 2723 3859 2787 vale.
3948 2721 4275 2787 Dominus

2320 2817 2545 2874 noster
2589 2819 2652 2872 te
2697 2821 2917 2874 servet
2960 2819 3026 2873 et
3066 2813 3307 2875 sanctis
3368 2811 3496 2874 tuis
3556 2810 3888 2874 laboribus
3932 2816 4275 2876 aeternum

2319 2893 2674 2960 benedicat.
2763 2894 3079 2964 Aureliae
3125 2901 3224 2960 29.
3272 2896 3517 2960 Martii.

3676 3032 3860 3097 Tuus
3904 3031 4100 3096 Beza.

2490 3240 2688 3304 Mitto
2755 3239 2838 3304 ad
2905 3247 2972 3303 te
3036 3237 3355 3303 nonnulla
3419 3259 3585 3321 quae
3641 3238 3937 3303 fortassis
3981 3234 4274 3301 nondum

2315 3324 2555 3408 legisti.
2646 3325 2706 3389 Il
2771 3348 2818 3408 y
2885 3345 2924 3389 a
2987 3323 3162 3388 deux
3227 3326 3406 3389 iours
3471 3344 3597 3406 que
3629 3323 4035 3389 Desmouzins
4099 3332 4166 3387 et
4209 3321 4275 3387 la

2312 3410 2734 3476 lientenande
2778 3410 2860 3475 de
2903 3410 3129 3492 Bloys,
3187 3431 3392 3492 ayans
3436 3419 3575 3475 este
3637 3419 3904 3475 trouvez
3950 3430 4034 3473 en
4087 3406 4272 3472 adul-

2314 3508 2473 3575 tere,
2519 3506 2636 3561 ont
2680 3506 2815 3561 este
2851 3495 3103 3580 pendus
3149 3504 3212 3560 et
3249 3495 3612 3578 estranglez
3658 3515 3740 3560 en
3785 3504 3964 3560 ceste
4010 3493 4185 3559 ville.

3199 4041 3404 4111 3924.

2515 4196 2944 4263 OOLIGNY
2989 4196 3116 4264 ΛΠ
3162 4181 3460 4263 SENAT
3505 4196 3632 4261 DE
3679 4178 4079 4261 GENEVE.

2493 4369 2975 4435 Remerciments
3020 4388 3191 4450 pour
3232 4369 3451 4434 l’envoi
3517 4367 3592 4432 de
3658 4366 3771 4431 ΤΙι.
3831 4366 3906 4430 de
3943 4364 4108 4429 Βὲεε
4163 4366 4276 4447 qui

2316 4460 2602 4521 retourne
2634 4456 2676 4519 ὰ
2726 4456 2984 4521 Θεηὲυε.

2317 4628 2609 4693 (Archives
2644 4628 2714 4681 (16
2751 4627 2985 4681 Geneve.
3057 4624 3246 4677 Pieees
3282 4624 3626 4692 historiques.
3682 4624 3869 4677 Liasse
3909 4622 4059 4677 1715.
4115 4624 4274 4678 Sous-

2991 4695 3227 4762 cription
3265 4693 3616 4762 autographo.

2318 4868 2380 4931 A
2427 4867 2905 4951 Magnificques
2950 4864 3313 4947 Seigneurs
3355 4865 3713 4931 Messieurs
3765 4861 3861 4929 les
3904 4862 4167 4948 syndios
4210 4872 4278 4929 et

2672 4955 3014 5037 seigneurs
3059 4951 3148 5015 du
3193 4950 3458 5017 Conseil
3504 4951 3585 5016 de
3629 4950 3918 5017 Geneve.

2525 5174 2584 5241 3)
2621 5178 2717 5230 ubi
2744 5180 3115 5244 protestantes
3147 5174 3311 5229 libere
3345 5189 3503 5228 suam
3535 5173 3848 5243 reliyimnen
3883 5178 4206 5229 exercerent.

2527 5243 2582 5305 4)
2619 5248 2679 5298 in
2712 5247 2958 5312 patriam
3009 5245 3286 5299 Vezelt‘am.

2528 5311 2589 5380 5)
2621 5314 2790 5369 Hanc
2824 5313 2971 5369 ωἀω
3006 5328 3195 5369 revera
3231 5314 3513 5382 inm-eam
3547 5316 3640 5367 est.
