4900 6125
668 412 794 479 835

670 596 911 664 delicet
930 600 1135 679 parte,
1168 614 1300 677 qua
1319 593 1606 659 mittitur
1637 594 1712 659 in
1747 593 1944 660 corda
1964 592 2257 662 fidelium
2282 600 2350 660 et
2372 616 2506 679 qua
2528 602 2631 661 est

669 683 942 768 spiritus
985 680 1354 757 vivificans,
1400 689 1469 744 et
1507 680 1961 746 testimonium
2001 680 2441 748 conscientiae
2486 702 2633 746 nos-

670 780 812 834 trae
853 766 1227 853 perhibens,
1270 763 1442 848 quod
1489 765 1696 831 simus
1737 765 1859 831 filii
1903 766 2053 846 Dei,
2098 777 2166 832 et
2207 767 2281 830 in
2322 765 2439 831 illo
2496 767 2630 833 cla-

667 872 959 921 memus:
1025 850 1220 918 Abba
1260 858 1465 934 pater.
1553 854 1785 934 Aeque
1841 852 2061 935 itaque
2113 852 2325 918 filium
2370 854 2632 918 mittere

668 942 857 1005 aiunt
898 938 1204 1021 spiritum
1248 946 1572 1015 sanctum,
1615 937 1784 1003 sicut
1818 947 1888 1003 et
1929 948 2204 1021 patrem,
2250 945 2320 1002 et
2362 937 2488 1004 hoc
2530 939 2632 1021 ip-

669 1045 822 1177 2¹1¹?
886 1023 1144 1173 opeffri
1197 1043 1284 1173 1¹ss
1326 1023 1654 1172 mfflbus
1717 1022 2011 1174 fidglium
2030 1075 2046 1102 ,
2127 1022 2323 1122 quod·
2342 1031 2634 1175 μείξει-ἓξ

769 1131 1090 1176 usvu.
1288 1129 1329 1173 a
1544 1129 1972 1174 enaerna
2089 1129 2559 1175 rocessloiux

672 1195 1081 1264 Graecorum
1147 1193 1541 1260 sententiam
1604 1214 1646 1258 a
1708 1192 1846 1260 solo
1891 1130 2085 1276 patr}
2129 1196 2223 1260 fit.
2311 1192 2388 1261 Si
2433 1195 2629 1273 enim,

671 1282 996 1366 inquiunt,
1063 1278 1146 1345 ab
1203 1289 1482 1362 utroque
1544 1288 1648 1345 est
1714 1280 2068 1362 processio,
2135 1280 2266 1346 duo
2310 1281 2635 1365 principia

671 1367 877 1433 statui
921 1375 988 1431 et
1028 1387 1118 1431 ex
1155 1365 1621 1448 consequentia
1661 1364 1885 1449 plures
1921 1364 2118 1431 Deos.
2192 1368 2291 1431 Ac
2324 1387 2401 1431 eo
2436 1364 2633 1432 modo

671 1452 925 1519 faciunt
967 1461 1038 1517 et
1078 1451 1492 1517 constituunt
1535 1449 1883 1516 discrimen
1932 1453 2107 1518 inter
2151 1452 2634 1534 processionem

672 1545 740 1604 et
782 1538 1157 1603 missionem
1195 1537 1468 1619 spiritus
1502 1536 1741 1602 sancti:
1789 1537 2266 1619 processionem
2301 1537 2424 1604 soli
2459 1537 2633 1620 patri

627 1695 634 1708 ⁸
671 1624 1006 1702 tribuunt,
1065 1623 1446 1688 missionem
1502 1623 1765 1706 utrique
1809 1620 1894 1688 ad
1938 1622 2279 1690 ecclesiam
2321 1625 2389 1688 in
2435 1624 2636 1689 corda

673 1709 824 1775 fidel
832 1709 989 1774 ium.

844 1795 954 1860 Ex
998 1793 1104 1859 his
1146 1801 1214 1857 et
1250 1792 1569 1859 similibus
1613 1791 1929 1859 doctrinis
1972 1793 2216 1859 inferre
2259 1804 2328 1859 et
2370 1793 2634 1860 conclu-

674 1880 830 1946 dere
873 1887 1213 1957 conantur,
1283 1889 1484 1943 totam
1543 1877 1909 1945 doctrinam
1976 1881 2047 1944 in
2092 1889 2332 1963 papatu
2350 1929 2368 1961 ,
2435 1880 2635 1944 etiam

675 1966 758 2033 de
802 1966 927 2031 hoc
984 1963 1139 2032 fidei
1196 1972 1464 2029 nostrae
1505 1963 1936 2030 fundamento
1977 1965 2180 2031 fuisse
2238 1972 2634 2048 corruptam,

673 2051 971 2135 nihilque
1013 2051 1334 2116 intactum
1375 2050 1716 2134 reliquisse
1757 2050 2244 2116 Antichristnm
2261 2102 2277 2130 ,
2322 2050 2495 2135 quod
2537 2061 2636 2116 te-

673 2138 799 2204 tris
842 2144 912 2203 et
954 2135 1298 2203 horrendis
1353 2136 1466 2201 ille
1508 2136 2101 2202 abominationibus
2144 2158 2277 2203 non
2323 2137 2635 2202 contami-

674 2231 894 2300 naret,
961 2242 1092 2287 non
1159 2220 1513 2306 pollueret,
1591 2242 1726 2286 non
1803 2222 2198 2304 profanaret.
2297 2222 2636 2287 Trinitarii

673 2315 907 2376 contra
947 2307 1318 2375 concedunt
1349 2307 1614 2390 quidem
1659 2306 1910 2391 reliqua
1951 2309 2175 2374 omnia
2216 2307 2640 2392 pessumdata

673 2395 877 2460 fuisse
933 2394 1004 2458 in
1063 2401 1334 2477 papatu:
1401 2392 1567 2458 haec
1609 2413 1769 2458 vero
1812 2392 1895 2459 de
1934 2394 2248 2476 primario
2293 2393 2445 2459 fidei
2491 2414 2638 2459 nos-

675 2489 819 2546 trae
861 2479 1314 2553 fundamento,
1360 2479 1680 2563 singulari
1724 2479 1850 2545 Dei
1893 2479 2236 2557 beneficio,
2280 2478 2530 2545 illibata
2571 2486 2640 2544 et

674 2565 994 2631 inviolata
1049 2565 1488 2648 permansisse
1507 2615 1522 2642 ,
1579 2574 1648 2629 et
1697 2564 1811 2629 illa
1867 2572 2126 2630 tantum
2184 2576 2370 2648 parte
2426 2573 2638 2630 status

678 2673 756 2717 ac
797 2650 1060 2716 ordines
1103 2651 1529 2732 imperiorum
1572 2650 1974 2716 serenissimi
2011 2651 2187 2734 regis
2219 2659 2289 2716 et
2322 2650 2638 2735 principis

676 2738 920 2814 nostri,
988 2757 1064 2802 ac
1125 2735 1441 2819 ipsosmet
1504 2735 1575 2801 in
1618 2737 1848 2819 primis
1906 2736 2266 2819 principes,
2333 2745 2635 2801 senatum

672 2821 1774 2990 ffigffiquspuffiieffl
1793 2831 2044 2991 erfegem
2091 2819 2634 2972 dosmussetgci-

672 2958 1028 3059 mationem
1062 2993 1492 3060 ecclesiarum
1524 3001 1756 3059 contra
1777 2993 2073 3077 papistas
2097 3013 2334 3077 urgere
2356 2990 2633 3057 debere:

675 3081 759 3147 ab
800 3081 928 3146 ista
971 3100 1127 3147 vero
1168 3086 1356 3162 parte
1421 3078 1502 3144 de
1569 3080 1884 3157 trinitate,
1959 3100 2043 3145 ne
2107 3079 2316 3144 latum
2372 3077 2635 3163 quidem

673 3186 968 3250 unguem
1026 3186 1068 3230 a
1122 3165 1421 3231 doctrina
1463 3164 1780 3249 papistica
1821 3174 2123 3248 oportere
2166 3163 2409 3230 discedi
2426 3213 2443 3245 ,
2506 3164 2633 3230 nisi

675 3272 945 3335 prorsus
985 3251 1337 3335 Epicuraei
1381 3250 1711 3333 Atheique
1753 3270 1894 3317 esse
1939 3249 2237 3317 velimus.

848 3337 982 3403 Hic
1045 3356 1203 3402 vero
1219 3385 1236 3413 ‚
1302 3337 1488 3402 Deus
1554 3336 1754 3414 bone,
1818 3344 2069 3420 quanta
2122 3346 2225 3402 est
2288 3333 2370 3401 ab
2423 3334 2633 3401 altera

675 3430 866 3506 parte
906 3421 1316 3522 coacervatio
1359 3422 1842 3521 sententiarum
1895 3442 1982 3520 ex
2031 3421 2221 3520 libris
2277 3420 2632 3520 papisticis,

677 3506 1553 3677 affimat&
1598 3506 2322 3659 :gfflzffle
2353 3505 2633 3661 ¹3:3²5:

677 3680 802 3759 nis,
846 3688 984 3744 tam
1020 3678 1247 3745 latinis
1288 3698 1487 3761 quam
1529 3677 1865 3761 polonicis,
1910 3677 2248 3761 papisticis
2290 3679 2535 3760 pariter
2567 3685 2635 3743 et

678 3784 849 3830 evan
933 3764 1105 3843 licis,
1160 3783 1328 3847 quae
1383 3762 1640 3846 publice
1692 3763 2006 3848 leguntur
2061 3784 2138 3829 ac
2194 3772 2520 3829 canuntur
2562 3764 2634 3828 in

677 3856 813 3915 tem
890 3851 903 3863 ‘
986 3859 1055 3915 et
1094 3850 1163 3915 in
1205 3849 1458 3932 plateis.
1549 3850 1757 3915 Verbi
1798 3850 2039 3934 gratia:
2084 3847 2364 3930 Suscipe
2406 3858 2635 3915 sancta

675 3936 943 4001 trinitas
979 3933 1151 4000 hanc
1184 3933 1583 4002 oblationem
1617 3935 1687 4000 in
1720 3934 2106 4000 memoriam
2139 3932 2386 3999 domini
2422 3933 2634 3999 nostri

675 4021 832 4087 Iesu
868 4019 1140 4087 Christi.
1210 4020 1378 4086 Item
1415 4020 1486 4085 in
1530 4019 1636 4085 die
1673 4020 2178 4103 purificationis:
2205 4020 2260 4102 ¹)
2304 4019 2633 4086 Benedico

680 4115 748 4172 te
789 4114 1091 4172 creatura
1143 4125 1330 4172 cerae
1388 4105 1462 4170 in
1522 4106 1786 4171 nomine
1829 4106 1960 4171 Dei
2004 4104 2211 4171 nostri
2257 4115 2328 4170 et
2367 4118 2634 4171 sanctae

678 4191 1018 4257 trinitatis.
1094 4192 1228 4257 Per
1269 4190 1611 4256 dominum
1655 4201 1954 4267 nostrum
1997 4190 2222 4257 Iesum
2267 4189 2631 4267 Christum,

679 4279 793 4362 qui
858 4286 1076 4344 tecum
1139 4284 1209 4342 et
1249 4297 1402 4343 cnm
1444 4276 1681 4359 spiritu
1746 4287 1973 4343 sancto
2018 4276 2183 4342 vivit
2227 4275 2448 4355 Deus,
2515 4296 2635 4358 per

679 4363 906 4429 omnia
942 4374 1065 4429 etc.
1136 4362 1306 4428 Item
1351 4360 1622 4427 ibidem:
1660 4361 1943 4427 Domine
1980 4359 2163 4426 Deus
2205 4372 2390 4444 pater
2422 4362 2633 4426 omni-

682 4457 952 4533 potens,
1019 4468 1369 4531 precamur
1410 4455 1477 4512 te
1518 4467 1634 4530 per
1684 4447 2216 4513 intercessionem
2260 4445 2332 4512 S.
2378 4446 2634 4513 Mariae

682 4533 1020 4618 genitricis
1075 4543 1230 4599 tuae
1244 4583 1261 4612 ,
1327 4533 1650 4615 propitius
1705 4532 1798 4598 sis
1855 4531 2158 4598 omnibus
2200 4530 2634 4598 clamantibus

680 4617 766 4684 ad
809 4626 893 4697 te,
938 4639 1099 4703 quos
1157 4617 1492 4685 redemisti
1534 4617 1816 4701 pretioso
1873 4617 2193 4701 sanguine
2238 4627 2367 4683 tuo.
2459 4617 2633 4682 Item

683 4706 754 4769 in
799 4701 906 4769 die
948 4724 1001 4769 s.
1049 4703 1391 4769 trinitatis:
1473 4701 1910 4785 Omnipotens
1925 4753 1941 4781 ,
1986 4702 2386 4786 sempiterne
2427 4703 2632 4782 Dens,

684 4790 797 4873 qui
839 4787 1078 4857 dedisti
1140 4789 1401 4855 famulis
1454 4789 1590 4854 tuis
1653 4796 1957 4855 aeternae
1999 4787 2314 4853 trinitatis
2356 4788 2633 4872 gloriam

685 4894 1059 4958 agnoscere,
1099 4874 1213 4956 qui
1256 4874 1327 4939 in
1371 4874 1666 4940 trinitate
1708 4895 1884 4940 unus
1928 4874 2113 4940 Dens
2156 4882 2275 4938 etc.
2346 4874 2457 4939 Ex
2490 4873 2635 4958 qui-

685 4959 808 5027 bus
873 4970 942 5025 et
987 4959 1309 5026 similibus
1351 4959 1725 5036 sententiis,
1790 4979 2065 5042 quarum
2122 4958 2274 5024 libri
2316 4958 2635 5043 papistici,

687 5045 848 5128 quin
891 5054 963 5111 et
1003 5043 1437 5127 quorumdam
1476 5044 2006 5130 evangelicorum
2049 5044 2227 5127 pleni
2283 5053 2473 5123 sunt,
2530 5044 2634 5109 in·

689 5315 871 5370 ιω.
901 5317 957 5386 1)
987 5317 1051 5372 In
1084 5316 1292 5371 min-11
1324 5316 1666 5373 cemma-i
1699 5316 2008 5386 sumptibus
2027 5316 2236 5371 naum
2269 5317 2539 5386 impresso
2579 5315 2631 5371 s.

2328 404 2799 473 EPISmLA
2839 410 3008 473 4125

4534 410 4629 472 336

2733 594 2961 661 ferunt
3026 600 3094 660 et
3156 593 3558 662 concludunt
3618 595 3729 662 isti
3742 645 3759 672 ,
3825 616 3954 661 non
3999 600 4261 660 tantum
4305 596 4633 672 trinitatum,

2733 680 2851 746 sed
2893 682 3400 764 quaternitatem
3443 690 3510 746 et
3551 681 3752 747 aliam
3794 681 4074 747 multam
4128 679 4551 764 pluralitatem
4582 683 4637 746 in

2733 766 3081 832 divinitate
3116 766 3480 851 pontificios
3523 778 3591 832 et
3632 765 3947 851 quosdam
3981 767 4393 851 evangelicos
4422 767 4637 844 infern,

2731 862 2799 918 et
2841 873 2985 918 esse
3030 852 3172 919 eius
3216 853 3477 937 generis
3520 853 3816 917 infinitas
3855 852 4277 936 corruptelas.

2905 935 3101 1004 Unde
3143 938 3320 1002 inter
3363 944 3584 1021 partes
3617 940 3788 1003 mira
3820 947 3922 1004 est
3963 938 4397 1005 certaminum
4430 957 4641 1004 coacer-

2734 1023 2909 1089 vatio
2969 1034 3037 1088 et
3090 1021 3313 1089 odiosa
3370 1023 3830 1089 recriminatio.
3921 1024 4269 1089 Trinitarii
4312 1025 4481 1090 enim
4517 1029 4643 1089 istos

2735 1108 3096 1174 Arianismi
3131 1108 3227 1174 illi
3264 1130 3372 1175 eos
3395 1108 3887 1175 Sabellianismi
3909 1119 4294 1193 coarguunt,
4329 1110 4491 1194 qnod
4510 1110 4643 1174 sn’li-

2733 1194 3102 1260 cet‘realem
3127 1195 3363 1260 tollant
3384 1193 3869 1261 distinctionem
3903 1197 3972 1260 in
3994 1196 4314 1272 trinitate,
4349 1205 4415 1261 et
4447 1216 4523 1261 ex
4552 1195 4645 1260 ni·

2734 1280 2857 1346 bus
2877 1279 3208 1346 distinctis
3229 1282 3526 1363 personis
3557 1282 3842 1347 conflent
3862 1302 4070 1346 unum
4104 1281 4449 1347 confusum
4468 1282 4647 1347 Dm

2737 1365 3148 1432 trinomium:
3194 1363 3430 1432 deinde
3463 1365 3638 1449 quod
3681 1388 3815 1431 non
3860 1387 4084 1432 veram
4128 1368 4510 1442 trinitatem
4558 1365 4645 1431 sed

2734 1450 3064 1534 quandam
3108 1452 3643 1535 quaternitatem,
3700 1459 3840 1517 tum
3886 1452 4496 1536 quinquennitatem
4531 1472 4647 1516 sex-

2735 1538 3226 1620 ennitatemque
3269 1538 3379 1602 isti
3424 1537 3732 1603 doceant:
3777 1545 3846 1603 et
3887 1538 4131 1604 iniuste
4173 1537 4333 1603 olim
4368 1536 4449 1603 ab
4485 1537 4649 1603 ecele-

2737 1623 2836 1688 sia
2878 1643 3152 1688 romana
3186 1622 3408 1692 Ioach.
3447 1623 3701 1689 abbatis
3743 1623 4140 1690 sententiam
4176 1643 4409 1689 sanam
4442 1631 4505 1688 et
4532 1644 4649 1689 cm

2737 1707 2940 1774 verbo
2962 1709 3091 1775 Dei
3113 1717 3608 1793 congruentem,
3654 1709 4035 1775 damnatam
4075 1719 4145 1775 et
4177 1707 4529 1792 explosam,
4564 1707 4649 1772 de-

2736 1794 3044 1860 teriorem
3087 1815 3248 1860 vero
3269 1795 3457 1860 Petri
3492 1793 3871 1872 Lombardi,
3914 1795 4027 1879 qui
4229 1795 4244 1809 ‘
4430 1803 4651 1861 senten-

2738 1881 2981 1945 tiarum
3025 1879 3294 1956 dicitur,
3352 1891 3679 1964 receptam
3721 1880 3944 1946 fuisse.
4030 1882 4122 1947 Et
4162 1881 4481 1948 recitatur
4514 1881 4651 1945 eins-

2738 1963 2887 2030 dem
2955 1966 3211 2032 abbatis
3289 1977 3470 2031 certa
3543 1964 3856 2049 quaedam
3911 1966 4260 2050 prophetia
4276 2017 4293 2044 ,
4359 1985 4549 2049 quam
4598 1965 4653 2030 in

2739 2052 3004 2135 scriptis
3068 2051 3205 2117 suis
3270 2050 3614 2134 reliquisse
3677 2051 3917 2117 dicitur
3966 2053 4037 2117 in
4096 2052 4260 2118 haec
4310 2052 4535 2117 verba:
4586 2050 4653 2115 Bt

2738 2137 3122 2220 priusquam
3165 2137 3446 2203 cessabit
3487 2136 3684 2203 turba
3740 2138 4177 2215 missantinm,
4222 2147 4386 2204 tnnc
4426 2156 4653 2221 appre-

2738 2222 2836 2287 bit
2878 2222 3301 2305 quaternitas.

2907 2308 3243 2374 Prodiisse
3286 2310 3491 2373 etiam
3546 2306 3803 2385 dicunt,
3863 2330 3997 2374 non
4039 2310 4137 2373 ita
4179 2307 4443 2392 pridem
4482 2317 4655 2374 coetoe

2738 2392 3029 2477 dialogos
3073 2392 3153 2459 de
3198 2394 3492 2460 trinitate
3535 2392 3981 2460 Bernhardini
4024 2393 4269 2461 Ochini
4286 2445 4303 2472 ,
4323 2396 4388 2469 ²)
4444 2395 4565 2460 viri
4594 2393 4657 2458 de

2738 2479 2983 2561 pietate
3026 2479 3391 2545 christiana
3431 2479 3674 2563 optime
3717 2479 3959 2557 meriti,
4002 2481 4115 2564 qui
4154 2480 4227 2545 in
4269 2479 4517 2546 eisdmn
4552 2478 4657 2543 dis-

2737 2564 2904 2648 logis
2948 2566 3086 2630 suis
3128 2573 3420 2630 veterem
3462 2564 4004 2631 scholasticorum
4045 2564 4419 2633 doctrinam
4460 2565 4537 2631 de
4564 2564 4657 2629 hoe

2739 2650 3043 2733 dogmate
3105 2670 3239 2715 non
3302 2652 3580 2716 obscure
3643 2662 3827 2715 taxet
3889 2670 3966 2716 ac
4012 2651 4475 2734 reprehendat.
4552 2649 4657 2729 Qui

2738 2735 3005 2818 quidem
3041 2735 3300 2801 libellus
3333 2736 3595 2802 tametsi
3631 2734 3816 2801 nobis
3850 2735 4107 2803 dicatus
4139 2745 4259 2814 est,
4298 2757 4455 2802 enm
4476 2745 4659 2802 tana

2741 2820 3062 2889 hactenus
3118 2820 3362 2887 nedum
3421 2820 3734 2906 legimus,
3790 2820 3906 2887 sed
3948 2843 4035 2887 ne
4080 2821 4373 2888 vidimus
4415 2821 4657 2906 quiden.

2742 2906 2953 2972 Aiunt
2994 2905 3255 2990 quidem
3300 2905 3384 2970 ad
3428 2927 3546 2973 nos
3588 2906 3793 2972 fuisse
3833 2908 4089 2987 missos,
4134 2906 4251 2974 sed
4294 2917 4521 2974 tamen
4556 2921 4657 2972 ste-

2740 2991 2919 3057 diose
2962 3013 3004 3057 a
3046 2992 3436 3076 quibusdam
3479 2993 3876 3077 interceptos
3900 3044 3916 3073 ,
3961 3015 4046 3059 ne
4086 3014 4171 3060 ex
4215 2993 4575 3060 Germania
4606 2994 4657 3056 in

2738 3078 3083 3144 Poloniam
3123 3088 3489 3162 penetrent.

2910 3163 3233 3231 Nolumus
3322 3173 3616 3231 raeterea
3656 3164 3870 3231 celare
3911 3173 4155 3247 praest.
4200 3175 4391 3231 tuam
4410 3215 4427 3245 ,
4483 3174 4657 3231 amn

2734 3250 2938 3316 fuisse
2990 3269 3217 3316 mense
3315 3249 3629 3334 eptembr.
3673 3251 4064 3317 Pinczoviae
4082 3254 4138 3327 ⁸)
4192 3249 4523 3335 synodum
4577 3270 4657 3315 eu-

2736 3334 3081 3402 clesiarum
3127 3343 3508 3401 renatarum
3550 3337 3623 3401 in
3660 3336 3899 3401 minori
3934 3335 4228 3415 Polonia,
4270 3336 4360 3401 ad
4400 3358 4585 3420 quam
4610 3344 4659 3399 a

2730 3441 2852 3486 nos
2893 3428 3105 3488 certos
3149 3421 3490 3487 ministros
3531 3430 3601 3487 et
3643 3432 3939 3506 pastores
3984 3429 4247 3487 nostros
4288 3443 4381 3488 ex
4418 3422 4657 3489 hithm-

2733 3507 2847 3572 nia
2908 3505 3376 3590 ablegavimus.
3466 3507 3551 3572 In
3614 3527 3746 3589 qua
3808 3504 4075 3591 quidem
4140 3507 4402 3591 synodo
4440 3526 4655 3574 summ

2730 3592 3156 3659 consensione
3220 3593 3515 3658 omnium
3581 3592 4245 3675 superintendentnm
4259 3642 4276 3672 ,
4358 3606 4655 3677 pastorum

2730 3685 2799 3743 et
2840 3678 3171 3743 seniorum
3214 3697 3298 3742 ex
3343 3687 3619 3761 utroque
3663 3678 3894 3743 ordine
3936 3688 4075 3742 tam
4111 3678 4456 3758 nobilium,
4498 3697 4657 3762 qm

2730 3764 3185 3829 ministrorum
3203 3812 3219 3841 ‚
3283 3766 3656 3848 conscripta
3698 3772 3801 3829 est
3842 3761 4167 3846 quaedam
4210 3763 4503 3831 formula
4536 3785 4659 3830 con·

2729 3870 2963 3914 sensus
3004 3845 3086 3912 de
3129 3846 3253 3912 hoc
3296 3848 3635 3932 dogmate,
3680 3869 3880 3932 quam
3923 3848 3997 3914 Τ.
4044 3848 4120 3915 P.
4164 3848 4497 3916 inclusam
4534 3849 4657 3912 mit-

2731 3934 2966 4013 timus,
3032 3942 3109 3999 ut
3170 3931 3253 3998 de
3313 3954 3392 3999 ea
3456 3933 3774 4000 iudicium
3837 3935 4027 4000 feras.
4113 3934 4513 4001 Paucissimi
4568 3954 4657 3997 aa·

2734 4030 2869 4086 tem
2933 4041 3020 4085 ex
3084 4019 3404 4084 ministris
3471 4020 3947 4085 trinitariorum
4013 4018 4097 4083 ab
4154 4019 4279 4087 hac
4326 4019 4571 4106 synodo
4604 4038 4657 4081 ss

2735 4106 3183 4183 absentarunt,
3252 4114 3318 4169 et
3382 4104 3674 4188 legitime
3740 4107 3954 4171 vocati
4020 4103 4249 4171 adesse
4316 4107 4653 4177 noluerunt.

2734 4191 2845 4273 qui
2889 4191 3088 4256 etiam
3141 4210 3321 4256 nunc
3364 4190 3608 4256 multas
3650 4190 3882 4256 turbas
3927 4190 4035 4256 hic
4086 4191 4293 4267 cient,
4372 4194 4511 4258 sive
4546 4191 4655 4275 pie·

2736 4276 2890 4342 tatis
2933 4275 3105 4354 zelo,
3150 4295 3343 4358 quem
3388 4295 3544 4359 prae
3587 4297 3659 4342 se
3700 4277 3873 4342 ferre
3918 4274 4253 4351 videntur,
4322 4279 4467 4346 sive
4450 4294 4655 4428 ”31:³-

2734 4363 2989 4427 ratione
3052 4380 3338 4426 caussae.
3425 4360 3488 4426 N
3489 4381 3596 4426 am
3661 4360 3744 4427 ab
3809 4361 3987 4427 illius
4029 4362 4410 4446 cognitione

2733 4445 3048 4513 iudicium
3102 4452 3174 4510 et
3226 4446 3546 4512 rationem
3604 4446 3962 4513 abducunt:
4020 4448 4137 4513 sed
4195 4450 4383 4532 ipsas
4436 4463 4655 4533 qnoque

2734 4553 2930 4598 aures
2981 4542 3048 4597 et
3103 4551 3363 4597 omnem
3423 4552 3690 4599 sensum
3748 4530 4084 4598 claudunt.
4162 4534 4471 4601 Amicam
4510 4551 4653 4603 m,

2735 4617 3055 4701 placidam
3123 4624 3193 4682 et
3268 4616 3695 4684 christianam
3759 4617 4172 4685 collationem
4252 4640 4409 4686 cnm
4482 4618 4653 4683 altas

2733 4712 2923 4787 parte
2964 4723 3233 4785 prorsus
3277 4701 3663 4769 detrectant.
3751 4704 3833 4769 Id
3898 4702 4069 4787 quod
4112 4725 4276 4771 sane
4316 4706 4406 4771 ad
4448 4716 4512 4770 te
4548 4722 4653 4768 nos

2735 4789 2882 4939 ἓξὲξ
2924 4809 3112 4939 ⁸1:³⁰:
3116 4786 3419 4956 “¹323
3422 4788 4027 4942 ‘ssffizmfflt
4046 4790 4651 4962 ἛᾙΫΨἪ

2937 5179 2998 5248 2)
3031 5180 3318 5251 Inscripsit
3351 5180 3587 5236 Ochinns
3622 5181 3722 5236 hoa
3756 5182 3894 5237 dnos
3929 5182 4143 5253 priore·
4176 5184 4425 5254 &dogo-
4454 5176 4645 5237 tedu-

2733 5249 3497 5384 ᾶίοΙοςοέ-Ξιωιῦἓέἰιὲρτίησίρί
3532 5249 3589 5304 S.
