4900 6125
329 407 444 469 601

325 612 550 661 corum
611 592 869 660 dierum
927 592 1175 661 obsidio
1211 593 1443 664 urbem
1500 614 1702 678 prope
1742 591 1964 659 inedia
1996 592 2291 660 confece-

322 685 446 744 rat.
532 678 655 745 Bis
698 679 941 745 milites
985 678 1314 765 Guysiani
1360 679 1607 764 egressi
1649 679 1913 746 fuerant
1952 685 2143 746 extra
2177 700 2294 763 ag-

324 784 535 849 geres,
579 764 690 832 sed
739 765 977 831 acriter
1019 765 1269 849 repulsi
1312 773 1663 851 coeperant
1696 766 2047 849 quiescere.
2114 764 2294 831 Hinc

317 850 557 935 regina
600 857 813 917 mater
857 851 942 917 ad
984 851 1209 918 solitas
1248 858 1444 919 artes.
1532 851 1852 935 Princeps
1885 872 2006 935 pro
2041 871 2162 917 sua
2195 849 2293 916 fa-

316 937 569 1003 cilitate
640 943 899 1024 tempus
978 936 1317 1003 fallacibus
1396 937 1738 1021 colloquiis
1803 945 2018 1004 terere
2041 988 2057 1016 ,
2124 935 2293 1020 quod

312 1022 540 1107 magis
607 1021 805 1089 rebus
867 1021 1176 1107 gerendis
1238 1022 1622 1106 impendere
1676 1022 1967 1090 decebat.
2069 1021 2293 1106 Vulgo

312 1109 646 1193 putabant
709 1107 792 1174 de
848 1130 1009 1192 pace
1066 1130 1209 1175 esse
1274 1119 1704 1187 transactum,
1763 1128 1969 1193 quum
2031 1115 2295 1192 praeter

311 1214 507 1279 spem
569 1195 931 1261 adveniunt
974 1194 1260 1279 Hispani
1315 1203 1382 1261 et
1435 1194 1749 1261 Britones
1802 1195 1873 1260 in
1930 1193 2294 1261 subsidium

310 1279 634 1360 hostium,
692 1280 930 1363 quibus
994 1282 1220 1346 statim
1285 1283 1494 1347 crevit
1548 1279 1870 1348 alacritas.
1974 1280 2295 1362 Princeps

310 1366 688 1433 exercitum
755 1387 949 1436 suum
1018 1366 1281 1451 longius
1341 1366 1621 1432 reduxit.
1644 1366 1701 1452 2)
1794 1364 2071 1449 Sequuti
2137 1372 2296 1431 sunt

310 1451 673 1536 Guysiani.
754 1452 1031 1518 Decima
1075 1452 1307 1536 quinta
1343 1451 1540 1518 huius
1583 1456 1831 1518 mensis
1874 1460 2090 1518 castra
2134 1451 2295 1517 utri-

307 1558 450 1620 que
518 1536 849 1603 habebant
907 1540 976 1603 in
1022 1538 1241 1603 Beltia
1299 1559 1535 1604 versus
1595 1537 1916 1604 Carnutes
1969 1545 2041 1604 et
2080 1536 2296 1603 Oeno-

307 1641 576 1689 manos.
602 1626 657 1702 ⁸)
758 1622 1096 1707 Scriptum
1157 1624 1282 1689 fuit
1324 1623 1594 1689 Lutetia
1659 1633 1726 1690 et
1783 1625 1979 1691 certis
2037 1622 2297 1690 indiciis

307 1711 782 1774 confirmatum
806 1760 824 1789 ,
892 1709 1023 1775 levi
1095 1708 1346 1793 proelio
1415 1709 1791 1776 conflixisse
1856 1716 1923 1774 et
1986 1708 2295 1775 cecidisse

304 1795 774 1879 septingentos
818 1795 1174 1880 Hispanos.
1264 1796 1327 1862 N
1331 1796 1562 1860 uncins
1607 1805 1829 1861 autem
1874 1796 2022 1861 ideo
2064 1794 2296 1861 verisi-

304 1881 495 1948 milis
542 1888 643 1946 est
684 1883 990 1964 quoniam
1030 1881 1227 1947 multi
1271 1880 1608 1947 vulnerati
1642 1881 1957 1965 plaustris
2000 1891 2070 1946 et
2112 1879 2296 1948 vehi-

304 1966 486 2033 culis
546 1966 616 2030 in
677 1966 907 2033 urbem
963 1966 1145 2032 allati
1204 1968 1494 2047 fuerant.
1582 1967 1829 2033 Hostes
1886 1989 1926 2032 a
1967 1964 2297 2051 peditibus

304 2051 561 2118 melius
606 2061 762 2117 sunt
820 2053 1151 2119 instructi.
1241 2053 1562 2137 Princeps
1607 2053 1901 2137 equitatu
1947 2052 2143 2137 longe
2188 2074 2295 2118 su-

302 2137 562 2224 perior.
650 2137 907 2203 Rumor
958 2139 1071 2222 qui
1115 2137 1196 2203 de
1240 2138 1608 2223 Rotomago
1663 2160 1705 2204 a
1748 2139 1993 2205 nostris
2037 2146 2298 2221 recepto

304 2223 627 2290 volitavit
660 2245 838 2290 nunc
876 2245 1090 2290 vanus
1125 2222 1666 2307 deprehenditur:
1705 2245 1829 2292 nec
1873 2231 2094 2290 tamen
2135 2232 2298 2308 puto

304 2310 393 2375 de
447 2308 658 2373 nihilo
693 2317 1020 2389 exortum,
1058 2308 1175 2376 sed
1216 2308 1386 2393 quod
1423 2309 1755 2376 occultum
1794 2331 1936 2376 esse
1980 2309 2300 2376 debuerat

346 2394 736 2460 uorundam
796 2395 1110 2461 futilitate
1168 2403 1322 2461 ante
1368 2403 1629 2479 tempus
1671 2395 1936 2480 longius
1978 2396 2294 2462 manavit.

300 2416 384 2547 Si
428 2501 668 2546 verum
706 2490 805 2546 est
842 2481 1016 2565 quod
1053 2480 1373 2565 probabili
1406 2481 1661 2547 ratione
1704 2482 1867 2546 mihi
1912 2480 2296 2566 persuadeo,

300 2587 433 2633 sex
492 2564 865 2650 Anglorum
926 2567 1134 2633 millia
1186 2568 1538 2633 coniuncta
1593 2588 1737 2634 esse
1784 2566 2102 2650 Principi‚
2161 2587 2294 2633 non

298 2651 723 2737 poenitenda
781 2653 908 2717 erit
970 2652 1276 2719 accessio.
1381 2651 1581 2719 Oerte
1642 2652 1772 2719 nisi
1834 2653 2093 2720 obviam
2161 2652 2294 2718 illis

298 2737 629 2823 progredi
673 2736 884 2804 voluit
941 2759 1071 2821 quo
1115 2759 1226 2803 eos
1285 2738 1628 2818 animaret,
1674 2737 1980 2822 pudenda
2019 2739 2295 2824 ignavia

297 2844 589 2891 cursum
635 2823 1014 2889 retroflexit.
1104 2824 1513 2891 Parisienses
1570 2825 1696 2909 ipsi
1739 2825 2050 2891 furiosius
2093 2844 2293 2909 quam

298 2910 645 2976 hactenus
710 2918 932 2975 ruunt.
1041 2908 1277 2976 Solent
1351 2911 1593 3010 privati
1660 2910 1961 2977 homines
2027 2909 2294 2976 veniam

298 2994 559 3061 aetatis
644 2994 1003 3080 impetrare
1068 3015 1109 3059 a
1164 2995 1575 3081 principibus
1643 3003 1719 3061 ut
1797 2995 1933 3064 sint
2010 2996 2118 3064 sui
2198 2997 2293 3061 iu·

297 3082 419 3149 ris.
521 3080 728 3147 Curia
798 3081 1060 3148 veniam
1118 3082 1356 3148 aetatis
1400 3082 1575 3167 Regi
1621 3081 1804 3149 dedit
1870 3089 1943 3148 et
1999 3103 2288 3167 pronun·

296 3167 524 3235 ciavit
591 3167 908 3232 maiorem
992 3172 1070 3232 ut
1151 3167 1530 3251 loquuntur.
1631 3168 1897 3234 Interea
1975 3178 2288 3252 tanquam

295 3252 571 3339 pupillo
614 3252 749 3318 dati
796 3261 954 3319 sunt
995 3262 1351 3319 curatores.
1431 3253 1828 3334 Consiliarii,
1873 3255 1984 3338 qui
2028 3273 2291 3320 recusa·

294 3347 473 3407 runt
528 3338 985 3405 Admiraldum
1049 3348 1117 3404 et
1178 3338 1451 3406 fratrem
1510 3339 1891 3406 Antidotum
1957 3340 2290 3420 damnare,

293 3424 599 3493 coniecti
660 3432 818 3488 sunt
879 3425 949 3489 in
994 3444 1345 3491 carcerem.
1435 3424 1625 3491 Haec
1668 3434 1828 3492 sunt
1868 3425 2142 3492 ultimae
2179 3424 2292 3491 de-

293 3509 710 3596 sperationis
753 3509 961 3594 signa.
1051 3509 1301 3576 Contra
1324 3509 1731 3596 Lugdunum
1779 3509 1916 3576 dux
1943 3511 2295 3578 Nemorsus

292 3596 485 3664 nihil
542 3596 673 3660 iam
735 3595 804 3660 vi
862 3606 929 3661 et
986 3596 1190 3662 armis
1236 3606 1467 3674 tentat,
1514 3597 1670 3680 quia
1709 3607 1931 3681 sperat
1970 3598 2290 3697 paulatim

294 3684 491 3749 fame
536 3688 605 3746 et
647 3701 870 3747 rerum
906 3682 1202 3748 omnium
1238 3681 1517 3765 penuria
1560 3683 1928 3749 confectum
1964 3683 2068 3749 iri.
2114 3683 2294 3749 Baro

296 3768 696 3844 Acin-seius,
719 3771 776 3842 ⁴)
833 3767 949 3850 qui
1007 3767 1288 3833 antehac
1332 3776 1602 3834 strenue
1651 3788 1722 3833 se
1766 3769 1989 3853 gessit,
2034 3768 2294 3836 illectus

295 3858 461 3920 01118
506 3852 846 3917 blanditiis
902 3873 1052 3918 eum
1112 3854 1518 3936 praefectum
1564 3851 1939 3933 admiserat,
1998 3854 2114 3920 sed
2156 3856 2293 3920 vic-

296 3950 419 4007 tus
496 3937 819 4004 nobilium
887 3947 955 4004 et
1019 3938 1366 4005 civitatum
1435 3959 1762 4005 consensu
1829 3938 2104 4007 destitit.
2216 3939 2295 4006 Si

292 4027 602 4102 Vienna,
639 4023 813 4107 quod
853 4043 1212 4107 speramus,
1258 4022 1447 4090 brevi
1489 4031 1874 4106 recuperata
1915 4026 2132 4107 fuerit,
2167 4026 2295 4092 lar·

292 4132 470 4198 gam
518 4130 854 4175 annonam
896 4110 1340 4193 suppeditabit
1382 4110 1566 4194 regio
1608 4109 1881 4195 linguae
1914 4110 2293 4189 Occitanae,

294 4217 487 4281 quae
534 4197 753 4262 tritico
797 4206 863 4261 et
906 4199 1064 4262 vino
1106 4197 1395 4261 maxime
1440 4196 1634 4262 hodie
1678 4195 1988 4263 abundat.
2042 4199 2296 4263 Turma

296 4284 639 4368 equitum,
700 4300 866 4364 quae
924 4300 964 4345 a
1007 4281 1320 4365 Principe
1364 4280 1633 4348 dimissa
1676 4282 2089 4367 Lugdunum
2147 4292 2293 4349 ten-

296 4369 535 4445 debat,
615 4367 986 4449 intercepta
1048 4366 1192 4432 fuit.
1285 4367 1391 4433 De
1456 4367 1721 4434 Barone
1784 4369 2097 4435 Adressio
2159 4370 2292 4435 iam

294 4454 484 4520 bene
544 4473 905 4535 speramus,
972 4462 1041 4518 01
1095 4452 1424 4537 pollicitus
1485 4458 1589 4519 est
1645 4474 1716 4520 se
1759 4454 1950 4521 bonis
2004 4464 2072 4521 et
2113 4456 2294 4522 sanis

293 4537 609 4606 consiliis
666 4538 1133 4623 obsequentem
1178 4539 1337 4604 fore.
1426 4538 1626 4606 Certe
1669 4560 1804 4605 non
1847 4540 2123 4624 perfidia
2179 4539 2293 4607 sed

294 4862 769 4990 &tangomoehtlussoe
784 4863 1312 4996 &enciefpmolaa
1369 4863 1546 4928 (Βία.
1583 4864 1707 4921 eccl.
1745 4863 1816 4918 11.
1854 4863 1954 4918 197
1989 4879 2064 4920 u.
2125 4862 2295 4922 Μόνη.

503 4948 540 4987 n
732 4970 746 4984 .
920 4946 995 4987 88.

524 4999 590 5069 2)
619 5002 693 5056 Δ.
729 4998 781 5054 d.
818 4999 928 5055 11⁷.
964 4998 1109 5055 Idus
1137 4996 1201 5055 in
1235 4999 1665 5057 Non-anacam.

526 5068 591 5137 8)
627 5069 776 5123 Εἰσί.
808 5070 931 5125 cccl.
977 5069 1049 5124 11.
1083 5068 1222 5123 226.-
1292 5070 1371 5124 Le
1417 5070 1502 5125 18.
1538 5071 1590 5125 10
1624 5071 1824 5126 Ρ1·11100
1858 5072 1980 5125 vint
2013 5088 2083 5125 811
2116 5072 2295 5142 bour-g

294 5141 373 5196 de
418 5140 479 5193 S.
519 5138 733 5194 Arnoul
767 5154 865 5192 8111·
899 5139 951 5192 10
984 5138 1198 5192 chemin
1233 5138 1305 5193 de
1338 5138 1615 5195 chartres.
1667 5140 1754 5195 On
1787 5158 1825 5211 y
1860 5140 2115 5195 se‘ourna
2145 5141 2291 5196 deux

299 5212 315 5225 “
471 5248 484 5259 .
558 5207 639 5262 Le
685 5206 753 5261 15
804 5207 859 5260 10
893 5206 1089 5261 Priuce
1136 5224 1329 5278 campa
1373 5206 1408 5262 11
1438 5210 1581 5278 Ably
1627 5214 1685 5263 01
1722 5209 1791 5264 110
1825 5209 1883 5265 la
1936 5226 1967 5263 0
2005 5209 2071 5262 16
2103 5211 2225 5267 vint
2257 5211 2291 5264 ὁ

294 5276 916 5415 Gnlnrdg3.N(Beltia,
955 5276 1216 5342 Benace.)

2044 407 2205 469 1562
2244 403 2654 471 DEOEMB.

4240 406 4367 471 602

2396 611 2619 659 errore
2675 590 3007 675 stultaque
3066 589 3455 659 credulitate
3497 589 3723 675 lapsus
3766 596 3928 657 erat.
4018 588 4099 657 Si
4136 588 4366 659 Oum-

2394 678 2545 759 laos,
2567 676 2621 762 ⁸)
2666 696 2859 761 quem
2903 679 3306 761 praefectum
3352 686 3660 743 crearunt
3702 676 3969 762 linguae
4013 676 4370 744 Occitanae

2399 764 2613 844 urbes,
2671 765 2972 829 fraenum
3031 763 3204 830 serio
3261 762 3705 842 momorderit,
3767 773 3959 828 extra
4085 764 4367 830 riculum

2396 857 2596 915 erunt
2649 848 3155 934 Lugdunenses.
3256 848 3512 915 Vereor
3564 870 3649 914 ne
3704 869 3919 915 comes
4043 849 4367 929 ellovacus,

2395 936 2688 1019 quiante
2709 943 2852 1002 erat
2893 934 3243 1001 cardinalis
3268 933 3782 1016 Castillionensis,
3825 934 4103 1001 nimium
4149 935 4369 1002 lentus

2396 1023 2488 1087 sit
2530 1042 2606 1088 ac
2650 1041 2770 1086 sua
2811 1022 3228 1088 cunctatione
3272 1042 3422 1086 eum
3466 1028 3776 1087 moretur.

2568 1105 2676 1172 De
2718 1105 3045 1191 legatione
3089 1107 3363 1173 Turcica
3438 1105 3614 1172 idem
3657 1104 3834 1190 quod
3897 1113 3971 1172 tu
4015 1105 4369 1190 scripserat

2400 1191 2716 1271 Sulcmas,
2775 1192 2891 1259 sed
2947 1194 3264 1260 confictus
3320 1192 3448 1257 fuit
3501 1213 3744 1257 rumor.
3848 1192 4016 1258 Erat
4072 1190 4368 1260 Franco-

2395 1279 2617 1358 furti⁶)
2663 1278 3008 1344 familiaris
3049 1287 3273 1345 noster
3305 1279 3392 1344 D.
3432 1277 3722 1354 Passim,
3767 1277 3924 1345 olim
3969 1275 4369 1344 Neodunen·

2397 1363 2491 1431 sis
2545 1365 2908 1448 episcopus,
2968 1364 3228 1449 legatus
3282 1386 3323 1429 a
3366 1364 3661 1447 principe
3710 1362 4014 1430 condensi
4071 1363 4156 1429 ad
4200 1363 4369 1430 Cae-

2396 1471 2614 1516 sarem
2657 1457 2726 1516 et
2768 1451 3133 1534 Principes.
3214 1450 3388 1531 Quia
3432 1471 3538 1515 me
3580 1471 3713 1515 non
3770 1451 4202 1516 admonuerat
4244 1470 4368 1533 pu·

2397 1536 2538 1604 tavi
2595 1556 2734 1601 rem
2804 1555 2948 1602 esse
3012 1556 3277 1603 vanam.
3366 1534 3501 1602 Sed
3562 1556 3740 1601 nunc
3798 1537 3941 1618 ipse
4001 1534 4261 1619 appulit
4303 1543 4372 1602 et

2398 1622 2747 1688 confirmat
2789 1621 2958 1686 nihil
3003 1642 3164 1688 esse.
3234 1616 3553 1687 Narravit
3598 1642 3791 1705 quam
3839 1621 4218 1687 humaniter
4253 1642 4369 1687 ex-

2397 1718 2629 1790 ceptus
2671 1708 2874 1773 fuerit
2917 1708 2999 1775 ab
3043 1708 3466 1791 Imperatore,
3523 1716 3839 1792 quantam
3884 1728 4041 1774 vero
4085 1705 4372 1772 benevo-

2396 1792 2673 1858 lentiam
2710 1792 3070 1860 ostenderit
3104 1794 3251 1858 Rex
3289 1793 3763 1871 Romanorum,
3801 1793 3913 1876 qui
3955 1792 4372 1859 familiariter

2398 1878 2574 1961 apud
2620 1879 2836 1963 ipsum
2893 1878 3158 1944 deflevit
3209 1878 3469 1945 Galliae
3514 1877 4028 1961 dissipationem,
4070 1898 4370 1963 praeser-

2399 1966 2522 2029 tim
2601 1965 2758 2048 quia
2835 1984 3041 2049 purae
3121 1964 3423 2048 religioni
3502 1965 3843 2030 interitum
3908 1964 4372 2031 machinentur

2400 2050 2644 2117 hostes.
2757 2049 2854 2116 De
2937 2059 3193 2116 mutata
3254 2049 3683 2116 iurisiurandi
3750 2050 4033 2116 formula
4088 2048 4371 2117 arbitror

2398 2137 2678 2202 formam
2723 2135 2807 2201 ad
2850 2157 2970 2201 vos
3015 2157 3158 2202 esse
3192 2134 3533 2221 perlatam.
3601 2135 3694 2202 Se
3739 2137 3912 2202 enim
3960 2133 4369 2202 defensorem

2398 2223 2539 2288 fore
2576 2222 2879 2305 promisit
2914 2243 3050 2288 non
3070 2223 3414 2288 Romanae
3449 2220 3565 2287 sed
3600 2222 4002 2288 christianae
4037 2221 4369 2302 ecclesiae,

2399 2321 2662 2374 sanctos
2686 2305 2923 2373 deinde
2959 2315 3028 2374 01
3061 2318 3321 2374 88110188
3358 2309 3600 2386 01111811,
3637 2315 3985 2374 contentus
4024 2308 4217 2373 unius
4242 2308 4371 2374 Dei

2399 2394 2683 2460 nomine.
2793 2392 2877 2458 In
2957 2393 3231 2460 concilio
3295 2393 3684 2459 Tridentino
3762 2414 3959 2478 quam
4021 2413 4371 2476 personam

2398 2480 2611 2564 egerit
2671 2477 3024 2545 cardinalis
3070 2479 3495 2564 Lotharinqus
3560 2500 3643 2544 ex
3689 2480 3833 2545 eius
3876 2480 4175 2545 oratione
4218 2500 4371 2564 cog·

2398 2584 2645 2640 nosces.
2705 2565 2812 2631 cui
2868 2563 3105 2630 deinde
3161 2567 3486 2632 succinuit
3526 2566 3733 2651 Regis
3776 2565 4033 2649 legatus
4078 2566 4371 2631 famosus

2397 2659 2717 2734 apostata.
2805 2649 3199 2735 Quanquam
3245 2649 3558 2718 mendosa
3600 2657 3758 2716 sunt
3801 2649 4222 2735 exemplaria,
4271 2650 4370 2718 fa-

2397 2737 2520 2803 cile
2579 2744 2802 2802 tamen
2869 2736 3320 2820 deprehendes
3384 2757 3496 2803 eos
3557 2736 3750 2804 valde
3814 2735 4182 2820 perplexos,
4247 2757 4372 2804 nec

2397 2822 2600 2972 alilum
2654 2823 2907 2888 exitum
2962 2822 3281 2903 invenire,
3340 2823 3472 2889 nisi
3528 2829 3603 2888 ut
3646 2824 3716 2888 in
3764 2822 3990 2890 Gallia
4032 2822 4239 2889 libera
4282 2821 4373 2889 sit

2398 2928 2518 2975 rel
2590 2928 2647 2973 o.

2522 2930 2865 3060 glRemitto
2922 2993 3348 3080 epistolarum
3393 2994 3798 3080 exemplaria
3840 3013 4002 3079 quas
4045 2992 4129 3059 ad
4170 2993 4370 3061 Polo-

2397 3102 2522 3147 nos
2575 3080 2996 3163 scripseram:
3055 3081 3211 3164 quia
3263 3081 3550 3149 secunda
3604 3081 3957 3164 responsio,
4017 3100 4148 3166 qua
4208 3080 4371 3149 satis

2396 3169 2657 3251 copiose
2716 3167 3162 3251 quaestionem
3209 3167 3655 3252 explicueram
3735 3164 4085 3245 intercidit,
4129 3166 4214 3233 ab
4255 3167 4373 3235 illa

2397 3272 2598 3320 causa
2653 3251 3000 3319 tractanda
3052 3252 3463 3337 supersedeo.
3553 3251 3869 3336 Suspicor
3911 3252 4124 3320 Besae
4156 3252 4371 3338 negli-

2396 3338 2626 3423 gentia
2669 3338 2774 3405 vel
2819 3337 3148 3404 oblivione
3191 3339 3393 3406 fuisse
3433 3336 3781 3423 perditam.

2570 3424 2674 3489 De
2718 3432 2832 3490 tua
2888 3423 3266 3491 valetudine
3311 3424 3561 3508 aliquid
3604 3423 3842 3490 laetius
3885 3424 4113 3492 audire
4155 3426 4369 3509 cupio.

2394 3510 2584 3576 Deus
2639 3531 2747 3575 1110
2801 3530 2944 3576 00111
2993 3510 3225 3577 edibus
3279 3510 3560 3594 ligatum
3613 3517 3812 3576 tenet.
3843 3512 3901 3587 ⁷)
4001 3510 4372 3577 Oessarunt

2395 3596 2660 3678 quidem
2703 3596 2881 3661 acuti
2972 3595 3204 3677 olores,
3249 3595 3366 3663 sed
3402 3616 3597 3681 aegre
3639 3616 3760 3681 per
3803 3596 4175 3664 cubiculum
4218 3618 4369 3682 rep-

2395 3680 2601 3746 tando
2644 3702 2684 3747 a
2724 3679 2891 3747 lecto
2925 3689 3188 3748 transeo
3231 3680 3312 3747 ad
3355 3703 3670 3749 mensam.
3728 3680 3949 3748 Hodie
3990 3683 4368 3749 concionem

2396 3765 2620 3844 habui,
2686 3765 2803 3832 sed
2868 3768 2942 3832 in
3009 3766 3330 3852 templum
3387 3766 3669 3834 delatus.
3757 3767 3946 3846 Vale,
4006 3768 4368 3835 clarissime

2396 3854 2505 3917 vir
2563 3861 2631 3917 et
2684 3854 2892 3918 frater
2947 3872 3030 3917 ex
3089 3855 3310 3919 animo
3363 3853 3651 3920 colende.
3740 3853 4027 3920 Multam
4084 3853 4367 3922 salutem

2396 3959 2630 4022 precor
2688 3940 3075 4025 symmystis
3127 3946 3196 4004 et
3253 3939 3587 4006 fratribus.
3678 3937 3996 4006 Salutant
4052 3951 4119 4007 te
4172 3939 4366 4007 colle-

2398 4044 2522 4108 gae
2580 4024 2714 4090 mei
2773 4032 2840 4091 01
2895 4025 3089 4091 amici
3146 4046 3406 4092 omnes:
3468 4025 3645 4092 inter
3701 4024 3865 4092 alios
3921 4024 4135 4094 scriba
4176 4026 4367 4095 cuius

2396 4129 2671 4175 manum
2717 4110 3034 4194 agnoscis,
3060 4112 3111 4191 ⁸)
3201 4111 3531 4177 Dominus
3575 4119 3643 4176 te
3687 4109 3803 4176 diu
3849 4119 4071 4180 servet
4112 4111 4364 4178 incolu-

2397 4216 2592 4273 mem,
2651 4195 2903 4261 virtute
2970 4196 3297 4263 sustineat
3363 4196 3750 4281 laboresque
3797 4209 3945 4265 tuos
4000 4197 4238 4264 benedi
4274 4207 4362 4264 at.

2398 4281 2719 4348 Genevae
2763 4285 2865 4346 27.
2911 4282 3222 4349 Decemb.
3269 4285 3517 4368 1563.·)

2570 4365 2767 4449 Quod
2823 4366 3096 4452 optabas
3152 4389 3263 4435 me
3303 4389 3455 4435 cum
3498 4368 3768 4436 Brentio
3819 4367 4153 4455 congredi,
4198 4368 4365 4434 mihi

2398 4451 2526 4520 hoc
2565 4462 2861 4537 tempore
2906 4475 3038 4521 non
3079 4453 3252 4521 licet.
3340 4453 3528 4521 Adeo
3569 4462 3812 4540 urgent
3855 4454 4020 4521 aliae
4060 4453 4365 4521 lucubra-

2397 4539 2633 4605 tiones.
2744 4538 2821 4606 Si
2903 4540 3101 4624 paulo
3165 4540 3316 4623 plus
3381 4541 3499 4606 otii
3565 4540 3932 4625 contigerit,
3998 4540 4368 4623 plausibilis

2604 4863 2669 4933 δ)
2705 4864 2857 4918 Dans
2910 4864 3247 4919 l’assemblec
3344 4863 3559 4920 encralc
3617 4865 3715 4919 des
3767 4864 3912 4919 01818
3960 4864 3995 4919 a
4040 4864 4228 4920 Nimcn
4280 4865 4363 4919 les

2394 4937 2737 5003 protestants
2791 4932 2868 4987 du
2913 4933 3026 4987 11811
3104 4933 3240 4989 cdoc
3345 4940 3506 4989 urent
3549 4936 3683 4988 Ant.
3734 4933 3805 4987 de
3853 4934 4077 4989 Orussol
4112 4934 4243 4989 chef
4287 4933 4361 4988 du

2393 5002 2544 5072 parti
2575 5000 2742 5072 (Nov.
2774 5000 2999 5071 2-11.)
3129 5001 3276 5058 nard
3308 5003 3434 5058 11181.
3469 5002 3537 5057 de
3569 4999 3757 5058 mma
3789 5003 3883 5060 IV.
3917 5002 4039 5059 342.

2601 5138 2635 5193 7
2691 5070 2761 5191 INV.
2792 5069 2952 5194 ἓξὲξ.
2983 5069 3139 5127 8885.
3186 5071 3337 5126 Hice.
3373 5069 3497 5127 eccl.
3533 5072 3606 5126 11.
3642 5070 3745 5126 155
3779 5086 3852 5128 88.

2695 5209 3034 5264 11111οᾶ18088
3064 5214 3303 5292 scruptor

2599 5276 2663 5338 9)
2700 5277 2825 5334 Hoc
2866 5278 3070 5345 fraudi
3105 5279 3221 5347 funt
3256 5276 3487 5333 &iniero
3604 5279 3630 5333 1·
3673 5279 3956 5348 epium
4009 5293 4076 5334 a
4111 5282 4360 5351 computo

2391 5346 3193 5416 ωοίωροηκείεατοαᾶο.
3230 5346 3432 5403 lacer
3558 5350 3602 5401 ⁴.

3169 5208 3181 5223 ⁰
3334 5216 3472 5264 erat.
