<?xml version="1.0" encoding="UTF-8"?>
<!DOCTYPE html PUBLIC "-//W3C//DTD XHTML 1.0 Transitional//EN"
    "http://www.w3.org/TR/xhtml1/DTD/xhtml1-transitional.dtd">
<html xmlns="http://www.w3.org/1999/xhtml" xml:lang="en" lang="en">
 <head>
  <title>
</title>
<meta http-equiv="Content-Type" content="text/html;charset=utf-8" />
  <meta name='ocr-system' content='tesseract 3.04.00' />
  <meta name='ocr-capabilities' content='ocr_page ocr_carea ocr_par ocr_line ocrx_word'/>
</head>
<body>
  <div class='ocr_page' id='page_1' title='image "./ioanniscalvinio12unkngoog/ioanniscalvinio12unkngoog_0541.png"; bbox 0 0 4900 6125; ppageno 0'>
   <div class='ocr_carea' id='block_1_1' title="bbox 280 436 384 499">
    <p class='ocr_par' dir='ltr' id='par_1_1' title="bbox 280 436 384 499">
     <span class='ocr_line' id='line_1_1' title="bbox 280 436 384 499; baseline -0.038 0"><span class='ocrx_word' id='word_1_1' title='bbox 280 436 384 499; x_wconf 79' lang='lat'><strong>265</strong></span> 
     </span>
    </p>
   </div>
   <div class='ocr_carea' id='block_1_2' title="bbox 273 620 2217 1119">
    <p class='ocr_par' dir='ltr' id='par_1_2' title="bbox 273 620 2217 1119">
     <span class='ocr_line' id='line_1_2' title="bbox 280 620 2216 708; baseline -0.001 -18"><span class='ocrx_word' id='word_1_2' title='bbox 280 620 541 690; x_wconf 85' lang='lat' dir='ltr'><strong>verende</strong></span> <span class='ocrx_word' id='word_1_3' title='bbox 603 622 676 687; x_wconf 93' lang='lat' dir='ltr'><strong>in</strong></span> <span class='ocrx_word' id='word_1_4' title='bbox 733 621 1007 690; x_wconf 80' lang='lat' dir='ltr'><strong>Christo</strong></span> <span class='ocrx_word' id='word_1_5' title='bbox 1072 631 1263 708; x_wconf 85' lang='lat' dir='ltr'><strong>pater</strong></span> <span class='ocrx_word' id='word_1_6' title='bbox 1280 671 1297 700; x_wconf 89' lang='lat'>‚</span> <span class='ocrx_word' id='word_1_7' title='bbox 1384 631 1606 692; x_wconf 87' lang='lat' dir='ltr'><strong>teoum</strong></span> <span class='ocrx_word' id='word_1_8' title='bbox 1669 622 2216 692; x_wconf 87' lang='lat' dir='ltr'><strong>eommunioanda</strong></span> 
     </span>
     <span class='ocr_line' id='line_1_3' title="bbox 279 707 2217 795; baseline -0.001 -19"><span class='ocrx_word' id='word_1_9' title='bbox 279 708 437 776; x_wconf 87' lang='lat' dir='ltr'><strong>duxi.</strong></span> <span class='ocrx_word' id='word_1_10' title='bbox 524 707 745 774; x_wconf 93' lang='lat' dir='ltr'><strong>Deum</strong></span> <span class='ocrx_word' id='word_1_11' title='bbox 788 728 951 795; x_wconf 83' lang='lat' dir='ltr'><strong>rogo</strong></span> <span class='ocrx_word' id='word_1_12' title='bbox 1011 719 1094 775; x_wconf 89' lang='lat' dir='ltr'><strong>ut</strong></span> <span class='ocrx_word' id='word_1_13' title='bbox 1134 718 1201 774; x_wconf 87' lang='lat' dir='ltr'><strong>te</strong></span> <span class='ocrx_word' id='word_1_14' title='bbox 1244 708 1556 777; x_wconf 79' lang='lat' dir='ltr'><strong>ecelesiae</strong></span> <span class='ocrx_word' id='word_1_15' title='bbox 1594 729 1755 776; x_wconf 86' lang='lat' dir='ltr'><strong>suae</strong></span> <span class='ocrx_word' id='word_1_16' title='bbox 1798 711 2109 777; x_wconf 86' lang='lat' dir='ltr'><strong>restituat</strong></span> <span class='ocrx_word' id='word_1_17' title='bbox 2148 719 2217 777; x_wconf 89' lang='lat' dir='ltr'><strong>et</strong></span> 
     </span>
     <span class='ocr_line' id='line_1_4' title="bbox 277 793 2215 875; baseline 0.001 -15"><span class='ocrx_word' id='word_1_18' title='bbox 277 793 374 860; x_wconf 89' lang='lat' dir='ltr'><strong>din</strong></span> <span class='ocrx_word' id='word_1_19' title='bbox 455 793 849 862; x_wconf 85' lang='lat' dir='ltr'><strong>ineolumem</strong></span> <span class='ocrx_word' id='word_1_20' title='bbox 934 802 1297 862; x_wconf 86' lang='lat' dir='ltr'><strong>oonservet.</strong></span> <span class='ocrx_word' id='word_1_21' title='bbox 1400 793 1572 862; x_wconf 87' lang='lat' dir='ltr'><strong>Vale</strong></span> <span class='ocrx_word' id='word_1_22' title='bbox 1585 846 1603 875; x_wconf 90' lang='lat'><em>,</em></span> <span class='ocrx_word' id='word_1_23' title='bbox 1692 795 2055 862; x_wconf 89' lang='lat' dir='ltr'><strong>reverende</strong></span> <span class='ocrx_word' id='word_1_24' title='bbox 2140 795 2215 861; x_wconf 88' lang='lat' dir='ltr'><strong>in</strong></span> 
     </span>
     <span class='ocr_line' id='line_1_5' title="bbox 274 878 2214 966; baseline 0 -20"><span class='ocrx_word' id='word_1_25' title='bbox 274 878 522 946; x_wconf 83' lang='lat' dir='ltr'><strong>Christo</strong></span> <span class='ocrx_word' id='word_1_26' title='bbox 563 888 756 965; x_wconf 80' lang='lat' dir='ltr'><strong>pater</strong></span> <span class='ocrx_word' id='word_1_27' title='bbox 771 930 786 958; x_wconf 87' lang='lat'><em>,</em></span> <span class='ocrx_word' id='word_1_28' title='bbox 831 890 900 946; x_wconf 92' lang='lat' dir='ltr'><strong>et</strong></span> <span class='ocrx_word' id='word_1_29' title='bbox 939 882 1106 947; x_wconf 92' lang='lat' dir='ltr'><strong>meis</strong></span> <span class='ocrx_word' id='word_1_30' title='bbox 1147 881 1372 949; x_wconf 81' lang='lat' dir='ltr'><strong>verbis</strong></span> <span class='ocrx_word' id='word_1_31' title='bbox 1413 880 1703 947; x_wconf 84' lang='lat' dir='ltr'><strong>salutare</strong></span> <span class='ocrx_word' id='word_1_32' title='bbox 1746 881 2041 966; x_wconf 82' lang='lat' dir='ltr'><strong>digneris</strong></span> <span class='ocrx_word' id='word_1_33' title='bbox 2080 879 2214 948; x_wconf 83' lang='lat' dir='ltr'><strong>ols-</strong></span> 
     </span>
     <span class='ocr_line' id='line_1_6' title="bbox 273 964 2216 1034; baseline 0.001 -3"><span class='ocrx_word' id='word_1_34' title='bbox 273 965 589 1032; x_wconf 84' lang='lat' dir='ltr'><strong>rissimum</strong></span> <span class='ocrx_word' id='word_1_35' title='bbox 633 967 849 1032; x_wconf 91' lang='lat' dir='ltr'><strong>virum</strong></span> <span class='ocrx_word' id='word_1_36' title='bbox 893 966 981 1034; x_wconf 91' lang='lat' dir='ltr'><strong>D.</strong></span> <span class='ocrx_word' id='word_1_37' title='bbox 1026 966 1112 1032; x_wconf 90' lang='lat' dir='ltr'><strong>D.</strong></span> <span class='ocrx_word' id='word_1_38' title='bbox 1158 965 1577 1034; x_wconf 77' lang='lat' dir='ltr'><strong>&#39;l&#39;heodorum</strong></span> <span class='ocrx_word' id='word_1_39' title='bbox 1621 964 1883 1034; x_wconf 65' lang='lat' dir='ltr'><strong>Boram.</strong></span> <span class='ocrx_word' id='word_1_40' title='bbox 1973 965 2216 1034; x_wconf 84' lang='lat' dir='ltr'><strong>Curiae</strong></span> 
     </span>
     <span class='ocr_line' id='line_1_7' title="bbox 277 1050 1082 1119; baseline -0.004 -3"><span class='ocrx_word' id='word_1_41' title='bbox 277 1054 363 1118; x_wconf 83' lang='lat'><strong>16.</strong></span> <span class='ocrx_word' id='word_1_42' title='bbox 399 1050 630 1118; x_wconf 76' lang='lat' dir='ltr'><strong>Martii</strong></span> <span class='ocrx_word' id='word_1_43' title='bbox 674 1072 849 1119; x_wconf 91' lang='lat' dir='ltr'><strong>anno</strong></span> <span class='ocrx_word' id='word_1_44' title='bbox 899 1056 1082 1119; x_wconf 72' lang='lat'><strong>1564.</strong></span> 
     </span>
    </p>
   </div>
   <div class='ocr_carea' id='block_1_3' title="bbox 1126 1186 2173 1428">
    <p class='ocr_par' dir='ltr' id='par_1_3' title="bbox 1126 1186 2173 1428">
     <span class='ocr_line' id='line_1_8' title="bbox 1248 1186 2042 1256; baseline 0.001 -2"><span class='ocrx_word' id='word_1_45' title='bbox 1248 1188 1378 1255; x_wconf 77' lang='lat' dir='ltr'><strong>&#39;rui</strong></span> <span class='ocrx_word' id='word_1_46' title='bbox 1420 1186 2042 1256; x_wconf 71' lang='lat' dir='ltr'><strong>observantissimus</strong></span> 
     </span>
     <span class='ocr_line' id='line_1_9' title="bbox 1317 1273 1989 1341; baseline 0.001 -1"><span class='ocrx_word' id='word_1_47' title='bbox 1317 1274 1608 1341; x_wconf 86' lang='lat' dir='ltr'><strong>Ioannes</strong></span> <span class='ocrx_word' id='word_1_48' title='bbox 1641 1273 1989 1341; x_wconf 74' lang='lat' dir='ltr'><strong>Fabricius</strong></span> 
     </span>
     <span class='ocr_line' id='line_1_10' title="bbox 1126 1359 2173 1428; baseline -0.003 0"><span class='ocrx_word' id='word_1_49' title='bbox 1126 1360 1437 1428; x_wconf 82' lang='lat' dir='ltr'><strong>eoolesiae</strong></span> <span class='ocrx_word' id='word_1_50' title='bbox 1480 1359 1823 1427; x_wconf 87' lang='lat' dir='ltr'><strong>Ouriensis</strong></span> <span class='ocrx_word' id='word_1_51' title='bbox 1857 1360 2173 1426; x_wconf 77' lang='lat' dir='ltr'><strong>minister.</strong></span> 
     </span>
    </p>
   </div>
   <div class='ocr_carea' id='block_1_4' title="bbox 786 1921 1666 2162">
    <p class='ocr_par' dir='ltr' id='par_1_4' title="bbox 786 1921 1666 2162">
     <span class='ocr_line' id='line_1_11' title="bbox 1139 1921 1344 1993; baseline -0.01 0"><span class='ocrx_word' id='word_1_52' title='bbox 1139 1921 1344 1993; x_wconf 77' lang='lat'><strong>4⁰84.</strong></span> 
     </span>
     <span class='ocr_line' id='line_1_12' title="bbox 786 2092 1666 2162; baseline -0.002 -1"><span class='ocrx_word' id='word_1_53' title='bbox 786 2092 1261 2162; x_wconf 79' lang='lat' dir='ltr'><strong>OALVINUS</strong></span> <span class='ocrx_word' id='word_1_54' title='bbox 1305 2092 1666 2161; x_wconf 79' lang='lat' dir='ltr'><strong>SPINAE.</strong></span> 
     </span>
    </p>
   </div>
   <div class='ocr_carea' id='block_1_5' title="bbox 240 2264 2212 2519">
    <p class='ocr_par' dir='ltr' id='par_1_5' title="bbox 240 2264 2212 2519">
     <span class='ocr_line' id='line_1_13' title="bbox 422 2264 2212 2343; baseline -0.002 -9"><span class='ocrx_word' id='word_1_55' title='bbox 422 2264 808 2334; x_wconf 68' lang='lat' dir='ltr'><strong>Gratulamr</strong></span> <span class='ocrx_word' id='word_1_56' title='bbox 846 2265 907 2331; x_wconf 78' lang='lat' dir='ltr'><strong>si</strong></span> <span class='ocrx_word' id='word_1_57' title='bbox 947 2268 1376 2332; x_wconf 72' lang='lat' dir='ltr'><strong>restauratam</strong></span> <span class='ocrx_word' id='word_1_58' title='bbox 1416 2264 1855 2343; x_wconf 64' lang='lat' dir='ltr'><strong>valetudinem,</strong></span> <span class='ocrx_word' id='word_1_59' title='bbox 1913 2268 1972 2330; x_wconf 76' lang='lat' dir='ltr'><strong>et</strong></span> <span class='ocrx_word' id='word_1_60' title='bbox 2009 2269 2212 2331; x_wconf 74' lang='lat' dir='ltr'><strong>monet</strong></span> 
     </span>
     <span class='ocr_line' id='line_1_14' title="bbox 240 2349 2205 2435; baseline -0.002 -16"><span class='ocrx_word' id='word_1_61' title='bbox 240 2373 384 2420; x_wconf 83' lang='lat' dir='ltr'><strong>eum</strong></span> <span class='ocrx_word' id='word_1_62' title='bbox 444 2357 519 2418; x_wconf 75' lang='lat' dir='ltr'><strong>ut</strong></span> <span class='ocrx_word' id='word_1_63' title='bbox 576 2352 648 2417; x_wconf 72' lang='lat' dir='ltr'><strong>in</strong></span> <span class='ocrx_word' id='word_1_64' title='bbox 691 2351 914 2435; x_wconf 74' lang='lat' dir='ltr'><strong>aliqua</strong></span> <span class='ocrx_word' id='word_1_65' title='bbox 951 2351 1144 2433; x_wconf 75' lang='lat' dir='ltr'><strong>firma</strong></span> <span class='ocrx_word' id='word_1_66' title='bbox 1186 2351 1451 2417; x_wconf 71' lang='lat' dir='ltr'><strong>statione</strong></span> <span class='ocrx_word' id='word_1_67' title='bbox 1491 2351 1842 2418; x_wconf 64' lang='grc' dir='ltr'><strong>ηιᾶπίεωήο</strong></span> <span class='ocrx_word' id='word_1_68' title='bbox 1878 2349 2205 2435; x_wconf 72' lang='lat' dir='ltr'><strong>fmoqatur.</strong></span> 
     </span>
     <span class='ocr_line' id='line_1_15' title="bbox 241 2435 2000 2519; baseline -0.001 -15"><span class='ocrx_word' id='word_1_69' title='bbox 241 2438 453 2506; x_wconf 79' lang='lat' dir='ltr'><strong>Porro</strong></span> <span class='ocrx_word' id='word_1_70' title='bbox 494 2437 694 2504; x_wconf 71' lang='lat' dir='ltr'><strong>multa</strong></span> <span class='ocrx_word' id='word_1_71' title='bbox 737 2435 917 2504; x_wconf 73' lang='lat' dir='ltr'><strong>habet</strong></span> <span class='ocrx_word' id='word_1_72' title='bbox 954 2437 1033 2503; x_wconf 78' lang='lat' dir='ltr'><strong>de</strong></span> <span class='ocrx_word' id='word_1_73' title='bbox 1079 2435 1367 2503; x_wconf 65' lang='lat' dir='ltr'><strong>Pendeo</strong></span> <span class='ocrx_word' id='word_1_74' title='bbox 1408 2456 1609 2519; x_wconf 78' lang='lat' dir='ltr'><strong>supra</strong></span> <span class='ocrx_word' id='word_1_75' title='bbox 1649 2440 2000 2503; x_wconf 68' lang='lat' dir='ltr'><strong>morato.</strong></span> 
     </span>
    </p>
   </div>
   <div class='ocr_carea' id='block_1_6' title="bbox 232 2606 2208 2746">
    <p class='ocr_par' dir='ltr' id='par_1_6' title="bbox 232 2606 2208 2746">
     <span class='ocr_line' id='line_1_16' title="bbox 232 2606 2208 2681; baseline -0.003 -15"><span class='ocrx_word' id='word_1_76' title='bbox 232 2608 648 2681; x_wconf 71' lang='lat' dir='ltr'><strong>(Apogrsplwn</strong></span> <span class='ocrx_word' id='word_1_77' title='bbox 711 2608 986 2663; x_wconf 68' lang='lat' dir='ltr'><strong>recentius</strong></span> <span class='ocrx_word' id='word_1_78' title='bbox 1027 2607 1086 2661; x_wconf 88' lang='lat' dir='ltr'><strong>in</strong></span> <span class='ocrx_word' id='word_1_79' title='bbox 1142 2606 1280 2662; x_wconf 87' lang='lat' dir='ltr'><strong>Bibl.</strong></span> <span class='ocrx_word' id='word_1_80' title='bbox 1336 2607 1543 2661; x_wconf 88' lang='lat' dir='ltr'><strong>nstion.</strong></span> <span class='ocrx_word' id='word_1_81' title='bbox 1596 2606 1771 2662; x_wconf 82' lang='lat' dir='ltr'><strong>Paris.</strong></span> <span class='ocrx_word' id='word_1_82' title='bbox 1823 2606 1957 2664; x_wconf 86' lang='lat' dir='ltr'><strong>Ood.</strong></span> <span class='ocrx_word' id='word_1_83' title='bbox 2011 2607 2208 2678; x_wconf 77' lang='lat' dir='ltr'><strong>Dupuy</strong></span> 
     </span>
     <span class='ocr_line' id='line_1_17' title="bbox 729 2674 1723 2746; baseline 0.003 -16"><span class='ocrx_word' id='word_1_84' title='bbox 729 2674 847 2745; x_wconf 77' lang='lat'>102,</span> <span class='ocrx_word' id='word_1_85' title='bbox 883 2676 977 2731; x_wconf 72' lang='lat' dir='ltr'><strong>fol.</strong></span> <span class='ocrx_word' id='word_1_86' title='bbox 1013 2674 1086 2730; x_wconf 78' lang='lat'><strong>48</strong></span> <span class='ocrx_word' id='word_1_87' title='bbox 1119 2676 1240 2730; x_wconf 87' lang='lat' dir='ltr'><strong>sine</strong></span> <span class='ocrx_word' id='word_1_88' title='bbox 1274 2675 1723 2746; x_wconf 78' lang='lat' dir='ltr'><strong>subscriptione.)</strong></span> 
     </span>
    </p>
   </div>
   <div class='ocr_carea' id='block_1_7' title="bbox 980 2845 1470 2931">
    <p class='ocr_par' dir='ltr' id='par_1_7' title="bbox 980 2845 1470 2931">
     <span class='ocr_line' id='line_1_18' title="bbox 980 2845 1470 2931; baseline -0.002 -18"><span class='ocrx_word' id='word_1_89' title='bbox 980 2847 1067 2913; x_wconf 90' lang='lat' dir='ltr'><strong>D.</strong></span> <span class='ocrx_word' id='word_1_90' title='bbox 1114 2847 1196 2914; x_wconf 91' lang='lat' dir='ltr'><strong>de</strong></span> <span class='ocrx_word' id='word_1_91' title='bbox 1239 2845 1470 2931; x_wconf 85' lang='lat' dir='ltr'><strong>Spina.</strong></span> 
     </span>
    </p>
   </div>
   <div class='ocr_carea' id='block_1_8' title="bbox 181 3017 2209 4551">
    <p class='ocr_par' dir='ltr' id='par_1_8' title="bbox 195 3017 2209 3875">
     <span class='ocr_line' id='line_1_19' title="bbox 395 3017 2204 3106; baseline -0.003 -18"><span class='ocrx_word' id='word_1_92' title='bbox 395 3020 560 3088; x_wconf 82' lang='lat' dir='ltr'><strong>Etsi</strong></span> <span class='ocrx_word' id='word_1_93' title='bbox 617 3028 683 3088; x_wconf 85' lang='lat' dir='ltr'><strong>te</strong></span> <span class='ocrx_word' id='word_1_94' title='bbox 723 3038 1001 3106; x_wconf 89' lang='lat' dir='ltr'><strong>prorsus</strong></span> <span class='ocrx_word' id='word_1_95' title='bbox 1042 3017 1456 3087; x_wconf 86' lang='lat' dir='ltr'><strong>oonvaluisse</strong></span> <span class='ocrx_word' id='word_1_96' title='bbox 1498 3017 1764 3085; x_wconf 89' lang='lat' dir='ltr'><strong>mallem</strong></span> <span class='ocrx_word' id='word_1_97' title='bbox 1811 3017 2204 3102; x_wconf 83' lang='lat' dir='ltr'><strong>pristinum·</strong></span> 
     </span>
     <span class='ocr_line' id='line_1_20' title="bbox 215 3103 2209 3278; baseline -0.003 -18"><span class='ocrx_word' id='word_1_98' title='bbox 215 3128 438 3261; x_wconf 48' lang='grc' dir='ltr'><strong>ἕψω</strong></span> <span class='ocrx_word' id='word_1_99' title='bbox 399 3109 1249 3278; x_wconf 53' lang='grc' dir='ltr'><strong>Ἕοῖῗοῒςὲῗέἓῖῗί.</strong></span> <span class='ocrx_word' id='word_1_100' title='bbox 1330 3105 1515 3257; x_wconf 63' lang='grc' dir='ltr'><strong>ἓῖῖέ</strong></span> <span class='ocrx_word' id='word_1_101' title='bbox 1543 3114 1972 3274; x_wconf 52' lang='grc' dir='ltr'><strong>ᾞἽωω</strong></span> <span class='ocrx_word' id='word_1_102' title='bbox 1920 3103 2209 3256; x_wconf 43' lang='grc' dir='ltr'><strong>ῐθῗθῖιᾶέἓ</strong></span> 
     </span>
     <span class='ocr_line' id='line_1_21' title="bbox 214 3276 2206 3364; baseline -0.003 -18"><span class='ocrx_word' id='word_1_103' title='bbox 214 3279 465 3347; x_wconf 90' lang='lat' dir='ltr'><strong>dubito</strong></span> <span class='ocrx_word' id='word_1_104' title='bbox 512 3280 674 3364; x_wconf 89' lang='lat' dir='ltr'><strong>quin</strong></span> <span class='ocrx_word' id='word_1_105' title='bbox 716 3298 837 3363; x_wconf 87' lang='lat' dir='ltr'><strong>pro</strong></span> <span class='ocrx_word' id='word_1_106' title='bbox 879 3296 1141 3346; x_wconf 87' lang='lat' dir='ltr'><strong>summa</strong></span> <span class='ocrx_word' id='word_1_107' title='bbox 1182 3296 1349 3360; x_wconf 87' lang='lat' dir='ltr'><strong>quae</strong></span> <span class='ocrx_word' id='word_1_108' title='bbox 1393 3276 1700 3343; x_wconf 71' lang='lat' dir='ltr'><strong>eeclesias</strong></span> <span class='ocrx_word' id='word_1_109' title='bbox 1740 3285 1939 3360; x_wconf 79' lang='lat' dir='ltr'><strong>urget</strong></span> <span class='ocrx_word' id='word_1_110' title='bbox 1979 3295 2206 3342; x_wconf 74' lang='lat' dir='ltr'><strong>noees-</strong></span> 
     </span>
     <span class='ocr_line' id='line_1_22' title="bbox 207 3359 2205 3449; baseline -0.004 -16"><span class='ocrx_word' id='word_1_111' title='bbox 207 3369 427 3433; x_wconf 78' lang='lat' dir='ltr'><strong>sitate</strong></span> <span class='ocrx_word' id='word_1_112' title='bbox 478 3366 660 3431; x_wconf 84' lang='lat' dir='ltr'><strong>vires</strong></span> <span class='ocrx_word' id='word_1_113' title='bbox 700 3384 871 3449; x_wconf 84' lang='lat' dir='ltr'><strong>quae</strong></span> <span class='ocrx_word' id='word_1_114' title='bbox 909 3362 1351 3447; x_wconf 74' lang='lat' dir='ltr'><strong>respondeant</strong></span> <span class='ocrx_word' id='word_1_115' title='bbox 1392 3361 1615 3428; x_wconf 87' lang='lat' dir='ltr'><strong>animo</strong></span> <span class='ocrx_word' id='word_1_116' title='bbox 1658 3362 1844 3428; x_wconf 91' lang='lat' dir='ltr'><strong>Deus</strong></span> <span class='ocrx_word' id='word_1_117' title='bbox 1886 3359 2008 3427; x_wconf 82' lang='lat' dir='ltr'><strong>tibi</strong></span> <span class='ocrx_word' id='word_1_118' title='bbox 2048 3381 2205 3444; x_wconf 89' lang='lat' dir='ltr'><strong>sup·</strong></span> 
     </span>
     <span class='ocr_line' id='line_1_23' title="bbox 207 3445 2203 3536; baseline -0.003 -19"><span class='ocrx_word' id='word_1_119' title='bbox 207 3450 508 3536; x_wconf 88' lang='lat' dir='ltr'><strong>peditet.</strong></span> <span class='ocrx_word' id='word_1_120' title='bbox 566 3450 808 3516; x_wconf 78' lang='lat' dir='ltr'><strong>Restat</strong></span> <span class='ocrx_word' id='word_1_121' title='bbox 847 3457 925 3515; x_wconf 91' lang='lat' dir='ltr'><strong>ut</strong></span> <span class='ocrx_word' id='word_1_122' title='bbox 967 3448 1049 3514; x_wconf 93' lang='lat' dir='ltr'><strong>de</strong></span> <span class='ocrx_word' id='word_1_123' title='bbox 1091 3458 1274 3515; x_wconf 81' lang='lat' dir='ltr'><strong>serta</strong></span> <span class='ocrx_word' id='word_1_124' title='bbox 1315 3448 1600 3514; x_wconf 88' lang='lat' dir='ltr'><strong>statione</strong></span> <span class='ocrx_word' id='word_1_125' title='bbox 1644 3445 1893 3531; x_wconf 86' lang='lat' dir='ltr'><strong>aliquid</strong></span> <span class='ocrx_word' id='word_1_126' title='bbox 1937 3445 2203 3512; x_wconf 87' lang='lat' dir='ltr'><strong>tandem</strong></span> 
     </span>
     <span class='ocr_line' id='line_1_24' title="bbox 203 3532 2206 3620; baseline -0.004 -15"><span class='ocrx_word' id='word_1_127' title='bbox 203 3546 602 3605; x_wconf 75' lang='lat' dir='ltr'><strong>statuatur:</strong></span> <span class='ocrx_word' id='word_1_128' title='bbox 670 3537 826 3620; x_wconf 87' lang='lat' dir='ltr'><strong>quia</strong></span> <span class='ocrx_word' id='word_1_129' title='bbox 881 3554 1096 3619; x_wconf 92' lang='lat' dir='ltr'><strong>neque</strong></span> <span class='ocrx_word' id='word_1_130' title='bbox 1138 3532 1399 3618; x_wconf 88' lang='lat' dir='ltr'><strong>publioe</strong></span> <span class='ocrx_word' id='word_1_131' title='bbox 1441 3553 1654 3617; x_wconf 92' lang='lat' dir='ltr'><strong>neque</strong></span> <span class='ocrx_word' id='word_1_132' title='bbox 1698 3533 2010 3616; x_wconf 86' lang='lat' dir='ltr'><strong>privatim</strong></span> <span class='ocrx_word' id='word_1_133' title='bbox 2053 3550 2206 3597; x_wconf 88' lang='lat' dir='ltr'><strong>oon-</strong></span> 
     </span>
     <span class='ocr_line' id='line_1_25' title="bbox 203 3615 2208 3705; baseline -0.003 -16"><span class='ocrx_word' id='word_1_134' title='bbox 203 3622 409 3691; x_wconf 82' lang='lat' dir='ltr'><strong>duoit</strong></span> <span class='ocrx_word' id='word_1_135' title='bbox 449 3623 672 3690; x_wconf 82' lang='lat' dir='ltr'><strong>losum</strong></span> <span class='ocrx_word' id='word_1_136' title='bbox 707 3621 968 3705; x_wconf 87' lang='lat' dir='ltr'><strong>saepius</strong></span> <span class='ocrx_word' id='word_1_137' title='bbox 1000 3630 1293 3685; x_wconf 86' lang='lat' dir='ltr'><strong>mutare:</strong></span> <span class='ocrx_word' id='word_1_138' title='bbox 1348 3617 1523 3704; x_wconf 89' lang='lat' dir='ltr'><strong>quod</strong></span> <span class='ocrx_word' id='word_1_139' title='bbox 1573 3630 1640 3683; x_wconf 87' lang='lat' dir='ltr'><strong>te</strong></span> <span class='ocrx_word' id='word_1_140' title='bbox 1675 3615 1936 3702; x_wconf 86' lang='lat' dir='ltr'><strong>quidem</strong></span> <span class='ocrx_word' id='word_1_141' title='bbox 1972 3627 2208 3701; x_wconf 88' lang='lat' dir='ltr'><strong>sponte</strong></span> 
     </span>
     <span class='ocr_line' id='line_1_26' title="bbox 195 3704 2206 3777; baseline -0.004 0"><span class='ocrx_word' id='word_1_142' title='bbox 195 3710 569 3777; x_wconf 76' lang='lat' dir='ltr'><strong>facturum</strong></span> <span class='ocrx_word' id='word_1_143' title='bbox 624 3708 790 3775; x_wconf 86' lang='lat' dir='ltr'><strong>soio:</strong></span> <span class='ocrx_word' id='word_1_144' title='bbox 856 3704 975 3771; x_wconf 89' lang='lat' dir='ltr'><strong>sed</strong></span> <span class='ocrx_word' id='word_1_145' title='bbox 1031 3705 1311 3771; x_wconf 88' lang='lat' dir='ltr'><strong>aliorum</strong></span> <span class='ocrx_word' id='word_1_146' title='bbox 1368 3724 1565 3771; x_wconf 85' lang='lat' dir='ltr'><strong>eausa</strong></span> <span class='ocrx_word' id='word_1_147' title='bbox 1623 3704 1912 3769; x_wconf 88' lang='lat' dir='ltr'><strong>breviter</strong></span> <span class='ocrx_word' id='word_1_148' title='bbox 1955 3713 2022 3769; x_wconf 86' lang='lat' dir='ltr'><strong>te</strong></span> <span class='ocrx_word' id='word_1_149' title='bbox 2064 3724 2206 3768; x_wconf 92' lang='lat' dir='ltr'><strong>mo-</strong></span> 
     </span>
     <span class='ocr_line' id='line_1_27' title="bbox 199 3788 2206 3875; baseline -0.004 -13"><span class='ocrx_word' id='word_1_150' title='bbox 199 3794 540 3862; x_wconf 82' lang='lat' dir='ltr'><strong>nendum</strong></span> <span class='ocrx_word' id='word_1_151' title='bbox 582 3792 763 3873; x_wconf 87' lang='lat' dir='ltr'><strong>duxi,</strong></span> <span class='ocrx_word' id='word_1_152' title='bbox 809 3792 919 3875; x_wconf 86' lang='lat' dir='ltr'><strong>qui</strong></span> <span class='ocrx_word' id='word_1_153' title='bbox 962 3812 1098 3857; x_wconf 93' lang='lat' dir='ltr'><strong>non</strong></span> <span class='ocrx_word' id='word_1_154' title='bbox 1142 3788 1466 3871; x_wconf 83' lang='lat' dir='ltr'><strong>desinent,</strong></span> <span class='ocrx_word' id='word_1_155' title='bbox 1509 3791 1564 3856; x_wconf 91' lang='lat' dir='ltr'><strong>si</strong></span> <span class='ocrx_word' id='word_1_156' title='bbox 1610 3809 1842 3855; x_wconf 90' lang='lat' dir='ltr'><strong>eorum</strong></span> <span class='ocrx_word' id='word_1_157' title='bbox 1885 3790 2056 3855; x_wconf 89' lang='lat' dir='ltr'><strong>votis</strong></span> <span class='ocrx_word' id='word_1_158' title='bbox 2091 3789 2206 3854; x_wconf 90' lang='lat' dir='ltr'><strong>ob-</strong></span> 
     </span>
    </p>

    <p class='ocr_par' dir='ltr' id='par_1_9' title="bbox 181 3872 2205 4551">
     <span class='ocr_line' id='line_1_28' title="bbox 331 3872 2205 3955; baseline -0.004 -8"><span class='ocrx_word' id='word_1_159' title='bbox 331 3881 572 3955; x_wconf 80' lang='lat' dir='ltr'><strong>naris,</strong></span> <span class='ocrx_word' id='word_1_160' title='bbox 641 3888 709 3944; x_wconf 89' lang='lat' dir='ltr'><strong>te</strong></span> <span class='ocrx_word' id='word_1_161' title='bbox 774 3877 905 3943; x_wconf 87' lang='lat' dir='ltr'><strong>huo</strong></span> <span class='ocrx_word' id='word_1_162' title='bbox 959 3875 1118 3942; x_wconf 83' lang='lat' dir='ltr'><strong>illue</strong></span> <span class='ocrx_word' id='word_1_163' title='bbox 1191 3876 1468 3943; x_wconf 88' lang='lat' dir='ltr'><strong>subinde</strong></span> <span class='ocrx_word' id='word_1_164' title='bbox 1533 3874 1918 3940; x_wconf 76' lang='lat' dir='ltr'><strong>distrahere.</strong></span> <span class='ocrx_word' id='word_1_165' title='bbox 2008 3872 2205 3955; x_wconf 78' lang='lat' dir='ltr'><strong>Quod</strong></span> 
     </span>
     <span class='ocr_line' id='line_1_29' title="bbox 195 3960 2203 4045; baseline -0.005 -11"><span class='ocrx_word' id='word_1_166' title='bbox 195 3968 294 4034; x_wconf 78' lang='lat' dir='ltr'><strong>ad</strong></span> <span class='ocrx_word' id='word_1_167' title='bbox 345 3968 706 4033; x_wconf 84' lang='lat' dir='ltr'><strong>Renatum</strong></span> <span class='ocrx_word' id='word_1_168' title='bbox 757 3962 1120 4029; x_wconf 73' lang='lat' dir='ltr'><strong>Pmoteum</strong></span> <span class='ocrx_word' id='word_1_169' title='bbox 1161 3972 1447 4045; x_wconf 83' lang='lat' dir='ltr'><strong>speetat‚</strong></span> <span class='ocrx_word' id='word_1_170' title='bbox 1506 3981 1765 4045; x_wconf 87' lang='lat' dir='ltr'><strong>semper</strong></span> <span class='ocrx_word' id='word_1_171' title='bbox 1808 3960 2203 4035; x_wconf 87' lang='lat' dir='ltr'><strong>andivimus,</strong></span> 
     </span>
     <span class='ocr_line' id='line_1_30' title="bbox 197 4046 2203 4121; baseline -0.005 -1"><span class='ocrx_word' id='word_1_172' title='bbox 197 4053 582 4119; x_wconf 84' lang='lat' dir='ltr'><strong>hominem</strong></span> <span class='ocrx_word' id='word_1_173' title='bbox 649 4069 794 4117; x_wconf 88' lang='lat' dir='ltr'><strong>esse</strong></span> <span class='ocrx_word' id='word_1_174' title='bbox 851 4067 1052 4115; x_wconf 88' lang='lat' dir='ltr'><strong>sanae</strong></span> <span class='ocrx_word' id='word_1_175' title='bbox 1110 4047 1480 4121; x_wconf 79' lang='lat' dir='ltr'><strong>doetrinae,</strong></span> <span class='ocrx_word' id='word_1_176' title='bbox 1546 4067 1667 4112; x_wconf 86' lang='lat' dir='ltr'><strong>neo</strong></span> <span class='ocrx_word' id='word_1_177' title='bbox 1721 4046 1860 4111; x_wconf 86' lang='lat' dir='ltr'><strong>ulla</strong></span> <span class='ocrx_word' id='word_1_178' title='bbox 1903 4065 2203 4111; x_wconf 88' lang='lat' dir='ltr'><strong>errorum</strong></span> 
     </span>
     <span class='ocr_line' id='line_1_31' title="bbox 191 4130 2204 4218; baseline -0.005 -12"><span class='ocrx_word' id='word_1_179' title='bbox 191 4140 368 4206; x_wconf 82' lang='lat' dir='ltr'><strong>labe</strong></span> <span class='ocrx_word' id='word_1_180' title='bbox 417 4137 784 4212; x_wconf 75' lang='lat' dir='ltr'><strong>infestum,</strong></span> <span class='ocrx_word' id='word_1_181' title='bbox 843 4133 1130 4199; x_wconf 82' lang='lat' dir='ltr'><strong>alienum</strong></span> <span class='ocrx_word' id='word_1_182' title='bbox 1174 4133 1374 4198; x_wconf 86' lang='lat' dir='ltr'><strong>etiam</strong></span> <span class='ocrx_word' id='word_1_183' title='bbox 1421 4132 1505 4198; x_wconf 90' lang='lat' dir='ltr'><strong>ab</strong></span> <span class='ocrx_word' id='word_1_184' title='bbox 1547 4130 1864 4218; x_wconf 86' lang='lat' dir='ltr'><strong>improbis</strong></span> <span class='ocrx_word' id='word_1_185' title='bbox 1907 4131 2204 4197; x_wconf 84' lang='lat' dir='ltr'><strong>faotioni-</strong></span> 
     </span>
     <span class='ocr_line' id='line_1_32' title="bbox 191 4217 2203 4303; baseline -0.006 -11"><span class='ocrx_word' id='word_1_186' title='bbox 191 4227 360 4303; x_wconf 86' lang='lat' dir='ltr'><strong>bus,</strong></span> <span class='ocrx_word' id='word_1_187' title='bbox 417 4235 690 4289; x_wconf 82' lang='lat' dir='ltr'><strong>tantum</strong></span> <span class='ocrx_word' id='word_1_188' title='bbox 735 4222 804 4285; x_wconf 91' lang='lat' dir='ltr'><strong>in</strong></span> <span class='ocrx_word' id='word_1_189' title='bbox 849 4240 928 4285; x_wconf 91' lang='lat' dir='ltr'><strong>eo</strong></span> <span class='ocrx_word' id='word_1_190' title='bbox 973 4217 1409 4285; x_wconf 83' lang='lat' dir='ltr'><strong>desideratam</strong></span> <span class='ocrx_word' id='word_1_191' title='bbox 1451 4218 1655 4284; x_wconf 85' lang='lat' dir='ltr'><strong>fuisse</strong></span> <span class='ocrx_word' id='word_1_192' title='bbox 1697 4218 1904 4282; x_wconf 87' lang='lat' dir='ltr'><strong>animi</strong></span> <span class='ocrx_word' id='word_1_193' title='bbox 1944 4217 2203 4300; x_wconf 82' lang='lat' dir='ltr'><strong>magni-</strong></span> 
     </span>
     <span class='ocr_line' id='line_1_33' title="bbox 187 4301 2204 4392; baseline -0.006 -13"><span class='ocrx_word' id='word_1_194' title='bbox 187 4311 544 4380; x_wconf 82' lang='lat' dir='ltr'><strong>tudinem</strong></span> <span class='ocrx_word' id='word_1_195' title='bbox 603 4306 876 4392; x_wconf 81' lang='lat' dir='ltr'><strong>dignam</strong></span> <span class='ocrx_word' id='word_1_196' title='bbox 930 4302 1182 4371; x_wconf 82' lang='lat' dir='ltr'><strong>Christi</strong></span> <span class='ocrx_word' id='word_1_197' title='bbox 1250 4304 1572 4370; x_wconf 87' lang='lat' dir='ltr'><strong>ministro.</strong></span> <span class='ocrx_word' id='word_1_198' title='bbox 1673 4301 1836 4369; x_wconf 82' lang='lat' dir='ltr'><strong>Sive</strong></span> <span class='ocrx_word' id='word_1_199' title='bbox 1894 4301 2204 4368; x_wconf 82' lang='lat' dir='ltr'><strong>mollities</strong></span> 
     </span>
     <span class='ocr_line' id='line_1_34' title="bbox 185 4388 2203 4469; baseline -0.005 -5"><span class='ocrx_word' id='word_1_200' title='bbox 185 4397 578 4463; x_wconf 86' lang='lat' dir='ltr'><strong>hominem</strong></span> <span class='ocrx_word' id='word_1_201' title='bbox 631 4391 946 4469; x_wconf 88' lang='lat' dir='ltr'><strong>retinuit,</strong></span> <span class='ocrx_word' id='word_1_202' title='bbox 1017 4390 1157 4456; x_wconf 87' lang='lat' dir='ltr'><strong>sive</strong></span> <span class='ocrx_word' id='word_1_203' title='bbox 1200 4390 1408 4455; x_wconf 89' lang='lat' dir='ltr'><strong>nimia</strong></span> <span class='ocrx_word' id='word_1_204' title='bbox 1450 4408 1608 4454; x_wconf 82' lang='lat' dir='ltr'><strong>sura</strong></span> <span class='ocrx_word' id='word_1_205' title='bbox 1651 4390 1747 4454; x_wconf 88' lang='lat' dir='ltr'><strong>rei</strong></span> <span class='ocrx_word' id='word_1_206' title='bbox 1791 4388 2203 4467; x_wconf 76' lang='lat' dir='ltr'><strong>domesticae,</strong></span> 
     </span>
     <span class='ocr_line' id='line_1_35' title="bbox 181 4474 2204 4551; baseline -0.005 0"><span class='ocrx_word' id='word_1_207' title='bbox 181 4505 352 4551; x_wconf 84' lang='lat' dir='ltr'><strong>non</strong></span> <span class='ocrx_word' id='word_1_208' title='bbox 435 4481 610 4548; x_wconf 79' lang='lat' dir='ltr'><strong>satis</strong></span> <span class='ocrx_word' id='word_1_209' title='bbox 673 4477 938 4545; x_wconf 86' lang='lat' dir='ltr'><strong>oordate</strong></span> <span class='ocrx_word' id='word_1_210' title='bbox 1000 4477 1182 4542; x_wconf 89' lang='lat' dir='ltr'><strong>visus</strong></span> <span class='ocrx_word' id='word_1_211' title='bbox 1247 4485 1350 4541; x_wconf 88' lang='lat' dir='ltr'><strong>est</strong></span> <span class='ocrx_word' id='word_1_212' title='bbox 1390 4474 1603 4541; x_wconf 76' lang='lat' dir='ltr'><strong>officio</strong></span> <span class='ocrx_word' id='word_1_213' title='bbox 1645 4494 1766 4540; x_wconf 86' lang='lat' dir='ltr'><strong>suo</strong></span> <span class='ocrx_word' id='word_1_214' title='bbox 1810 4474 2204 4541; x_wconf 75' lang='lat' dir='ltr'><strong>satisfacere.</strong></span> 
     </span>
    </p>
   </div>
   <div class='ocr_carea' id='block_1_9' title="bbox 181 4559 2207 4739">
    <p class='ocr_par' dir='ltr' id='par_1_10' title="bbox 181 4559 2207 4739">
     <span class='ocr_line' id='line_1_36' title="bbox 183 4559 2207 4652; baseline -0.006 -15"><span class='ocrx_word' id='word_1_215' title='bbox 183 4569 553 4652; x_wconf 83' lang='lat' dir='ltr'><strong>Denique</strong></span> <span class='ocrx_word' id='word_1_216' title='bbox 606 4564 1022 4630; x_wconf 78' lang='lat' dir='ltr'><strong>existimatus</strong></span> <span class='ocrx_word' id='word_1_217' title='bbox 1064 4572 1168 4626; x_wconf 87' lang='lat' dir='ltr'><strong>est</strong></span> <span class='ocrx_word' id='word_1_218' title='bbox 1204 4581 1340 4627; x_wconf 94' lang='lat' dir='ltr'><strong>non</strong></span> <span class='ocrx_word' id='word_1_219' title='bbox 1385 4562 1655 4626; x_wconf 90' lang='lat' dir='ltr'><strong>omnino</strong></span> <span class='ocrx_word' id='word_1_220' title='bbox 1698 4560 1930 4626; x_wconf 86' lang='lat' dir='ltr'><strong>malus.</strong></span> <span class='ocrx_word' id='word_1_221' title='bbox 1999 4559 2207 4626; x_wconf 86' lang='lat' dir='ltr'><strong>Reote</strong></span> 
     </span>
     <span class='ocr_line' id='line_1_37' title="bbox 181 4645 2207 4739; baseline -0.006 -16"><span class='ocrx_word' id='word_1_222' title='bbox 181 4668 268 4723; x_wconf 86' lang='lat' dir='ltr'><strong>tu</strong></span> <span class='ocrx_word' id='word_1_223' title='bbox 325 4648 632 4739; x_wconf 82' lang='lat' dir='ltr'><strong>quidem</strong></span> <span class='ocrx_word' id='word_1_224' title='bbox 676 4649 914 4727; x_wconf 88' lang='lat' dir='ltr'><strong>sentis,</strong></span> <span class='ocrx_word' id='word_1_225' title='bbox 971 4645 1328 4713; x_wconf 85' lang='lat' dir='ltr'><strong>absurdum</strong></span> <span class='ocrx_word' id='word_1_226' title='bbox 1372 4667 1516 4712; x_wconf 89' lang='lat' dir='ltr'><strong>esse</strong></span> <span class='ocrx_word' id='word_1_227' title='bbox 1559 4656 1633 4711; x_wconf 91' lang='lat' dir='ltr'><strong>nt</strong></span> <span class='ocrx_word' id='word_1_228' title='bbox 1675 4664 1857 4712; x_wconf 86' lang='lat' dir='ltr'><strong>nuno</strong></span> <span class='ocrx_word' id='word_1_229' title='bbox 1899 4645 2207 4711; x_wconf 82' lang='lat' dir='ltr'><strong>eeclesias</strong></span> 
     </span>
    </p>
   </div>
   <div class='ocr_carea' id='block_1_10' title="bbox 176 4730 2203 4820">
    <p class='ocr_par' dir='ltr' id='par_1_11' title="bbox 176 4730 2203 4820">
     <span class='ocr_line' id='line_1_38' title="bbox 176 4730 2203 4820; baseline -0.004 -15"><span class='ocrx_word' id='word_1_230' title='bbox 176 4742 556 4809; x_wconf 73' lang='lat' dir='ltr'><strong>deserant</strong></span> <span class='ocrx_word' id='word_1_231' title='bbox 597 4738 739 4820; x_wconf 86' lang='lat' dir='ltr'><strong>ipse</strong></span> <span class='ocrx_word' id='word_1_232' title='bbox 782 4746 851 4801; x_wconf 91' lang='lat' dir='ltr'><strong>et</strong></span> <span class='ocrx_word' id='word_1_233' title='bbox 891 4733 1172 4799; x_wconf 85' lang='lat' dir='ltr'><strong>similes:</strong></span> <span class='ocrx_word' id='word_1_234' title='bbox 1231 4753 1432 4816; x_wconf 86' lang='lat' dir='ltr'><strong>quum</strong></span> <span class='ocrx_word' id='word_1_235' title='bbox 1488 4730 1796 4808; x_wconf 82' lang='lat' dir='ltr'><strong>antehae,</strong></span> <span class='ocrx_word' id='word_1_236' title='bbox 1863 4731 1980 4796; x_wconf 92' lang='lat' dir='ltr'><strong>ubi</strong></span> <span class='ocrx_word' id='word_1_237' title='bbox 2025 4730 2203 4797; x_wconf 91' lang='lat' dir='ltr'><strong>vide-</strong></span> 
     </span>
    </p>
   </div>
   <div class='ocr_carea' id='block_1_11' title="bbox 175 4816 2205 4972">
    <p class='ocr_par' dir='ltr' id='par_1_12' title="bbox 175 4816 2205 4972">
     <span class='ocr_line' id='line_1_39' title="bbox 175 4816 2204 4903; baseline -0.006 -9"><span class='ocrx_word' id='word_1_238' title='bbox 175 4830 384 4895; x_wconf 74' lang='lat' dir='ltr'><strong>bant</strong></span> <span class='ocrx_word' id='word_1_239' title='bbox 439 4841 684 4890; x_wconf 73' lang='lat' dir='ltr'><strong>servos</strong></span> <span class='ocrx_word' id='word_1_240' title='bbox 726 4822 857 4887; x_wconf 91' lang='lat' dir='ltr'><strong>Dei</strong></span> <span class='ocrx_word' id='word_1_241' title='bbox 899 4818 1006 4884; x_wconf 87' lang='lat' dir='ltr'><strong>vel</strong></span> <span class='ocrx_word' id='word_1_242' title='bbox 1065 4818 1339 4903; x_wconf 85' lang='lat' dir='ltr'><strong>indigne</strong></span> <span class='ocrx_word' id='word_1_243' title='bbox 1382 4817 1716 4902; x_wconf 81' lang='lat' dir='ltr'><strong>profligari</strong></span> <span class='ocrx_word' id='word_1_244' title='bbox 1761 4816 1869 4883; x_wconf 89' lang='lat' dir='ltr'><strong>vel</strong></span> <span class='ocrx_word' id='word_1_245' title='bbox 1915 4818 2088 4882; x_wconf 87' lang='lat' dir='ltr'><strong>ultro</strong></span> <span class='ocrx_word' id='word_1_246' title='bbox 2133 4836 2204 4882; x_wconf 88' lang='lat' dir='ltr'><strong>se</strong></span> 
     </span>
     <span class='ocr_line' id='line_1_40' title="bbox 694 4902 2205 4972; baseline -0.003 0"><span class='ocrx_word' id='word_1_247' title='bbox 694 4906 860 4972; x_wconf 88' lang='lat' dir='ltr'><strong>luris</strong></span> <span class='ocrx_word' id='word_1_248' title='bbox 903 4904 1218 4971; x_wconf 84' lang='lat' dir='ltr'><strong>duxerint</strong></span> <span class='ocrx_word' id='word_1_249' title='bbox 1259 4904 1466 4969; x_wconf 88' lang='lat' dir='ltr'><strong>otium</strong></span> <span class='ocrx_word' id='word_1_250' title='bbox 1511 4923 1710 4968; x_wconf 88' lang='lat' dir='ltr'><strong>suum</strong></span> <span class='ocrx_word' id='word_1_251' title='bbox 1753 4911 1824 4969; x_wconf 91' lang='lat' dir='ltr'><strong>et</strong></span> <span class='ocrx_word' id='word_1_252' title='bbox 1864 4902 2205 4969; x_wconf 88' lang='lat' dir='ltr'><strong>oommoda</strong></span> 
     </span>
    </p>
   </div>
   <div class='ocr_carea' id='block_1_12' title="bbox 159 4987 2204 5343">
    <p class='ocr_par' dir='ltr' id='par_1_13' title="bbox 159 4987 2204 5343">
     <span class='ocr_line' id='line_1_41' title="bbox 168 4987 2204 5092; baseline -0.006 -27"><span class='ocrx_word' id='word_1_253' title='bbox 168 5019 424 5085; x_wconf 69' lang='lat' dir='ltr'><strong>quam</strong></span> <span class='ocrx_word' id='word_1_254' title='bbox 483 4994 685 5060; x_wconf 76' lang='lat' dir='ltr'><strong>officii</strong></span> <span class='ocrx_word' id='word_1_255' title='bbox 728 4991 944 5092; x_wconf 74' lang='lat' dir='ltr'><strong>fidem.</strong></span> <span class='ocrx_word' id='word_1_256' title='bbox 1041 4991 1352 5090; x_wconf 37' lang='lat' dir='ltr'><strong>Fit-certe</strong></span> <span class='ocrx_word' id='word_1_257' title='bbox 1395 5011 1574 5089; x_wconf 75' lang='lat' dir='ltr'><strong>nuno</strong></span> <span class='ocrx_word' id='word_1_258' title='bbox 1617 4988 1729 5087; x_wconf 79' lang='lat' dir='ltr'><strong>ubi</strong></span> <span class='ocrx_word' id='word_1_259' title='bbox 1771 4987 2005 5054; x_wconf 90' lang='lat' dir='ltr'><strong>melior</strong></span> <span class='ocrx_word' id='word_1_260' title='bbox 2046 4987 2204 5055; x_wconf 89' lang='lat' dir='ltr'><strong>alibi</strong></span> 
     </span>
     <span class='ocr_line' id='line_1_42' title="bbox 161 5073 2204 5239; baseline -0.007 -87"><span class='ocrx_word' id='word_1_261' title='bbox 161 5106 360 5239; x_wconf 53' lang='grc' dir='ltr'><strong>ἷξες</strong></span> <span class='ocrx_word' id='word_1_262' title='bbox 409 5080 728 5165; x_wconf 74' lang='lat' dir='ltr'><strong>affulget,</strong></span> <span class='ocrx_word' id='word_1_263' title='bbox 774 5098 972 5143; x_wconf 74' lang='lat' dir='ltr'><strong>nimis</strong></span> <span class='ocrx_word' id='word_1_264' title='bbox 1011 5074 1246 5160; x_wconf 77' lang='lat' dir='ltr'><strong>oupide</strong></span> <span class='ocrx_word' id='word_1_265' title='bbox 1281 5096 1318 5141; x_wconf 93' lang='lat' dir='ltr'><strong>e</strong></span> <span class='ocrx_word' id='word_1_266' title='bbox 1355 5076 1524 5141; x_wconf 83' lang='lat' dir='ltr'><strong>n1d1s</strong></span> <span class='ocrx_word' id='word_1_267' title='bbox 1559 5096 1697 5140; x_wconf 77' lang='lat' dir='ltr'><strong>suis</strong></span> <span class='ocrx_word' id='word_1_268' title='bbox 1739 5073 2204 5140; x_wconf 59' lang='lat' dir='ltr'><strong>trauandans·</strong></span> 
     </span>
     <span class='ocr_line' id='line_1_43' title="bbox 159 5268 390 5343; baseline -0.004 1"><span class='ocrx_word' id='word_1_269' title='bbox 159 5268 390 5343; x_wconf 55' lang='lat'>‘⁶18¹</span> 
     </span>
    </p>
   </div>
   <div class='ocr_carea' id='block_1_13' title="bbox 169 4914 581 4987">
    <p class='ocr_par' dir='ltr' id='par_1_14' title="bbox 169 4914 581 4987">
     <span class='ocr_line' id='line_1_44' title="bbox 169 4914 581 4987; baseline -0.002 -7"><span class='ocrx_word' id='word_1_270' title='bbox 169 4914 551 4980; x_wconf 71' lang='lat' dir='ltr'><strong>abdicare</strong></span> <span class='ocrx_word' id='word_1_271' title='bbox 564 4960 581 4987; x_wconf 84' lang='lat'><strong>,</strong></span> 
     </span>
    </p>
   </div>
   <div class='ocr_carea' id='block_1_14' title="bbox 363 5159 2205 5415">
    <p class='ocr_par' dir='ltr' id='par_1_15' title="bbox 363 5159 2205 5415">
     <span class='ocr_line' id='line_1_45' title="bbox 443 5159 2201 5245; baseline -0.004 -13"><span class='ocrx_word' id='word_1_272' title='bbox 443 5174 674 5232; x_wconf 69' lang='lat' dir='ltr'><strong>totum</strong></span> <span class='ocrx_word' id='word_1_273' title='bbox 739 5163 942 5231; x_wconf 90' lang='lat' dir='ltr'><strong>libere</strong></span> <span class='ocrx_word' id='word_1_274' title='bbox 1002 5161 1254 5229; x_wconf 89' lang='lat' dir='ltr'><strong>homini</strong></span> <span class='ocrx_word' id='word_1_275' title='bbox 1310 5161 1614 5245; x_wconf 84' lang='lat' dir='ltr'><strong>exposui:</strong></span> <span class='ocrx_word' id='word_1_276' title='bbox 1682 5180 1802 5226; x_wconf 85' lang='lat' dir='ltr'><strong>nec</strong></span> <span class='ocrx_word' id='word_1_277' title='bbox 1847 5159 2201 5243; x_wconf 84' lang='lat' dir='ltr'><strong>quidquam</strong></span> 
     </span>
     <span class='ocr_line' id='line_1_46' title="bbox 363 5244 2205 5335; baseline -0.005 -14"><span class='ocrx_word' id='word_1_278' title='bbox 363 5251 716 5321; x_wconf 78' lang='lat' dir='ltr'><strong>‘versanti</strong></span> <span class='ocrx_word' id='word_1_279' title='bbox 784 5248 1089 5335; x_wconf 74' lang='lat' dir='ltr'><strong>profecit:</strong></span> <span class='ocrx_word' id='word_1_280' title='bbox 1172 5246 1326 5331; x_wconf 87' lang='lat' dir='ltr'><strong>quia</strong></span> <span class='ocrx_word' id='word_1_281' title='bbox 1367 5266 1597 5313; x_wconf 90' lang='lat' dir='ltr'><strong>omnes</strong></span> <span class='ocrx_word' id='word_1_282' title='bbox 1639 5244 1782 5313; x_wconf 88' lang='lat' dir='ltr'><strong>eius</strong></span> <span class='ocrx_word' id='word_1_283' title='bbox 1825 5252 2205 5330; x_wconf 79' lang='lat' dir='ltr'><strong>praetextus</strong></span> 
     </span>
     <span class='ocr_line' id='line_1_47' title="bbox 1255 5332 2202 5415; baseline -0.001 -17"><span class='ocrx_word' id='word_1_284' title='bbox 1255 5332 1387 5399; x_wconf 82' lang='lat' dir='ltr'><strong>Hie</strong></span> <span class='ocrx_word' id='word_1_285' title='bbox 1447 5333 1728 5399; x_wconf 86' lang='lat' dir='ltr'><strong>nunoius</strong></span> <span class='ocrx_word' id='word_1_286' title='bbox 1769 5351 2003 5415; x_wconf 84' lang='lat' dir='ltr'><strong>parum</strong></span> <span class='ocrx_word' id='word_1_287' title='bbox 2048 5353 2202 5399; x_wconf 85' lang='lat' dir='ltr'><strong>oon-</strong></span> 
     </span>
    </p>
   </div>
   <div class='ocr_carea' id='block_1_15' title="bbox 157 5342 1166 5421">
    <p class='ocr_par' dir='ltr' id='par_1_16' title="bbox 157 5342 1166 5421">
     <span class='ocr_line' id='line_1_48' title="bbox 157 5342 1166 5421; baseline -0.014 -8"><span class='ocrx_word' id='word_1_288' title='bbox 157 5342 546 5412; x_wconf 77' lang='lat' dir='ltr'><strong>refellere</strong></span> <span class='ocrx_word' id='word_1_289' title='bbox 589 5346 966 5421; x_wconf 88' lang='lat' dir='ltr'><strong>promptum</strong></span> <span class='ocrx_word' id='word_1_290' title='bbox 1006 5342 1166 5401; x_wconf 86' lang='lat' dir='ltr'><strong>erat.</strong></span> 
     </span>
    </p>
   </div>
   <div class='ocr_carea' id='block_1_16' title="bbox 2027 435 2520 503">
    <p class='ocr_par' dir='ltr' id='par_1_17' title="bbox 2027 435 2520 503">
     <span class='ocr_line' id='line_1_49' title="bbox 2027 435 2520 503; baseline 0.002 -1"><span class='ocrx_word' id='word_1_291' title='bbox 2027 437 2192 502; x_wconf 77' lang='grc'><strong>1564</strong></span> <span class='ocrx_word' id='word_1_292' title='bbox 2235 435 2520 503; x_wconf 71' lang='lat' dir='ltr'><strong>MART.</strong></span> 
     </span>
    </p>
   </div>
   <div class='ocr_carea' id='block_1_17' title="bbox 4154 439 4281 504">
    <p class='ocr_par' dir='ltr' id='par_1_18' title="bbox 4154 439 4281 504">
     <span class='ocr_line' id='line_1_50' title="bbox 4154 439 4281 504; baseline 0 -1"><span class='ocrx_word' id='word_1_293' title='bbox 4154 439 4281 504; x_wconf 79' lang='lat'><strong>266</strong></span> 
     </span>
    </p>
   </div>
   <div class='ocr_carea' id='block_1_18' title="bbox 2315 621 4284 1730">
    <p class='ocr_par' dir='ltr' id='par_1_19' title="bbox 2315 621 4284 1730">
     <span class='ocr_line' id='line_1_51' title="bbox 2319 621 4284 708; baseline 0.002 -18"><span class='ocrx_word' id='word_1_294' title='bbox 2319 622 2603 691; x_wconf 83' lang='lat' dir='ltr'><strong>siderate</strong></span> <span class='ocrx_word' id='word_1_295' title='bbox 2647 643 2799 689; x_wconf 93' lang='lat' dir='ltr'><strong>eum</strong></span> <span class='ocrx_word' id='word_1_296' title='bbox 2838 622 3005 689; x_wconf 88' lang='lat' dir='ltr'><strong>mihi</strong></span> <span class='ocrx_word' id='word_1_297' title='bbox 3045 621 3337 705; x_wconf 84' lang='lat' dir='ltr'><strong>adduxit,</strong></span> <span class='ocrx_word' id='word_1_298' title='bbox 3396 621 3672 708; x_wconf 89' lang='lat' dir='ltr'><strong>perinde</strong></span> <span class='ocrx_word' id='word_1_299' title='bbox 3715 645 3792 692; x_wconf 89' lang='lat' dir='ltr'><strong>ao</strong></span> <span class='ocrx_word' id='word_1_300' title='bbox 3834 645 3909 690; x_wconf 89' lang='lat' dir='ltr'><strong>re</strong></span> <span class='ocrx_word' id='word_1_301' title='bbox 3950 623 4085 690; x_wconf 82' lang='lat' dir='ltr'><strong>iam</strong></span> <span class='ocrx_word' id='word_1_302' title='bbox 4126 646 4284 693; x_wconf 86' lang='lat' dir='ltr'><strong>oon·</strong></span> 
     </span>
     <span class='ocr_line' id='line_1_52' title="bbox 2317 708 4282 790; baseline 0.002 -15"><span class='ocrx_word' id='word_1_303' title='bbox 2317 710 2506 776; x_wconf 81' lang='lat' dir='ltr'><strong>festa.</strong></span> <span class='ocrx_word' id='word_1_304' title='bbox 2591 708 2729 777; x_wconf 86' lang='lat' dir='ltr'><strong>Sed</strong></span> <span class='ocrx_word' id='word_1_305' title='bbox 2773 708 2885 775; x_wconf 91' lang='lat' dir='ltr'><strong>ubi</strong></span> <span class='ocrx_word' id='word_1_306' title='bbox 2943 709 3343 776; x_wconf 88' lang='lat' dir='ltr'><strong>severiorem</strong></span> <span class='ocrx_word' id='word_1_307' title='bbox 3388 730 3496 776; x_wconf 91' lang='lat' dir='ltr'><strong>me</strong></span> <span class='ocrx_word' id='word_1_308' title='bbox 3539 709 3710 776; x_wconf 86' lang='lat' dir='ltr'><strong>vidit</strong></span> <span class='ocrx_word' id='word_1_309' title='bbox 3752 709 4070 790; x_wconf 55' lang='lat' dir='ltr'><strong>Raetus,</strong></span> <span class='ocrx_word' id='word_1_310' title='bbox 4127 731 4282 778; x_wconf 89' lang='lat' dir='ltr'><strong>oum</strong></span> 
     </span>
     <span class='ocr_line' id='line_1_53' title="bbox 2316 793 4284 880; baseline 0 -17"><span class='ocrx_word' id='word_1_311' title='bbox 2316 795 2468 863; x_wconf 86' lang='lat' dir='ltr'><strong>aliis</strong></span> <span class='ocrx_word' id='word_1_312' title='bbox 2523 805 2600 861; x_wconf 89' lang='lat' dir='ltr'><strong>ut</strong></span> <span class='ocrx_word' id='word_1_313' title='bbox 2651 794 2846 860; x_wconf 87' lang='lat' dir='ltr'><strong>audio</strong></span> <span class='ocrx_word' id='word_1_314' title='bbox 2898 793 3140 861; x_wconf 85' lang='lat' dir='ltr'><strong>lioitari</strong></span> <span class='ocrx_word' id='word_1_315' title='bbox 3195 797 3425 880; x_wconf 80' lang='lat' dir='ltr'><strong>eoepit.</strong></span> <span class='ocrx_word' id='word_1_316' title='bbox 3514 795 3893 862; x_wconf 88' lang='lat' dir='ltr'><strong>Perioulum</strong></span> <span class='ocrx_word' id='word_1_317' title='bbox 3953 807 4176 863; x_wconf 87' lang='lat' dir='ltr'><strong>tamen</strong></span> <span class='ocrx_word' id='word_1_318' title='bbox 4242 818 4284 863; x_wconf 88' lang='lat' dir='ltr'><strong>a</strong></span> 
     </span>
     <span class='ocr_line' id='line_1_54' title="bbox 2316 879 4282 1033; baseline 0.001 -86"><span class='ocrx_word' id='word_1_319' title='bbox 2316 901 2446 1033; x_wconf 66' lang='grc' dir='ltr'><strong>3υο</strong></span> <span class='ocrx_word' id='word_1_320' title='bbox 2488 881 2732 948; x_wconf 89' lang='lat' dir='ltr'><strong>metuis</strong></span> <span class='ocrx_word' id='word_1_321' title='bbox 2774 879 3031 946; x_wconf 88' lang='lat' dir='ltr'><strong>nullum</strong></span> <span class='ocrx_word' id='word_1_322' title='bbox 3075 887 3386 965; x_wconf 87' lang='lat' dir='ltr'><strong>putamus</strong></span> <span class='ocrx_word' id='word_1_323' title='bbox 3428 883 3596 959; x_wconf 80' lang='lat' dir='ltr'><strong>fore,</strong></span> <span class='ocrx_word' id='word_1_324' title='bbox 3660 890 3742 947; x_wconf 89' lang='lat' dir='ltr'><strong>ut</strong></span> <span class='ocrx_word' id='word_1_325' title='bbox 3799 881 3909 948; x_wconf 85' lang='lat' dir='ltr'><strong>vel</strong></span> <span class='ocrx_word' id='word_1_326' title='bbox 3952 882 4282 949; x_wconf 75' lang='lat' dir='ltr'><strong>sinceram</strong></span> 
     </span>
     <span class='ocr_line' id='line_1_55' title="bbox 2362 965 4280 1052; baseline 0.001 -20"><span class='ocrx_word' id='word_1_327' title='bbox 2362 967 2686 1033; x_wconf 79' lang='lat' dir='ltr'><strong>oon-inam</strong></span> <span class='ocrx_word' id='word_1_328' title='bbox 2751 976 3134 1050; x_wconf 87' lang='lat' dir='ltr'><strong>eorrumpat</strong></span> <span class='ocrx_word' id='word_1_329' title='bbox 3149 1017 3166 1046; x_wconf 88' lang='lat'><strong><em>‚</em></strong></span> <span class='ocrx_word' id='word_1_330' title='bbox 3255 967 3361 1034; x_wconf 93' lang='lat' dir='ltr'><strong>vel</strong></span> <span class='ocrx_word' id='word_1_331' title='bbox 3424 965 3811 1052; x_wconf 75' lang='lat' dir='ltr'><strong>disciplinae</strong></span> <span class='ocrx_word' id='word_1_332' title='bbox 3875 965 4280 1036; x_wconf 71' lang='lat' dir='ltr'><strong>adversetur.</strong></span> 
     </span>
     <span class='ocr_line' id='line_1_56' title="bbox 2315 1051 4284 1138; baseline 0.001 -19"><span class='ocrx_word' id='word_1_333' title='bbox 2315 1052 2593 1119; x_wconf 84' lang='lat' dir='ltr'><strong>Levitae</strong></span> <span class='ocrx_word' id='word_1_334' title='bbox 2635 1051 2903 1136; x_wconf 82' lang='lat' dir='ltr'><strong>quidem</strong></span> <span class='ocrx_word' id='word_1_335' title='bbox 2946 1051 3062 1117; x_wconf 87' lang='lat' dir='ltr'><strong>illa</strong></span> <span class='ocrx_word' id='word_1_336' title='bbox 3102 1072 3229 1118; x_wconf 92' lang='lat' dir='ltr'><strong>nos</strong></span> <span class='ocrx_word' id='word_1_337' title='bbox 3271 1052 3564 1133; x_wconf 84' lang='lat' dir='ltr'><strong>offendit,</strong></span> <span class='ocrx_word' id='word_1_338' title='bbox 3609 1073 3812 1137; x_wconf 90' lang='lat' dir='ltr'><strong>quum</strong></span> <span class='ocrx_word' id='word_1_339' title='bbox 3853 1063 4125 1138; x_wconf 85' lang='lat' dir='ltr'><strong>paratus</strong></span> <span class='ocrx_word' id='word_1_340' title='bbox 4156 1054 4284 1120; x_wconf 82' lang='lat' dir='ltr'><strong>fuit</strong></span> 
     </span>
     <span class='ocr_line' id='line_1_57' title="bbox 2316 1134 4283 1223; baseline 0.001 -19"><span class='ocrx_word' id='word_1_341' title='bbox 2316 1158 2388 1204; x_wconf 89' lang='lat' dir='ltr'><strong>se</strong></span> <span class='ocrx_word' id='word_1_342' title='bbox 2432 1137 2517 1204; x_wconf 85' lang='lat' dir='ltr'><strong>ad</strong></span> <span class='ocrx_word' id='word_1_343' title='bbox 2540 1141 2771 1223; x_wconf 85' lang='lat' dir='ltr'><strong>Aquas</strong></span> <span class='ocrx_word' id='word_1_344' title='bbox 2805 1134 3057 1205; x_wconf 81' lang='lat' dir='ltr'><strong>Sestias</strong></span> <span class='ocrx_word' id='word_1_345' title='bbox 3100 1138 3416 1217; x_wconf 75' lang='lat' dir='ltr'><strong>conferre,</strong></span> <span class='ocrx_word' id='word_1_346' title='bbox 3462 1139 3519 1205; x_wconf 91' lang='lat' dir='ltr'><strong>si</strong></span> <span class='ocrx_word' id='word_1_347' title='bbox 3553 1159 3946 1206; x_wconf 88' lang='lat' dir='ltr'><strong>eonsensum</strong></span> <span class='ocrx_word' id='word_1_348' title='bbox 3980 1153 4283 1206; x_wconf 85' lang='lat' dir='ltr'><strong>vestrum</strong></span> 
     </span>
     <span class='ocr_line' id='line_1_58' title="bbox 2315 1222 4283 1307; baseline 0.001 -17"><span class='ocrx_word' id='word_1_349' title='bbox 2315 1228 2751 1307; x_wconf 75' lang='lat' dir='ltr'><strong>impetrasset.</strong></span> <span class='ocrx_word' id='word_1_350' title='bbox 2840 1223 3036 1290; x_wconf 83' lang='lat' dir='ltr'><strong>Nune</strong></span> <span class='ocrx_word' id='word_1_351' title='bbox 3100 1222 3258 1307; x_wconf 90' lang='lat' dir='ltr'><strong>quid</strong></span> <span class='ocrx_word' id='word_1_352' title='bbox 3333 1245 3419 1290; x_wconf 84' lang='lat' dir='ltr'><strong>ex</strong></span> <span class='ocrx_word' id='word_1_353' title='bbox 3497 1244 3571 1290; x_wconf 91' lang='lat' dir='ltr'><strong>re</strong></span> <span class='ocrx_word' id='word_1_354' title='bbox 3647 1234 3717 1291; x_wconf 89' lang='lat' dir='ltr'><strong>et</strong></span> <span class='ocrx_word' id='word_1_355' title='bbox 3777 1246 3904 1292; x_wconf 88' lang='lat' dir='ltr'><strong>usu</strong></span> <span class='ocrx_word' id='word_1_356' title='bbox 3969 1225 4283 1292; x_wconf 74' lang='lat' dir='ltr'><strong>eeclesiae</strong></span> 
     </span>
     <span class='ocr_line' id='line_1_59' title="bbox 2315 1309 4283 1378; baseline 0 -1"><span class='ocrx_word' id='word_1_357' title='bbox 2315 1321 2580 1377; x_wconf 82' lang='lat' dir='ltr'><strong>vestrae</strong></span> <span class='ocrx_word' id='word_1_358' title='bbox 2634 1310 2936 1375; x_wconf 82' lang='lat' dir='ltr'><strong>futurum</strong></span> <span class='ocrx_word' id='word_1_359' title='bbox 2978 1309 3068 1375; x_wconf 89' lang='lat' dir='ltr'><strong>sit</strong></span> <span class='ocrx_word' id='word_1_360' title='bbox 3110 1311 3397 1375; x_wconf 83' lang='lat' dir='ltr'><strong>statuite.</strong></span> <span class='ocrx_word' id='word_1_361' title='bbox 3485 1309 3634 1376; x_wconf 84' lang='lat' dir='ltr'><strong>Nisi</strong></span> <span class='ocrx_word' id='word_1_362' title='bbox 3675 1312 3845 1377; x_wconf 84' lang='lat' dir='ltr'><strong>forte</strong></span> <span class='ocrx_word' id='word_1_363' title='bbox 3888 1310 4012 1377; x_wconf 82' lang='lat' dir='ltr'><strong>has</strong></span> <span class='ocrx_word' id='word_1_364' title='bbox 4053 1311 4283 1378; x_wconf 84' lang='lat' dir='ltr'><strong>literas</strong></span> 
     </span>
     <span class='ocr_line' id='line_1_60' title="bbox 2315 1395 4278 1479; baseline -0.001 -16"><span class='ocrx_word' id='word_1_365' title='bbox 2315 1415 2439 1463; x_wconf 91' lang='lat' dir='ltr'><strong>suo</strong></span> <span class='ocrx_word' id='word_1_366' title='bbox 2481 1395 2773 1462; x_wconf 87' lang='lat' dir='ltr'><strong>adventu</strong></span> <span class='ocrx_word' id='word_1_367' title='bbox 2831 1396 3234 1479; x_wconf 85' lang='lat' dir='ltr'><strong>praeveniat.</strong></span> <span class='ocrx_word' id='word_1_368' title='bbox 3303 1395 3472 1462; x_wconf 87' lang='lat' dir='ltr'><strong>Vale</strong></span> <span class='ocrx_word' id='word_1_369' title='bbox 3488 1448 3504 1475; x_wconf 90' lang='lat'><strong><em>,</em></strong></span> <span class='ocrx_word' id='word_1_370' title='bbox 3568 1395 3810 1462; x_wconf 82' lang='lat' dir='ltr'><strong>eximie</strong></span> <span class='ocrx_word' id='word_1_371' title='bbox 3852 1397 3960 1462; x_wconf 84' lang='lat' dir='ltr'><strong>vir</strong></span> <span class='ocrx_word' id='word_1_372' title='bbox 4003 1407 4070 1462; x_wconf 91' lang='lat' dir='ltr'><strong>et</strong></span> <span class='ocrx_word' id='word_1_373' title='bbox 4110 1396 4278 1462; x_wconf 88' lang='lat' dir='ltr'><strong>mihi</strong></span> 
     </span>
     <span class='ocr_line' id='line_1_61' title="bbox 2316 1478 4281 1566; baseline 0 -18"><span class='ocrx_word' id='word_1_374' title='bbox 2316 1502 2402 1548; x_wconf 84' lang='lat' dir='ltr'><strong>ex</strong></span> <span class='ocrx_word' id='word_1_375' title='bbox 2459 1483 2680 1547; x_wconf 86' lang='lat' dir='ltr'><strong>animo</strong></span> <span class='ocrx_word' id='word_1_376' title='bbox 2738 1478 3008 1547; x_wconf 89' lang='lat' dir='ltr'><strong>oolende</strong></span> <span class='ocrx_word' id='word_1_377' title='bbox 3060 1481 3282 1548; x_wconf 81' lang='lat' dir='ltr'><strong>frater.</strong></span> <span class='ocrx_word' id='word_1_378' title='bbox 3372 1480 3704 1549; x_wconf 87' lang='lat' dir='ltr'><strong>Dominus</strong></span> <span class='ocrx_word' id='word_1_379' title='bbox 3759 1490 3824 1548; x_wconf 89' lang='lat' dir='ltr'><strong>te</strong></span> <span class='ocrx_word' id='word_1_380' title='bbox 3880 1482 4119 1566; x_wconf 86' lang='lat' dir='ltr'><strong>spiritu</strong></span> <span class='ocrx_word' id='word_1_381' title='bbox 4160 1502 4281 1548; x_wconf 86' lang='lat' dir='ltr'><strong>suo</strong></span> 
     </span>
     <span class='ocr_line' id='line_1_62' title="bbox 2315 1567 4279 1730; baseline 0.002 -98"><span class='ocrx_word' id='word_1_382' title='bbox 2315 1587 2578 1718; x_wconf 50' lang='lat' dir='ltr'><strong>ffimptgr</strong></span> <span class='ocrx_word' id='word_1_383' title='bbox 2643 1567 2969 1730; x_wconf 39' lang='lat' dir='ltr'><strong>gezer-nie?</strong></span> <span class='ocrx_word' id='word_1_384' title='bbox 2985 1617 3001 1644; x_wconf 86' lang='lat'><strong>,</strong></span> <span class='ocrx_word' id='word_1_385' title='bbox 3064 1568 3244 1633; x_wconf 68' lang='lat' dir='ltr'><strong>virtu·</strong></span> <span class='ocrx_word' id='word_1_386' title='bbox 3250 1577 3317 1633; x_wconf 92' lang='lat' dir='ltr'><strong>te</strong></span> <span class='ocrx_word' id='word_1_387' title='bbox 3381 1567 3709 1634; x_wconf 76' lang='lat' dir='ltr'><strong>sustineat</strong></span> <span class='ocrx_word' id='word_1_388' title='bbox 3770 1577 3841 1634; x_wconf 91' lang='lat' dir='ltr'><strong>et</strong></span> <span class='ocrx_word' id='word_1_389' title='bbox 3881 1567 4279 1636; x_wconf 81' lang='lat' dir='ltr'><strong>ineolumem</strong></span> 
     </span>
     <span class='ocr_line' id='line_1_63' title="bbox 2391 1672 2860 1719; baseline 0 -1"><span class='ocrx_word' id='word_1_390' title='bbox 2391 1672 2470 1718; x_wconf 88' lang='lat' dir='ltr'><strong>ea</strong></span> <span class='ocrx_word' id='word_1_391' title='bbox 2547 1673 2599 1718; x_wconf 91' lang='lat' dir='ltr'><strong>r.</strong></span> <span class='ocrx_word' id='word_1_392' title='bbox 2804 1673 2860 1719; x_wconf 90' lang='lat' dir='ltr'><strong>e.</strong></span> 
     </span>
    </p>
   </div>
   <div class='ocr_carea' id='block_1_19' title="bbox 2573 2197 4016 2421">
    <p class='ocr_par' dir='ltr' id='par_1_20' title="bbox 2573 2197 4016 2421">
     <span class='ocr_line' id='line_1_64' title="bbox 3188 2197 3388 2269; baseline -0.02 0"><span class='ocrx_word' id='word_1_393' title='bbox 3188 2197 3388 2269; x_wconf 75' lang='lat'><strong>4⁰85.</strong></span> 
     </span>
     <span class='ocr_line' id='line_1_65' title="bbox 2573 2339 4016 2421; baseline -0.001 0"><span class='ocrx_word' id='word_1_394' title='bbox 2573 2339 2893 2421; x_wconf 74' lang='lat' dir='ltr'>RENEE</span> <span class='ocrx_word' id='word_1_395' title='bbox 2937 2351 3066 2419; x_wconf 80' lang='lat' dir='ltr'><strong>DE</strong></span> <span class='ocrx_word' id='word_1_396' title='bbox 3110 2351 3489 2420; x_wconf 74' lang='lat' dir='ltr'><strong>FRANOE</strong></span> <span class='ocrx_word' id='word_1_397' title='bbox 3533 2355 3597 2420; x_wconf 81' lang='lat' dir='ltr'>A</span> <span class='ocrx_word' id='word_1_398' title='bbox 3640 2353 4016 2421; x_wconf 81' lang='lat' dir='ltr'><strong>OALVIN.</strong></span> 
     </span>
    </p>
   </div>
   <div class='ocr_carea' id='block_1_20' title="bbox 2310 2524 4277 2698">
    <p class='ocr_par' dir='ltr' id='par_1_21' title="bbox 2310 2524 4277 2698">
     <span class='ocr_line' id='line_1_66' title="bbox 2489 2524 4277 2610; baseline 0.001 -17"><span class='ocrx_word' id='word_1_399' title='bbox 2489 2524 3533 2610; x_wconf 60' lang='lat' dir='ltr'><strong>Reponseauoedeuxdemieres</strong></span> <span class='ocrx_word' id='word_1_400' title='bbox 3587 2524 4277 2594; x_wconf 70' lang='lat' dir='ltr'><strong>ldtresdeOalvind</strong></span> 
     </span>
     <span class='ocr_line' id='line_1_67' title="bbox 2310 2609 4272 2698; baseline -0.001 -16"><span class='ocrx_word' id='word_1_401' title='bbox 2310 2609 4272 2698; x_wconf 64' lang='lat' dir='ltr'><strong>nouvellesdeaapoeitionacmueadesonoeummqe.</strong></span> 
     </span>
    </p>
   </div>
   <div class='ocr_carea' id='block_1_21' title="bbox 2309 2780 4276 3197">
    <p class='ocr_par' dir='ltr' id='par_1_22' title="bbox 2309 2780 4276 3197">
     <span class='ocr_line' id='line_1_68' title="bbox 2309 2780 4276 2909; baseline -0.001 -69"><span class='ocrx_word' id='word_1_402' title='bbox 2309 2783 2725 2909; x_wconf 52' lang='lat' dir='ltr'><strong>gnibnothsqtae</strong></span> <span class='ocrx_word' id='word_1_403' title='bbox 2758 2781 3053 2837; x_wconf 76' lang='lat' dir='ltr'><strong>nationsle.</strong></span> <span class='ocrx_word' id='word_1_404' title='bbox 3108 2782 3239 2836; x_wconf 71' lang='lat' dir='ltr'><strong>Mss.</strong></span> <span class='ocrx_word' id='word_1_405' title='bbox 3275 2780 3346 2835; x_wconf 92' lang='lat' dir='ltr'><strong>de</strong></span> <span class='ocrx_word' id='word_1_406' title='bbox 3364 2781 3586 2846; x_wconf 69' lang='lat' dir='ltr'><strong>Hosne,</strong></span> <span class='ocrx_word' id='word_1_407' title='bbox 3620 2781 3723 2836; x_wconf 87' lang='lat' dir='ltr'><strong>int.</strong></span> <span class='ocrx_word' id='word_1_408' title='bbox 3750 2783 3910 2836; x_wconf 80' lang='lat' dir='ltr'><strong>mem.</strong></span> <span class='ocrx_word' id='word_1_409' title='bbox 3947 2782 4046 2838; x_wconf 92' lang='lat' dir='ltr'><strong>des</strong></span> <span class='ocrx_word' id='word_1_410' title='bbox 4080 2783 4276 2854; x_wconf 72' lang='lat' dir='ltr'><strong>regnes</strong></span> 
     </span>
     <span class='ocr_line' id='line_1_69' title="bbox 2350 2848 4276 2922; baseline -0.001 -14"><span class='ocrx_word' id='word_1_411' title='bbox 2350 2870 2381 2908; x_wconf 90' lang='lat' dir='ltr'><strong>e</strong></span> <span class='ocrx_word' id='word_1_412' title='bbox 2415 2854 2539 2922; x_wconf 67' lang='lat' dir='ltr'><strong>Fre.</strong></span> <span class='ocrx_word' id='word_1_413' title='bbox 2576 2852 2649 2908; x_wconf 89' lang='lat'><strong>11.</strong></span> <span class='ocrx_word' id='word_1_414' title='bbox 2681 2859 2741 2906; x_wconf 89' lang='lat' dir='ltr'><strong>et</strong></span> <span class='ocrx_word' id='word_1_415' title='bbox 2773 2851 2957 2906; x_wconf 79' lang='lat' dir='ltr'><strong>Ohsrl.</strong></span> <span class='ocrx_word' id='word_1_416' title='bbox 2994 2849 3097 2904; x_wconf 83' lang='lat' dir='ltr'><strong>IX.</strong></span> <span class='ocrx_word' id='word_1_417' title='bbox 3132 2849 3223 2904; x_wconf 71' lang='lat' dir='ltr'><strong>fol.</strong></span> <span class='ocrx_word' id='word_1_418' title='bbox 3254 2849 3320 2906; x_wconf 87' lang='grc' dir='ltr'><strong>Τ.</strong></span> <span class='ocrx_word' id='word_1_419' title='bbox 3355 2850 3428 2904; x_wconf 92' lang='lat'><strong>11.</strong></span> <span class='ocrx_word' id='word_1_420' title='bbox 3463 2868 3517 2904; x_wconf 94' lang='lat' dir='ltr'><strong>n.</strong></span> <span class='ocrx_word' id='word_1_421' title='bbox 3552 2848 3710 2914; x_wconf 80' lang='grc'><strong>8677,</strong></span> <span class='ocrx_word' id='word_1_422' title='bbox 3743 2867 3799 2921; x_wconf 87' lang='lat' dir='ltr'><strong>p.</strong></span> <span class='ocrx_word' id='word_1_423' title='bbox 3834 2849 3920 2905; x_wconf 78' lang='grc'><strong>58.</strong></span> <span class='ocrx_word' id='word_1_424' title='bbox 3973 2851 4276 2908; x_wconf 76' lang='lat' dir='ltr'><strong>Collection</strong></span> 
     </span>
     <span class='ocr_line' id='line_1_70' title="bbox 2309 2917 4276 2993; baseline -0.001 -15"><span class='ocrx_word' id='word_1_425' title='bbox 2309 2922 2508 2993; x_wconf 67' lang='lat' dir='ltr'><strong>anuy</strong></span> <span class='ocrx_word' id='word_1_426' title='bbox 2546 2921 2672 2977; x_wconf 79' lang='lat' dir='ltr'><strong>Vol.</strong></span> <span class='ocrx_word' id='word_1_427' title='bbox 2707 2919 2794 2987; x_wconf 76' lang='grc'><strong>96,</strong></span> <span class='ocrx_word' id='word_1_428' title='bbox 2829 2920 2921 2974; x_wconf 72' lang='lat' dir='ltr'><strong>fol.</strong></span> <span class='ocrx_word' id='word_1_429' title='bbox 2958 2917 3066 2973; x_wconf 78' lang='lat'><strong>120</strong></span> <span class='ocrx_word' id='word_1_430' title='bbox 3096 2920 3236 2974; x_wconf 88' lang='lat' dir='ltr'><strong>suiv.</strong></span> <span class='ocrx_word' id='word_1_431' title='bbox 3305 2918 3387 2972; x_wconf 87' lang='lat' dir='ltr'><strong>Im</strong></span> <span class='ocrx_word' id='word_1_432' title='bbox 3426 2919 3594 2973; x_wconf 74' lang='lat' dir='ltr'><strong>rimee</strong></span> <span class='ocrx_word' id='word_1_433' title='bbox 3626 2918 3664 2973; x_wconf 62' lang='lat' dir='ltr'><strong>a</strong></span> <span class='ocrx_word' id='word_1_434' title='bbox 3698 2920 3754 2973; x_wconf 88' lang='lat' dir='ltr'><strong>ls</strong></span> <span class='ocrx_word' id='word_1_435' title='bbox 3796 2921 3941 2975; x_wconf 76' lang='lat' dir='ltr'><strong>suits</strong></span> <span class='ocrx_word' id='word_1_436' title='bbox 3984 2922 4055 2975; x_wconf 86' lang='lat' dir='ltr'><strong>ds</strong></span> <span class='ocrx_word' id='word_1_437' title='bbox 4098 2922 4154 2975; x_wconf 88' lang='lat' dir='ltr'><strong>ls</strong></span> <span class='ocrx_word' id='word_1_438' title='bbox 4185 2922 4276 2976; x_wconf 79' lang='lat' dir='ltr'><strong>vis</strong></span> 
     </span>
     <span class='ocr_line' id='line_1_71' title="bbox 2829 2985 4272 3058; baseline 0.001 -15"><span class='ocrx_word' id='word_1_439' title='bbox 2829 2988 3056 3043; x_wconf 73' lang='lat' dir='ltr'><strong>Je&#39;rdme</strong></span> <span class='ocrx_word' id='word_1_440' title='bbox 3106 2987 3321 3043; x_wconf 84' lang='lat' dir='ltr'><strong>Bolses.</strong></span> <span class='ocrx_word' id='word_1_441' title='bbox 3422 3003 3551 3057; x_wconf 74' lang='lat' dir='ltr'><strong>yon,</strong></span> <span class='ocrx_word' id='word_1_442' title='bbox 3596 2985 3750 3041; x_wconf 78' lang='grc'><strong>1577.</strong></span> <span class='ocrx_word' id='word_1_443' title='bbox 3792 2986 3846 3044; x_wconf 87' lang='grc'><strong>8.</strong></span> <span class='ocrx_word' id='word_1_444' title='bbox 3897 3005 3950 3058; x_wconf 88' lang='lat' dir='ltr'><strong>p.</strong></span> <span class='ocrx_word' id='word_1_445' title='bbox 3985 2988 4091 3044; x_wconf 82' lang='grc'><strong>899</strong></span> <span class='ocrx_word' id='word_1_446' title='bbox 4133 2990 4272 3045; x_wconf 81' lang='lat' dir='ltr'><strong>suiv.</strong></span> 
     </span>
     <span class='ocr_line' id='line_1_72' title="bbox 2802 3054 4275 3116; baseline 0.003 -4"><span class='ocrx_word' id='word_1_447' title='bbox 2802 3058 2893 3113; x_wconf 87' lang='lat' dir='ltr'><strong>&#39;on</strong></span> <span class='ocrx_word' id='word_1_448' title='bbox 2934 3056 3204 3113; x_wconf 77' lang='lat' dir='ltr'><strong>Archives</strong></span> <span class='ocrx_word' id='word_1_449' title='bbox 3256 3056 3532 3112; x_wconf 85' lang='lat' dir='ltr'><strong>ouriouses</strong></span> <span class='ocrx_word' id='word_1_450' title='bbox 3583 3057 3654 3112; x_wconf 87' lang='lat' dir='ltr'><strong>de</strong></span> <span class='ocrx_word' id='word_1_451' title='bbox 3705 3054 3885 3112; x_wconf 82' lang='lat' dir='ltr'><strong>l&#39;Hist.</strong></span> <span class='ocrx_word' id='word_1_452' title='bbox 3932 3056 4002 3113; x_wconf 90' lang='lat' dir='ltr'><strong>de</strong></span> <span class='ocrx_word' id='word_1_453' title='bbox 4049 3059 4275 3116; x_wconf 71' lang='lat' dir='ltr'><strong>anoe.</strong></span> 
     </span>
     <span class='ocr_line' id='line_1_73' title="bbox 2706 3124 3876 3197; baseline -0.006 -12"><span class='ocrx_word' id='word_1_454' title='bbox 2706 3127 2821 3185; x_wconf 65' lang='lat' dir='ltr'><strong>Ser.</strong></span> <span class='ocrx_word' id='word_1_455' title='bbox 2855 3126 2897 3182; x_wconf 89' lang='lat'><strong>1.</strong></span> <span class='ocrx_word' id='word_1_456' title='bbox 2935 3125 3002 3181; x_wconf 82' lang='grc' dir='ltr'><strong>Τ.</strong></span> <span class='ocrx_word' id='word_1_457' title='bbox 3034 3124 3086 3180; x_wconf 82' lang='lat'><strong>5.</strong></span> <span class='ocrx_word' id='word_1_458' title='bbox 3120 3142 3177 3197; x_wconf 88' lang='lat' dir='ltr'><strong>p.</strong></span> <span class='ocrx_word' id='word_1_459' title='bbox 3209 3124 3333 3181; x_wconf 82' lang='grc'><strong>399.</strong></span> <span class='ocrx_word' id='word_1_460' title='bbox 3370 3126 3560 3196; x_wconf 78' lang='lat' dir='ltr'><strong>Henry</strong></span> <span class='ocrx_word' id='word_1_461' title='bbox 3592 3126 3691 3181; x_wconf 88' lang='lat'><strong>111.</strong></span> <span class='ocrx_word' id='word_1_462' title='bbox 3729 3124 3876 3193; x_wconf 74' lang='lat'><strong>145.)</strong></span> 
     </span>
    </p>
   </div>
   <div class='ocr_carea' id='block_1_22' title="bbox 2310 2990 2634 3119">
    <p class='ocr_par' dir='ltr' id='par_1_23' title="bbox 2310 2990 2634 3119">
     <span class='ocr_line' id='line_1_74' title="bbox 2310 2990 2623 3046; baseline -0.003 0"><span class='ocrx_word' id='word_1_463' title='bbox 2310 2991 2381 3046; x_wconf 86' lang='lat' dir='ltr'><strong>ds</strong></span> <span class='ocrx_word' id='word_1_464' title='bbox 2427 2990 2623 3046; x_wconf 79' lang='lat' dir='ltr'><strong>Oslvin</strong></span> 
     </span>
     <span class='ocr_line' id='line_1_75' title="bbox 2310 3059 2634 3119; baseline -0.019 1"><span class='ocrx_word' id='word_1_465' title='bbox 2310 3059 2531 3119; x_wconf 81' lang='lat' dir='ltr'><strong>Cimber</strong></span> <span class='ocrx_word' id='word_1_466' title='bbox 2575 3066 2634 3115; x_wconf 88' lang='lat' dir='ltr'><strong>et</strong></span> 
     </span>
    </p>
   </div>
   <div class='ocr_carea' id='block_1_23' title="bbox 2970 3295 3618 3365">
    <p class='ocr_par' dir='ltr' id='par_1_24' title="bbox 2970 3295 3618 3365">
     <span class='ocr_line' id='line_1_76' title="bbox 2970 3295 3618 3365; baseline 0 -2"><span class='ocrx_word' id='word_1_467' title='bbox 2970 3297 3314 3365; x_wconf 81' lang='lat' dir='ltr'><strong>Monsieur</strong></span> <span class='ocrx_word' id='word_1_468' title='bbox 3359 3295 3618 3365; x_wconf 84' lang='lat' dir='ltr'><strong>Oalvin.</strong></span> 
     </span>
    </p>
   </div>
   <div class='ocr_carea' id='block_1_24' title="bbox 2304 3467 4272 4328">
    <p class='ocr_par' dir='ltr' id='par_1_25' title="bbox 2304 3467 4272 4328">
     <span class='ocr_line' id='line_1_77' title="bbox 2478 3467 4269 3553; baseline -0.001 -14"><span class='ocrx_word' id='word_1_469' title='bbox 2478 3471 2613 3539; x_wconf 86' lang='lat' dir='ltr'><strong>J’ai</strong></span> <span class='ocrx_word' id='word_1_470' title='bbox 2656 3490 2847 3537; x_wconf 87' lang='lat' dir='ltr'><strong>reoeu</strong></span> <span class='ocrx_word' id='word_1_471' title='bbox 2891 3489 3012 3537; x_wconf 88' lang='lat' dir='ltr'><strong>vos</strong></span> <span class='ocrx_word' id='word_1_472' title='bbox 3067 3467 3297 3535; x_wconf 87' lang='lat' dir='ltr'><strong>lettres</strong></span> <span class='ocrx_word' id='word_1_473' title='bbox 3339 3467 3431 3534; x_wconf 88' lang='lat' dir='ltr'><strong>du</strong></span> <span class='ocrx_word' id='word_1_474' title='bbox 3476 3469 3662 3535; x_wconf 87' lang='lat' dir='ltr'><strong>huiot</strong></span> <span class='ocrx_word' id='word_1_475' title='bbox 3703 3470 3969 3552; x_wconf 87' lang='lat' dir='ltr'><strong>janvier</strong></span> <span class='ocrx_word' id='word_1_476' title='bbox 4009 3489 4134 3553; x_wconf 84' lang='lat' dir='ltr'><strong>par</strong></span> <span class='ocrx_word' id='word_1_477' title='bbox 4176 3470 4269 3537; x_wconf 80' lang='lat' dir='ltr'><strong>M.</strong></span> 
     </span>
     <span class='ocr_line' id='line_1_78' title="bbox 2306 3553 4271 3706; baseline -0.001 -83"><span class='ocrx_word' id='word_1_478' title='bbox 2306 3555 2532 3658; x_wconf 61' lang='grc' dir='ltr'><strong>Βᾳᾱὲ,</strong></span> <span class='ocrx_word' id='word_1_479' title='bbox 2599 3566 2668 3623; x_wconf 89' lang='lat' dir='ltr'><strong>et</strong></span> <span class='ocrx_word' id='word_1_480' title='bbox 2730 3555 2892 3656; x_wconf 75' lang='lat' dir='ltr'><strong>selle</strong></span> <span class='ocrx_word' id='word_1_481' title='bbox 2955 3553 3046 3620; x_wconf 93' lang='lat' dir='ltr'><strong>du</strong></span> <span class='ocrx_word' id='word_1_482' title='bbox 3112 3554 3574 3706; x_wconf 53' lang='lat' dir='ltr'><strong>vingffiuatre,</strong></span> <span class='ocrx_word' id='word_1_483' title='bbox 3650 3554 4072 3639; x_wconf 87' lang='lat' dir='ltr'><strong>responsives</strong></span> <span class='ocrx_word' id='word_1_484' title='bbox 4129 3577 4271 3675; x_wconf 55' lang='lat' dir='ltr'><strong>aux</strong></span> 
     </span>
     <span class='ocr_line' id='line_1_79' title="bbox 2307 3638 4271 3726; baseline 0 -17"><span class='ocrx_word' id='word_1_485' title='bbox 2307 3663 2608 3709; x_wconf 78' lang='lat' dir='ltr'><strong>miennes</strong></span> <span class='ocrx_word' id='word_1_486' title='bbox 2643 3642 2998 3721; x_wconf 76' lang='lat' dir='ltr'><strong>demeres,</strong></span> <span class='ocrx_word' id='word_1_487' title='bbox 3022 3644 3076 3718; x_wconf 86' lang='lat'><strong>¹)</strong></span> <span class='ocrx_word' id='word_1_488' title='bbox 3117 3660 3243 3724; x_wconf 89' lang='lat' dir='ltr'><strong>par</strong></span> <span class='ocrx_word' id='word_1_489' title='bbox 3342 3638 3469 3719; x_wconf 74' lang='lat' dir='ltr'><strong>aet,</strong></span> <span class='ocrx_word' id='word_1_490' title='bbox 3489 3641 3546 3717; x_wconf 69' lang='grc'><strong>2)</strong></span> <span class='ocrx_word' id='word_1_491' title='bbox 3581 3660 3670 3706; x_wconf 89' lang='lat' dir='ltr'><strong>au</strong></span> <span class='ocrx_word' id='word_1_492' title='bbox 3704 3647 3920 3725; x_wconf 83' lang='lat' dir='ltr'><strong>temps</strong></span> <span class='ocrx_word' id='word_1_493' title='bbox 3954 3662 4081 3726; x_wconf 89' lang='lat' dir='ltr'><strong>que</strong></span> <span class='ocrx_word' id='word_1_494' title='bbox 4116 3664 4146 3726; x_wconf 86' lang='lat' dir='ltr'><strong>J</strong></span> <span class='ocrx_word' id='word_1_495' title='bbox 4170 3663 4271 3709; x_wconf 86' lang='lat' dir='ltr'><strong>es·</strong></span> 
     </span>
     <span class='ocr_line' id='line_1_80' title="bbox 2307 3724 4269 3814; baseline -0.001 -19"><span class='ocrx_word' id='word_1_496' title='bbox 2307 3730 2435 3796; x_wconf 85' lang='lat' dir='ltr'><strong>tois</strong></span> <span class='ocrx_word' id='word_1_497' title='bbox 2503 3749 2671 3814; x_wconf 91' lang='lat' dir='ltr'><strong>pour</strong></span> <span class='ocrx_word' id='word_1_498' title='bbox 2729 3735 3077 3793; x_wconf 88' lang='lat' dir='ltr'><strong>retourner</strong></span> <span class='ocrx_word' id='word_1_499' title='bbox 3143 3732 3185 3791; x_wconf 76' lang='lat' dir='ltr'><strong>a</strong></span> <span class='ocrx_word' id='word_1_500' title='bbox 3246 3724 3315 3791; x_wconf 87' lang='lat' dir='ltr'><strong>la</strong></span> <span class='ocrx_word' id='word_1_501' title='bbox 3378 3734 3572 3792; x_wconf 77' lang='lat' dir='ltr'><strong>court</strong></span> <span class='ocrx_word' id='word_1_502' title='bbox 3628 3732 3670 3791; x_wconf 77' lang='lat' dir='ltr'><strong>a</strong></span> <span class='ocrx_word' id='word_1_503' title='bbox 3726 3725 4269 3805; x_wconf 77' lang='lat' dir='ltr'><strong>Fontainebleau‚</strong></span> 
     </span>
     <span class='ocr_line' id='line_1_81' title="bbox 2306 3810 4272 3899; baseline -0.001 -18"><span class='ocrx_word' id='word_1_504' title='bbox 2306 3836 2475 3899; x_wconf 89' lang='lat' dir='ltr'><strong>pour</strong></span> <span class='ocrx_word' id='word_1_505' title='bbox 2510 3812 2916 3899; x_wconf 78' lang='lat' dir='ltr'><strong>parachever</strong></span> <span class='ocrx_word' id='word_1_506' title='bbox 2957 3833 3041 3878; x_wconf 92' lang='lat' dir='ltr'><strong>en</strong></span> <span class='ocrx_word' id='word_1_507' title='bbox 3078 3810 3393 3895; x_wconf 86' lang='lat' dir='ltr'><strong>quelques</strong></span> <span class='ocrx_word' id='word_1_508' title='bbox 3427 3820 3613 3896; x_wconf 89' lang='lat' dir='ltr'><strong>parts</strong></span> <span class='ocrx_word' id='word_1_509' title='bbox 3656 3832 3798 3877; x_wconf 87' lang='lat' dir='ltr'><strong>mes</strong></span> <span class='ocrx_word' id='word_1_510' title='bbox 3840 3812 4122 3893; x_wconf 84' lang='lat' dir='ltr'><strong>affaires,</strong></span> <span class='ocrx_word' id='word_1_511' title='bbox 4157 3814 4272 3898; x_wconf 86' lang='lat' dir='ltr'><strong>qui</strong></span> 
     </span>
     <span class='ocr_line' id='line_1_82' title="bbox 2307 3895 4269 3985; baseline -0.001 -19"><span class='ocrx_word' id='word_1_512' title='bbox 2307 3900 2529 3966; x_wconf 82' lang='lat' dir='ltr'><strong>furent</strong></span> <span class='ocrx_word' id='word_1_513' title='bbox 2571 3899 2855 3967; x_wconf 86' lang='lat' dir='ltr'><strong>obmises</strong></span> <span class='ocrx_word' id='word_1_514' title='bbox 2898 3905 2940 3964; x_wconf 79' lang='lat' dir='ltr'><strong>a</strong></span> <span class='ocrx_word' id='word_1_515' title='bbox 2982 3918 3139 3963; x_wconf 94' lang='lat' dir='ltr'><strong>mon</strong></span> <span class='ocrx_word' id='word_1_516' title='bbox 3184 3906 3558 3981; x_wconf 86' lang='lat' dir='ltr'><strong>partement</strong></span> <span class='ocrx_word' id='word_1_517' title='bbox 3600 3895 3680 3961; x_wconf 93' lang='lat' dir='ltr'><strong>de</strong></span> <span class='ocrx_word' id='word_1_518' title='bbox 3723 3897 3938 3977; x_wconf 86' lang='lat' dir='ltr'><strong>Paris,</strong></span> <span class='ocrx_word' id='word_1_519' title='bbox 3984 3909 4051 3965; x_wconf 90' lang='lat' dir='ltr'><strong>et</strong></span> <span class='ocrx_word' id='word_1_520' title='bbox 4092 3921 4139 3984; x_wconf 80' lang='lat' dir='ltr'>y</span> <span class='ocrx_word' id='word_1_521' title='bbox 4185 3921 4269 3985; x_wconf 84' lang='lat' dir='ltr'><strong>ay</strong></span> 
     </span>
     <span class='ocr_line' id='line_1_83' title="bbox 2305 3983 4271 4069; baseline -0.001 -17"><span class='ocrx_word' id='word_1_522' title='bbox 2305 3984 2619 4052; x_wconf 81' lang='lat' dir='ltr'><strong>demeure</strong></span> <span class='ocrx_word' id='word_1_523' title='bbox 2673 4006 2767 4051; x_wconf 91' lang='lat' dir='ltr'><strong>un</strong></span> <span class='ocrx_word' id='word_1_524' title='bbox 2810 4004 3001 4069; x_wconf 83' lang='lat' dir='ltr'><strong>moys</strong></span> <span class='ocrx_word' id='word_1_525' title='bbox 3054 3983 3285 4063; x_wconf 89' lang='lat' dir='ltr'><strong>entier,</strong></span> <span class='ocrx_word' id='word_1_526' title='bbox 3348 3983 3460 4067; x_wconf 86' lang='lat' dir='ltr'><strong>qui</strong></span> <span class='ocrx_word' id='word_1_527' title='bbox 3501 4003 3542 4048; x_wconf 87' lang='lat' dir='ltr'><strong>a</strong></span> <span class='ocrx_word' id='word_1_528' title='bbox 3585 3991 3726 4048; x_wconf 82' lang='lat' dir='ltr'><strong>este</strong></span> <span class='ocrx_word' id='word_1_529' title='bbox 3778 4003 3972 4050; x_wconf 86' lang='lat' dir='ltr'><strong>eause</strong></span> <span class='ocrx_word' id='word_1_530' title='bbox 4025 4006 4151 4069; x_wconf 84' lang='lat' dir='ltr'><strong>que</strong></span> <span class='ocrx_word' id='word_1_531' title='bbox 4200 3987 4271 4069; x_wconf 88' lang='lat' dir='ltr'><strong>je</strong></span> 
     </span>
     <span class='ocr_line' id='line_1_84' title="bbox 2304 4066 4223 4223; baseline -0.001 -85"><span class='ocrx_word' id='word_1_532' title='bbox 2304 4074 2463 4157; x_wconf 81' lang='lat' dir='ltr'><strong>n&#39;ay</strong></span> <span class='ocrx_word' id='word_1_533' title='bbox 2480 4091 2636 4223; x_wconf 46' lang='grc' dir='ltr'><strong>δοῦ</strong></span> <span class='ocrx_word' id='word_1_534' title='bbox 2680 4068 2832 4170; x_wconf 84' lang='lat' dir='ltr'><strong>plus</strong></span> <span class='ocrx_word' id='word_1_535' title='bbox 2875 4078 3014 4169; x_wconf 73' lang='lat' dir='ltr'><strong>test</strong></span> <span class='ocrx_word' id='word_1_536' title='bbox 3050 4066 3494 4220; x_wconf 49' lang='lat' dir='ltr'><strong>respondi-{i}</strong></span> <span class='ocrx_word' id='word_1_537' title='bbox 3536 4067 3859 4220; x_wconf 38' lang='lat' dir='ltr'><strong>vgsgdittes</strong></span> <span class='ocrx_word' id='word_1_538' title='bbox 3898 4069 4223 4221; x_wconf 59' lang='lat' dir='ltr'><strong>letttfes.Ro</strong></span> 
     </span>
     <span class='ocr_line' id='line_1_85' title="bbox 2306 4173 4269 4328; baseline -0.001 -19"><span class='ocrx_word' id='word_1_539' title='bbox 2306 4265 2347 4309; x_wconf 88' lang='lat' dir='ltr'><strong>a</strong></span> <span class='ocrx_word' id='word_1_540' title='bbox 2390 4251 2530 4309; x_wconf 79' lang='lat' dir='ltr'><strong>este</strong></span> <span class='ocrx_word' id='word_1_541' title='bbox 2572 4264 2742 4328; x_wconf 93' lang='lat' dir='ltr'><strong>pour</strong></span> <span class='ocrx_word' id='word_1_542' title='bbox 2776 4174 3128 4325; x_wconf 46' lang='lat' dir='ltr'><strong>C:illyqeusltrlb1</strong></span> <span class='ocrx_word' id='word_1_543' title='bbox 3150 4173 3438 4305; x_wconf 49' lang='grc' dir='ltr'><strong>εἱπιῗιιξιτὶἰι</strong></span> <span class='ocrx_word' id='word_1_544' title='bbox 3541 4261 3578 4307; x_wconf 92' lang='lat' dir='ltr'><strong>e</strong></span> <span class='ocrx_word' id='word_1_545' title='bbox 3619 4175 4269 4326; x_wconf 49' lang='lat' dir='ltr'><strong>yni’ageanpreesoheg</strong></span> 
     </span>
    </p>
   </div>
   <div class='ocr_carea' id='block_1_25' title="bbox 2305 4408 2720 4434">
    <p class='ocr_par' dir='ltr' id='par_1_26' title="bbox 2305 4408 2720 4434">
     <span class='ocr_line' id='line_1_86' title="bbox 2305 4408 2720 4434; baseline 0 0"><span class='ocrx_word' id='word_1_546' title='bbox 2305 4408 2720 4434; x_wconf 95' lang='lat' dir='ltr'><strong> </strong></span> 
     </span>
    </p>
   </div>
   <div class='ocr_carea' id='block_1_26' title="bbox 2299 4512 4270 4993">
    <p class='ocr_par' dir='ltr' id='par_1_27' title="bbox 2299 4512 4270 4993">
     <span class='ocr_line' id='line_1_87' title="bbox 2305 4512 4268 4597; baseline -0.001 -25"><span class='ocrx_word' id='word_1_547' title='bbox 2305 4516 2555 4572; x_wconf 75' lang='lat'><strong>4004.1</strong></span> <span class='ocrx_word' id='word_1_548' title='bbox 2620 4512 3528 4595; x_wconf 53' lang='lat' dir='ltr'><strong>Fdadeanthiimonnigq</strong></span> <span class='ocrx_word' id='word_1_549' title='bbox 3695 4516 4268 4597; x_wconf 60' lang='lat' dir='ltr'><strong>sacenqrateeoqm‘ta</strong></span> 
     </span>
     <span class='ocr_line' id='line_1_88' title="bbox 2305 4515 4270 4664; baseline 0 -24"><span class='ocrx_word' id='word_1_550' title='bbox 2305 4595 2448 4641; x_wconf 78' lang='lat' dir='ltr'><strong>sunt.</strong></span> <span class='ocrx_word' id='word_1_551' title='bbox 2525 4515 2750 4639; x_wconf 38' lang='lat' dir='ltr'><strong>&amp;aaut</strong></span> <span class='ocrx_word' id='word_1_552' title='bbox 2792 4598 2914 4638; x_wconf 71' lang='lat' dir='ltr'><strong>sust</strong></span> <span class='ocrx_word' id='word_1_553' title='bbox 2969 4588 3206 4664; x_wconf 36' lang='lat' dir='ltr'><strong>temporo</strong></span> <span class='ocrx_word' id='word_1_554' title='bbox 3250 4581 3506 4663; x_wconf 61' lang='lat' dir='ltr'><strong>colloqup</strong></span> <span class='ocrx_word' id='word_1_555' title='bbox 3603 4596 3926 4663; x_wconf 64' lang='grc' dir='ltr'><strong>ωσιαοφωε</strong></span> <span class='ocrx_word' id='word_1_556' title='bbox 3969 4587 4156 4651; x_wconf 74' lang='lat' dir='ltr'><strong>aperte</strong></span> <span class='ocrx_word' id='word_1_557' title='bbox 4189 4585 4270 4640; x_wconf 75' lang='lat' dir='ltr'><strong>ad</strong></span> 
     </span>
     <span class='ocr_line' id='line_1_89' title="bbox 2305 4650 4268 4803; baseline -0.001 -24"><span class='ocrx_word' id='word_1_558' title='bbox 2305 4654 2900 4803; x_wconf 43' lang='lat' dir='ltr'><strong>mdo-suffe</strong></span> <span class='ocrx_word' id='word_1_559' title='bbox 2929 4691 3182 4787; x_wconf 50' lang='lat' dir='ltr'><strong>metus}</strong></span> <span class='ocrx_word' id='word_1_560' title='bbox 3226 4650 4169 4800; x_wconf 34' lang='lat' dir='ltr'><strong>&amp;fasciato-“Fam</strong></span> <span class='ocrx_word' id='word_1_561' title='bbox 4179 4660 4268 4776; x_wconf 47' lang='lat' dir='ltr'><strong>r?</strong></span> 
     </span>
     <span class='ocr_line' id='line_1_90' title="bbox 2299 4786 4264 4872; baseline -0.002 -23"><span class='ocrx_word' id='word_1_562' title='bbox 2299 4794 2522 4862; x_wconf 61' lang='lat' dir='ltr'><strong>rupium</strong></span> <span class='ocrx_word' id='word_1_563' title='bbox 2566 4804 2917 4861; x_wconf 63' lang='lat' dir='ltr'><strong>queam.</strong></span> <span class='ocrx_word' id='word_1_564' title='bbox 3006 4787 3221 4845; x_wconf 73' lang='lat' dir='ltr'><strong>Certos·</strong></span> <span class='ocrx_word' id='word_1_565' title='bbox 3267 4792 3554 4843; x_wconf 65' lang='lat' dir='ltr'><strong>mmm</strong></span> <span class='ocrx_word' id='word_1_566' title='bbox 3598 4786 3845 4843; x_wconf 65' lang='lat' dir='ltr'><strong>nondum</strong></span> <span class='ocrx_word' id='word_1_567' title='bbox 3889 4788 4064 4872; x_wconf 61' lang='lat' dir='ltr'><strong>haba.</strong></span> <span class='ocrx_word' id='word_1_568' title='bbox 4139 4788 4264 4845; x_wconf 74' lang='lat' dir='ltr'><strong>On·-</strong></span> 
     </span>
     <span class='ocr_line' id='line_1_91' title="bbox 2303 4856 4265 4982; baseline -0.002 -64"><span class='ocrx_word' id='word_1_569' title='bbox 2303 4864 2441 4918; x_wconf 75' lang='lat' dir='ltr'><strong>m&#39;no</strong></span> <span class='ocrx_word' id='word_1_570' title='bbox 2491 4862 2625 4941; x_wconf 61' lang='lat' dir='ltr'><strong>haee</strong></span> <span class='ocrx_word' id='word_1_571' title='bbox 2675 4865 2869 4914; x_wconf 66' lang='lat' dir='ltr'><strong>nostra</strong></span> <span class='ocrx_word' id='word_1_572' title='bbox 2918 4872 2981 4912; x_wconf 76' lang='lat' dir='ltr'><strong>rs</strong></span> <span class='ocrx_word' id='word_1_573' title='bbox 3258 4856 3337 4933; x_wconf 66' lang='lat' dir='ltr'><strong>ad</strong></span> <span class='ocrx_word' id='word_1_574' title='bbox 3390 4856 3541 4937; x_wconf 38' lang='lat' dir='ltr'><strong>avon.</strong></span> <span class='ocrx_word' id='word_1_575' title='bbox 3588 4871 3755 4937; x_wconf 63' lang='lat' dir='ltr'><strong>quam⁵</strong></span> <span class='ocrx_word' id='word_1_576' title='bbox 3788 4865 4162 4982; x_wconf 56' lang='grc' dir='ltr'><strong>Ἥκω</strong></span> <span class='ocrx_word' id='word_1_577' title='bbox 4195 4874 4265 4915; x_wconf 74' lang='lat' dir='ltr'><strong>eoe</strong></span> 
     </span>
     <span class='ocr_line' id='line_1_92' title="bbox 2303 4924 4078 4993; baseline -0.002 -6"><span class='ocrx_word' id='word_1_578' title='bbox 2303 4946 2456 4987; x_wconf 65' lang='lat' dir='ltr'><strong>nera</strong></span> <span class='ocrx_word' id='word_1_579' title='bbox 2490 4935 2806 4985; x_wconf 69' lang='lat' dir='ltr'><strong>moestum</strong></span> <span class='ocrx_word' id='word_1_580' title='bbox 2837 4940 3012 4982; x_wconf 67' lang='lat' dir='ltr'><strong>mens·</strong></span> <span class='ocrx_word' id='word_1_581' title='bbox 3047 4925 3362 4983; x_wconf 69' lang='lat' dir='ltr'><strong>Februano</strong></span> <span class='ocrx_word' id='word_1_582' title='bbox 3395 4924 3719 4981; x_wconf 71' lang='grc' dir='ltr'>αᾶᾱιειιιιιω</span> <span class='ocrx_word' id='word_1_583' title='bbox 3748 4925 3854 4993; x_wconf 76' lang='lat' dir='ltr'><strong>(N.</strong></span> <span class='ocrx_word' id='word_1_584' title='bbox 4038 4932 4078 4993; x_wconf 92' lang='lat'><strong>).</strong></span> 
     </span>
    </p>
   </div>
   <div class='ocr_carea' id='block_1_27' title="bbox 2303 4993 4264 5219">
    <p class='ocr_par' dir='ltr' id='par_1_28' title="bbox 2303 4993 4264 5219">
     <span class='ocr_line' id='line_1_93' title="bbox 2303 4993 4264 5132; baseline -0.002 -10"><span class='ocrx_word' id='word_1_585' title='bbox 2303 4998 2549 5121; x_wconf 49' lang='lat'>⁴⁰⁸⁸}</span> <span class='ocrx_word' id='word_1_586' title='bbox 2604 4994 2881 5122; x_wconf 40' lang='lat' dir='ltr'><strong>&amp;51:³⁰⁶ss</strong></span> <span class='ocrx_word' id='word_1_587' title='bbox 2903 4993 3105 5120; x_wconf 39' lang='grc' dir='ltr'><strong>ἔταξε</strong></span> <span class='ocrx_word' id='word_1_588' title='bbox 3139 5061 3699 5132; x_wconf 63' lang='grc' dir='ltr'>ιιιιιιοωερωια</span> <span class='ocrx_word' id='word_1_589' title='bbox 3733 5063 3801 5118; x_wconf 70' lang='lat' dir='ltr'><strong>ae</strong></span> <span class='ocrx_word' id='word_1_590' title='bbox 3835 5061 3883 5118; x_wconf 80' lang='lat' dir='ltr'><em>J</em></span> <span class='ocrx_word' id='word_1_591' title='bbox 4084 5063 4264 5120; x_wconf 69' lang='lat' dir='ltr'><strong>uam</strong></span> 
     </span>
     <span class='ocr_line' id='line_1_94' title="bbox 2303 5078 4261 5219; baseline -0.002 -27"><span class='ocrx_word' id='word_1_592' title='bbox 2303 5130 3382 5219; x_wconf 62' lang='lat' dir='ltr'><strong>mssuvoeuwlenmtdsPam‚</strong></span> <span class='ocrx_word' id='word_1_593' title='bbox 3435 5135 3714 5188; x_wconf 57' lang='grc' dir='ltr'>σιωπὴν</span> <span class='ocrx_word' id='word_1_594' title='bbox 3755 5078 4261 5201; x_wconf 53' lang='lat' dir='ltr'><strong>welanao</strong></span> 
     </span>
    </p>
   </div>
   <div class='ocr_carea' id='block_1_28' title="bbox 2838 5201 4261 5270">
    <p class='ocr_par' dir='ltr' id='par_1_29' title="bbox 2838 5201 4261 5270">
     <span class='ocr_line' id='line_1_95' title="bbox 2838 5201 4261 5270; baseline 0 -13"><span class='ocrx_word' id='word_1_595' title='bbox 2838 5201 3289 5257; x_wconf 64' lang='lat' dir='ltr'><strong>‘astacon</strong></span> <span class='ocrx_word' id='word_1_596' title='bbox 3441 5201 4261 5270; x_wconf 68' lang='lat' dir='ltr'><strong>iepomavoirparzenme&#39;</strong></span> 
     </span>
    </p>
   </div>
   <div class='ocr_carea' id='block_1_29' title="bbox 2204 627 2318 5393">
    <p class='ocr_par' dir='ltr' id='par_1_30' title="bbox 2204 627 2318 5393">
     <span class='ocr_line' id='line_1_96' title="bbox 2204 627 2318 5393; baseline 0 0"><span class='ocrx_word' id='word_1_597' title='bbox 2204 627 2318 5393; x_wconf 95' lang='lat' dir='ltr'><strong> </strong></span> 
     </span>
    </p>
   </div>
   <div class='ocr_carea' id='block_1_30' title="bbox 2304 5206 4256 5411">
    <p class='ocr_par' dir='ltr' id='par_1_31' title="bbox 2304 5206 4256 5411">
     <span class='ocr_line' id='line_1_97' title="bbox 2304 5206 4256 5331; baseline -0.004 0"><span class='ocrx_word' id='word_1_598' title='bbox 2304 5206 2733 5331; x_wconf 47' lang='lat' dir='ltr'><strong>meum·</strong></span> <span class='ocrx_word' id='word_1_599' title='bbox 2796 5286 2928 5328; x_wconf 77' lang='lat' dir='ltr'><strong>aoso</strong></span> <span class='ocrx_word' id='word_1_600' title='bbox 2976 5266 3157 5324; x_wconf 60' lang='lat' dir='ltr'><strong>Condi</strong></span> <span class='ocrx_word' id='word_1_601' title='bbox 3200 5286 3319 5325; x_wconf 68' lang='lat' dir='ltr'><strong>sam</strong></span> <span class='ocrx_word' id='word_1_602' title='bbox 3435 5285 3565 5325; x_wconf 73' lang='lat' dir='ltr'><strong>sous</strong></span> <span class='ocrx_word' id='word_1_603' title='bbox 3623 5271 3699 5325; x_wconf 72' lang='lat'><strong>10⁸</strong></span> <span class='ocrx_word' id='word_1_604' title='bbox 3755 5285 3908 5325; x_wconf 69' lang='lat' dir='ltr'><strong>suun</strong></span> <span class='ocrx_word' id='word_1_605' title='bbox 3955 5271 4022 5325; x_wconf 76' lang='lat' dir='ltr'><strong>ds</strong></span> <span class='ocrx_word' id='word_1_606' title='bbox 4070 5271 4256 5326; x_wconf 72' lang='lat' dir='ltr'><strong>Paris.</strong></span> 
     </span>
     <span class='ocr_line' id='line_1_98' title="bbox 2308 5338 3155 5411; baseline -0.012 -11"><span class='ocrx_word' id='word_1_607' title='bbox 2308 5342 2505 5411; x_wconf 68' lang='lat' dir='ltr'><strong>(mvn.</strong></span> <span class='ocrx_word' id='word_1_608' title='bbox 2540 5343 2608 5397; x_wconf 77' lang='lat' dir='ltr'><strong>ds</strong></span> <span class='ocrx_word' id='word_1_609' title='bbox 2646 5340 2832 5397; x_wconf 68' lang='lat' dir='ltr'><em>canae</em></span> <span class='ocrx_word' id='word_1_610' title='bbox 2866 5340 2968 5395; x_wconf 81' lang='lat' dir='ltr'><strong>IV.</strong></span> <span class='ocrx_word' id='word_1_611' title='bbox 3007 5338 3155 5406; x_wconf 78' lang='grc'><strong>138.)</strong></span> 
     </span>
    </p>
   </div>
  </div>
 </body>
</html>
