4900 6125
281 391 390 453 153

276 574 517 640 diarum
571 572 1077 658 indignissimus
1118 572 1725 658 abiectissimusque
1779 574 2221 643 cathechista-

274 680 411 726 rum
477 679 600 727 nec
665 679 803 725 non
864 669 1238 743 postremae
1316 659 1518 726 sortis
1590 659 1835 727 viduus
1904 669 1974 727 et
2041 659 2222 727 haud

274 755 505 811 temere
583 744 888 828 publicus
973 746 1081 829 pie
1142 743 1233 811 D.
1286 743 1377 811 D.
1435 743 1995 814 Archicalefamor
2072 769 2223 814 sum

270 831 592 916 (tractant,
635 830 814 915 quod
856 829 1096 898 dicitur
1137 830 1359 916 vulgo,
1415 830 1678 897 fabrilia
1717 831 1917 917 fabri)
1961 852 2038 899 ac
2080 832 2225 916 pla-

269 916 399 982 cuit
453 916 652 983 home
707 915 1044 984 levidense
1063 921 1101 957 ⁶
1152 915 1419 1000 quidem
1486 917 1957 984 munusculum
2014 918 2224 985 conti-

266 1022 427 1068 nens
468 1000 665 1068 valde
719 1002 1003 1085 simplex
1047 1001 1439 1070 carbonarii
1494 1002 1872 1088 symbolum
1930 1002 2049 1070 sed
2103 1004 2227 1070 mi-

267 1088 439 1154 nime
477 1087 721 1155 leniter
762 1099 880 1154 aut
922 1087 1310 1172 simpliciter
1354 1110 1475 1156 nos
1529 1087 1611 1154 de
1670 1087 1873 1155 rebus
1911 1089 2222 1157 omnibus

268 1174 567 1240 maximis
619 1173 1109 1258 pertinentibus
1165 1174 1247 1240 ad
1305 1175 1588 1241 salutem
1651 1175 1913 1241 animae
1955 1186 2223 1242 nostrae

264 1260 844 1326 commonefaciens
887 1260 974 1325 T:
1021 1260 1118 1325 R:
1184 1261 1650 1338 transmittere,
1677 1265 1729 1338 ¹)
1783 1260 1956 1326 nihil
2011 1260 2220 1327 addu-

266 1344 473 1411 bitans
530 1345 695 1428 quin
756 1345 831 1411 id
872 1343 1190 1428 quidquid
1234 1358 1339 1412 est
1379 1346 1453 1411 in
1495 1348 1815 1430 optimam
1856 1347 1948 1414 sis
1990 1354 2219 1430 raptu-

262 1450 374 1496 rus
602 1452 690 1496 m.
779 1430 1088 1515 Simplex
1175 1432 1423 1499 rosseto
1463 1432 1710 1500 veritas
1752 1453 1931 1499 nunc
1975 1430 2221 1499 diaboli

261 1516 400 1582 trau
540 1526 613 1582 et
665 1515 962 1582 humana
1002 1452 1362 1599 sopflintioa
1404 1518 1729 1602 sapientia
1769 1518 1908 1584 fere
1949 1517 2219 1584 omnino

259 1621 296 1666 e
345 1600 560 1668 medio
624 1601 883 1668 tollitur
935 1601 1527 1687 pessundaturque.

260 1695 355 1752 tot
413 1686 556 1753 fere
616 1695 777 1754 sunt
836 1708 1004 1756 evan
1092 1688 1183 1754 lia
1202 1738 1222 1768 ,
1288 1701 1448 1772 quot
1509 1688 1948 1757 fanaticorum
2022 1709 2218 1772 para-

258 1772 423 1873 ἀρφ
439 1772 475 1836 ⁴?
531 1793 767 1855 parum
822 1774 1002 1840 consi
1050 1782 1323 1840 erantur
1377 1784 1536 1841 vota
1586 1783 1655 1841 et
1686 1775 1974 1860 gemitus
2015 1775 2218 1841 Prin-

255 1878 450 2044 ἓξὲξ.
492 1867 1427 2029 pfflnffi‘ffirfflqffi
1468 1968 1540 2011 m
1556 1873 1960 2032 Ἔμῖἑᾛο
1974 1871 2218 2012 Ἒῖἳοῖῗ

254 2037 506 2097 canuno
546 2040 694 2095 orat
738 2038 1087 2096 aeternum
1130 2042 1389 2115 patrem
1431 2041 1512 2097 ut

367 2148 528 2217 Sint
561 2171 789 2231 unum,
822 2150 1097 2217 doceant
1131 2172 1342 2218 unum
1376 2153 1709 2219 fateantur
1751 2161 1822 2218 et
1861 2173 2092 2219 unum.

251 2285 2215 2372 Hammassegeuaximiumoinaulamsuam

252 2383 581 2451 vocatum,
625 2373 711 2439 D.
756 2371 957 2438 Ebu-i
1013 2373 1313 2441 libellum
1367 2396 1517 2441 cum
1573 2375 1980 2458 praefatione
2018 2386 2139 2442 tua
2154 2377 2215 2455 ²)

250 2457 471 2523 denuo
531 2459 924 2541 impressum
983 2479 1149 2539 esse,
1203 2461 1655 2527 commendari
1698 2469 1767 2527 et
1819 2461 2212 2547 magnifieri,

248 2544 353 2609 vir
396 2544 609 2610 bonus
652 2566 737 2610 ex
780 2544 1027 2611 illustri
1069 2545 1246 2612 scola
1286 2546 1610 2613 Electoris
1652 2548 1935 2632 Auyusti
1976 2547 2060 2613 ad
2103 2567 2214 2613 me

248 2630 545 2714 scripsit:
604 2650 805 2713 quam
859 2649 1136 2712 possum
1195 2631 1540 2699 humiliter
1594 2651 1774 2717 roge,
1831 2634 1889 2700 si
1952 2632 2049 2699 ita
2089 2642 2211 2711 est,

248 2727 319 2779 nt
359 2735 625 2783 mecum
669 2717 1158 2782 communicare
1203 2718 1385 2797 velis,
1431 2718 1557 2784 hac
1598 2717 1922 2801 siquidem
1966 2719 2212 2786 benefi-

244 2802 470 2867 centia
512 2821 621 2866 me
662 2801 786 2867 tibi
829 2811 1041 2867 totum
1099 2802 1457 2883 devincies,
1521 2804 1630 2870 vir
1689 2805 1953 2888 optime.
2044 2803 2213 2888 Iny-

242 2886 419 2953 rim
508 2906 819 2954 reversus
861 2908 944 2952 ex
987 2886 1290 2954 Venetiis
1313 2893 1368 2965 ⁸)
1412 2889 1678 3040 serlipsit
1710 2899 1940 2956 contra
1980 2910 2212 2957 recen-

244 2981 345 3038 tes
371 2972 802 3055 pila-stum
832 2973 1371 3073 undprotbrecher
1387 2995 1474 3041 nu
1564 2974 1866 3076 qidlbery.
1889 2980 1947 3055 ⁴)
2008 2975 2210 3078 Ορω-

241 3068 526 3245 ffm‘ss'
503 3056 1000 3245 Ἔῗοῡω·
876 3058 1681 3231 Ρῃῗῗρίῖἒέθὲἱέαὲέ
1711 3060 2213 3215 mg&

238 3229 592 3315 Oapitanel
626 3229 1132 3296 Oanolanorum
1175 3240 1369 3297 sonat
1400 3252 1646 3315 purum
1681 3231 1939 3299 Christi
1973 3233 2055 3300 do

236 3315 447 3415 latine
472 3366 492 3395 ,
536 3315 862 3382 almanice
939 3335 1018 3381 ac
1092 3315 1430 3385 slavonice
1505 3318 1806 3384 omnium
1875 3320 2047 3385 confi
2093 3339 2209 3385 en-

240 3404 521 3469 nonime.

442 3520 684 3589 Gloria
725 3521 815 3587 sit
853 3520 1153 3589 Christo:
1200 3522 1355 3588 fidei
1397 3521 1744 3591 concordia
1784 3523 2009 3591 nobis:

617 3606 901 3674 Errores
941 3616 1219 3674 noscant
1258 3617 1526 3693 pectora
1568 3609 1736 3676 dura
1776 3630 1949 3677 suos.

414 3744 828 3830 Noribergas
889 3748 987 3811 12.
1035 3743 1405 3829 Septembr.
1492 3748 1693 3812 Anno
1750 3744 2029 3813 Gratiae
2069 3748 2205 3810 63⁰.

413 3883 601 3949 Tuae
644 3902 721 3949 ac
760 3890 1068 3949 aeternae
1109 3882 1380 3983 pietatis

1111 3967 1634 4121 studl(guffierius
1675 4052 2038 4121 Forwerck

1267 4139 1677 4226 Aegndianus
1718 4139 2124 4208 catechista.

1655 1603 1997 1687 Numquid
2039 1604 2217 1670 enim

229 4344 516 4412 ml)
550 4345 708 4400 Haec
739 4347 929 4399 onnia
960 4346 1253 4400 ammorii-3
1286 4347 1525 4401 uuobnr
1557 4345 1829 4403 obvoluta.

553 4412 703 4483 Quid
733 4414 837 4470 hoc
868 4412 994 4469 eu?

450 4482 488 4537 8
552 4480 1035 4538 Aestatemffiea
1079 4482 1545 4549 Vmetit'sfuitct
1590 4483 1892 4553 inparia·
1958 4482 2211 4554 (hoyn,

232 4552 403 4609 m
547 4550 671 4606 280.
728 4550 850 4605 Erl.
885 4550 1069 4615 1861.)

226 4620 820 4746 ,ta-..rugam
856 4619 1031 4743 ἔξω
943 4619 1227 4745 ,aaz
1267 4618 1597 4743 <mm
1612 4619 1823 4744 aas
1895 4691 1907 4703 -
2059 4622 2213 4744 {aa

226 4759 379 4813 Jahr
414 4764 602 4829 sampt
646 4757 886 4812 etlichen
930 4757 1139 4812 andern
1182 4757 1392 4827 irrigen
1425 4758 1726 4840 Tractetlin
1762 4775 2074 4829 ansgangen
2112 4760 2211 4826 (ὦ.

223 4826 486 4898 gans).
553 4825 2210 4898 Almstoamdcquohkcoouoecposmmre-

1943 389 2110 453 1563
2149 384 2611 462 summ.

4161 394 4287 459 154

3213 576 3416 650 4⁰2³.

2365 731 2736 800 JEANNE
2778 732 3178 802 D'ASSYE
3211 739 3267 816 ¹)
3304 738 3371 802 A
3416 731 3772 801 OALVIN
3813 732 3935 800 m
3975 715 4238 800 Bm.

2495 901 4285 990 Eneamndedespiaeaequiaablisoemzaaapa-

2322 987 2527 1142 gage}
2563 989 3070 1144 &ministre
3133 991 3372 1071 accuse,
3437 991 3607 1057 mais
3670 991 3892 1075 qa’elle
3952 1009 3997 1056 a
4039 987 4166 1057 lieu
4206 990 4290 1058 de

2323 1246 2601 1317 (original
2623 1263 2757 1301 avec
2779 1248 3059 1319 signatus-e
3077 1246 3431 1318 autographo.
3466 1245 3611 1300 Bibl.
3631 1245 3767 1300 Gen.
3785 1245 3900 1300 HS.
3924 1244 4038 1313 112,
4056 1243 4146 1300 fol.
4165 1243 4283 1313 12.)

2320 1420 2387 1484 A
2427 1418 2792 1486 Messieurs
2846 1418 2928 1485 de
2970 1416 3263 1502 Speville
3321 1426 3388 1483 et
3443 1417 3524 1484 de
3566 1417 3773 1484 Besae
3815 1417 4154 1484 ministres
4198 1417 4280 1484 de

2943 1503 3011 1569 la
3050 1503 3301 1587 parolle
3345 1502 3426 1569 de
3469 1504 3662 1570 Dieu.

2406 1675 2626 1743 Grace
2669 1684 2738 1743 et
2778 1674 2933 1760 paix
2977 1695 3099 1759 par
3142 1683 3365 1742 nostre
3409 1676 3721 1760 seigneur
3760 1673 3810 1741 J
3812 1674 4192 1741 esuschrist.

2491 1847 2872 1914 Messieurs.
2961 1846 3010 1915 J
3011 1866 3049 1912 e
3113 1865 3341 1912 receus
3386 1844 3878 1911 dernierement
3919 1865 4050 1912 une
4085 1844 4280 1912 lettre

2321 1932 2403 2000 de
2458 1933 2802 2000 Monsieur
2877 1931 2953 1998 de
3034 1932 3102 1999 la
3158 1930 3459 2016 Faveo-qe,
3480 1936 3538 2008 ²)
3604 1930 4139 2000 m’advertissant
4202 1930 4285 1998 de

2321 2027 2542 2085 vostre
2585 2028 2737 2103 part
2799 2016 2881 2084 de
2944 2038 3053 2084 me
3117 2015 3404 2101 prandre
3467 2015 3672 2101 garde
3716 2016 3798 2083 de
3839 2018 4169 2083 monsieur
4224 2018 4284 2084 le

2322 2104 2583 2171 Pravo-et
2605 2108 2663 2183 ⁸)
2735 2125 2868 2190 quy
2940 2125 3111 2169 nous
3166 2124 3208 2168 a
3261 2103 3370 2187 icy
3425 2115 3722 2169 annonce
3774 2101 3841 2167 la
3892 2102 4142 2187 parolle
4199 2102 4282 2168 de

2317 2191 2496 2257 Dieu
2540 2189 2805 2274 despuis
2847 2211 2988 2275 ung
3030 2210 3119 2256 an
3162 2210 3329 2273 enea
3371 2207 3457 2254 ou
3501 2188 3957 2273 d’advantage,
4016 2208 4056 2253 a
4087 2209 4283 2255 cause

2318 2274 2400 2342 de
2436 2277 2732 2342 certaine
2785 2275 3161 2342 accusation
3215 2295 3343 2357 que
3397 2274 3509 2340 lon
3553 2274 3670 2360 luy
3712 2283 3889 2340 mect
3929 2295 4014 2339 en
4079 2282 4284 2340 avant

2316 2382 2440 2445 par
2484 2360 2673 2428 della.
2733 2361 3014 2446 Dequoy
3042 2363 3115 2445 je
3149 2380 3316 2426 vous
3358 2379 3695 2446 remercye
3729 2371 3882 2426 tous
3917 2367 4054 2426 tres
4087 2359 4282 2427 affec-

2318 2456 2738 2514 tueusement
2797 2446 2887 2513 du
2945 2447 3138 2531 soing
3190 2456 3255 2511 et
3312 2444 3527 2511 bonne
3585 2445 3892 2512 affection
3946 2466 4072 2528 que
4112 2466 4282 2512 vous

2317 2554 2477 2600 avez
2522 2554 2564 2599 a
2603 2531 2930 2599 landroiot
2969 2530 3052 2598 de
3094 2552 3251 2616 moy
3284 2538 3355 2598 et
3396 2530 3479 2597 de
3520 2538 3694 2599 ceste
3736 2531 3970 2614 petitte
4012 2531 4280 2615 Esglice

2320 2618 2464 2702 quil
2521 2640 2562 2684 a
2616 2618 2772 2702 pleu
2832 2638 2872 2683 a
2913 2626 3141 2684 nostre
3181 2617 3315 2683 bon
3357 2615 3508 2683 dieu
3552 2625 3622 2683 et
3662 2637 3821 2702 pere
3862 2638 3999 2683 non
4042 2616 4279 2684 seulle-

2316 2712 2506 2770 ment
2567 2703 2926 2771 assembler
2988 2705 3097 2787 icy
3160 2703 3328 2769 mais
3392 2704 3569 2769 aussi
3631 2703 3747 2789 luy
3801 2703 4156 2768 maintenir
4213 2711 4282 2769 et

2317 2810 2672 2857 conserver
2713 2789 2958 2856 durant
2999 2789 3099 2855 les
3138 2787 3289 2871 plus
3332 2786 3580 2873 grandz
3622 2787 3916 2854 troubles
3950 2796 4019 2854 et
4050 2799 4280 2855 contre

2317 2875 2384 2940 la
2438 2895 2602 2959 rage
2658 2875 2774 2941 des
2828 2874 2981 2958 plus
3039 2874 3306 2940 furieux
3360 2894 3683 2959 ennemys
3743 2871 3822 2938 de
3879 2894 3956 2939 sa
4010 2872 4277 2957 parolle.

2317 2961 2452 3028 Gar
2478 2963 2550 3045 je
2582 2981 2669 3027 ne
2690 2955 2909 3027 desire
2951 2968 3100 3026 tant
3141 2960 3338 3025 chose
3371 2980 3457 3025 en
3491 2979 3567 3026 ce
3601 2958 3842 3026 monde
3875 2979 4001 3042 que
4035 2958 4280 3026 d’oster

2314 3068 2458 3132 ung
2520 3046 2830 3115 scandale
2893 3046 2977 3113 de
3039 3067 3152 3112 ma
3214 3044 3471 3112 maison
3535 3067 3621 3112 ou
3676 3046 3749 3130 je
3802 3045 4278 3131 congnoistrois

2316 3133 2456 3216 quil
2498 3155 2544 3219 y
2587 3134 2792 3199 seroit
2831 3134 3147 3199 m’estant
3188 3132 3676 3198 enthierement
3714 3151 3925 3198 vouee
3964 3152 4050 3197 au
4084 3129 4278 3218 Seig·

2315 3239 2500 3284 neur.
2587 3219 2903 3303 Parquoy
2962 3226 3170 3303 ayant
3223 3217 3515 3284 entendu
3568 3217 3632 3283 le
3691 3216 3828 3282 dict
3882 3216 4277 3285 advertisse-

2314 3312 2524 3385 ment,
2583 3306 2648 3391 je
2711 3325 2846 3370 nen
2910 3325 3000 3388 ay
3061 3323 3184 3388 pas
3245 3302 3406 3371 faict
3464 3303 3526 3369 si
3588 3324 3720 3387 peu
3762 3302 3844 3369 de
3887 3322 3999 3370 cas
4042 3323 4170 3387 que
4204 3305 4278 3388 je

2313 3389 2507 3473 n’aye
2548 3389 2705 3457 faict
2746 3390 3041 3475 appeller
3078 3389 3144 3456 le
3186 3387 3322 3456 dict
3344 3387 3607 3456 Precost
3637 3409 3804 3472 pour
3835 3409 3921 3454 en
3955 3387 4277 3455 entendre

2315 3473 2398 3542 de
2439 3475 2556 3559 luy
2602 3476 2911 3542 meismes
2951 3473 3024 3541 la
3053 3474 3266 3543 verite
3298 3474 3515 3558 lequel
3550 3495 3697 3542 ores
3731 3474 3891 3558 qu’il
3925 3474 4064 3540 fust
4094 3482 4279 3558 prest

2314 3558 2397 3626 de
2434 3561 2650 3645 partir
2687 3581 2857 3644 pour
2898 3562 3040 3627 s’en
3106 3560 3274 3627 aller
3328 3581 3453 3644 par
3496 3559 3685 3626 della.
3772 3563 3839 3627 A
3879 3580 4076 3627 cause
4117 3560 4278 3644 qu’il

2313 3667 2359 3731 y
2381 3667 2423 3712 a
2457 3645 2610 3729 plus
2653 3645 2736 3713 de
2769 3646 2945 3714 deux
2986 3667 3109 3713 ans
3153 3645 3307 3730 qu'il
3349 3646 3457 3712 n'a
3498 3666 3627 3714 veu
3668 3667 3745 3712 sa
3784 3647 4026 3712 femme
4066 3668 4160 3730 ny
4202 3665 4278 3712 sa

2312 3731 2579 3798 famille.
2656 3732 2736 3799 Si
2779 3741 2885 3799 est
2924 3753 3002 3799 ce
3034 3730 3506 3816 qu’entendant
3549 3751 3625 3798 ce
3667 3732 3830 3798 faict
3869 3730 3921 3798 il
3962 3753 4004 3798 a
4045 3730 4277 3798 differe

2313 3837 2436 3884 son
2480 3816 2614 3883 dict
2653 3820 2889 3904 voiage
2922 3821 3199 3903 jusques
3257 3839 3299 3884 a
3339 3839 3416 3885 ce
3458 3817 3618 3901 qu’il
3659 3838 3732 3883 se
3772 3817 3901 3884 soit
3941 3826 4151 3902 purge
4193 3816 4276 3883 de

2312 3902 2382 3969 la
2423 3901 2599 3970 dicte
2640 3904 3017 3971 accusation
3057 3925 3168 3969 me
3206 3904 3431 3987 priant
3471 3902 3555 3968 de
3597 3903 3665 3969 la
3703 3904 3868 3968 faire
3914 3904 4113 3988 juger
4153 3923 4276 3987 par

2314 3987 2562 4057 devant
2623 3988 2688 4056 le
2750 3989 3138 4057 consistoire
3198 3989 3351 4074 plus
3412 3988 3730 4074 prochain
3799 3988 3951 4073 dicy
4017 3989 4129 4072 qui
4171 3995 4277 4054 est

2314 4074 2771 4141 Montaulban.
2881 4074 3148 4158 Auquel
3210 4096 3284 4141 se
3346 4075 3718 4142 soubsmect
3790 4073 4280 4141 enthierement

2314 4180 2486 4243 pour
2538 4162 2878 4245 recepvoir
2935 4159 3091 4226 telle
3143 4164 3505 4228 correction
3548 4170 3618 4226 et
3657 4160 3966 4245 punition
4008 4160 4145 4243 quil
4187 4178 4273 4224 en

2314 4245 2705 4313 ordonnera.
2818 4250 2885 4314 A
2972 4254 3150 4313 ceste
3226 4267 3422 4314 cause
3491 4249 3563 4331 je
3638 4267 3806 4312 vous
3881 4265 4047 4344 prye
4137 4254 4276 4308 tres

2316 4332 2920 4410 affectueusement,
2963 4333 3346 4412 Messieurs,
3392 4332 3474 4399 de
3515 4353 3623 4398 me
3665 4329 3948 4400 voulloir
3979 4348 4276 4414 envoyer

2312 4416 2414 4484 les
2476 4418 2665 4484 chefz
2740 4430 2808 4484 et
2870 4419 3132 4502 poinctz
3195 4418 3615 4502 principaulx
3679 4415 3763 4483 de
3826 4436 4003 4501 quoy
4057 4436 4146 4481 on
4208 4412 4274 4480 le

2313 4501 2577 4590 charge,
2652 4524 2977 4590 avecques
3054 4524 3340 4587 preuves
3403 4503 3783 4571 suffizantes
3846 4501 3986 4569 afin
4050 4500 4132 4567 de
4173 4498 4274 4566 les

2312 4600 2636 4740 remectre
2649 4610 2813 4741 tipar
2835 4588 3103 4741 ddevegis
3133 4587 3376 4741 illedictt
3384 4588 3768 4739 comm
3811 4607 3852 4652 a
3883 4587 3960 4738 lg
3995 4604 4275 4753 oeussamy

2313 4696 2351 4742 e
2423 4695 2648 4743 correo
2703 4697 2793 4742 on
2882 4695 3015 4758 uqu
3240 4695 3345 4742 ses
3428 4695 3549 4739 sou
3802 4693 3843 4737 a
4001 4693 4046 4757 q

2312 4762 2609 4845 puissent
2648 4761 2897 4828 asseoir
2944 4763 3292 4845 jugement
3342 4760 3434 4826 tel
3477 4779 3603 4842 que
3645 4757 3727 4823 de
3769 4758 3991 4825 raison
4035 4766 4104 4824 et
4141 4774 4273 4839 que

2306 5033 2507 5090 4028.
2522 5033 2582 5103 1)
2612 5036 2827 5090 Jeanne
2877 5034 3073 5105 d’Assy
3121 5035 3195 5088 de
3243 5032 3536 5095 cantelou,
3597 5031 3795 5086 semme
3856 5030 4146 5087 d’Antoine
4200 5028 4274 5081 de

2308 5104 2633 5159 Ohanmont.
2698 5103 2899 5173 (Haeo
2933 5103 3029 5158 111.
3067 5101 3192 5167 421,
3222 5100 3309 5157 la.
3345 5100 3588 5158 Borasoe
3620 5100 3664 5156 1.
3698 5097 3843 5165 415.)

2507 5169 3165 5242 musaeaasweq.
4165 5233 4177 5246 ·

2513 5240 3292 5309 monuo-annovam
3423 5238 4271 5310 mamm-tenant&

2084 5313 2096 5325 ·
2184 5350 2203 5369 .
2304 5307 3227 5380 &ameum-(Haeo
3418 5310 3443 5375 J
