4900 6125
309 398 430 461 297

1188 580 1381 651 8722

687 753 1199 821 HALLERUS
1244 752 1884 822 BULLINGERO.

301 941 1941 1111 mms.wezarmw
1984 946 2096 1027 ...-
2134 945 2264 1027 f..

460 1216 751 1286 (Sequitur
781 1217 836 1271 in
871 1222 1107 1284 utroque
1140 1216 1326 1272 codice
1359 1217 1777 1286 praecedentem
1813 1215 2100 1284 eiusdem.)

301 1403 680 1472 Clarissimo
723 1406 871 1471 viro
909 1405 994 1471 D.
1035 1404 1423 1490 Heinrycho
1467 1405 1857 1490 Bullingero
1902 1405 2261 1490 Tigurinae

300 1491 613 1559 ecclesiae
655 1492 906 1575 pastori
948 1490 1345 1571 fidelissimo,
1400 1489 1664 1558 domino
1716 1511 1837 1558 suo
1881 1490 2261 1558 honorando

861 1586 928 1643 et
971 1578 1293 1660 compatri
1338 1577 1695 1644 carissime.

474 1764 547 1830 S.
614 1764 901 1850 Regium
946 1773 1067 1844 est,
1110 1765 1327 1849 inquit
1367 1765 1500 1845 ille,
1545 1766 1775 1832 audire
1817 1766 2011 1844 male,
2055 1788 2258 1851 quum

296 1847 537 1917 feceris
579 1850 767 1917 bene.
855 1849 1043 1917 Idem
1087 1851 1252 1917 mihi
1308 1873 1350 1917 a
1397 1851 1628 1918 multis
1684 1853 2023 1937 contingit,
2081 1853 2257 1937 quod

295 1934 438 2001 tibi.
520 1936 938 2004 Paraverunt
981 1958 1054 2003 se
1095 1935 1180 2002 ad
1222 1936 1550 2022 synodum
1594 1938 1856 2018 classes,
1896 1938 2014 2006 sed
2057 1939 2259 2005 vidis·

293 2041 400 2089 ses
459 2022 631 2088 mira
688 2023 744 2087 si
849 2023 1243 2089 recessisset.
1331 2023 1816 2108 Exspectamus
1868 2044 2051 2091 nunc
2110 2045 2257 2092 ves-

292 2115 477 2173 trum
519 2117 585 2213 et
611 2105 801 2212 'Scap
855 2109 1232 2207 asianorum
1277 2108 1610 2209 iudicium.
1690 2110 2071 2210 Literarum
2116 2119 2257 2175 tua-

291 2202 1353 2347 fflm⁰2⁰.“⁹d⁰1·..231¹2:‘32³333.‘3’
1378 2194 2259 2365 ..tnffifflmmssffi

289 2363 609 2465 amplius:
674 2366 871 2465 mitto
936 2386 1095 2433 vero
1161 2365 1563 2466 descriptum
1629 2388 1888 2467 earum,
1956 2383 2031 2433 ut
2098 2367 2257 2468 quid

288 2468 883 2603 &saga
914 2451 1968 2622 21²..ffi30ffi2203521202231033
2038 2474 2254 2626 ..δεῖ

285 2619 414 2687 odo
467 2621 749 2699 sublata,
794 2623 908 2688 alii
949 2632 1265 2706 tanquam
1309 2623 1582 2690 fulmine
1641 2626 2038 2691 consternati
2075 2635 2250 2705 sunt,

285 2722 636 2791 postquam
701 2708 863 2792 ipsis
927 2709 1377 2793 significatum
1443 2718 1546 2776 est
1623 2731 2008 2794 suspensam
2087 2732 2249 2777 esse.

285 2791 597 2859 Fuerunt
649 2794 904 2860 interea
961 2793 1153 2860 multi
1198 2794 1532 2875 Genevae,
1592 2804 1660 2861 et
1711 2818 1785 2862 se
1828 2796 2091 2881 egregie
2134 2818 2250 2880 pa-

283 2888 544 2945 rarunt.
655 2876 971 2946 Orandus
1034 2880 1364 2946 Dominus
1430 2890 1507 2946 ιιι
1573 2882 1999 2948 acerbitatem
2064 2881 2249 2948 illam

284 2963 496 3030 tollat.
569 2962 765 3045 Quod
807 2987 928 3032 nos
973 2966 1227 3044 attinet,
1283 2987 1400 3049 per
1443 2966 1712 3033 Domini
1767 2969 2049 3052 gratiam
2095 2987 2248 3035 con-

283 3050 519 3119 cordes
571 3073 805 3119 sumus
847 3073 1095 3118 omnes.
1183 3050 1598 3137 cuperemus
1652 3052 1964 3121 ecclesiae
2003 3054 2249 3123 morbis

280 3149 348 3203 et
405 3135 823 3205 offendiculis
877 3159 1240 3206 occurrere.
1330 3138 1590 3205 Vellem
1634 3147 1855 3206 tamen
1912 3139 2038 3208 hoc
2092 3161 2247 3208 can·

281 3222 438 3289 dide
493 3222 858 3308 prudenter
912 3233 979 3291 et
1044 3246 1196 3291 cum
1255 3223 1425 3291 bono
1481 3225 1752 3291 consilio
1808 3227 1974 3304 fieri,
2034 3226 2130 3292 ita
2173 3236 2247 3292 ut

279 3309 535 3376 fructus
591 3311 838 3394 sperari
893 3311 1116 3395 possit.
1205 3310 1354 3377 Hoc
1396 3310 1588 3378 multi
1632 3332 1766 3377 non
1821 3321 2073 3392 curant,
2128 3315 2244 3397 qui

279 3394 530 3461 vellent
571 3396 794 3462 omnia
836 3417 1104 3463 sursum
1140 3394 1446 3462 deorsum
1483 3397 1675 3475 verti,
1720 3397 1907 3463 modo
1952 3398 2243 3481 ipsorum

279 3480 627 3549 affectibus
690 3482 1061 3560 satisfieret,
1126 3491 1193 3546 et
1252 3481 1488 3548 vicisse
1543 3481 1944 3550 viderentur.
2033 3484 2242 3552 Pauci

279 3575 440 3632 sunt
472 3568 588 3650 qui
631 3565 798 3633 illud
833 3567 1109 3651 apostoli
1153 3565 1594 3634 considerent:
1645 3567 1834 3649 Quae
1869 3571 2050 3653 pacis
2084 3578 2245 3637 sunt

275 3654 596 3736 quaerite,
660 3660 731 3719 et
784 3673 952 3737 quae
1007 3650 1506 3731 aedificationis,
1571 3653 1742 3719 alius
1801 3676 1873 3720 er
2017 3655 2240 3723 alium.

277 3737 480 3821 Apud
545 3759 666 3805 nos
729 3749 952 3823 partes
1010 3760 1141 3804 non
1207 3746 1383 3817 sunt,
1450 3737 1566 3805 sed
1626 3738 1786 3805 dum
1917 3750 2242 3809 tercentos

278 3824 627 3890 conciliare
669 3824 1032 3903 studemus,
1076 3832 1144 3890 et
1177 3846 1299 3890 nos
1333 3824 1833 3908 interponimus,
1877 3828 2243 3927 abripimur

279 3908 803 3993 quoddammodo
859 3911 1046 3994 quasi
1102 3910 1406 3976 violentis
1463 3910 1819 3978 vorticibus
1883 3914 1955 3978 in
2019 3934 2240 3997 ipsum

277 3995 553 4148 ἔξω
574 3997 1195 4062 controversiarum,
1222 4031 2234 4048 —————————

463 4102 542 4148 ae
587 4085 688 4146 25.
733 4081 891 4148 Feb.
947 4085 1129 4148 1562.

1693 4219 2064 4286 I.H.t.t.

1155 4778 1349 4851 872³.

894 4952 1619 5023 BEZAOALVINO.

449 5123 843 5193 Relationem
895 5145 1083 5193 suam
1137 5126 1405 5211 suscipit
1459 5126 2229 5212 ubimopersubstiterat,

1977 395 2142 460 1562
2185 390 2657 463 ΓΕΒΒΠΔΒ.

4198 393 4327 459 298

2364 580 2477 650 (Ex
2525 579 2902 650 sutbographo
2944 578 3079 635 Ood.
3125 577 3331 632 Gener.
3378 576 3481 631 117
3533 577 3627 632 sol.
3683 576 3749 631 71
3801 577 3919 630 sine
3954 575 4345 645 inscriptione..

2369 649 2540 704 Aliud
2575 649 2856 717 exemplar
2901 648 3013 703 MS.
3062 664 3170 702 uon
3219 653 3415 702 exstat.
3484 618 3680 701 haidit
3725 646 3888 712 Bezs,
3935 644 4121 698 multis
4204 661 4324 698 rae-

2367 719 2550 772 teritis
2637 734 2739 773 use
2785 734 2886 772 nos
2932 717 3022 772 hic
3067 715 3220 771 uncis
3263 715 3606 782 includimus,
3652 713 3856 768 Gener.
3904 730 3958 783 p.
4001 711 4121 778 265,
4160 661 4321 767 Esus.

2366 804 2418 857 p.
2456 785 2578 849 548,
2598 736 2836 842 quamv.
2884 803 2938 856 p.
2974 784 3094 867 616ζ
3141 785 3351 866 Qhouet
3395 801 3446 854 p.
3480 782 3600 848 368,
3647 785 3823 838 Amet.
3868 799 3938 905 gb
3964 781 4080 835 166.
4164 782 4321 836 Unde

2709 856 2877 910 etism
2919 856 3211 923 descripsit
3244 853 3418 907 Baum
3454 852 3524 907 11.
3562 855 3710 922 App.
3746 868 3800 922 p.
3835 851 3862 904 1
3941 854 3981 916 .)

2538 1025 2610 1092 S.
2657 1025 2795 1092 Diu
2839 1036 2908 1092 et
2949 1026 3273 1093 obstinate
3318 1025 3515 1099 tacui,
3538 1029 3588 1101 ¹)
3642 1044 3730 1088 ne
3773 1022 3895 1088 tibi
3939 1021 4318 1088 sollicitudi-

2363 1131 2519 1177 nem
2562 1125 2630 1178 et
2672 1110 2926 1178 dolores
2967 1130 3310 1196 augerem:
3357 1108 3474 1176 sed
3518 1129 3601 1173 ne
3645 1129 3821 1174 nunc
3863 1108 4124 1192 quidem
4167 1128 4318 1191 pos·

2363 1217 2516 1265 sum
2558 1196 2737 1263 aliud
2780 1219 2977 1282 quam
3022 1196 3254 1263 turbas
3298 1205 3366 1262 et
3407 1194 3730 1260 tumultus
3773 1195 4102 1260 nunciare.
4176 1194 4322 1260 Pri-

2362 1303 2506 1348 mas
2589 1284 2878 1350 actiones
2916 1282 2932 1293 “
2956 1283 3165 1349 nostri
3229 1301 3622 1366 congressus
3687 1279 4042 1366 diligenter
4105 1278 4189 1343 ad
4252 1286 4319 1344 te

2362 1369 2742 1453 perscripsi:
2852 1379 3220 1453 postremae
3297 1389 3430 1433 non
3511 1364 3863 1431 dissimiles
3953 1365 4236 1431 fuerunt.
4259 1368 4317 1444 ⁸)

2362 1454 2768 1521 Audivimus
2832 1455 3125 1521 infinitas
3190 1463 3259 1518 et
3321 1450 3735 1521 incredibiles
3799 1452 4099 1534 ineptias.
4210 1450 4318 1515 Ita

2359 1539 2498 1606 illis
2540 1561 2926 1625 responsum
2991 1550 3110 1618 est,
3176 1538 3305 1604 Dei
3350 1538 3581 1623 gratia,
3649 1547 3724 1602 ut
3765 1537 3968 1602 mirer
4010 1535 4317 1603 adversa·

2361 1627 2496 1692 rios
2541 1647 2699 1711 prae
2741 1626 2991 1710 pudore
3034 1639 3101 1693 et
3154 1625 3523 1709 ignominia
3564 1643 3697 1688 non
3734 1623 4074 1690 cormisse.
4152 1620 4316 1688 Per·

2363 1712 2681 1778 stiterunt
2738 1723 2981 1791 tamen,
3045 1733 3165 1779 suo
3224 1731 3422 1787 more,
3483 1719 3550 1774 et
3605 1729 3833 1775 omnes
3889 1707 4319 1775 contumelias

2360 1798 2621 1863 fortiter
2663 1798 3085 1864 devorarunt.
3169 1796 3299 1863 Ubi
3357 1804 3632 1861 ventum
3691 1805 3789 1861 est
3842 1793 3926 1858 ad
3970 1794 4169 1877 primi
4210 1814 4318 1860 ca·

2359 1884 2521 1967 pitis
2556 1884 2637 1950 de
2671 1883 3072 1969 imaginibus
3106 1882 3611 1957 conclusionem,
3648 1889 3782 1946 tres
3818 1881 4130 1946 inventae
4164 1887 4321 1945 sunt

2362 1970 2750 2036 sententiae.
2838 1970 2976 2036 Nos
3034 1970 3213 2035 enim
3267 1967 3571 2051 petiimus
3628 1965 3829 2031 semel
3888 1965 4030 2031 eiici
4087 1966 4178 2030 im
4271 1966 4319 2015 '-

2361 2074 2510 2121 nes:
2556 2055 2918 2121 adversarii
2964 2075 3115 2121 cum
3160 2054 3339 2119 omui
3384 2073 3502 2118 suo
3544 2051 3727 2117 cultu
3772 2051 4060 2117 retineri.
4112 2050 4223 2116 Me
4271 2050 4319 2115 ii

2359 2141 2456 2217 (id
2521 2151 2639 2218 est,
2702 2141 3067 2207 Valentinus
3123 2141 3505 2223 Episcopus,
3579 2136 3977 2221 Saliynacus,
4049 2136 4315 2218 Sponsa,

2361 2226 2760 2303 Batonerius,
2826 2226 3227 2303 Pichmlzus,
3286 2246 3327 2289 a
3384 2224 3624 2308 quibus
3665 2223 3911 2306 alioqui
3951 2223 4319 2289 miserrime

2360 2319 2429 2377 et
2472 2312 2891 2379 acerbissime
2935 2313 3161 2377 vexati
3202 2323 3359 2378 sunt
3402 2309 3653 2389 hostes)
3697 2308 3945 2374 cultum
3989 2307 4319 2373 duntaxat

2357 2397 2785 2464 sustulerunt.
2858 2399 3032 2463 Tum
3076 2399 3357 2482 Regina,
3403 2396 3589 2462 cuius
3628 2395 4016 2479 patientiam
4062 2393 4178 2458 tibi
4214 2413 4318 2459 sa·

2359 2484 2444 2549 tis
2509 2494 2863 2550 connotare
2927 2505 3058 2549 non
3125 2503 3413 2567 possum,
3438 2485 3492 2559 ⁸)
3566 2501 3687 2547 nos
3753 2480 3835 2546 ad
3900 2479 4319 2546 concordiam

2357 2568 2587 2636 multis
2645 2569 2869 2636 verbis
2924 2569 3280 2647 cohortata,
3337 2566 3605 2633 tandem
3659 2566 4010 2649 imperavit
4065 2578 4140 2632 ut
4183 2566 4318 2630 sin-

2355 2656 2551 2739 gulae
2651 2656 2964 2721 factiones
3062 2676 3250 2721 suam
3336 2653 3727 2720 sententiam
3814 2651 4315 2735 perscriberent.

2354 2742 2671 2808 Hostium
2716 2742 3091 2826 opinionem
3134 2761 3255 2807 nec
3291 2740 3674 2816 describere,
3718 2757 3840 2803 nec
3873 2738 4137 2802 mittere
4180 2736 4317 2820 pla-

2355 2828 2511 2894 cuit.
2599 2828 2706 2893 Ex
2766 2836 2994 2893 nostra
3045 2846 3416 2912 cognosces,
3484 2845 3603 2890 nos
3658 2825 3740 2889 de
3795 2823 4122 2889 industria
4173 2831 4313 2888 stu·

2356 2912 2577 2979 duisse
2644 2923 2718 2978 ut
2778 2914 3041 2998 abrupti
3115 2911 3417 2996 colloquii
3492 2910 3685 2994 culpa
3747 2910 3964 2974 omnis
4028 2911 4099 2974 in
4164 2907 4312 2974 illos

2353 3000 2842 3066 transferretur.
2932 2999 3012 3065 Id
3070 2999 3249 3066 enim
3304 2994 3537 3064 callide
3590 2994 3959 3081 captabant,
4017 3007 4093 3059 ut
4150 3014 4311 3078 quo-

2351 3087 2533 3151 niam
2586 3088 2783 3170 primi
2839 3106 3105 3151 eramus
3161 3084 3558 3151 sententiam
3613 3091 3911 3148 nostram
3952 3081 4309 3160 recitaturi,

2351 3173 2409 3238 si
2449 3174 2740 3255 praecise
2775 3191 3169 3256 negaremus
3202 3192 3322 3237 nos
3358 3189 3699 3254 nunquam
3734 3189 3855 3235 nec
3890 3165 4043 3233 ullis
4086 3165 4311 3232 condi-

2351 3256 2636 3325 tionibus
2670 3258 2955 3325 coituros
2990 3258 3120 3323 nisi
3154 3255 3455 3323 omnibus
3490 3253 3889 3337 imaginibus
3910 3255 4133 3320 statim
4157 3272 4307 3337 pro·

2348 3344 2615 3429 fligatis,
2685 3343 3161 3427 responderent
3214 3341 3340 3409 sibi
3383 3362 3535 3408 cum
3578 3351 3716 3406 tam
3759 3339 4145 3424 praefractis
4186 3338 4307 3404 ho-

2347 3431 2635 3496 minibus
2678 3428 2843 3495 nihil
2887 3429 3028 3495 fore
3069 3429 3336 3514 negotii,
3398 3434 3466 3493 et
3508 3426 3747 3509 alioqui
3790 3426 3994 3492 fuisse
4038 3424 4119 3490 de
4161 3425 4308 3490 iure

2346 3536 2466 3580 suo
2529 3515 2924 3581 decessuros.
3018 3514 3248 3599 Neque
3295 3534 3447 3580 vero
3500 3534 3621 3579 nos
3680 3512 3843 3579 haec
3908 3511 4308 3594 exspectatio

2344 3599 2595 3666 fefellit.
2683 3601 2746 3666 N
2749 3621 2859 3666 am
2900 3600 3097 3668 simul
3143 3611 3337 3684 atque
3379 3598 3692 3665 viderunt
3736 3618 3857 3664 nos
3901 3597 3983 3662 de
4024 3598 4307 3662 veritate

2344 3685 2608 3770 quidem
2653 3686 2822 3752 nihil
2861 3685 3233 3763 concedere,
3294 3685 3408 3751 sed
3453 3695 3694 3763 tamen,
3760 3684 3979 3750 oblata
4021 3682 4304 3766 quadam

2344 3772 2737 3839 conditionis
2814 3772 3048 3856 specie,
3126 3772 3257 3837 illis
3336 3771 3587 3853 eripere
3652 3769 3823 3852 quod
3887 3768 4306 3853 quaerebant,

2344 3868 2572 3941 aperte
2635 3868 2993 3944 coeperunt
3055 3879 3173 3942 per
3227 3878 3383 3923 suos
3449 3855 3663 3922 dicere
3728 3855 3949 3920 omnia
4003 3855 4163 3921 haec
4220 3853 4305 3919 ad

2343 3943 2718 4011 Ooncilium
2775 3942 3239 4009 Tridentinum
3293 3963 3437 4009 esse
3490 3941 3904 4008 remittenda.
3993 3940 4131 4006 Nos
4187 3961 4303 4006 au-

2343 4037 2481 4094 tem
2540 4032 2831 4096 contenti
2890 4030 3137 4096 fuimus
3194 4027 3275 4094 de
3328 4035 3556 4095 nostra
3610 4026 4127 4111 promptitudine
4170 4035 4303 4092 tes-

2343 4117 2494 4195 tari,
2540 4124 2608 4182 et
2650 4116 3035 4182 manifestas
3079 4117 3367 4181 rationes
3401 4115 3715 4198 proferre,
3761 4134 3884 4179 cur
3925 4112 4104 4178 illius
4148 4133 4301 4177 con·

2341 4201 2632 4267 ciliabuli
2689 4201 2971 4268 decretis
3024 4210 3200 4267 stare
3259 4222 3394 4266 non
3430 4220 3786 4285 possemus.
3876 4198 4138 4283 Regina
4180 4197 4300 4262 ini-

2339 4289 2432 4353 tio
2487 4288 2557 4352 in
2614 4308 2695 4352 ea
2749 4296 2893 4352 erat
2934 4287 3282 4363 sententia,
3349 4295 3426 4351 ut
3467 4286 3735 4352 omnino
3783 4283 3982 4350 vellet
4026 4282 4172 4348 illos
4216 4278 4298 4347 ad

2336 4561 2523 4618 8728.
2545 4561 2603 4626 1)
2644 4560 2960 4630 Respondet
2991 4561 3070 4616 ad
3103 4559 3183 4616 N.
3215 4557 3371 4613 3717.

2544 4629 2607 4698 2)
2644 4631 2795 4686 Huc.
2840 4630 2962 4686 eccl.
3009 4629 3054 4686 1.
3100 4626 3380 4683 694-720
3412 4665 3429 4684 .
3464 4667 3479 4681 .
3518 4665 3531 4678 .
3567 4668 3580 4681 .
3618 4627 3823 4681 L’issue
3882 4625 3965 4677 fut
4015 4623 4145 4678 telle
4191 4638 4295 4691 que

2336 4700 2543 4755 chacun
2578 4717 2639 4754 se
2673 4700 2784 4754 tint
2816 4699 2850 4753 a
2882 4715 2972 4754 ses
3005 4699 3257 4770 opinions
3290 4714 3419 4752 sans
3453 4697 3698 4766 qu’autre
3732 4693 3895 4749 chose
3949 4693 4063 4747 s’en
4117 4691 4296 4745 ensui-

2335 4770 2460 4824 vist.
2498 4798 2561 4808 —
2891 4769 2926 4822 1.
2960 4767 3024 4824 1..-
3071 4767 3423 4890 Ιὶὶῖιιιιιιιιιι
3468 4771 3555 4820 est
3597 4766 3665 4819 de
3712 4762 4037 4832 imaginibus
4082 4764 4296 4841 tantum

2335 4854 2438 4907 per
2472 4839 2660 4892 decem
2695 4843 2794 4892 sut
2825 4835 3110 4892 duodecim
3197 4837 3275 4892 ‘es
3321 4841 3380 4891 et
3424 4834 3483 4889 in
3528 4834 3633 4889 hoc
3682 4830 4009 4886 videbantur
4046 4830 4299 4908 plerique

2334 4908 2644 4962 museutire
2694 4913 2759 4961 ut
2813 4911 3229 4962 removerentur
3277 4905 3350 4960 ab
3401 4903 3667 4958 altaribus
3716 4906 3777 4955 et
3828 4900 4185 4952 reficerentur
4234 4915 4294 4951 m

2333 4975 2574 5046 aliquem
2626 4977 2883 5047 angulum
2940 4975 3151 5046 templi,
3202 4990 3304 5029 nec
3356 4972 3484 5027 ullis
3534 4971 3643 5027 illis
3693 4969 3874 5025 cultus
3925 4965 4293 5048 exhibes-etun

2333 5045 2541 5101 Verum
2591 5045 2761 5115 aliqui
2813 5043 3166 5099 Sor-benistee
3229 5043 3491 5098 dixerunt
3550 5039 3651 5094 tuh
3700 5038 3924 5092 decreto
3974 5036 4295 5091 labefactari

2333 5115 2687 5168 autoritatem
2720 5113 2891 5168 totius
2928 5115 3023 5168 rel.
3171 5111 3388 5179 tifldse,
3422 5124 3591 5178 seque
3617 5108 3676 5161 in
3704 5105 3838 5161 illud
3856 5121 4131 5174 nunqnam
4167 5121 4292 5160 con·

2328 5198 2604 5238 sensura.
2668 5182 2788 5251 (Cf.
2821 5182 3009 5239 Beue·
3097 5221 3111 5236 .
3144 5179 3290 5248 544)

2539 5251 2602 5318 3)
2640 5251 2890 5306 Renum
2938 5253 3265 5320 mmm.-
3326 5247 3479 5303 cuius
3529 5244 3851 5315 patientium
3910 5258 4019 5297 nou
4072 5258 4291 5311 possum

2331 5320 2437 5374 tibi
2472 5322 2607 5374 satis
2642 5320 2977 5391 praedicere.
