4900 6125
300 404 395 468 421

298 588 514 656 Bomos
539 588 596 662 ³)
641 585 959 650 hactenus
1002 584 1254 651 Christi
1297 593 1586 670 spartam
1633 604 1821 668 suam
1865 582 2218 649 admodum

298 674 615 757 diligenter
647 672 919 747 ornarit.
942 669 1211 738 Christo
1232 691 1365 738 non
1401 670 1783 737 immodicas
1803 669 2221 737 lucrifaciens

297 760 535 834 animas,
578 755 845 822 iamiam
890 756 1188 841 legitima
1230 766 1297 822 et
1341 759 1517 823 iusta
1551 756 1900 822 vocatione
1941 756 2011 820 in
2055 754 2220 822 Gal·

294 846 428 911 liam
467 843 554 908 sit
596 849 886 920 vocatus,
946 851 1014 908 et
1055 843 1327 909 ecclesia
1368 843 1479 909 cui
1525 843 1844 908 hactenus
1889 841 2223 925 praesedit

293 930 452 997 illum
508 930 806 1013 (propter
861 930 1262 994 necessarias
1320 948 1551 995 causas
1605 938 1684 992 ut
1725 927 1959 993 maiori
2015 927 2219 994 eccle-

292 1018 406 1083 siae
445 1013 692 1080 Christi
754 1014 1043 1081 subsidio
1098 1015 1451 1093 ministret,
1507 1015 1721 1098 ipsum
1768 1012 2023 1079 Christi
2067 1013 2220 1079 fun-

293 1101 644 1167 damentum
690 1106 921 1183 ponat)
967 1103 1197 1185 rogati,
1245 1121 1321 1165 ae
1369 1122 1459 1178 ro,
1521 1109 1744 1166 tamen
1789 1098 2073 1182 pacifice,
2123 1098 2220 1163 di-

290 1188 607 1253 miserunt.
694 1185 986 1251 Proinde
1029 1195 1177 1251 orat
1228 1205 1339 1252 ecc
1364 1186 1502 1252 esia
1543 1185 1897 1252 Eckerona
1925 1187 1982 1269 ⁴)
2027 1184 2224 1249 vallis

291 1271 571 1339 Alberthi
615 1272 921 1338 caritates
957 1281 1211 1339 vestras
1246 1283 1322 1336 ut
1357 1271 1598 1338 viduae
1642 1270 1950 1338 ecclesiae
1992 1291 2222 1336 curam

291 1358 582 1424 hebentes
636 1378 718 1422 ex
775 1359 1019 1424 vestris
1077 1358 1334 1443 eligatis
1393 1357 1613 1423 virum
1672 1357 2102 1422 exercitatum
2152 1358 2221 1422 in

289 1442 534 1508 Domini
574 1445 786 1520 vinea,
824 1444 1007 1526 pium
1044 1455 1108 1510 et
1145 1443 1498 1520 eruditum,
1536 1444 1646 1526 qui
1683 1443 2046 1509 sufficiatur
2081 1443 2224 1509 eius

288 1530 408 1595 loco
448 1531 558 1612 qui
595 1550 771 1595 nunc
805 1539 996 1613 parat
1030 1529 1406 1597 discessum.
1480 1529 1664 1594 Idem
1704 1539 1867 1609 orat,
1905 1528 2220 1605 obsecrat,

287 1615 401 1679 imo
440 1615 546 1679 effi
643 1615 761 1680 ‘tat
804 1615 945 1681 eius
990 1615 1258 1682 ditionis
1300 1616 1447 1698 pius
1493 1636 1570 1681 ac
1605 1635 1959 1699 generosus
1997 1614 2225 1679 Domi-

287 1721 396 1765 nus
456 1723 494 1765 a
663 1699 972 1783 polistein.
1086 1700 1306 1782 Quam
1373 1701 1774 1784 petitionem,
1855 1721 2056 1784 quum
2137 1700 2227 1765 sit

285 1795 505 1866 sancta,
551 1806 686 1851 non
731 1786 937 1866 facile,
984 1797 1061 1852 ut
1113 1807 1474 1870 speramus,
1532 1784 1929 1862 abdicabitis.
1990 1786 2222 1852 facturi

283 1891 405 1937 rem
447 1870 610 1937 adeo
654 1882 910 1956 gratam
947 1893 1139 1956 quam
1184 1874 1295 1956 qui
1337 1872 1801 1957 gratissimam.
1876 1871 2227 1938 Pollicetur

283 1977 516 2040 quoque
563 1956 937 2056 respublica
980 1960 1122 2024 eius
1166 1958 1493 2036 eeclesiae,
1553 1958 1610 2024 si
1655 1978 1849 2043 quem
1893 1956 2223 2036 miseritis,

281 2042 470 2108 obviis
512 2044 821 2109 mambus
866 2055 1290 2128 excepturum
1317 2048 1354 2084 ‘¹
1412 2065 1532 2110 ceu
1575 2043 1886 2128 angelum
1934 2044 2080 2122 Dei,
2128 2051 2226 2108 at-

283 2148 394 2211 que
448 2149 526 2194 ea
570 2149 736 2212 quae
780 2129 1015 2195 decent
1071 2130 1411 2196 ecclesiam
1454 2132 1852 2212 morigeram
1911 2137 2228 2214 perpetuo

280 2222 728 2297 praestaturos.
818 2216 1162 2282 Postremo
1203 2236 1318 2281 oro
1361 2224 1429 2280 et
1483 2235 1605 2300 ego
1649 2215 2230 2281 vehementissime

281 2319 386 2382 per
426 2301 554 2365 Dei
614 2300 822 2365 filium
881 2311 951 2366 et
1011 2302 1309 2367 omnium
1369 2300 1746 2368 mortalium
1813 2300 2093 2366 salutem
2151 2308 2226 2364 ut

277 2405 381 2451 eae
421 2403 650 2468 preces
693 2385 872 2451 haud
918 2386 1112 2452 aliter
1155 2397 1351 2469 atque
1404 2386 1846 2470 orphanorum
1893 2383 2067 2470 apud
2113 2408 2229 2452 vos

276 2470 477 2537 locum
523 2472 829 2537 habeant.
915 2472 1086 2538 Nam
1133 2470 1447 2555 quidquid
1505 2472 1611 2538 hic
1669 2472 1888 2554 agitur
1932 2492 2060 2537 non
2107 2472 2228 2537 ho—

275 2557 460 2622 minis
502 2556 621 2622 sed
666 2555 1119 2643 Christi‚ergo
1163 2558 1402 2643 agitur.
1483 2558 1811 2623 Dominus
1856 2568 2080 2622 servet
2120 2577 2226 2622 ca-

275 2643 526 2708 ritatem
574 2652 868 2708 vostram
915 2665 1064 2710 cum
1111 2644 1416 2710 omnibus
1460 2644 1568 2727 qui
1615 2664 1858 2707 nomen
1903 2641 2228 2709 dederunt

276 2725 549 2806 Christo,
611 2749 693 2793 ne
736 2748 777 2792 a
820 2728 1074 2795 Satana
1132 2728 1334 2812 (quod
1393 2728 1594 2804 absit)
1655 2729 2030 2808 turbemini,
2094 2731 2225 2794 imo

273 2823 398 2877 tota
440 2812 687 2890 Gallia,
745 2834 914 2898 quae
959 2837 1031 2881 se
1075 2814 1347 2881 Christo
1402 2813 1727 2899 subiugat,
1787 2814 2009 2880 hostes
2054 2816 2225 2881 veri·

275 2899 418 2963 tatis
461 2899 718 2965 Christi
763 2900 1090 2984 praesidio
1134 2909 1418 2984 superet.
1508 2900 1589 2965 In
1645 2901 1772 2965 isto
1815 2899 2053 2980 valete,
2100 2902 2226 2967 viri

271 2983 610 3050 clarissimi
673 2995 742 3051 et
796 2987 1227 3066 ornatissimi,
1286 2987 1356 3050 in
1417 2986 1541 3052 Dei
1603 2986 1755 3051 filio.
1845 2984 2052 3051 Orate
2107 3007 2225 3071 pro

273 3071 465 3149 nobis,
511 3070 691 3156 quod
725 3071 966 3139 ibidem
1004 3094 1123 3157 pro
1158 3071 1342 3139 vobis
1376 3073 1614 3138 facturi
1653 3093 1897 3139 sumus.
1972 3073 2225 3140 Datum

273 3154 587 3239 Rapoltae
632 3157 830 3224 villae
875 3160 938 3223 in
989 3159 1245 3226 Alsatia
1289 3162 1390 3223 23.
1429 3158 1591 3223 Maii
1638 3177 1814 3223 anno
1868 3162 2049 3223 1562.

1102 3295 1343 3361 Vester
1385 3295 1713 3361 confrater
1755 3296 1824 3360 in
1873 3294 2139 3362 Christo

1313 3380 1639 3446 Matthias
1684 3380 1944 3446 Erbius.

268 3546 563 3615 Salutate
613 3562 868 3617 vestros
912 3572 1139 3617 omnes
1198 3559 1606 3635 symmystas

267 3632 330 3697 in
376 3635 648 3701 Christo
692 3637 865 3702 Iesu.

267 3808 588 3819 -—--—-
599 3814 642 3819 -..

459 3926 526 3989 3)
566 3931 665 3982 sic.
725 3926 782 3982 S.
805 3927 1054 3982 Mariam
1089 3928 1169 3983 ad
1195 3928 1424 3993 fodinas
1459 3936 1682 3982 venera
1717 3943 1785 3982 οε
1807 3927 2225 3992 fluxuosa-dia

265 3993 365 4073 [N.
403 3995 600 4063 3432).
673 3995 839 4050 Nunc
883 4011 1010 4066 erqo
1057 3998 1118 4050 in
1160 3995 1403 4051 Galliam
1449 4011 1507 4050 ee
1551 3997 1794 4063 eontulit,
1829 4012 1937 4065 quo
1969 4012 2097 4052 vero
2127 4013 2227 4067 po-

266 4065 530 4118 mm
571 4069 800 4119 vocatus
834 4081 946 4119 noa
980 4066 1108 4119 bene
1142 4071 1374 4119 constat.
1419 4064 1608 4119 Drion
1642 4065 1798 4134 (Eyl.
1834 4068 1902 4118 de
1940 4064 1995 4120 S.
2039 4066 2227 4121 Μανία

263 4146 316 4198 p.
360 4131 453 4201 19)
510 4131 844 4187 Nemausum
892 4133 1107 4190 indicat
1151 4139 1332 4188 testem
1391 4133 1673 4189 adducens
1729 4135 1898 4188 nimis
1947 4141 2225 4190 recentem.

271 4199 514 4256 ne‘uoed
550 4202 704 4269 (λαἐι.
734 4200 1042 4267 deNe‘mes)
1066 4201 1316 4258 Bonam
1353 4219 1467 4257 non
1499 4209 1734 4257 recenset
1769 4204 1914 4257 inter
1947 4205 2227 4259 ministros

267 4268 416 4324 ullius
448 4272 612 4326 urbia
663 4271 780 4325 nisi
812 4272 1024 4325 dixeris
1068 4287 1188 4325 eum
1223 4272 1325 4327 aab
1358 4271 1471 4325 alio
1516 4272 1750 4340 quaedam
1795 4274 2014 4327 nomine
2044 4273 2227 4328 latere.

265 4338 390 4401 (ιν.
429 4338 555 4393 283.
593 4309 716 4392 515.
753 4337 877 4395 317.
912 4337 1033 4393 330.
1068 4338 1217 4408 346.)

472 4407 536 4475 4)
576 4407 838 4530 EehevBr
861 4406 1155 4469 Echh'rcln
1203 4408 1264 4461 in
1310 4408 1451 4462 valle
1483 4408 1702 4464 Albona·
1743 4409 1905 4464 hodie
1956 4410 2229 4466 Mariam

298 4512 311 4525 .
348 4475 663 4532 Leberona.
839 4479 934 4531 ion
970 4475 1154 4532 Banci
1190 4491 1547 4531 successorem
1593 4477 1728 4533 dicit
1761 4477 1845 4533 10.
1886 4477 2072 4548 Ft'qou
2111 4480 2228 4536 Me·

267 4548 460 4598 tanea
506 4544 628 4601 Oet.
666 4544 817 4611 1561,
851 4553 902 4599 et
935 4545 1100 4599 huius
1135 4543 1264 4601 Nic.
1307 4545 1583 4612 Franco&
1621 4546 1727 4599 Iul.
1765 4544 1918 4600 1562.

2075 397 2238 460 1562
2282 394 2477 463 MAI.

4156 398 4285 461 428

3206 581 3401 656 87⁹8.

2725 737 3400 806 BULLINGERUS
3446 737 3885 806 CALVINO.

2494 908 4291 980 Etimnhaectotaestinrebueaauioisaemimdie

2321 1001 2379 1062 et
2420 994 2850 1062 Helvetiorum
2894 996 2982 1062 ad
3022 997 3269 1062 easdem
3311 998 3576 1063 ratione.

2320 1168 2549 1236 (Exstat
2582 1166 2959 1237 autographon
2995 1167 3051 1221 in
3088 1168 3276 1222 eodem
3307 1167 3507 1223 Codice
3530 1185 3594 1222 ae
3616 1169 4007 1238 praesedentes
4042 1168 4285 1223 eiusdem

2853 1236 2945 1290 i'ol.
2979 1233 3102 1298 431,
3139 1237 3272 1291 item
3307 1255 3392 1306 sp.
3431 1236 3761 1302 Simlerum.)

2500 1406 2876 1474 Clarissimo
2932 1408 3077 1474 viro
3135 1407 3220 1473 D.
3266 1407 3501 1474 Ioanni
3546 1408 3828 1475 Calvino
3873 1410 4289 1478 Genevensis

2322 1494 2636 1561 eeclesiae
2670 1492 2847 1559 fideli
2886 1493 3191 1560 ministro
3215 1492 3480 1561 domiuo
3515 1494 3973 1562 colendissimo
3994 1506 4063 1563 et
4097 1497 4287 1563 fratri

2324 1599 2665 1647 carisslmo
2708 1600 2847 1646 suo.
3893 1667 4115 1734 θοή.

2500 1836 2571 1903 S.
2609 1837 2694 1902 D.
2767 1837 3137 1905 Scriberem
3174 1836 3495 1919 copiosius
3532 1836 3613 1902 de
3647 1837 3833 1904 exitu
3877 1840 4289 1906 comitiorum

2327 1922 2897 2002 Salodurensium,
2946 1925 3071 1990 nisi
3128 1923 3573 1989 existimarem
3623 1923 3707 1990 D.
3757 1946 3802 1990 α
3836 1924 4211 2004 Βσήαήονεε,
4241 1930 4291 2004 ¹)

2328 2010 2437 2092 qui
2506 2009 2588 2075 iis
2653 2010 2970 2088 interfuit,
3037 2019 3105 2078 et
3161 2009 3279 2074 tibi
3346 2016 3416 2073 et
3478 2009 3779 2093 inprimis
3843 2009 4290 2078 illustrissimo

2328 2095 2609 2178 principi
2683 2094 2993 2162 Condere-ei
3069 2097 3202 2160 iam
3281 2092 3513 2161 ordine
3589 2097 3811 2161 omnia
3890 2098 4289 2180 exposuisse.

2328 2181 2555 2246 Nostri
2621 2181 2753 2246 iam
2820 2190 3030 2266 agunt
3097 2180 3176 2246 de
3243 2179 3569 2246 mittenda
3625 2183 3693 2245 in
3755 2180 4042 2248 Galliam
4110 2183 4287 2267 lega-

2329 2267 2527 2332 tione.
2550 2268 2609 2345 2)
2700 2266 2903 2333 Prius
2958 2277 3183 2332 tamen
3239 2264 3457 2331 visum
3516 2276 3618 2332 est
3674 2267 3745 2331 in
3800 2269 4078 2335 comitiis
4136 2288 4290 2334 con-

2330 2352 2621 2438 gregatis
2685 2352 3083 2418 mittendum
3165 2372 3307 2418 esse
3381 2350 3465 2417 ad
3524 2351 4127 2438 Winemberqensem
4143 2403 4158 2433 ‚
4226 2361 4297 2421 et

2329 2438 2856 2522 percontandum
2900 2458 3033 2521 qua
3073 2438 3186 2504 via
3229 2438 3555 2522 principes
3599 2437 3920 2504 Germani
3966 2461 4118 2506 suos
4160 2442 4296 2506 sint

2330 2523 2581 2608 legatos
2623 2524 2914 2602 missuri,
2962 2524 3020 2588 si
3065 2523 3236 2590 forte
3282 2528 3320 2588 5
3367 2522 3745 2589 Cantonum
3790 2524 4012 2609 legati,
4057 2546 4295 2610 nempe

2333 2610 2410 2675 Τί
2509 2612 2827 2686 tinorum,
2864 2609 3252 2682 Bernatum‚
3279 2607 3803 2688 Claronensium‚
3826 2610 4295 2678 Basiliensium

2333 2704 2400 2761 et
2478 2695 3095 2762 chaffhusianorum
3141 2694 3274 2761 illis
3318 2714 3390 2760 se
3433 2696 3925 2780 coniungerent.
4001 2697 4146 2781 Ego
4189 2697 4296 2764 hic

2331 2782 2622 2846 maxime
2678 2781 2997 2847 sollicitus
3054 2802 3220 2859 sum,
3282 2789 3362 2845 ut
3403 2784 3513 2862 qui
3572 2782 3984 2865 experientia
4025 2782 4295 2850 edoctus

2330 2866 2639 2934 recordor
2681 2876 3004 2950 quantum
3064 2868 3134 2932 in
3190 2875 3412 2934 nostro
3469 2866 3581 2932 illo
3640 2866 3885 2934 infelici
3930 2868 4099 2934 bello
4141 2878 4295 2934 ante

2332 2972 2542 3018 annos
2588 2955 2671 3017 30
2713 2960 2901 3036 gesto
2946 2951 3135 3018 nobis
3180 2963 3248 3017 et
3305 2952 3666 3019 sinceritati
3724 2953 4064 3040 religionis
4116 2975 4293 3021 com-

2330 3038 2654 3124 positores
2710 3037 2909 3123 legati
2966 3038 3330 3104 nocuerint.
3403 3037 3577 3120 Quid
3638 3049 3831 3124 putas
3890 3049 3981 3120 tu,
4043 3042 4133 3107 mi
4179 3039 4293 3107 do-

2330 3127 2511 3190 mine
2553 3136 2621 3190 et
2658 3124 2881 3204 frater,
2926 3124 3352 3191 Lutheranos
3392 3124 3647 3210 legatos
3689 3125 3761 3191 in
3798 3126 4133 3211 religionis
4178 3146 4291 3192 ne-

2330 3211 2511 3296 gotio
2568 3209 2842 3276 feliciter
2900 3209 3208 3277 acturos?
3280 3210 3429 3277 Scis
3487 3211 3812 3294 quomodo
3867 3214 3936 3278 in
3997 3221 4292 3279 nostram

2331 3296 2697 3363 doctrinam
2757 3297 2896 3363 sint
2949 3297 3185 3364 affecti.
3261 3295 3508 3363 Volent
3563 3298 3828 3363 omnino
3888 3298 4104 3365 locum
4150 3318 4294 3365 esse

2328 3384 2398 3447 in
2434 3382 2660 3449 Gallia
2702 3390 2771 3448 et
2813 3381 3204 3448 confessioni
3226 3384 3681 3465 Augustanae,
3725 3405 3808 3449 ex
3850 3404 3998 3467 qua,
4042 3405 4161 3452 ceu
4209 3406 4293 3450 ex

2328 3467 2555 3551 pixide
2598 3467 2963 3547 Pandorae,
3023 3468 3150 3533 scis
3203 3477 3454 3551 quanta
3506 3467 3641 3534 sint
3692 3489 3815 3553 per
3857 3469 4290 3536 Germaniam

2327 3562 2558 3619 exorta
2616 3553 2995 3619 certamina.
3082 3554 3370 3620 Proinde
3413 3552 3624 3621 scribo
3679 3554 3765 3620 ad
3808 3555 3893 3621 D.
3938 3554 4182 3622 Besam
4225 3563 4292 3621 et

2328 3659 2564 3705 moneo
2608 3638 2790 3704 illum
2835 3639 2906 3703 in
2953 3649 3266 3722 tempore.
3342 3640 3437 3705 'l'e
3474 3660 3589 3705 oro
3626 3650 3705 3704 ut
3747 3641 3973 3707 literas
4007 3661 4118 3707 eas
4157 3662 4291 3708 non

2329 3735 2585 3791 tantum
2643 3745 2835 3791 cures
2891 3734 3169 3803 mature,
3237 3725 3354 3791 sed
3410 3736 3599 3792 tuum
3660 3746 3913 3810 quoque
3970 3727 4293 3812 adiungas

2328 3810 2695 3888 consilium,
2742 3822 2921 3874 tuam
2968 3808 3496 3877 admonitionem.
3582 3809 3688 3877 De
3732 3821 4105 3879 nostrorum
4150 3817 4289 3899 pie-

2329 3906 2466 3963 tate
2509 3896 2679 3962 nihil
2724 3895 2965 3962 dubito.
3048 3896 3301 3961 Verum
3359 3896 3488 3963 scis
3541 3896 3698 3979 quid
3744 3899 3863 3963 fiat
3915 3900 3985 3963 in
4044 3907 4145 3966 tot
4186 3902 4288 3966 in-

2327 3984 2678 4067 geniorum
2724 3981 3319 4047 diversissimorum
3366 3994 3436 4049 et
3487 3983 4045 4050 astutissimorum
4089 3987 4288 4052 eomi-

2328 4069 2454 4134 tiis.
2536 4067 2887 4133 Foederati
2933 4068 3139 4134 nostri
3180 4072 3219 4131 8
3257 4065 3586 4134 Cantones
3630 4079 3888 4134 tantum
3936 4091 4063 4136 nou
4109 4072 4289 4137 insa·

2328 4154 2524 4219 niunt
2566 4162 2799 4220 contra
2841 4153 3276 4238 evangelium.
3370 4155 3742 4237 Erumpent
3800 4154 3896 4220 illi
3953 4158 4289 4241 suppetias

2330 4238 2593 4305 allaturi
2639 4238 3027 4324 Guysianis,
3085 4239 3427 4306 monachis
3471 4250 3537 4304 et
3579 4240 3816 4323 pfaffis,
3875 4262 4086 4325 neque
4128 4244 4289 4307 reti-

2622 4397 2739 4405 ---——

2331 4497 2517 4552 8708.
2537 4498 2595 4563 1)
2630 4498 2680 4550 le
2720 4495 2952 4549 Vidame
2986 4495 3054 4548 de
3090 4495 3347 4550 chartres
3381 4498 3458 4563 (Τ)
3495 4496 3711 4553 videtur
3739 4498 3916 4562 fuisse
3944 4496 4191 4553 Coo-daei
4223 4499 4292 4553 le·

2328 4574 2510 4634 yacus.
2588 4565 2743 4621 Certe
2775 4566 2868 4618 ille
2909 4564 2970 4618 in
3006 4564 3266 4633 Anyliam
3312 4567 3515 4619 missus
3560 4572 3642 4621 est
3683 4565 3763 4620 ad
3789 4565 4082 4635 petendum
4125 4568 4290 4621 auxi·

2330 4638 2466 4691 lium
2498 4634 2593 4702 (de
2638 4634 2791 4689 Thou
2826 4633 2925 4687 111.
2963 4631 3107 4701 183).

2540 4702 2576 4756 2
2641 4703 2861 4757 Rachel
2907 4702 2995 4757 VI.
3042 4701 3178 4756 490:
3224 4703 3330 4757 Les
3376 4708 3602 4757 cantone
3650 4703 3907 4757 reformes
3952 4703 4290 4775 envoyerent

2334 4775 2481 4827 leurs
2517 4772 2585 4825 de
2626 4773 2747 4825 ute's
2794 4773 2828 4825 a
2872 4772 2925 4823 ln
2971 4770 3205 4825 seconde
3251 4772 3549 4827 assemblee
3597 4771 3666 4826 de
3716 4772 3943 4826 Solem-e
3987 4770 4101 4835 (18.
4150 4774 4289 4837 Mai)

2332 4859 2480 4965 {²02⁰ss
2509 4841 2686 4963 {013
2687 4839 3231 4962 ‘'5503‘01331535‘*
3264 4840 4287 4964 ¹3mss153⁰⁸ffl3f5⁸⁰t23⁶023n¹¹ss

2333 4986 2562 5033 cantone
2598 4977 2937 5047 catholiques
2973 4977 3103 5047 qu'il
3141 4994 3207 5031 en
3247 4979 3429 5032 obtint
3463 4979 3535 5031 du
3571 4993 3791 5032 seeours
3826 4993 3963 5047 pour
4016 4995 4048 5032 e
4081 4979 4185 5033 duc
4217 4979 4289 5034 de

2334 5048 2500 5131 Guise
2535 5046 2726 5129 etsdes
2761 5047 2812 5102 le
2848 5048 2983 5101 mols
3018 5046 3087 5099 de
3116 5046 3246 5100 Jnin
3286 5047 3328 5101 il
3356 5066 3403 5169 ᾗ
3430 5044 3627 5129 eut·15
3662 5048 3946 5116 enseignes
3981 5047 4050 5101 de
4081 5049 4291 5103 Suisses

2334 5115 3121 5242 33:03550.:⁰3{2.⁶.:.31‚22·.¹32⁸·
3142 5117 3368 5253 mio-‘³⁸30
3406 5116 4109 5239 maxima&
4152 5134 4288 5242 ⁹:³33

2335 5257 2405 5310 de
2440 5203 2588 5309 mos-’t
2618 5253 2812 5307 d'aller
2844 5254 2879 5333 a
2912 5260 3058 5308 cette
3084 5203 3296 5335 guerre.
3341 5224 3643 5335 (⁹3⁶an
3663 5204 4291 5319 dideruimmvffma

2336 5332 2384 5379 ct
2421 5326 2486 5379 in
2519 5337 2731 5378 mma
2767 5338 3008 5392 qumque
3042 5322 3219 5378 'nullm
3251 5322 3545 5377 hommum.
3767 5407 3880 5463 27·
