4900 6125
251 399 363 464 461

413 582 747 651 Articulus
790 588 854 650 3.
898 579 1004 648 De
1042 583 1431 649 sacramento
1462 579 1741 664 corporis
1775 584 1833 646 et
1864 579 2203 664 sanguinis

255 668 499 740 aristi.
608 668 1117 736 Abominandum
1179 672 1237 733 et
1297 666 1701 751 manifestam
1765 663 2201 745 εἶδωλομανίαν

382 754 682 838 papi-stas
722 756 959 834 missa,
997 753 1337 838 qestatione
1377 752 1784 830 sacramenti,
1828 751 2202 835 repositione

249 847 302 909 et
241 776 517 940 Wfalsa
572 840 935 908 adoratione
987 841 1059 906 in
1099 838 1408 904 mundum
1450 839 1752 905 invectam
1792 857 1953 916 esse,
2010 856 2201 920 quam

249 927 344 994 illi
396 927 656 1010 insuper
710 926 1021 1010 sanquine
1070 924 1483 991 innocentium
1539 923 1860 991 hominum
1917 923 2063 1006 fuso
2099 922 2202 988 de-

244 1012 515 1097 fendunt,
557 1012 963 1095 manifestum
1004 1015 1112 1076 est.
1195 1009 1370 1075 Nam
1411 1029 1536 1076 non
1565 1015 1777 1093 potest
1808 1029 1943 1076 esse
1979 1028 2196 1074 sacra-

247 1103 507 1165 mentum
548 1102 728 1164 mro
768 1097 1213 1164 institutionem
1253 1094 1524 1163 Domini
1563 1101 1670 1162 etc.
1755 1095 1961 1177 Quum
2165 1115 2203 1159 r

247 1204 426 1252 coena
466 1181 735 1249 Domini
767 1184 1061 1250 instituta
1101 1182 1190 1248 sit
1232 1185 1301 1246 ut
1342 1186 1498 1248 esset
1527 1182 1859 1264 perceptio,
1904 1184 1973 1245 ut
2002 1095 2199 1244 ffi-

247 1276 379 1336 tur:
447 1269 738 1351 Accipite
778 1274 839 1335 et
893 1269 1267 1335 manducate
1319 1272 1424 1334 etc.
1485 1268 1769 1350 sequitur
1813 1266 2201 1349 papisticam

246 1355 741 1423 consuetudinem
801 1374 935 1420 esse
991 1353 1472 1432 idolomaniam,
1537 1354 1694 1452 quia
1745 1371 1981 1452 panem
2022 1355 2200 1416 extra

237 1442 684 1541 perceptionem
723 1441 994 1507 adorant
1033 1438 1372 1520 multiplici
1404 1438 1607 1506 abusu
1639 1439 1710 1503 in
1744 1438 1982 1514 missis,
2028 1456 2200 1520 repo-

244 1528 498 1606 sitoriis,
544 1526 1115 1609 circumyestatione
1156 1530 1258 1590 etc.
1284 1529 1335 1602 ¹)
1411 1523 1646 1590 Contra
1686 1523 1806 1590 has
1847 1488 2203 1605 simhesqiae

233 1613 642 1763 warum
687 1609 1784 1709 idolomaniashaecreyulaposita
1827 1613 1982 1675 esto.-
2038 1608 2201 1690 quod

466 1699 770 1764 rationem
825 1695 1001 1763 habet
1057 1697 1435 1762 sacramenti
1500 1702 1682 1762 extra
1752 1695 2199 1761 institutionem

242 1784 541 1849 divinam.

410 1868 518 1935 De
561 1889 704 1934 vero
744 1872 1135 1935 sacramento
1176 1868 1249 1932 in
1291 1867 1526 1933 nostris
1568 1866 1859 1934 ecelesiis.
1927 1865 2055 1931 Hic
2090 1886 2200 1931 ar-

240 1954 467 2020 ticulus
508 1955 801 2021 doceatur
853 1953 1372 2053 quemadmodum
1424 1954 1494 2017 in
1538 1953 1921 2053 Auyustana
1963 1949 2198 2032 confes-

238 2040 407 2106 sione
449 2040 766 2106 traditur.-
836 2040 1001 2122 quod
1041 2039 1110 2104 in
1170 2038 1288 2105 hac
1332 2036 1570 2105 Christi
1612 2038 2003 2104 institutione
2044 2057 2202 2103 suae

238 2146 451 2192 coenae
491 2126 628 2208 ipse
667 2145 887 2202 verus,
940 2125 1330 2205 essentialis,
1387 2125 1602 2190 vivens
1643 2143 1717 2190 ac
1748 2143 2058 2206 praesens
2095 2123 2197 2202 sit,

238 2211 971 2294 etcumpaneacvino,
1006 2208 1977 2293 syinbolisabipsoconstitutis,
2021 2207 2199 2275 nobis

243 2295 632 2364 Christianis
689 2315 920 2379 corpus
988 2316 1178 2363 suum
1240 2295 1749 2362 manducandum
1813 2300 1870 2361 et
1931 2295 2199 2379 sanquis

236 2403 395 2449 suus
451 2382 753 2449 bibendus
805 2383 1021 2462 detur,
1087 2386 1144 2447 et
1187 2386 1435 2448 testetur
1473 2380 1591 2447 hac
1632 2382 1871 2447 actione
1914 2401 2029 2448 nos
2066 2398 2199 2445 esse

236 2468 512 2535 membra
550 2469 791 2550 ipsius,
851 2467 1187 2568 applicans
1227 2465 1404 2533 nobis
1457 2488 1525 2534 se
1580 2467 1793 2548 ipsum
1846 2471 1903 2532 et
1954 2467 2200 2532 miseri-

237 2555 488 2621 cordiae
528 2574 683 2620 suae
713 2554 1230 2636 promissionem,
1280 2558 1337 2619 et
1380 2557 1664 2636 operetur
1703 2553 1774 2616 in
1806 2551 1998 2618 nobis.
2089 2550 2197 2616 Ita

235 2639 514 2723 loquitur
555 2639 890 2705 Hilarius.-
956 2639 1135 2706 Haec
1173 2642 1425 2720 sumpta
1465 2643 1522 2704 et
1562 2637 1792 2704 hausta
1844 2637 2090 2720 faciunt
2130 2640 2199 2701 ut

239 2723 1563 2807 aristusinnobissitetnosinipso.
1650 2721 2195 2789 Haecverbadi-

237 2816 392 2876 ser-te
577 2811 712 2908 itur
753 2810 830 2876 de
861 2810 1268 2893 perceptione,
1331 2808 1521 2874 veluti
1561 2810 1751 2875 etiam
1791 2827 2081 2890 expresse
2121 2808 2198 2873 de

235 2897 454 2963 eadem
805 2894 1090 2960 Paulus:
1169 2892 1377 2960 Panis
1415 2913 1596 2977 quem
1635 2895 2000 2978 franyimus
2040 2913 2193 2959 com-

234 2977 1357 3063 munientioesteorporisChristi.
1429 2978 1567 3045 Hoc
1619 2985 1801 3045 extra
1854 2980 2195 3064 perceptio·

235 3067 570 3150 nemfieri
632 3066 902 3150 imeuiyi
958 3087 1086 3133 non
1137 3070 1350 3149 potest.
1435 3064 1641 3131 Panis
1703 3065 2198 3149 hocipsumest

235 3174 356 3235 quo
419 3153 772 3219 communio
823 3153 1103 3251 corporis
1155 3151 1332 3218 nobis
1372 3151 1883 3219 communicatur.
1973 3150 2063 3217 Et
2102 3153 2198 3217 ita

238 3238 585 3321 loquemur
614 3238 957 3320 praecipui
1018 3241 1245 3303 veteres
1305 3239 1656 3320 scriptores.
1739 3238 2049 3303 Irenaeus
2095 3238 2197 3302 in-

235 3325 397 3409 quit:
466 3322 887 3389 Eucharistia
952 3327 1184 3389 constat
1242 3322 1493 3389 duabus
1552 3323 1769 3401 rebus,
1831 3328 2082 3389 terrena
2142 3328 2199 3389 et

99 3418 106 3425 '
235 3410 500 3478 coelem.
585 3406 678 3474 Et
719 3406 1133 3491 Epiphanius
1176 3428 1252 3474 ac
1295 3409 1710 3475 Theodoretus
1750 3409 2047 3491 inquiunt
2102 3409 2201 3475 di-

233 3502 394 3564 serte
457 3499 764 3561 naturam
813 3495 1019 3576 panis
1079 3513 1365 3572 manere,
1430 3494 2203 3562 sedcumeodonantur

233 3583 381 3665 ipsa
425 3582 624 3657 dorna,
689 3599 917 3663 corpus
958 3583 1018 3644 et
1055 3580 1322 3662 sanquis
1363 3576 1618 3647 Christi.
1707 3579 2008 3647 Suceessu
2049 3586 2200 3646 teni-

223 3668 416 3751 poris
472 3665 862 3732 introductae
914 3669 1061 3731 sunt
1099 3685 1292 3730 novae
1329 3663 1634 3748 phrases,
1685 3686 1919 3748 panem
1961 3665 2201 3731 mutari

233 3753 429 3820 velidi
472 3753 654 3836 virya
688 3749 906 3836 Moysi
944 3755 1188 3816 mutata
1229 3756 1321 3817 est
1371 3752 1444 3817 in
1507 3756 1866 3832 serpentem
1953 3750 2202 3818 Deinde

236 3839 672 3941 excoyitarunt
710 3834 998 3903 monachi
1037 3835 1240 3902 aliam
1269 3835 1596 3920 phrasim.-
1649 3857 1884 3937 panem
1924 3837 2203 3903 deserere

224 3925 516 4007 priorem
578 3921 996 4022 substantiam
1056 3925 1116 3986 et
1175 3942 1308 3989 esse
1369 3941 1600 4005 corpus
1655 3922 2200 4005 inspeciepanis

235 4010 428 4075 etiam
482 4013 662 4074 extra
693 4028 816 4089 per
1151 4055 1166 4071 .
1255 4007 1400 4074 Has
1438 4006 1715 4090 phrases
1753 4007 2060 4073 veteribus
2098 4009 2199 4074 in-

235 4096 520 4180 cognitas
561 4111 692 4160 esse
728 4096 768 4176 f
1003 4098 1244 4158 umest
1283 4093 1625 4161 deelarare.
1720 4093 2042 4176 Quidquid
2094 4094 2197 4159 in-

237 4178 1630 4262 supercertiusdeusuetabusucoenae‚
1689 4180 2200 4245 itemdemissa

234 4266 572 4333 dicendum
621 4265 873 4331 videtur
923 4283 1039 4329 suo
1091 4263 1248 4330 alibi
1301 4265 1429 4330 loco
1490 4264 1870 4330 declaratur.
1959 4264 2200 4348 Estque

233 4347 2201 4417 valdcnecessariumuthicintellectusinverisecelesiis

235 4434 2200 4519 maneat,quodperceptioadconfimnationeinfideietconso-

236 4519 2202 4604 lationemfieridebet,quodreverafiliusDeiseipsum

233 4607 772 4690 nobisapplicat,
817 4606 2079 4688 etenimpaneetvinoveredonatur,
2144 4611 2204 4672 et

235 4692 403 4761 hanc
467 4692 766 4760 actionem
842 4711 968 4757 non
1040 4711 1174 4757 esse
1246 4690 1632 4772 sacrificium
1683 4693 2202 4775 propitiatorium

225 4779 572 4861 proeliis.
654 4775 2202 4930 Seddehisinali‘issciiptisfusioreaeplica-

236 4864 764 4932 tion-aditaest.
841 4861 2201 4946 Quodverononnuaidicumquodohm-

235 4947 2203 5031 tusDominusnonessentialiteribiadsitetquodhoc

231 5238 519 5323 4100.1)
552 5239 630 5297 In
651 5239 928 5310 maraine.-
961 5236 1076 5295 Ros
1111 5238 1260 5293 1111115
1294 5238 1458 5296 modo
1494 5238 1828 5295 odorandum
1863 5238 2202 5311 profitemur,

231 5327 306 5364 ne
342 5311 403 5365 111
439 5308 561 5380 ipen
592 5309 814 5379 quidem
849 5308 1068 5367 unone
1099 5323 1318 5365 coenae

1860 387 2647 459 SUPPLEMENTUM.

4124 397 4253 462 462

2299 576 2648 662 symbolum
2703 582 3025 644 manum
3079 583 3321 646 tantum
3370 580 3625 665 siynum
3685 579 4260 667 sitfideiacpro-

2298 662 2633 816 ίεεείοηείἓ
2658 668 2832 743 nota,
2886 685 3017 747 qua
3057 665 3331 732 discerm‘
3351 666 3678 748 possimus
3716 667 3796 734 ab
3835 667 4021 748 aliis,
4083 689 4255 736 erro-

2300 768 2485 816 neum

2474 835 2581 902 Ad
2626 842 2993 902 extremum
3039 844 3186 920 poet
3228 843 3268 901 4
3304 836 3654 905 articulum
3690 837 3854 905 haec
3890 837 4256 907 adduntur:

2475 921 2561 987 In
2628 920 2746 987 hac
2808 921 3113 1004 praefata
3174 922 3583 1005 confessione,
3659 927 3715 989 et
3779 945 3856 991 ea
3905 924 4041 990 sola
4094 947 4256 1009 quae

2301 1007 2557 1089 ”W
2457 973 3840 1195 mitffiffidfflffssssssmmfflffff
3864 1011 4259 1163 snm

2300 1097 2526 1244 nihilnt
2507 1178 2845 1244 instituere.
2932 1177 3009 1244 Si
3062 1185 3268 1245 tamen
3328 1183 3399 1246 in
3445 1185 3769 1264 posterum
3823 1181 3900 1248 de
3955 1180 4060 1248 his
4100 1185 4258 1249 arti·

2300 1262 2464 1330 culis
2525 1263 2975 1345 disputationes
3028 1271 3388 1331 moveantur
3434 1272 3492 1332 et
3542 1266 3753 1366 fusior
3794 1266 4121 1349 explicatio
4162 1289 4260 1335 re-

2300 1349 2616 1433 quiratur,
2660 1347 2866 1415 volunt
2904 1349 3220 1416 Elector-es
3262 1358 3322 1416 et
3346 1352 3676 1434 principes
3716 1372 3857 1419 cum
3899 1353 4055 1420 aliis
4086 1355 4255 1439 Aua.

2297 1435 2712 1535 confessionis
2752 1436 2944 1502 sociis
2984 1437 3265 1514 statibus,
3311 1438 3407 1504 uti
3441 1437 3591 1504 ordo
3628 1438 4006 1520 reipublicae
4048 1439 4258 1506 ecccle-

2299 1520 2599 1587 siasticae
2653 1526 2710 1586 et
2756 1522 3049 1604 fraterna
3104 1524 3342 1588 caritas
3374 1529 3668 1605 poscunt,
3724 1524 3942 1607 fusius
3983 1526 4260 1608 conferre

2298 1606 2680 1758 ἓίωοοῑίὶῐοθῖαἰ,
2738 1627 2812 1674 ac
2865 1626 2998 1673 sese
3049 1607 3206 1674 tales
3236 1608 3537 1692 praebere
3598 1614 3668 1673 ut
3708 1630 3786 1676 esc
3825 1611 4040 1676 divino
4080 1631 4259 1677 man-

2600 1697 2715 1758 ent.

2478 1776 2717 1843 Nolunt
2747 1783 3079 1859 praeterea
3117 1780 3288 1862 ferre
3329 1782 3620 1864 autpati
3660 1785 3733 1846 ut
3774 1782 3846 1846 in
3887 1780 4115 1848 scholis
4162 1782 4263 1849 vel

2300 1863 2575 1934 ecclesiis
2635 1883 2788 1930 suae
2846 1864 3104 1930 ditionis
3166 1864 3415 1947 aliquid
3556 1866 3898 1946 aedicetur,
3966 1867 4260 1934 doceatur

2292 1948 2546 2031 publice
2585 1953 2697 2014 aut
2726 1950 3055 2049 privatim,
3100 1951 3263 2032 quod
3298 1971 3438 2017 cum
3622 1952 4000 2054 confessione
4031 1974 4258 2038 repuy·

2300 2038 2431 2113 net,
2498 2056 2576 2101 ne
2616 2037 2694 2102 de
2734 2036 2898 2118 ipsis
2939 2056 3083 2101 vere
3123 2038 3346 2121 sparyi
3374 2038 3614 2118 possit,
3690 2059 3792 2106 eos
3832 2038 4035 2122 impia
4064 2038 4261 2105 schis-

2299 2125 2475 2187 mata
2519 2140 2595 2186 ac
2647 2139 2891 2187 errores
2944 2121 3202 2188 scientes
3258 2123 3445 2206 ferre.
3540 2123 3716 2206 Quod
3755 2125 3944 2191 etiam
3985 2125 4127 2190 suis
4168 2144 4260 2192 ec-

2299 2206 2638 2273 clesiarum
2679 2207 2993 2272 ministris
3035 2208 3300 2274 edictum
3340 2207 3571 2289 volunt,
3618 2215 3689 2275 ut
3726 2209 4157 2292 superioribus
4199 2214 4260 2277 et

2299 2291 2444 2358 huic
2496 2293 2789 2374 repetitae
2840 2291 3213 2374 confessioni
3253 2314 3381 2376 per
3448 2295 3667 2360 omnia
3725 2316 3794 2361 se
3861 2297 4254 2380 conforment,

2299 2379 2392 2443 ita
2447 2382 2519 2442 ut
2572 2377 2828 2444 verbum
2872 2377 3001 2444 Dei
3040 2399 3214 2461 pure
3240 2380 3612 2461 praedicent
3653 2400 3728 2448 ac
3772 2381 4061 2461 doceant,
4118 2380 4258 2449 nul·

2298 2462 2427 2529 lam
2471 2484 2614 2530 vero
2653 2464 2998 2531 doctrinam
3051 2485 3372 2531 erroneam
3427 2487 3504 2533 ac
3560 2467 3977 2550 periculosam
4018 2487 4092 2534 ac
4131 2487 4257 2534 non

2299 2550 2721 2615 necessariam
2807 2556 2919 2616 aut
2998 2570 3366 2633 perversam
3447 2555 3707 2619 excitent
3782 2554 4253 2632 admisceantve,

2285 2653 2413 2716 per
2449 2655 2643 2716 quam
2698 2636 3129 2718 omnipotentis
3168 2635 3437 2704 Domini
3478 2642 3537 2703 et
3590 2637 3944 2721 salvificum
3998 2660 4255 2723 evanye-

2299 2720 2461 2786 lium
2523 2721 2691 2788 male
2755 2722 3009 2800 audiat,
3075 2722 3394 2804 simplices
3436 2723 3830 2806 offendantur
3868 2730 3928 2790 et
3966 2725 4257 2791 ecclesiae

2298 2807 2718 2891 Auyustanae
2755 2807 3127 2890 confessioni
3167 2808 3571 2876 adhaerentes
3608 2811 4038 2878 traducantur.

2470 2892 2681 2958 Plura
2735 2913 2867 2959 non
2926 2894 3110 2977 potui
3167 2894 3507 2978 complecti
3572 2894 3885 2962 exclusus
3949 2895 4258 2981 angustis

2300 2978 2634 3061 temporie.
2721 2978 3037 3045 Iubemur
3088 2979 3479 3046 sententiam
3539 2989 3831 3048 nostram
3888 2980 3969 3048 de
4010 2987 4052 3047 4
4096 2982 4256 3047 arti-

2298 3063 2470 3130 eulie
2535 3065 2779 3149 scripto
2838 3067 3065 3133 testari
3128 3065 3480 3150 spadam
3526 3066 3662 3135 1155.
3721 3066 4072 3147 Senatum,
4139 3068 4256 3152 qui

2300 3148 2537 3216 deinde
2600 3150 2684 3216 ed
2726 3150 2977 3218 Illustr.
3097 3151 3414 3236 rineipem
3520 3153 3830 3221 lectorem
3874 3152 4256 3220 Palatinum

2301 3235 2577 3320 perferri
2630 3238 2904 3304 curabit.
2985 3238 3020 3303 I
3067 3258 3171 3303 em
3228 3246 3590 3324 poscuntur
3657 3248 3725 3305 et
3791 3238 3905 3305 5111
3967 3239 4255 3305 ministri

2302 3320 2854 3389 Germanicarum
2910 3322 3351 3391 eeclesiarum.
3438 3324 3620 3390 Vota
3672 3333 3899 3392 1155115
3951 3324 4254 3410 precibus

2299 3407 2435 3474 tuis
2480 3406 2721 3475 adiuva
2762 3417 2830 3475 et
2870 3411 2926 3477 51
2970 3430 3099 3494 qua
3138 3419 3326 3495 potee
3390 3430 3580 3494 opem
3623 3410 3738 3477 fer.
3826 3413 3923 3477 At
3960 3433 4068 3479 ree
4109 3430 4254 3496 poe-

2299 3492 2391 3558 eit
2422 3504 2855 3577 praesentem.
2863 3497 2924 3580 ²)

3189 4038 3380 4111 4191.

2302 4208 2727 4279 SENATUS
2786 4211 3382 4282 GENEVENSIS
3436 4211 3667 4282 DUOI
3721 4209 4255 4280 BIPON'I'INO.

2480 4380 2647 4449 Petit
2694 4382 3104 4450 Tremellium
3147 4385 3564 4468 professorem
3620 4384 3873 4470 linquae
3912 4382 4255 4450 hebraicae.

2507 4552 2801 4620 (At-chive·
2832 4554 2904 4610 de
2938 4553 3176 4611 Geneve.
3246 4555 3469 4611 Lettrei
3501 4557 3571 4611 de
3606 4556 3662 4610 15
3695 4553 4051 4625 seigneurie.)

2301 4721 2757 4791 munitissimo
2829 4726 3108 4879 9111151οὲ1
3172 4748 3249 4794 55
3305 4725 3596 4793 Domino
3639 4725 3725 4792 D.
3771 4724 3943 4793 Duci
4007 4725 4258 4810 Bipon-

3088 4815 3350 4880 avariae
3390 4810 3716 4880 Palatino.

2509 5102 2574 5167 2)
2614 5102 2837 5170 Scripta
2888 5101 3933 5171 fuitnonitamultoposteditum
3729 5099 4260 5158 amnesam-

2305 5171 2460 5227 illum
2340 5174 2647 5296 &gui
2625 5177 2818 5254 autore
2768 5169 3641 5322 Mewmmmipm
3671 5187 3726 5228 a.
3724 5170 3888 5296 a}
3890 5171 4044 5310 ΫΔξσ
4031 5168 4259 5296 m
