4900 6125
278 426 366 492 55
2091 426 2255 491 1563
2302 425 2489 495 IUL.

280 623 352 681 et
394 613 575 681 Bm
617 616 902 683 accusati
964 617 1226 684 fuerant
1247 620 1305 695 ⁸)
1359 638 1401 682 a
1458 636 1838 701 percussore
1887 614 2233 700 anysium,

278 722 698 854 οὲιιιιιέιιῗέἱιέι
777 701 1222 855 deffilnsiossgm
1246 708 1302 783 ⁴)
1362 702 1707 769 ediderant
1755 722 1950 801 ‘quae
2009 701 2235 851 statittin

278 806 320 851 o
393 808 433 853 a
734 807 858 853 con
946 809 1009 854 ιο
1278 808 1294 852 :
1362 809 1591 855 verum
1660 808 1817 871 quia
1879 807 2015 853 nou
2078 807 2154 852 sa
2205 808 2239 852 s

276 872 574 956 exempti
617 881 807 938 erant
847 894 1075 941 omnes
1131 810 1425 958 sffipnli
1483 872 1993 940 declarationem
2035 870 2239 937 edidit

278 958 729 1025 Admiraldus.
763 963 816 1036 8)
917 960 1249 1026 Mittimus
1312 959 1655 1043 exemplar
1719 979 2055 1024 excusum.
2159 956 2241 1024 Si

272 1045 430 1127 quis
473 1041 647 1128 apud
710 1065 830 1110 vos
894 1054 1067 1111 esset
1130 1045 1401 1112 idoneus
1468 1045 1814 1128 interpres,
1880 1042 2241 1127 optandum

272 1141 459 1196 esset
499 1131 873 1213 germanice
914 1131 1177 1215 vulgari
1235 1131 1556 1216 proximis
1614 1128 1948 1195 nundinis.
2036 1129 2241 1195 Liber

278 1221 460 1281 esset
500 1214 875 1293 vendibilis,
919 1225 996 1281 ut
1038 1216 1311 1282 minime
1368 1216 1664 1282 timenda
1717 1216 1807 1281 sit
1847 1215 2101 1281 iactura
2134 1224 2239 1298 ty-

278 1301 656 1386 pographo:
717 1299 833 1368 sed
892 1302 1314 1368 festinatione
1371 1323 1537 1387 opus
1592 1311 1781 1367 esset.
1870 1301 2043 1367 Rem
2087 1311 2241 1367 tuae

277 1394 351 1452 et
415 1386 693 1452 aliorum
749 1388 1033 1452 fratrum
1092 1388 1483 1471 prudentiae
1539 1386 1889 1453 credimus.
1990 1385 2069 1452 Si
2123 1395 2240 1451 tuo

276 1469 527 1538 iudicio
569 1470 880 1555 expediat
921 1473 992 1538 in
1047 1474 1260 1541 lucem
1318 1471 1599 1558 prodire,
1666 1472 1835 1538 forte
1877 1471 2098 1556 aliqua
2136 1472 2240 1537 in·

272 1557 594 1624 venietur
635 1558 812 1640 apud
854 1579 975 1624 vos
1014 1561 1199 1625 ratio.

458 1641 776 1728 Lugduni
835 1644 1049 1712 adhuc
1112 1654 1345 1728 pacata
1409 1653 1566 1712 sunt
1612 1644 1854 1710 omnia.
1943 1642 2241 1709 Sacrifici

278 1728 579 1795 modeste
622 1750 692 1796 se
736 1731 1099 1809 continent,
1154 1732 1291 1797 imo
1334 1731 1578 1797 nostris
1623 1729 1996 1798 adulantur.
2077 1729 2240 1795 Mis·

278 1835 427 1880 sam
492 1835 625 1880 uno
689 1823 947 1881 tantum
1013 1817 1082 1881 in
1147 1815 1290 1883 loeo
1316 1818 1375 1896 ⁶)
1421 1816 1741 1882 hactenus
1788 1815 2108 1892 luserunt,
2175 1822 2243 1880 et

276 1897 549 1983 quidem
592 1901 664 1965 iu
708 1902 981 1983 profano
1024 1902 1237 1981 altari,
1281 1903 1438 1986 quia
1481 1901 1739 1968 nullum
1774 1920 2034 1966 sacrum
2077 1907 2239 1965 erat.

280 1985 715 2069 Monspesuli,
763 1986 1096 2067 Nemausi‚
1141 1997 1210 2053 et
1253 1989 1322 2053 in
1366 1987 1515 2055 aliis
1562 1985 1839 2052 urbibus
1874 1986 2085 2051 nostri
2127 1983 2241 2049 ad-

280 2070 420 2137 huc
462 2072 727 2156 templis
768 2073 1098 2151 fruuntur,
1155 2073 1312 2156 quia
1366 2094 1564 2140 nemo
1608 2094 1691 2138 ex
1733 2070 2014 2138 adversa
2056 2081 2243 2154 parte

280 2170 586 2240 repetere
652 2158 867 2224 audet.
971 2158 1054 2224 In
1120 2159 1533 2225 Normannia
1603 2156 1938 2224 obsidetur
1999 2158 2244 2224 Portus

277 2243 537 2327 gratiae
552 2247 613 2323 ⁷)
656 2264 851 2326 quem
895 2243 1099 2329 Angli
1143 2261 1646 2328 occupaverant.

458 2329 644 2396 Haec
726 2331 796 2395 in
860 2332 1235 2412 praesentia
1300 2330 1502 2397 habui
1564 2350 1730 2413 quae
1794 2328 2244 2413 superioribus

282 2411 616 2481 adderem.
683 2415 875 2501 Rogo
898 2425 970 2481 ut
1005 2416 1127 2481 tibi
1160 2424 1228 2482 et
1248 2415 1334 2483 D.
1364 2415 1706 2482 Gualthoro
1748 2435 1947 2481 curae
1983 2415 2071 2480 sit
2113 2414 2245 2479 edi-

282 2500 383 2566 tio
428 2501 809 2586 Apologise,
854 2503 913 2567 si
955 2511 1217 2586 tempus
1276 2509 1587 2584 suppetet
1638 2522 1715 2567 ac
1773 2502 1983 2566 bonus
2048 2508 2243 2585 typo-

278 2586 1293 2758 ffihsszsszssffssm‘am
1339 2586 2244 2739 ffssffimniegi‘effiffssffi

278 2758 555 2822 nomine
598 2756 931 2837 salutabis,
991 2758 1317 2842 simulque
1358 2767 1544 2824 tuam
1589 2758 1925 2824 familiam.
2019 2755 2246 2823 Domi-

276 2864 415 2909 nus
446 2841 637 2908 vobis
671 2842 861 2924 adsit,
902 2865 1020 2911 vos
1061 2845 1385 2927 gubernet
1427 2845 1663 2928 spiritu
1706 2864 1827 2910 suo
1861 2844 2245 2926 laboresque

274 2935 540 2995 vestros
586 2929 945 2995 benedicat.
1028 2930 1343 2997 Genevae
1387 2933 1501 2995 19⁰
1542 2929 1699 2995 Iulii
1752 2932 1932 2995 1563.

1196 3067 1482 3134 Ioannes
1528 3066 1850 3135 Calvinus
1894 3074 2065 3133 tuus.

1054 3360 1463 3371 —c—————-

1162 3609 1361 3680 8982.

692 3747 1338 3819 IONVILLAEUS
1384 3744 1861 3816 WOLPHIO.

359 3922 713 4074 aowin
768 3941 1068 3988 novorum
1119 3918 1424 3986 librorum
1471 3917 1725 3986 Gabini
1765 3917 1881 4002 qui
1938 3919 2070 3984 iam
2126 3918 2244 3985 sub

252 4028 360 4092 pr
648 4057 663 4073 .

266 4178 455 4236 Petiit
489 4196 522 4232 a
556 4196 644 4232 me
680 4185 743 4233 ut
776 4178 1019 4248 Principi
1077 4183 1267 4231 nostro
1313 4176 1690 4243 significarem,
1737 4191 1798 4230 se
1834 4192 1941 4229 non
1986 4174 2111 4229 ideo
2145 4177 2241 4230 ab·

268 4265 403 4303 ense
441 4248 511 4301 ab
547 4248 670 4301 aula
705 4253 767 4302 ut
800 4249 972 4302 otium
1008 4254 1246 4300 sectetur
1279 4251 1377 4299 aut
1411 4252 1473 4298 ut
1490 4244 1620 4305 ,suis
1652 4244 1883 4313 privatis
1918 4244 2081 4297 rebus
2116 4261 2242 4299 con·

268 4318 432 4371 eulnt
463 4322 521 4370 et
554 4317 769 4386 piorum
804 4332 1021 4370 csusann
1057 4315 1291 4380 deserat,
1327 4314 1424 4367 sed
1449 4314 1577 4383 quia
1611 4313 1872 4383 intelligit
1904 4329 2058 4367 sunm
2082 4330 2241 4385 prae·

266 4385 519 4441 centiam
554 4400 675 4439 esse
708 4387 763 4439 in
1015 4385 1084 4439 iis
1119 4384 1214 4453 qui
1251 4398 1431 4438 rerum
1466 4383 1767 4452 potiuntur.

490 4452 553 4588 ἒξ
585 4454 725 4507 have
798 4455 867 4508 ed
912 4453 1060 4508 their
1102 4453 1378 4507 attention
1423 4452 1600 4506 called
1647 4458 1707 4505 to
1741 4452 1839 4507 the
1872 4452 2109 4506 massin
2142 4456 2240 4508 etc.

268 4594 313 4648 ὃ,
349 4607 427 4645 un
480 4592 696 4645 nomme
743 4592 886 4647 Jean
936 4590 1005 4645 de
1054 4590 1271 4645 Poltrot
1321 4606 1417 4643 sur
1469 4590 1522 4643 la
1567 4596 1712 4642 mort
1763 4588 1837 4642 du
1883 4589 1974 4643 feu
2012 4590 2126 4644 Duc
2170 4589 2240 4643 de

268 4662 466 4729 Guyse
519 4677 621 4729 par
672 4659 755 4714 Mt
790 4660 860 4714 de
913 4660 1215 4715 chastillon
1264 4657 1509 4712 Admiral
1563 4657 1633 4711 de
1683 4658 1895 4713 Franco
1945 4663 2002 4712 et
2051 4664 2239 4713 autres

268 4744 531 4785 nomme:
574 4728 729 4782 audit
771 4729 1216 4793 Interrogntoire,
1264 4726 1358 4780 12·
1392 4728 1463 4781 de
1497 4726 1647 4780 Mers
1698 4724 1837 4780 1562
1880 4727 1940 4794 (i.
1976 4743 2024 4783 e.
2066 4726 2242 4795 1563),

273 4797 441 4867 signe
484 4797 802 4852 chastillon.
857 4798 939 4853 La
983 4797 1405 4851 Rochel'oucaut.
1458 4795 1561 4850 Th.
1595 4796 1666 4850 de
1710 4796 1897 4853 Besae.
1968 4796 2135 4851 Me'n.
2172 4796 2240 4851 de

276 4864 475 4923 Gonde'
512 4866 615 4920 IV.
649 4865 773 4923 285.
839 4866 954 4935 (01.
991 4866 1140 4920 Hm.
1175 4864 1299 4919 eccl.
1334 4864 1405 4918 11.
1437 4863 1585 4930 291.)

491 4934 550 5000 5)
584 4936 759 4989 Autre
794 4936 1142 4989 Declaration
1177 4933 1251 4986 dn
1280 4933 1400 5004 Sgr.
1419 4933 1665 4987 Admiral
1740 4937 1873 4986 uant
1908 4935 1942 4988 a
1975 4949 2073 4987 sou
2108 4932 2241 4988 saict

269 5004 603 5126 particugier
636 5004 687 5126 5¹.
721 5004 853 5075 May
889 5002 1044 5059 1563.
1099 5000 1295 5070 (Men.
1330 5002 1398 5057 de
1435 4999 1621 5060 oon&
1653 4949 1744 5057 13.
1781 4999 1929 5067 889.)

493 5077 555 5207 ἦ
589 5089 669 5196 ἰῖ
682 5089 1230 5197 ζοῖῗῑιᾞῗῖἒιωω
1252 5157 1355 5210 pu·
1388 5140 1583 5196 lomes
1603 5145 1859 5223 patentes
1878 5138 1952 5194 du
1975 5141 2024 5196 s.
2042 5140 2240 5196 Jninet

316 5209 475 5265 uhlia
508 5211 563 5264 la
594 5228 793 5290 guerre
824 5217 1017 5265 contre
1051 5212 1133 5264 les
1148 5210 1380 5279 Anglois
1414 5218 1473 5263 et
1500 5208 1569 5263 15
1603 5226 1751 5264 roure
1786 5226 1945 5276 apres
1980 5211 2032 5264 le
2050 5210 2238 5265 Havre

266 5228 365 5334 f„
398 5280 627 5362 neeiegffi
671 5280 723 5333 le
758 5279 1119 5417 Cssnfstnble
1154 5284 1338 5335 esunt
1370 5277 1500 5333 chef
1526 5295 1595 5333 en
1629 5278 1863 5334 l'armee.
1929 5279 2109 5347 (Hice.
2142 5278 2239 5335 des

491 5432 714 5491 00101·κί
737 5449 926 5506 opera.
1002 5429 1124 5493 Vol.
1147 5431 1288 5488 XX.

588 4523 870 4592 Response
904 4521 939 4577 a
980 4521 1435 4590 l’interrogatoire
1471 4520 1634 4590 qu’on
1669 4520 1753 4573 dit
1796 4521 1952 4575 avoir
1984 4522 2100 4576 este
2144 4520 2243 4576 fait
2272 4540 2287 4559 ⁴

4221 433 4313 498 66

2339 614 2704 685 (Excerptum
2739 630 2808 670 ex
2862 614 2994 671 God.
3043 619 3102 671 Ε.
3137 614 3224 682 39,
3258 617 3389 674 olim
3425 619 3510 688 Ep
3552 657 3569 676 .
3605 618 3708 675 1v.
3751 617 3844 674 sol.
3877 614 3984 674 493
4018 620 4163 675 Bihl.
4197 621 4298 676 civ

3094 686 3274 743 Turic-
3312 694 3521 758 autogr.

2339 980 2424 990 —
2469 979 2557 992 —
2599 941 2866 1034 Miraris
2910 943 3071 1027 quid
3111 944 3221 1011 hic
3264 945 3444 1029 typis
3485 944 3866 1012 excudatur.
3937 944 4076 1023 (Ita
4109 947 4294 1012 enim

2341 1025 2575 1093 scribis
2617 1026 2692 1091 in
2735 1029 2868 1094 tuis
2933 1028 3017 1095 ad
3069 1051 3177 1096 me
3225 1029 3436 1096 literis
3489 1050 3653 1114 quas
3710 1031 3781 1095 in
3839 1031 4022 1097 feriis
4066 1039 4304 1115 pente·

2340 1121 2556 1178 costes
2600 1111 2838 1179 dedisti
2883 1123 2951 1180 et
2992 1136 3157 1199 quas
3200 1126 3563 1199 postremas
3606 1117 3873 1199 accepi).
3944 1116 4301 1184 Oommen-

2341 1197 2493 1262 tarii
2536 1196 2624 1264 D.
2676 1197 2926 1266 Calvini
2987 1202 3058 1266 in
3119 1201 3556 1267 Harmoniam
3611 1208 3653 1267 4
3707 1202 3917 1268 Mosis
3972 1202 4300 1268 librorum

2341 1281 2632 1349 eduntur
2671 1305 2711 1350 a
2753 1284 3047 1354 Hem-ico
3082 1286 3448 1370 Stephano:
3477 1288 3527 1370 ¹)
3592 1287 4080 1355 Praelectiones
4123 1288 4304 1355 eius·

2341 1366 2495 1435 dem
2556 1368 2808 1437 calvini
2871 1371 2941 1437 in
2984 1371 3306 1438 Ieremiae
3371 1373 3750 1458 prophetias
3813 1381 3882 1439 et
3940 1374 4304 1440 Lamenta-

2343 1455 2575 1533 tiones,
2621 1476 2662 1520 a
2704 1454 3108 1540 fflspim:²)
3151 1457 3313 1525 haec
3365 1467 3442 1524 ut
3498 1465 3691 1544 sp'ero
3741 1458 4060 1542 proximis
4124 1480 4306 1525 nun-

2342 1538 2516 1606 dinis
2572 1563 2820 1607 venum
2875 1553 3304 1626 exponentur.
3393 1543 3551 1610 Alia
3606 1564 3737 1610 nou
3782 1554 3943 1628 puto
3986 1544 4308 1628 imprimi,

2342 1646 2511 1710 quae
2576 1627 2714 1692 sint
2769 1628 2910 1693 eius
2969 1632 3302 1706 momenti,
3355 1630 3563 1696 latine
3617 1630 3777 1695 dico.
3868 1629 4043 1695 Nam
4087 1631 4301 1696 Anth.

2360 1711 2721 1779 Vincentius
2780 1712 3147 1781 Oonciones
3205 1715 3293 1780 D.
3345 1713 3598 1787 Caluini
3661 1717 3731 1781 in
3803 1714 4043 1781 librum
4101 1715 4220 1782 Iob
4244 1719 4304 1792 ³)

2343 1802 2542 1880 (quae
2629 1795 2785 1863 dum
2851 1819 2972 1881 pro
3036 1809 3352 1886 suggestu
3428 1801 3927 1868 concionaretur
3991 1809 4305 1885 exceptae

2342 1882 2479 1948 iam
2524 1892 2679 1948 ante
2736 1884 2988 1968 aliquot
3042 1906 3254 1951 annos
3307 1887 3569 1953 fuerant
3625 1909 3666 1952 a
3722 1885 4007 1970 quodam
4064 1887 4305 1964 scriba,

2344 1968 2539 2035 sicuti
2593 1968 2889 2036 eiusdem
2945 1971 3415 2054 praelectiones
3473 1972 3719 2039 latinae
3779 1994 3821 2038 a
3878 1973 4066 2039 nobis
4123 1973 4310 2039 exci-

2346 2055 2650 2139 piuntur)
2695 2056 2956 2124 curavit
2997 2057 3177 2142 typis
3223 2055 3657 2139 excudendas,
3723 2078 3887 2142 opus
3929 2058 4192 2142 insigne
4236 2065 4308 2124 et

2344 2160 2592 2219 rarum,
2637 2140 2808 2224 quod
2868 2143 3120 2209 utinam
3166 2143 3280 2228 qui
3328 2143 3612 2209 latinum
3667 2142 3867 2210 faciat
3904 2144 4312 2211 inveniatur.

2348 2261 2563 2376 —5-65—
2607 2263 3589 2279 ————————
3636 2228 3952 2296 Genevae
4000 2234 4098 2296 19.
4145 2229 4312 2295 Iulii

3401 2429 3420 2466 f

3236 2909 3439 2981 3983.
3559 2883 3576 2904 “

2870 3081 3112 3148 ΒΕΖΑ
3153 3031 3791 3150 BULLINGERO.

2526 3251 2660 3319 Res
2687 3251 2972 3319 Gallicas
3004 3252 3196 3319 obiter
3235 3253 3486 3338 attinyit
3526 3254 3802 3321 maxime
3835 3274 3977 3322 vero
4009 3260 4304 3322 versatur

2349 3338 2423 3403 in
2477 3339 2804 3420 semetipso
2859 3340 3193 3423 puryando
3255 3339 3460 3422 quoad
3519 3361 3724 3407 necem
3783 3340 4005 3407 Gai-eii
4018 3361 4037 3400 .·
4103 3342 4302 3408 simul

2347 3424 2539 3490 mittit
2578 3424 2936 3491 Admiralii
2975 3424 3329 3509 apoloqiam
3365 3427 3719 3509 germanice
3760 3426 4142 3494 vertendam.

2621 3594 2732 3664 (Ex
2784 3595 3123 3665 autographo
3156 3594 3283 3650 Cod.
3341 3593 3542 3650 Gener.
3599 3594 3719 3659 118,
3765 3596 3856 3651 sol.
3912 3595 4020 3665 13.)

2517 3766 2784 3833 Eximio
2834 3766 3090 3833 Christi
3143 3787 3334 3833 servo
3393 3765 3477 3833 D.
3524 3766 3865 3834 Henricho
3909 3767 4302 3855 Bullingero

2346 3853 2521 3936 patri
2568 3853 2732 3917 mihi
2788 3852 3148 3937 plurimum
3209 3850 3614 3919 observando
3666 3862 3735 3920 et
3789 3854 4148 3939 Tigurinae
4191 3876 4302 3923 ec-

2345 3937 2582 4004 clesiae
2626 3960 2785 4005 vere
2827 3938 2958 4004 fido
3001 3939 3269 4022 pastori.
3878 4026 4127 4110 Tiguri-

2341 4314 2609 4380 amal)
2653 4314 2919 4370 Colladon
2949 4312 3165 4382 2103.-
3199 4314 3250 4368 11
3285 4315 3387 4367 mit
3421 4331 3489 4368 en
3522 4313 3751 4369 lumiere
3786 4332 3885 4370 son
3910 4319 4304 4374 commentaire

2342 4401 2438 4438 sur
2473 4385 2554 4438 les
2584 4382 2620 4437 4
2656 4384 2904 4438 dernier-s
2949 4384 3117 4438 livres
3151 4383 3220 4437 de
3255 4384 3447 4453 Moyse
3491 4385 3708 4454 redigen
3745 4401 3813 4438 en
3859 4386 4031 4440 forme
4066 4387 4136 4441 de
4170 4403 4300 4442 con·

2342 4452 2626 4507 cordance.
2701 4453 3015 4521 Davantage
3062 4453 3247 4506 iurent
3293 4453 3604 4521 imprimees
3650 4470 3738 4508 ses
3785 4455 3970 4522 lecons
4011 4471 4107 4509 sur
4151 4458 4300 4512 lere·

2340 4522 2450 4644 {nie
2488 4520 2617 4591 qu'il
2653 4522 2823 4604 svoit·
2838 4523 3042 4590 expose
3078 4537 3146 4574 en
3181 4520 3396 4601 l'escole
3415 4560 3568 4577 .....
3622 4522 3708 4576 Au
3743 4533 3889 4644 rgstg
3924 4523 3966 4577 il
3986 4526 4298 4608 ‘treduisoit

2340 4590 3589 4729 d‘gfflmffljf‘gffiffsxgi,⁰ssmfflffig¹gssssn⁸33
3623 4592 3861 4729 ὲῗὸωῑὲι-
3885 4607 4094 4729 ἙῘᾞ
4119 4595 4301 4719 302th

2354 4728 2483 4783 Vita
2523 4727 2609 4782 ed.
2653 4726 2853 4783 Nickel
2910 4743 2981 4809 P:
3002 4724 3090 4780 34.
3136 4754 3203 4765 —
3244 4726 3579 4783 Prodici-unt
3621 4728 3708 4782 iun·
3746 4728 4056 4785 sub-u‘tulo:
4126 4733 4299 4787 Moeis

2338 4797 2396 4850 ll.
2434 4797 2505 4850 V.
2544 4814 2667 4851 cum
2700 4797 2742 4851 1.
2773 4797 2984 4852 Calvim
3019 4803 3440 4851 commentariis.
3509 4796 3736 4851 Genesis
3783 4814 4045 4863 seorsum,
4095 4802 4296 4871 reliqui

2340 4866 2916 4994 qoemossiinlffioffifeffi
2939 4864 3254 4918 hermoniae
3278 4864 3491 4934 digesti.
3539 4864 3847 4922 θεω1563.
3881 4867 3950 4921 Η.
3971 4868 4304 4939 Stephanus.

2542 5002 2604 5071 3)
2637 5004 2895 5057 Sermone
2928 5002 2998 5055 de
3033 5002 3110 5056 Μ.
3144 5002 3286 5056 Jean
3321 5001 3511 5056 Calvin
3544 5018 3639 5055 sur
3672 5003 3724 5056 le
3759 5003 3898 5057 livre
3932 5003 4002 5057 de
4025 5003 4138 5059 Iob.
4186 5005 4296 5061 Be·

2338 5071 2547 5126 cueillis
2581 5072 2896 5126 fidelement
2928 5070 2997 5124 de
3032 5088 3094 5124 sa
3127 5071 3335 5127 bouche
3369 5071 3520 5125 selon
3559 5071 3674 5140 quil
3707 5072 3787 5126 les
3823 5071 4117 5141 preechoit.
4156 5073 4298 5132 Gen.

2340 5138 2492 5194 1563.
2545 5140 2636 5194 sol.
2708 5139 2796 5206 Cf.
2841 5140 3026 5195 Beeae
3070 5142 3254 5209 praef.
3300 5139 3377 5195 ad
3425 5154 3563 5194 vers.
3608 5140 3705 5195 lat.
3779 5140 4043 5196 OElladon
4085 5158 4146 5212 p.
4193 5143 4298 5199 60.-

2338 5209 2515 5264 Audit
2559 5226 2631 5263 an
2667 5208 2805 5264 1554
2855 5210 2896 5264 il
2947 5209 3100 5278 print
3150 5226 3290 5280 pour
3339 5209 3422 5263 les
3469 5224 3715 5264 sermons
3758 5209 4062 5264 ordinaires
4112 5211 4183 5267 de
4229 5230 4296 5267 sa

2336 5278 2616 5402 {eepvmssilne
2681 5279 2732 5333 le
2794 5280 2934 5334 livre
2990 5278 3059 5333 de
3123 5278 3222 5334 lob
3272 5278 3390 5347 quil
3441 5293 3753 5349 commenca
3813 5279 3866 5333 le
3916 5276 3987 5333 26
4041 5280 4164 5335 iour
4223 5283 4306 5338 de

3853 5432 3889 5486 5
