4900 6125
272 438 353 499 9⁷
1977 438 2134 500 1561
2182 435 2603 504 NOVEMB.
4220 440 4305 503 98

270 643 458 701 num,
540 629 762 688 tamen
828 642 964 688 non
1030 620 1256 690 desino
1317 645 1588 691 monere
1654 631 1720 688 et
1784 623 2098 691 obtestari
2157 629 2237 690 ut

272 728 421 774 sese
464 705 677 773 modis
716 706 1020 774 omnibus
1076 710 1481 788 contineant,
1547 709 1861 793 quoniam
1904 710 2065 776 istos
2107 709 2236 774 im-

270 801 468 878 petus
521 793 826 860 existimo
882 795 1110 860 &aeno
1154 796 1371 880 potius
1414 816 1610 880 quam
1656 794 2020 863 calcaribus
2061 794 2237 860 indi-

273 900 433 964 gere
511 886 579 945 et
659 897 885 946 vereor
949 902 1035 945 ne
1098 880 1513 965 impatientia
1575 891 1827 948 certam
1894 880 2239 947 victoriam

271 965 465 1032 nobis
518 986 602 1032 ex
663 965 969 1031 manibus
1011 965 1269 1051 eripiat.
1353 968 1659 1051 Denique
1715 973 1974 1034 nostros
2016 966 2237 1050 potius

271 1070 470 1135 quam
517 1049 929 1118 adversarios
972 1059 1212 1119 metuo.

449 1137 597 1203 Iam
661 1138 857 1203 venio
916 1136 999 1203 ad
1065 1159 1287 1205 meum
1354 1136 1661 1204 reditum.
1754 1138 1977 1206 Simul
2040 1145 2239 1221 atque

266 1223 501 1289 literas
544 1232 698 1289 tuas
743 1224 962 1308 accepi
1003 1224 1252 1290 instare
1294 1224 1479 1307 coepi
1522 1224 1728 1289 multo
1771 1226 1976 1290 etiam
2023 1225 2239 1290 aci-ius

268 1329 474 1392 quam
516 1317 729 1389 antea,
775 1316 851 1374 ιιι
892 1309 1057 1374 mihi
1112 1311 1304 1376 fieret
1349 1309 1631 1376 abeundi
1676 1310 1971 1376 facultas,
2062 1309 2239 1374 'l'an-

270 1409 419 1461 tum
482 1393 666 1461 abest
718 1404 797 1459 ut
846 1395 1257 1478 impetrarim
1311 1404 1388 1461 ut
1430 1396 1631 1461 etiam
1673 1396 1903 1480 regina
1946 1395 2090 1479 ipsa
2131 1415 2238 1460 me

268 1481 663 1548 uomitum
725 1500 1034 1564 expresse
1098 1480 1349 1565 rogarit
1400 1488 1481 1547 ut
1533 1480 1771 1548 saltem
1827 1481 1912 1548 ad
1977 1491 2239 1565 tempus

268 1587 628 1634 manerem.
716 1566 863 1650 Ego
920 1587 1042 1634 nec
1096 1569 1290 1633 renui
1341 1573 1587 1650 aperte,
1643 1587 1766 1635 nec
1833 1568 2058 1646 annui,
2121 1565 2238 1634 sed

266 1675 380 1719 me
424 1659 753 1719 staturum
798 1652 1066 1718 arbitrio
1112 1673 1339 1719 eorum
1384 1653 1523 1719 dixi
1571 1653 1809 1737 quibus
1853 1675 2003 1719 sum
2049 1674 2237 1719 man-

268 1741 544 1822 cipatus.
634 1736 795 1804 Ideo
861 1759 1003 1804 sese
1067 1738 1241 1806 istuc
1307 1739 1668 1823 scripturos
1749 1739 2082 1816 dixerunt,
2163 1749 2238 1804 ut

268 1825 477 1891 trium
537 1824 868 1889 mensium
923 1833 1185 1908 tempus
1228 1824 1392 1889 mihi
1434 1833 1842 1909 prorogetur.
1932 1827 2120 1909 Rogo
2162 1832 2240 1890 ut

266 1909 479 1977 semel
523 1911 832 1976 statuatis
874 1931 982 1975 me
1026 1910 1196 1975 nihil
1238 1931 1508 1993 prorsus
1565 1932 1823 1993 cupere,
1892 1912 2019 1977 nisi
2062 1910 2236 1993 quod

265 1996 663 2064 censueritis
721 1995 1049 2079 expedire.
1138 1995 1395 2063 Causae
1453 2018 1572 2062 cur
1626 1997 1792 2062 mihi
1838 1996 2238 2062 manendum

267 2082 467 2149 multi
533 2081 929 2155 existiment,
1010 2082 1136 2148 hae
1200 2089 1374 2149 sunt.
1484 2083 1750 2166 Regina
1823 2083 2043 2148 nescio
2109 2103 2237 2166 quo

264 2166 464 2234 modo
510 2167 792 2233 libenter
835 2190 941 2234 me
986 2166 1190 2247 videt,
1235 2166 1407 2251 quod
1451 2181 1553 2235 est
1596 2167 1774 2250 apud
1816 2168 2060 2234 multos
2102 2179 2237 2234 tes-

266 2263 426 2332 tata,
474 2265 544 2319 et
586 2275 659 2319 re
714 2253 861 2337 ipsa
903 2275 1053 2319 sum
1103 2264 1429 2336 expertus.
1526 2253 1684 2319 Ideo
1718 2255 1994 2338 cupiunt
2027 2255 2238 2320 nostri

262 2361 579 2425 proceres
624 2359 731 2404 me
775 2339 884 2405 hic
926 2361 1215 2416 manere,
1283 2341 1472 2423 quasi
1517 2338 1672 2406 fidei
1716 2353 1786 2405 et
1827 2339 2236 2406 obedientiae

262 2439 653 2492 nostrarum
708 2424 1128 2491 ecclesiarum
1187 2424 1501 2502 obsidem,
1568 2426 1896 2509 tantisper
1950 2425 2110 2491 dum
2162 2425 2236 2490 in

261 2511 494 2577 sutum
540 2511 655 2577 illo
679 2520 1011 2577 conventu
1046 2508 1294 2594 aliquid
1330 2512 1495 2577 certi
1531 2512 1975 2577 constituatur
2008 2520 2075 2577 et
2108 2512 2236 2595 ipsi

262 2597 634 2664 conventui
692 2617 799 2661 me
855 2597 1087 2662 volunt
1140 2596 1480 2663 interesse.
1569 2596 1720 2663 Huc
1766 2596 2017 2663 aceedit
2061 2597 2235 2681 quod

308 2693 556 2748 uatuor
619 2682 906 2748 familiae
972 2681 1236 2767 (quarta
1293 2683 1471 2747 enim
1530 2681 1681 2761 iam,
1763 2703 1930 2765 quae
1986 2691 2088 2748 est
2146 2683 2232 2748 D.

262 2705 578 2848 ganolii,
646 2769 780 2833 iam
824 2768 1127 2843 accessit)
1193 2769 1477 2850 cupiunt
1538 2769 1613 2832 in
1656 2788 1864 2833 unum
1922 2768 2234 2835 ecclesiae

258 2874 511 2938 corpus
576 2852 968 2932 coalescere,
1049 2861 1115 2918 et
1179 2854 1551 2919 consistorii
1629 2855 1831 2919 etiam
1886 2853 2235 2938 disciplina

258 2940 430 3040 regi,
498 2939 677 3023 quod
718 2940 972 3018 confici,
1038 2938 1168 3005 nisi
1223 2939 1443 3023 aliquo
1489 2940 1805 3024 temporis
1848 2942 2080 3023 spatio,
2149 2941 2231 3007 ab

270 3026 412 3091 alio
456 3026 762 3093 fortassis
806 3047 1006 3109 quam
1049 3046 1158 3092 me
1194 3047 1348 3103 uno,
1394 3039 1471 3090 ut
1515 3046 1692 3091 nunc
1728 3045 1834 3092 res
1871 3037 2049 3105 sunt,
2096 3047 2231 3092 non

258 3124 506 3196 potest.
573 3114 634 3178 E
679 3113 1004 3178 contrario
1048 3111 1244 3177 valde
1287 3122 1596 3195 torqueor
1638 3134 1838 3195 quum
1885 3124 1953 3177 te
1996 3113 2231 3177 labori-

260 3198 389 3264 bus
448 3199 728 3283 opprimi
790 3206 857 3263 et
910 3197 1203 3264 scholam
1260 3206 1554 3263 nostram
1609 3199 1819 3263 iacere
1879 3196 2086 3275 viden,
2155 3207 2231 3263 ut

258 3286 602 3368 privatum
660 3284 761 3349 tui
816 3293 885 3348 et
928 3282 1109 3349 urbis
1154 3291 1417 3349 nostrae
1465 3282 1861 3350 desiderium
1907 3285 2229 3361 omittam,

258 3370 441 3453 quod
498 3372 712 3435 sentio
766 3368 1058 3453 quotidie
1113 3390 1249 3434 non
1302 3369 1497 3434 modo
1552 3390 1687 3435 non
1752 3369 2057 3436 imminui
2114 3370 2231 3435 sed

260 3456 467 3521 etiam
528 3476 838 3523 crescere.
948 3454 1090 3519 Vos
1148 3456 1370 3538 igitur,
1436 3456 1493 3520 si
1559 3454 1641 3520 ad
1700 3476 1821 3520 vos
1886 3455 2229 3532 scribatur,

260 3542 573 3607 statuetis
641 3540 813 3626 quod
880 3539 1269 3607 censueritis
1337 3539 1664 3624 expedire.
1776 3541 1871 3607 Ut
1936 3541 2231 3608 scribant

260 3648 607 3710 nunquam
662 3626 1026 3711 postulabo,
1087 3624 1201 3692 sed
1270 3635 1342 3690 nt
1400 3625 1507 3693 vel
1563 3649 1671 3693 me
1716 3626 2076 3704 dimittant,
2123 3626 2230 3693 vel

260 3714 491 3779 statim
536 3713 729 3779 vobis
771 3712 1071 3788 satisfiat,
1117 3712 1242 3777 hoc
1287 3712 1554 3796 urgebo.
1636 3713 1734 3777 De
1777 3733 1926 3777 mea
1970 3712 2230 3778 valetu-

261 3799 422 3864 dine
495 3800 658 3865 satis
738 3799 902 3864 bene
969 3798 1288 3863 hactenus
1353 3795 1571 3863 habui.
1681 3799 1875 3863 Nunc
1940 3799 2230 3881 obrepsit

260 3885 613 3951 catarrhus
645 3884 890 3969 partim
933 3903 1016 3948 ex
1040 3884 1212 3949 aeris
1257 3891 1324 3947 et
1368 3883 1490 3950 loci
1536 3883 1940 3967 intemperie,
1985 3885 2227 3966 partim

260 3991 349 4035 ex
417 3971 813 4054 importunis
878 3977 946 4035 et
1007 3968 1292 4035 assiduis
1346 3968 1692 4035 laboribus.
1774 3968 1954 4035 Huic
2021 3969 2228 4053 igitur

260 4057 438 4122 malo
496 4068 575 4123 ut
633 4057 1023 4139 tempestive
1084 4054 1368 4134 medear,
1414 4076 1558 4121 cras
1603 4054 1946 4125 Lutetiam
1989 4056 2226 4140 cogito,

259 4330 1112 4467 1...⁶⁰¹²⁹⁰'..5‚‘,¹.⁹¹.‘22.5:.55‘‡³2‘3322
1115 4329 1291 4467 52¹2?
1293 4330 1363 4452 ⁵03
1375 4329 1456 4450 ‘¹31
1480 4327 2051 4453 ¹⁸..g'3‘2‘1'dztzff‘12'2
2111 4344 2228 4451 {231

262 4480 394 4531 m,
428 4485 555 4522 cum
591 4467 887 4522 conficiunt
920 4467 977 4520 in
1024 4467 1243 4520 vincula
1286 4472 1384 4520 sut
1430 4481 1497 4520 ve
1599 4476 1726 4519 rant
1770 4473 1867 4520 aut
1912 4466 2021 4520 alio
2064 4467 2227 4520 modo

262 4544 537 4599 meent,
575 4544 635 4591 et
665 4544 866 4590 cavent
897 4553 969 4589 ne
1017 4536 1141 4604 quis
1187 4536 1453 4589 tumultus
1506 4535 1804 4589 exoriatur.
1892 4534 2008 4589 Sub
2060 4535 2226 4590 finem

261 4606 538 4661 madonis
571 4605 904 4673 colliguntur
938 4604 1316 4675 eleemosynae
1340 4620 1480 4673 quae
1514 4604 1700 4659 statim
1727 4603 2134 4657 distribuuntur
2166 4606 2227 4657 in

262 4691 532 4799 ΕΜ
568 4675 749 4797 ΨΜ
860 4670 1893 4796 ⁰.¹¹¹²ffl⁰;1·..⁰332.2;.¹³¹²·‘·3.‘’1¹2².3323¹:
1939 4673 2080 4796 “¹13⁹ss
2125 4672 2227 4727 ⁸⁰¹²

390 4782 620 4799 .....
820 4759 896 4796 un
957 4759 992 4794 a
1447 4759 1505 4794 ιιι
1915 4759 1983 4794 ιιι·
2019 4759 2036 4794 ι
2103 4781 2118 4796 .
2154 4781 2169 4794 .
2209 4778 2223 4793 .

262 4810 1069 4867 ...ΙοιιηιαῑὼΒηωῐαι
1113 4809 1306 4872 (Μόηι.
1354 4809 1424 4866 de
1471 4806 1658 4864 Condi
1701 4810 1746 4863 1.
1794 4807 1919 4877 59).·
1966 4810 2229 4864 Lelret

264 4879 327 4933 24
353 4881 485 4949 Jour
520 4880 590 4933 de
614 4880 751 4934 Nov.
788 4896 848 4933 se
882 4880 1049 4934 flrent
1122 4879 1356 4933 lusienrs
1373 4879 1607 4949 grandes
1641 4879 1969 4932 assemblees
2006 4886 2065 4932 et
2098 4895 2225 4933 eon·

264 4950 565 5005 venticulus
600 4966 671 5002 en
703 4950 758 5002 la
791 4948 921 5002 ville
957 4948 1026 5001 de
1107 4948 1237 5015 sris,
1275 4949 1505 5018 jusqnes
1555 4964 1625 5002 au
1674 4948 1899 5001 nombre
1947 4947 2018 5001 de
2052 4946 2089 5000 2
2122 4946 2157 5000 ὁ
2189 4947 2226 5001 3

264 5019 413 5072 mille
446 5034 751 5088 personnes
785 5034 854 5071 en
890 5016 1076 5071 divers
1110 5018 1276 5080 lieux,
1312 5017 1460 5087 qnod
1493 5032 1603 5070 non
1635 5016 1741 5069 fnit
1775 5018 1892 5070 sine
1908 5033 2106 5086 magno
2142 5016 2226 5071 in·

264 5087 549 5142 mundo
583 5087 726 5156 reip.
758 5086 1099 5151 christianae,
1146 5091 1207 5139 et
1238 5086 1291 5140 le
1363 5087 1413 5139 is
1448 5092 1534 5139 est
1579 5101 1686 5154 qne
1722 5085 1973 5139 combien
2006 5100 2115 5155 qne
2148 5085 2225 5139 M.

266 5155 319 5209 le
350 5156 546 5211 Princo
580 5156 695 5209 fust
726 5155 1032 5209 lientenant
1064 5171 1206 5223 pour
1242 5156 1296 5210 le
1399 5172 1448 5225 y,
1485 5170 1547 5208 ee
1578 5154 1899 5208 neanmoins
1932 5171 2005 5225 ny
2043 5155 2227 5208 donna

268 5240 437 5278 aucun
471 5225 653 5290 ordre,
690 5223 875 5278 disant
908 5224 1024 5293 quil
1071 5226 1223 5278 avoit
1266 5224 1394 5278 bien
1441 5223 1640 5293 charge
1687 5223 1757 5276 de
1804 5222 2123 5292 empescher
2170 5222 2225 5277 la

270 5293 519 5361 sedition,
563 5294 703 5348 nais
748 5293 818 5346 de
862 5293 1183 5363 empescher
1230 5292 1486 5362 presches
1531 5297 1590 5346 et
1644 5292 2048 5347 conventicules
2106 5293 2223 5346 cela

270 5362 485 5418 n’e-toit
514 5363 586 5418 de
619 5378 683 5416 sa
714 5362 915 5430 charge
948 5368 1044 5417 otc.

476 5447 704 5505 odviae·
723 5461 911 5519 opem.
992 5447 1108 5503 Vol.
1142 5445 1315 5500 XIX.

2339 626 2635 692 triduum
2709 620 2801 688 ibi
2866 620 2950 687 ad
3016 644 3350 689 summum
3415 623 3755 691 haesurus.
3863 624 4306 692 Nomandius

2338 711 2487 777 heri
2517 710 2733 787 venit,
2779 729 2974 791 quem
3008 730 3215 792 quum
3249 728 3370 793 ego
3408 710 3698 776 viderem
3733 711 3916 777 visus
3951 730 4098 776 sum
4134 710 4302 776 mihi

2338 806 2406 863 te
2463 796 2839 881 conspicere
2897 803 2964 859 et
3021 794 3230 862 veluti
3273 797 3548 862 renasci.
3638 794 3918 862 Caetera
3960 816 4045 861 ex
4088 795 4302 878 ipsius

2336 882 2550 949 literis
2591 899 2964 967 cognosces.
3046 880 3129 946 M
3337 892 3564 947 noster
3598 902 3751 948 cum
3788 881 4064 946 honesto
4098 881 4302 945 comi-

2338 975 2488 1034 tatu
2532 975 2601 1033 et
2643 966 2832 1034 bonis
2875 965 3238 1032 conditioni
3283 987 3362 1032 us
3404 968 3673 1033 tandem
3717 966 4028 1033 dimissus
4071 973 4191 1045 est,
4234 971 4305 1031 et

2339 1053 2489 1132 iter,
2568 1061 2645 1118 ιιι
2709 1051 2961 1135 opinor,
3041 1052 3385 1137 ingressus
3450 1060 3554 1119 est
3605 1072 3760 1119 cum
3815 1051 4305 1119 Marchionissa

2343 1139 2643 1205 Rotelini.
2730 1139 2835 1204 Ea
2891 1137 2948 1203 si
3004 1137 3088 1202 ad
3147 1156 3267 1203 vos
3325 1140 3596 1218 venerit,
3661 1139 3949 1223 ingenue
4007 1137 4304 1204 monebis

2339 1233 2416 1290 ut
2469 1225 2788 1290 maiorem
2844 1221 3083 1288 habeat
3136 1222 3257 1289 filii
3302 1243 3546 1305 curam,
3610 1225 3830 1308 ipsum
3886 1244 4044 1289 vero
4103 1223 4306 1289 etiam

2341 1308 2719 1396 obiurgabis
2784 1307 2956 1393 quod
3020 1309 3315 1374 omnium
3380 1308 3902 1393 improbissimos
3966 1308 4090 1375 sibi
4145 1329 4304 1375 con-

2340 1395 2788 1462 iunctissimos
2865 1393 3084 1461 adhuc
3149 1392 3469 1460 habuerit.
3580 1394 3902 1461 Burlinus
3975 1415 4153 1460 unus
4218 1415 4304 1460 ex

2340 1480 3065 1566 wirtembergensibus
3118 1480 3143 1545 l
3271 1482 3376 1558 tis,
3433 1488 3621 1565 peste
3673 1481 3931 1547 interiit
3973 1480 4306 1547 Lutetiae.

2340 1567 2608 1651 Reliqui
2675 1576 2811 1633 tres
2876 1587 3114 1650 nempe
3145 1501 3482 1645 efflamus,
3546 1566 3936 1649 Bocquinus,
3983 1566 4303 1643 Andreae,

2338 1654 2454 1720 ubi
2497 1654 2632 1721 sint
2676 1653 2915 1729 nescio,
2960 1671 3081 1719 nec
3123 1653 3420 1718 fortassis
3464 1653 3664 1718 etiam
3707 1653 4075 1720 resciscam.
4164 1651 4306 1734 Qui

2339 1739 2489 1805 illos
2532 1759 2650 1804 suo
2694 1739 2893 1804 unius
2938 1737 3213 1803 consilio
3249 1738 3594 1803 accersivit
3637 1738 3866 1823 lupum
3909 1759 4085 1805 nunc
4120 1745 4305 1803 tenet

2341 1826 2631 1892 auribus.
2653 1829 2710 1903 ⁴)
2785 1823 2895 1889 Ita
2948 1825 3024 1889 fit
3076 1832 3152 1888 ut
3207 1822 3407 1889 nullis
3460 1823 3767 1906 placeant
3823 1824 3936 1908 qui
4001 1824 4307 1890 omnibus

2339 1911 2599 1993 placere
2642 1908 2930 1976 student.
3012 1910 3198 1975 Haec
3243 1930 3423 1974 nunc
3468 1910 3673 1975 habui
3713 1931 3883 1994 quae
3929 1908 4303 1977 scriberem.

2339 1995 2441 2062 Mi
2484 2004 2688 2081 pater,
2745 2016 2905 2080 rogo
2962 2002 3038 2061 ut
3080 2015 3199 2079 pro
3243 2016 3350 2060 me
3396 1997 3650 2078 precari
3692 2016 3931 2081 pergas
3974 2017 4112 2061 una
4153 2015 4309 2061 cum

2339 2083 2615 2148 caeteris
2656 2083 2972 2148 fratribus
3015 2101 3179 2164 quos
3225 2101 3359 2145 una
3401 2090 3616 2146 tecum
3661 2082 3793 2148 Dei
3835 2082 4091 2166 gratiae
4131 2101 4308 2148 oom-

2336 2168 2591 2234 mendo.
2674 2168 2783 2235 Ex
2827 2166 3075 2234 Sancto
3119 2166 3458 2234 Germano
3499 2173 3563 2233 4.
3611 2166 4020 2234 Novembris.

3699 2288 3885 2354 Tuus
3931 2288 4130 2354 Beza.

2513 2459 2759 2526 Uxoris
2801 2459 3049 2526 factum
3094 2458 3371 2525 moleste
3415 2458 3572 2537 fero,
3619 2480 3830 2543 neque
3878 2459 3947 2525 id
3993 2458 4302 2528 dissimu-

2339 2546 2482 2612 lare
2539 2546 2722 2628 potui
2778 2546 2850 2611 in
2891 2545 2976 2611 iis
3032 2544 3243 2610 literis
3288 2565 3452 2628 quas
3495 2544 3578 2610 ad
3623 2566 3772 2610 eam
3813 2545 4043 2612 scribo.
4123 2546 4306 2614 J‘ad-

2326 2633 2655 2715 jousteray
2692 2650 2757 2697 σε
2790 2632 2954 2712 peut
2994 2635 3116 2696 mot
3159 2650 3297 2712 que,
3361 2650 3581 2714 qraces
3622 2652 3666 2696 a
3709 2629 3901 2712 Dieu,
3961 2633 4052 2698 les
4094 2633 4304 2700 choses

2338 2722 2481 2783 sont
2520 2717 2660 2782 bien
2702 2716 3018 2800 chanyees,
3064 2736 3138 2781 en
3183 2736 3314 2798 peu
3356 2716 3625 2794 d’heure,
3672 2723 3883 2785 astans
3913 2718 4305 2785 maintenant

2334 2804 2530 2885 saints
2589 2803 2893 2886 qardicns
2954 2803 3068 2868 des
3131 2802 3494 2868 assemblees
3557 2822 3713 2868 ceux
3780 2804 3847 2869 la
3903 2824 4131 2870 mesme
4188 2807 4307 2889 qui

2337 2909 2500 2955 nous
2555 2893 2875 2972 menoycnt
2930 2908 3006 2952 en
3053 2888 3297 2969 prison.
3399 2887 3482 2953 Je
3534 2889 3718 2953 oraim
3771 2890 4104 2956 seulement
4147 2889 4306 2974 qu’il

2337 2974 2442 3057 n’y
2492 2994 2569 3039 en
2620 2980 2728 3056 ayt
2783 2974 2895 3056 qui
2944 2995 3077 3055 par
3120 2973 3262 3039 leur
3301 2975 3671 3055 impatienoe
3712 2995 3789 3040 en
3832 2975 4111 3042 abbatem
4142 2977 4306 3059 plus

2336 3081 2415 3126 en
2473 3080 2563 3125 tm
2620 3061 2766 3127 iour
2818 3060 3046 3143 queis
3101 3057 3246 3126 n’en
3307 3081 3562 3144 aypeu
3617 3060 4302 3148 bastirenunmoys,

2337 3145 2519 3211 Loue'
2557 3152 2693 3229 soyt
2732 3152 2942 3212 nostre
2983 3146 3157 3212 Dien
3198 3166 3360 3229 quoy
3401 3146 3560 3228 qu’il
3591 3166 3666 3211 en
3709 3148 3983 3215 adviene.
4055 3149 4300 3216 Exem-

2334 3232 2484 3315 plar
2524 3231 2870 3298 literarum
2912 3253 3074 3316 quas
3119 3228 3205 3296 ad
3250 3242 3313 3297 te
3357 3233 3547 3297 mitto
3605 3231 3755 3298 vide
3812 3242 3889 3299 ut
3947 3234 4299 3320 diligenter

2338 3338 2661 3395 asserves,
2740 3340 2825 3383 ne
2903 3340 2943 3383 a
3021 3338 3349 3401 quoquam
3416 3317 3841 3386 describatur.
3947 3320 4055 3386 Ita
4117 3322 4298 3389 enim

2337 3404 2612 3486 promisi
2633 3411 2704 3469 et
2725 3424 2993 3471 causam
3016 3403 3206 3470 facile
3229 3411 3415 3486 potes
3435 3404 3773 3487 suspicari.
3833 3407 4091 3472 Iterum
4128 3410 4294 3474 vale.

2340 3489 2674 3569 GalasiuS,
2740 3489 2855 3573 qui
2897 3490 3078 3557 solus
3123 3487 3338 3554 adhuc
3372 3510 3633 3556 mecum
3676 3501 3795 3570 est,
3870 3512 3990 3558 vos
4034 3493 4296 3560 salutat.

2332 3573 2656 3642 Balduini
2674 3577 2734 3659 ⁵)
2779 3595 3221 3643 successorem
3261 3573 3479 3642 adhuc
3523 3597 3784 3658 quaero.

3211 4087 3415 4157 8⁶⁰⁰.

2764 4223 3260 4293 FARELLUS
3307 4226 3854 4295 LIBERTE'PO.

2503 4394 2615 4461 Ex
2669 4396 2907 4463 itinere.
3025 4396 3232 4478 Usque
3298 4403 3603 4479 exspectat
3657 4399 4030 4485 collem-um
4088 4403 4293 4468 oonsi-

2326 4481 2509 4558 liwm,
2554 4482 2708 4547 dum
2748 4484 2886 4565 ipse
2925 4483 3208 4548 haesitat.

2330 4652 2439 4721 (Ex
2492 4653 2834 4723 autographo
2887 4652 3249 4777 bibliothecae
3262 4660 3583 4793 ppaabtgsum
3631 4654 4097 4723 Neocomensium,
4135 4655 4291 4711 Fiek.

2328 4893 2583 4959 Christi
2638 4914 2831 4959 servo
2886 4894 3366 4979 Christophoro
3411 4895 3630 4961 Fabro
3673 4895 3844 4977 patri
3888 4901 3956 4959 et
3998 4895 4286 4981 collegae

2499 4982 2569 5045 in
2613 5001 2889 5047 munere
2931 4980 3313 5066 evangelico
3356 4980 3543 5048 valde
3586 5001 3740 5047 caro
3783 4981 3846 5046 N
3849 4981 4112 5047 eocomi.

3961 5152 4287 5211 merebam.

2531 5150 2592 5219 4)
2629 5151 2974 5207 Butam
3009 5158 3180 5219 notat,
3224 5152 3322 5207 sed
3351 5153 3497 5219 forte
3532 5152 3917 5278 nauium
3940 5237 4110 5293 mm
4155 5239 4283 5280 m·

2325 5218 2484 5276 Certa
2519 5219 2772 5276 Palatini
2802 5220 2969 5290 layas·
3002 5237 3123 5276 cnm
3173 5220 3356 5277 Gallis
3391 5222 3576 5291 poem
3612 5220 3735 5290 fact

2325 5296 2432 5352 tm,
2471 5295 2534 5344 ut
2567 5288 2721 5344 Bosa
2752 5291 3032 5358 suspicari
3063 5289 3283 5347 videtur

2532 5356 2586 5427 ὁ)
2620 5358 2761 5429 1000.-
2793 5358 3062 5414 Baduelli.
3846 5442 3880 5497 7
