4900 6125
615 402 745 466 608

613 587 840 655 oblata
882 605 1062 651 nunc
1097 593 1202 652 est
1235 584 1716 668 opportunitas,
1756 585 1911 668 quia
1952 585 2242 651 ministri
2275 586 2388 670 qui
2432 593 2595 653 sunt

613 674 740 742 sub
776 671 1024 738 ditione
1058 671 1393 738 Comitum
1440 671 2011 753 Mansfeldensium
2052 671 2335 756 insipido
2367 671 2593 739 libello

616 759 851 828 Gallos
909 757 990 822 ad
1047 757 1566 842 resipiscentiam
1626 756 1869 822 hortati
1924 764 2102 836 sunt,
2148 779 2310 842 quos
2352 759 2590 826 fram-os

615 851 984 931 agnoscunt
1026 853 1095 910 et
1138 845 1503 922 nominant,
1548 854 1822 927 excepto
1866 844 1991 909 hoc
2035 865 2167 910 nno
2207 845 2438 928 capite.
2511 845 2589 913 Si

612 929 963 1016 paululum
1021 928 1106 995 ab
1169 930 1316 996 aliis
1375 929 1909 1014 occupationibus
1964 928 2223 997 levatus
2277 932 2465 997 fuero
2522 940 2591 998 et

614 1016 831 1082 morbi
890 1015 1091 1081 etiam
1158 1015 1638 1081 relaxationem
1693 1014 2015 1094 dederint,
2080 1016 2326 1099 aliquid
2389 1038 2589 1102 expe-

616 1104 772 1168 riar.
871 1100 1130 1167 Breodii
1206 1101 1640 1169 hallucinatio
1715 1100 2002 1168 breviter
2077 1102 2287 1169 refelli
2352 1115 2588 1186 potest,

615 1188 773 1273 quia
821 1187 1222 1272 principium
1266 1187 1442 1271 quod
1483 1187 1687 1254 sumit
1729 1186 1810 1252 de
1852 1187 2299 1254 immensitate
2336 1190 2589 1274 gloriae

614 1285 687 1340 et
737 1273 1070 1358 potentiae
1112 1273 1371 1340 Christi
1425 1294 1769 1357 perperam
1829 1272 1915 1339 ad
1969 1276 2323 1341 essentiam
2364 1277 2589 1343 carnis

616 1360 1085 1426 accommodat.
1174 1358 1375 1425 Certe
1419 1361 1486 1424 in
1533 1359 1657 1426 hoc
1691 1361 1978 1426 vertitur
2012 1360 2237 1427 cardo:
2284 1363 2589 1445 quamvis

613 1445 690 1512 in
746 1445 927 1511 coelo
981 1446 1069 1510 sit
1121 1464 1273 1511 caro
1317 1445 1588 1525 Christi,
1636 1466 1715 1511 ea
1774 1457 1993 1512 tamen
2036 1467 2161 1513 nos
2203 1469 2361 1514 vere
2404 1447 2590 1533 pasci

614 1531 689 1596 in
756 1537 956 1610 terra,
1023 1532 1177 1615 quia
1221 1530 1529 1598 Christus
1595 1553 1714 1615 pro
1776 1532 2101 1598 immensa
2154 1534 2428 1616 spiritus
2485 1535 2589 1601 sui

614 1618 870 1682 virtute
912 1625 981 1683 et
1020 1617 1262 1700 ubique
1295 1615 1539 1683 diffusa
1570 1637 1642 1683 se
1684 1620 1778 1683 ita
1820 1629 2119 1684 nostrum
2162 1619 2336 1698 facit,
2379 1630 2459 1685 ut
2491 1619 2589 1685 lo-

616 1722 771 1769 cum
830 1725 968 1768 non
1022 1702 1341 1769 mutando
1385 1704 1457 1768 in
1502 1703 1692 1769 nobis
1736 1705 2012 1771 habitet.
2092 1703 2174 1769 In
2220 1706 2346 1771 hac
2388 1727 2589 1789 quae-

615 1789 833 1856 stione
874 1790 1039 1854 mihi
1075 1809 1213 1854 sem

616 1874 883 1940 sitatem
941 1895 1139 1958 quam

1298 1812 1333 1854 r
1376 1790 1540 1855 satis
1572 1790 1702 1855 fuit
1743 1789 2093 1857 excludere
2130 1803 2267 1856 tam
2309 1793 2588 1858 immen-

1244 1896 1586 1942 escensum
1644 1876 1916 1943 localem
1971 1875 2082 1941 vel
2123 1879 2586 1960 praesentiam.

616 1959 808 2025 Nihil
851 1960 1026 2026 enim
1079 1959 1500 2027 absurditatis
1558 1961 1750 2027 video
1793 1963 1853 2028 si
1896 1962 2207 2040 dicamus,
2270 1984 2423 2030 vere
2469 1984 2590 2029 nos

614 2053 686 2111 et
743 2067 817 2111 re
874 2046 1017 2129 ipsa
1116 2047 1407 2131 eroipere
1450 2067 1720 2112 carnem
1765 2058 1833 2112 et
1875 2049 2268 2133 sanguinem
2313 2048 2586 2129 Christi,

619 2131 912 2215 adeoque
990 2069 1514 2199 sugstantialiter
1591 2133 1778 2199 nobis
1843 2155 1987 2201 esse
2041 2136 2113 2199 in
2176 2134 2586 2216 alimentum,

617 2217 812 2283 modo
855 2219 1201 2285 conveniat
1224 2218 1565 2286 Christum
1602 2241 1733 2284 uon
1770 2220 2063 2285 externis
2098 2227 2361 2286 tantum
2403 2242 2588 2306 sym·

617 2302 784 2370 bolis
827 2304 943 2369 sed
1000 2325 1242 2372 arcana
1294 2326 1551 2389 quoque
1610 2307 1882 2390 spiritus
1930 2308 2031 2373 sui
2077 2307 2459 2389 operatione
2503 2307 2585 2374 ad

618 2409 740 2456 nos
783 2389 1199 2470 descendere,
1242 2398 1319 2457 ut
1361 2392 1445 2457 ad
1488 2392 1708 2476 ipsum
1754 2391 1883 2457 fide
1926 2392 2461 2460 conscendamus.

1541 2528 1828 2596 Ioannes
1872 2530 2197 2597 Calvinus
2239 2535 2410 2598 tuus.

1497 3093 1705 3164 3887.

1246 3249 1483 3316 BEZA
1517 3248 1955 3318 CALVINO.

800 3417 1051 3486 Proelia
1107 3420 1196 3486 ad
1236 3420 1466 3488 Dreux
1530 3423 1602 3486 in
1664 3422 1926 3504 epistola
1989 3423 2210 3506 aliqua
2262 3424 2587 3508 deperdita

618 3506 819 3573 relato
858 3527 1026 3573 nunc
1067 3509 1463 3575 accuratiora
1503 3508 1712 3591 refert.

621 3677 819 3743 (Plura
860 3677 931 3732 ad
975 3695 1167 3732 manus
1211 3679 1500 3732 babuimus
1546 3681 1897 3749 exemplaria,
1940 3698 2008 3735 au

623 3746 832 3802 Gener.
878 3746 998 3811 117,
1043 3747 1137 3801 fol.
1171 3747 1258 3813 82,
1295 3747 1581 3803 lenvillaei
1624 3749 1756 3803 ibid.
1800 3750 1893 3805 fol.
1926 3748 2012 3817 84,

622 3815 715 3871 fol.
750 3815 822 3870 55
856 3822 915 3870 et
947 3814 1016 3869 67
1052 3820 1373 3883 recentiora,

621 3884 755 3939 olim
786 3884 839 3939 E
879 3903 931 3955 p.
968 3885 1120 3940 Tom.
1154 3886 1240 3952 45,
1276 3887 1368 3942 fol.

621 3970 771 4008 mum

2169 3682 2319 3752 phou
2359 3683 2419 3736 in
2454 3682 2587 3737 Cod.

2104 3768 2173 3806 uo
2206 3753 2265 3805 in
2299 3750 2431 3806 Cod.
2469 3751 2589 3820 119,

1461 3819 1671 3872 uintum
1704 3818 1891 3872 Turioi
1927 3821 1986 3873 in
2021 3820 2162 3875 Bibl.
2199 3822 2370 3876 cirion
2404 3820 2465 3875 F.
2499 3819 2588 3889 80,

1508 3894 1566 3940 et
1600 3886 1705 3941 hoc
1739 3888 2044 3955 Iouvillaei,
2079 3896 2292 3944 sextum
2329 3896 2387 3943 ot
2419 3891 2588 3959 septi·

866 3970 1031 4010 eruas
1082 3956 1139 4008 in
1174 3954 1307 4009 Ood.
1346 3954 1411 4010 F.
1454 3955 1546 4010 sol.
1590 3954 1660 4009 65
1712 3963 1770 4010 et
1802 3956 1888 4028 68,
1934 3959 2171 4081 denia&
2206 3958 2587 4014 Simlerianum

1012 4023 1134 4078 Vol.
1170 4023 1290 4079 106.
1342 4024 1537 4078 Edidit
1568 4026 1743 4079 Baum
1777 4024 1849 4079 11.
1886 4029 2029 4098 App.
2175 4032 2213 4092 .)

793 4195 858 4259 A
901 4194 1154 4260 Monsr.
1201 4196 1453 4262 Monsr.
1499 4196 1928 4280 D’Espeville

1990 4304 2030 4349 a
2066 4285 2412 4354 Villedien.

793 4451 867 4519 S.
935 4452 1037 4519 Mi
1097 4462 1303 4536 pater,
1368 4475 1503 4519 non
1560 4462 1852 4537 repetam
1906 4476 2076 4541 quae
2122 4479 2337 4543 nuper
2393 4459 2479 4525 ad
2522 4468 2587 4526 te

666 4535 921 4605 luribus
973 4539 1227 4622 scripsi,
1276 4541 1585 4623 quoniam
1632 4550 1881 4607 certam
1925 4562 2110 4626 spem
2156 4545 2365 4612 habeo
2402 4567 2588 4612 meas

651 4623 853 4689 ‘teras
905 4624 1018 4690 vel
1070 4626 1205 4690 iam
1263 4625 1384 4693 tibi
1428 4625 1720 4692 redditas
1761 4626 1869 4694 vel
1913 4650 2069 4696 mox
2112 4628 2498 4699 reddendas.
2537 4634 2587 4715 ¹)

621 4707 865 4776 Noster
926 4711 1260 4794 equitatus
1314 4720 1417 4777 est
1456 4712 1730 4796 integer,
1774 4716 2067 4799 exceptis
2122 4718 2451 4800 equitibus
2506 4718 2589 4783 ad

621 4814 953 4861 summum
990 4807 1256 4864 centum
1290 4800 1783 4884 quinquaginta,
1819 4803 2061 4885 partim
2105 4804 2401 4887 captivis,
2435 4826 2587 4889 par·

623 4881 748 4947 tim
829 4882 1210 4949 interfectis.
1336 4884 1675 4969 Roynacus
1757 4895 1827 4952 et
1893 4886 2368 4955 Saniermierus
2464 4911 2588 4974 pro

622 5103 807 5227 ᾗ.
827 5103 1439 5230 Ιὲῆωῗῐιηῶἳσαωηι
1474 5114 1556 5162 est
1587 5108 1642 5165 d.
1684 5107 1760 5162 19.
1781 5107 1928 5231 Dec&
2058 5111 2076 5192 J
2121 5112 2213 5167 ola
2245 5129 2359 5169 non
2393 5118 2590 5170 aaut.

630 5189 927 5325 ωηατ
917 5191 1052 5299 ⁰¹:⁶3.
1098 5213 1182 5299 L.
1227 5176 1827 5327 ωωῗψ
1859 5178 2013 5304 a..
2042 5182 2589 5318 ww&

631 5306 814 5366 οοηαε
850 5311 948 5365 lv.
988 5310 1088 5366 1¹28
1120 5319 1260 5381 (aaa.
1302 5313 1575 5387 Col-qum),
1605 5322 1657 5373 a
1688 5316 1782 5372 lv.
1816 5315 1922 5372 685
1956 5320 2097 5384 (aut.
2137 5318 2349 5389 Onam).

2137 395 2660 466 EPISTOLAE
2704 402 3133 466 sese—3888

4515 411 4608 474 60⁴

2695 587 2978 653 mortuis
3060 586 3405 655 habentur.
3518 589 3626 656 De
3703 586 3996 664 Chmndeo
4057 599 4125 658 et
4191 589 4474 661 miano
4524 596 4615 662 sd·

2692 670 2827 737 huc
2923 671 3301 741 dubitamus
3325 725 3342 753 ,
3445 674 3563 742 sed
3645 686 3869 742 tamen
3978 687 4356 762 peremptos
4439 683 4618 764 potius

2693 757 3101 825 arbitramur
3152 780 3349 843 quam
3407 770 3650 845 captos.
3669 761 3726 847 2)
3826 763 4028 847 Apud
4084 762 4307 829 hostes
4366 787 4509 832 vero
4543 769 4618 833 iu·

2696 844 2886 909 finita
2940 853 3099 911 sunt
3152 846 3432 913 vulnera
3467 855 3536 912 et
3577 847 3810 915 caedes
3849 848 4050 932 longe
4091 850 4400 917 maxima.
4479 851 4620 937 Osp-

2694 929 2872 998 tivos
2929 930 3225 1016 insignes
3283 931 3599 1000 habemus
3641 933 3727 999 ad
3767 943 4035 1000 eentum
4079 934 4382 1002 sedecim.
4462 937 4620 1006 Gaesi

2695 1025 2852 1082 suut
2911 1016 3048 1082 fere
3115 1015 3200 1082 ad
3269 1018 3785 1086 internecionem
3851 1019 4146 1086 Helvetii
4171 1069 4188 1099 ,
4219 1022 4273 1106 ⁸)
4353 1023 4621 1090 trucidati

2692 1123 2905 1253 ἔξω
2945 1106 4061 1257 ffisffitssxwmff
4076 1105 4625 1277 §m

2691 1274 2871 1339 filius
2931 1274 3388 1356 conestabilis,
3447 1276 3781 1356 GivraeuS,
3916 1278 3930 1292 ’
4136 1329 4152 1356 ,

2693 1358 3073 1441 Βνοεεαεαε,
3119 1381 3348 1429 omnes
3389 1362 3818 1429 infensissimi
3863 1364 4171 1429 veritatis
4211 1362 4451 1432 hostes.
4524 1368 4624 1433 Ns-

2690 1447 3011 1512 mersis
3036 1497 3052 1524 ,
3117 1446 3318 1513 miser
3382 1456 3681 1531 apostata
3704 1500 3718 1524 ,
3785 1448 4063 1533 languet
4125 1450 4557 1520 moribundus.
4581 1457 4627 1537 ⁶)

2690 1529 3299 1613 Macropolitanus'1)
3356 1533 3604 1617 proelio
3648 1556 3781 1600 non
3822 1534 4144 1613 interfuit,
4193 1535 4511 1623 Pharaoss)
4548 1551 4625 1604 n·

2689 1638 2842 1682 men
2903 1618 3043 1700 ipse
3098 1619 3330 1698 evasit,
3390 1628 3467 1685 ut
3520 1620 3632 1703 qui
3677 1620 4061 1687 certaminis
4104 1618 4436 1689 duntaxat
4472 1646 4628 1709 spee-

2692 1708 2865 1768 tator
2909 1704 3120 1769 fuerit.

2865 1786 3278 1856 conestabilis
3309 1789 3698 1857 vulneratus
3742 1792 3813 1856 in
3845 1790 4158 1857 inferiore
4203 1794 4490 1872 maxilla,
4520 1796 4628 1861 iam

2691 1880 2916 1939 noster
2936 1882 3038 1940 est
3058 1875 3241 1943 civis.
3253 1875 3308 1960 ⁸)
3345 1875 3532 1941 Nihil
3556 1876 3739 1942 aliud
3763 1876 3964 1943 habet
3985 1878 4058 1942 in
4081 1898 4197 1944 ore
4214 1899 4414 1963 quam
4435 1902 4629 1964 paoem

2689 1979 2886 2043 quam
2904 1968 3123 2026 tamen
3142 1960 3432 2027 nondum
3448 1983 3712 2046 possum
3731 1983 4018 2046 sperare.
4039 1963 4365 2048 Anglicus
4385 1966 4630 2051 legatus,

2690 2065 2841 2111 cum
2892 2045 3223 2125 Perooelio,
3270 2045 3428 2112 dum
3477 2070 3623 2114 sese
3665 2048 4076 2133 fugientibus
4119 2050 4508 2136 adiungunt,
4541 2052 4634 2118 de-

2690 2140 3021 2197 venerunt
3071 2132 3146 2196 in
3200 2133 3491 2199 vicinum
3537 2135 3869 2218 oppidum,
3917 2134 4090 2217 quod
4135 2135 4518 2221 Negentum
4547 2160 4632 2204 re·

2689 2217 2875 2302 gium
2936 2226 3198 2284 vocant.
3229 2221 3312 2296 ¹⁰)
3409 2218 3518 2285 Ibi
3574 2241 3733 2285 mox
3791 2219 4034 2287 detecti
4088 2231 4246 2286 sunt
4301 2233 4378 2288 et
4417 2224 4636 2309 captivi

2899 2439 2952 2500 2)
2993 2440 3141 2495 Hist.
3176 2441 3298 2495 eccl.
3335 2440 3404 2495 11.
3439 2440 3578 2495 242.-
3643 2443 3730 2495 Du
3784 2445 3933 2499 coste
3982 2446 4056 2499 du
4103 2445 4300 2501 Prinos
4347 2453 4642 2501 mournrent

2690 2509 2772 2562 les
2808 2508 2997 2562 Sieurs
3032 2508 3348 2591 d'Arpaiou‚
3384 2510 3453 2563 de
3487 2510 3787 2580 Obaudieu,
3839 2513 3908 2566 de
3947 2513 4259 2581 Liencourt,
4291 2515 4368 2570 de
4405 2515 4644 2582 Ligueris,

2689 2577 2760 2631 de
2812 2579 2869 2631 la
2902 2576 3295 2642 Fredonmere‚
3341 2578 3410 2633 de
3445 2579 3500 2632 la
3536 2580 3795 2647 Carliere,
3845 2580 3916 2635 de
3953 2584 4230 2653 maguae,
4274 2585 4348 2638 de
4399 2584 4632 2640 unaue·

2691 2646 2747 2701 S.
2783 2645 3032 2701 Germier
3068 2685 3289 2703 .....
3326 2646 3653 2713 (Ostendens
3687 2654 3810 2705 erat
3837 2651 4019 2717 frater
4052 2652 4146 2708 cel.
4181 2652 4475 2721 ministri.)

2893 2713 2956 2782 3)
2989 2714 3103 2770 Hic
3140 2717 3311 2784 paulo
3353 2718 3571 2772 naim-a
3624 2722 3793 2773 canit.
3871 2719 4080 2776 Exstat
4123 2721 4267 2776 αιᾶκ
4301 2722 4506 2778 ducw-
4541 2720 4646 2774 Hel·

2690 2784 2959 2838 oetier-um
3028 2784 3227 2840 relatio
3278 2784 3356 2839 ad
3405 2800 3537 2839 suos
3584 2789 3950 2855 mam-stratus
3991 2791 4177 2845 states
4226 2797 4359 2858 pou
4405 2790 4650 2861 proeliu-

2689 2854 2901 2920 scripta
2930 2849 3144 2920 (Baum
3179 2853 3252 2907 11.
3288 2869 3417 2922 app.
3469 2853 3569 2908 198
3603 2856 3703 2920 ss.)
3814 2857 3839 2909 a·
3869 2871 4061 2913 caesos
4092 2866 4393 2928 recensent,
4423 2873 4650 2929 prom

2688 2923 3029 2982 nominatim,
3065 2922 3303 2991 reliquos
3336 2926 3647 2977 mmmm
3682 2872 3916 2982 αιῖυδοθ.

2895 2989 2959 3058 4)
2990 2988 3144 3044 Hm.
3180 2990 3302 3045 eccl.
3339 2992 3418 3045 11.
3450 2990 3584 3045 240.-
3654 2994 3734 3048 Le
3779 2994 4080 3049 mareschal
4116 2996 4169 3050 S.
4207 2996 4404 3051 Andre
4450 2995 4571 3050 chef
4594 2995 4652 3048 eo

2688 3057 3062 3127 l’avantgarde
3113 3066 3280 3129 ayant
3325 3061 3443 3114 este'
3491 3061 3605 3131 pris
3650 3064 3964 3132 prisounier
4006 3065 4199 3119 advint
4242 3066 4416 3135 qn’uu
4461 3064 4650 3119 nomme

2690 3128 2995 3196 Baubiguy‚
3087 3129 3142 3180 ui
3189 3129 3343 3183 avoit
3389 3131 3651 3186 autrefois
3686 3149 3847 3187 reoeu
3883 3133 3920 3187 a
3964 3134 4018 3186 la
4052 3151 4187 3188 cour
4222 3136 4467 3205 quelque

2689 3212 2834 3319 2¹³¹,oe
2923 3197 3805 3322 Aqihsiutynoiazuzuff’nfflud'eswtssgis
3814 3202 4118 3324 dsuaiggoll?
4139 3218 4224 3326 (ῗὲ
4243 3203 4654 3326 dathum:

2690 3350 2850 3388 reuse
2893 3349 3108 3404 guerre.
3178 3335 3456 3389 Plusieurs
3501 3343 3688 3390 autres
3721 3340 4007 3405 seignenrs
4049 3340 4123 3393 du
4159 3342 4312 3394 coste
4352 3342 4428 3396 dn
4464 3341 4651 3394 Trian-

2692 3404 2837 3455 vitat
2879 3420 2917 3473 y
2965 3409 3307 3457 mom-urent:
3354 3404 3716 3469 d'Annebaut‚
3762 3407 3832 3460 de
3880 3407 4067 3478 Givry,
4117 3409 4197 3462 La
4231 3410 4457 3473 Brome,

2688 3471 2866 3525 favori
2901 3471 2969 3524 de
3006 3470 3189 3538 Guise,
3227 3477 3286 3525 et
3317 3473 3411 3541 qni
3448 3476 3599 3527 avoit
3631 3475 3940 3529 commones
3976 3477 4028 3529 le
4064 3494 4339 3532 massacre
4375 3479 4448 3533 de
4529 3494 4651 3547 my,

2689 3558 2726 3611 y
2760 3545 2959 3677 receigtj
2983 3540 3497 3665 gffriseloudeffliffdm
3532 3559 3666 3596 avec
3700 3560 3774 3597 uu
3811 3546 3926 3597 sien
3953 3545 4117 3669 ffl'o
4446 3618 4458 3629 ⁶
4579 3615 4590 3628 ο

2690 3678 2776 3731 fut
2808 3677 2903 3731 tue
2937 3694 3040 3758 par
3073 3695 3164 3759 ¹3¹².
3182 3695 3410 3748 escuyer
3445 3678 3520 3733 du
3555 3626 3882 3750 pm’quj
3928 3682 3981 3736 le
4017 3684 4108 3751 luy
4142 3684 4296 3738 avoit
4333 3686 4546 3754 promi·
4574 3683 4654 3736 de·

2693 3753 2826 3801 “nt
2859 3745 3418 3879 pgfuflwffiil.
3453 3813 3590 3869 241:
3659 3817 3740 3871 La
3783 3824 3932 3871 mort
3974 3819 4050 3873 du
4086 3819 4191 3874 duo
4224 3820 4297 3875 de
4336 3822 4554 3875 Nevers
4585 3828 4654 3872 est

2693 3884 3070 3951 remarquable
3124 3890 3282 3937 entre
3325 3892 3511 3938 autres
3556 3884 3748 3938 choses
3789 3887 4065 3941 advennes
4112 3904 4182 3942 eu
4227 3898 4386 3944 ceste
4435 3889 4652 3943 bataille.

2693 3954 2878 4022 Ayant
2912 3952 3030 4005 este
3063 3968 3126 4006 ce
3154 3954 3320 4022 jenne
3353 3954 3610 4020 seigneur
3627 3954 3914 4009 tellement
3946 3957 4182 4011 suborne
4201 3974 4306 4028 par
4341 3960 4492 4013 deux
4527 3960 4654 4012 dm

2689 4028 2806 4074 tres
2841 4021 3086 4075 mauvais
3132 4022 3450 4087 serviteurs,
3494 4021 3529 4075 a
3581 4023 3764 4078 saveir
3799 4025 4107 4080 Desbordea
4224 4029 4554 4083 utilhomme
4595 4026 4654 4077 de

2691 4089 2986 4143 Nivernois
3020 4097 3080 4144 et
3113 4089 3237 4144 d'uu
3279 4091 3400 4144 sien
3434 4093 3732 4144 seoretaire
3758 4092 4068 4162 Vigenaire,
4106 4112 4181 4165 qu
4196 4097 4458 4151 oubliant
4495 4097 4544 4150 le
4576 4094 4652 4147 de·

2687 4159 2813 4280 ᾖξ’
2846 4156 3281 4281 ὣὶὶὲᾈεῖζοᾞνῗι
3316 4159 3507 4282 ἰῖῶῖ“
3549 4160 4227 4286 ῑῗιῖἒὲἓῗὲέἔὲἰξοῗῗ
4257 4166 4658 4288 ‹lim'ffifflss

4218 4251 4255 4286 n
4310 4252 4362 4303 e,
4400 4252 4474 4288 on

2689 4244 2923 4366 gmi'doe
2978 4244 3232 4350 cruausss
3293 4312 3549 4352 exeroees
3595 4314 3663 4350 eu
3707 4313 3807 4351 son
3860 4312 4295 4369 gouvernement
4341 4303 4419 4357 de
4481 4302 4658 4357 Cha-

2688 4382 2727 4434 p
2837 4381 2868 4418 e
2905 4402 3126 4418 .....
3162 4365 3202 4417 il
3238 4372 3428 4419 monta
3467 4382 3531 4420 ce
3565 4367 3690 4420 iour
3737 4367 3793 4420 la
3826 4366 3861 4420 a
3893 4368 4102 4437 che-val,
4147 4372 4290 4425 mais
4325 4374 4476 4426 ainsi
4511 4370 4656 4441 qu'os

2690 4435 2858 4487 estoit
2891 4450 2987 4487 sur
3020 4434 3074 4487 le
3107 4434 3296 4503 poiuet
3327 4434 3397 4488 de
3433 4434 3489 4487 la
3504 4434 3774 4503 premiere
3799 4436 4000 4507 charge
4034 4454 4096 4493 oe
4120 4456 4328 4495 mssme
4357 4438 4656 4495 Deebordn

2690 4503 2937 4556 maniant
2969 4502 3077 4556 mal
3112 4518 3218 4557 une
3253 4503 3453 4572 pistole
3488 4503 3541 4556 le
3576 4502 3758 4557 blessa
3774 4521 3844 4558 eu
3865 4522 3971 4559 une
4006 4508 4184 4560 cuisee
4219 4548 4234 4562 .
4274 4549 4290 4565 .
4328 4550 4343 4563 .
4385 4510 4660 4564 tellement

2691 4571 2824 4640 qu’il
2860 4572 3324 4707 ngfssitdwogg
3357 4587 3555 4694 {geu
3590 4571 3661 4625 de
3683 4572 3750 4696 ele
3783 4574 4030 4643 garentin-
4061 4576 4132 4629 de
4168 4577 4221 4630 1-
4256 4586 4432 4633 mort.

3149 4656 3217 4694 uc
3485 4640 3687 4709 quera!
3713 4681 3725 4692 .

2897 4707 2961 4771 8)
2998 4706 3082 4761 Le
3113 4707 3225 4764 duc
3256 4707 3325 4762 de
3363 4708 3549 4762 Guise.

2895 4775 2958 4844 9)
2993 4776 3170 4840 (ΗΜ.
3204 4779 3325 4832 eccl.
3361 4776 3432 4832 11.
3464 4774 3599 4829 235.-
3670 4777 3852 4842 Quaut
3894 4796 3964 4832 au
3998 4779 4372 4836 conestable
4407 4800 4512 4837 son
4545 4781 4658 4836 ebe-

2690 4844 2780 4900 val
2815 4845 2910 4915 luy
2945 4844 3032 4898 fut
3065 4846 3159 4899 tue
3204 4851 3263 4899 et
3296 4848 3349 4901 le
3385 4845 3468 4900 Sr.
3503 4845 3792 4900 d’Oraisou
3826 4863 3886 4901 se
3931 4855 4194 4903 trouvent
4226 4851 4285 4906 la
4317 4852 4444 4905 fort
4476 4851 4514 4907 a
4547 4867 4656 4921 'vto-

2731 4930 2793 4968 os
2828 4914 2880 4967 le
2916 4922 3166 4968 remonte
3208 4932 3303 4967 sur
3349 4914 3401 4967 le
3444 4915 3580 4967 sieu.
3652 4915 3791 4968 Mais
3829 4922 3940 4971 tost
3985 4935 4021 4970 a
4061 4934 4149 4971 res
4182 4919 4222 4971 il
4259 4920 4350 4973 fut
4385 4922 4656 4975 teum

2686 4931 2865 5037 file-⁸⁶
2899 4982 3024 5036 d'uu
3061 4999 3201 5052 ooup
3234 4984 3305 5038 de
3334 4983 3530 5052 pistole
3565 4986 3600 5036 a
3619 4983 3676 5037 la
3708 4984 3979 5039 machoire
4053 4985 4254 5042 'embas
4289 4988 4438 5043 dont
4473 4992 4514 5043 il
4549 5005 4656 5057 peu·-

2689 5052 2771 5106 dit
2804 5067 2912 5106 une
2945 5052 3081 5107 deut
3114 5059 3174 5105 ot
3205 5053 3488 5106 tellement
3533 5052 3836 5134 euveloppe
3872 5053 4000 5123 qu'il
4037 5072 4099 5109 se
4141 5056 4328 5110 rendit
4365 5076 4442 5111 au
4479 5059 4565 5113 Sr.
4595 5056 4656 5109 de

2692 5119 2945 5186 Vesines,
3000 5121 3200 5191 auquel
3241 5121 3528 5177 toutesl'ois
3564 5121 3643 5175 les
3679 5122 3898 5176 Beitres
3935 5140 4235 5179 survenans
4269 5125 4658 5182 rur-ebant

2688 5190 2782 5259 luy
2816 5196 3004 5244 ostana
3038 5206 3137 5244 sou
3173 5206 3337 5259 espec
3371 5199 3430 5244 et
3462 5206 3723 5244 recevans
3757 5208 3819 5244 sa
3853 5191 3956 5259 foy.

2865 5257 2960 5319 10)
3000 5257 3148 5315 leid.
3175 5257 3311 5311 242.-
3375 5260 3736 5314 Troomarton
3783 5259 3922 5328 (eie)
3971 5262 4368 5317 amb-uadem·
4414 5263 4658 5334 d’Aqls·

2689 5332 2840 5382 terre
2875 5335 2935 5381 et
2956 5327 3184 5382 Peruoel
3217 5328 3469 5382 ministre
3503 5328 3578 5381 du
3600 5328 3797 5383 Princo
3825 5345 4061 5399 pensans
4079 5348 4187 5401 que
4220 5337 4350 5387 tout
4385 5334 4474 5389 fut
4496 5332 4656 5404 perd:
