4900 6125
338 395 418 461 '1⁸
2077 393 2241 460 1561
2281 388 2612 461 OOEOB.
4257 400 4340 463 ⁷4

333 582 545 667 egerit
582 580 951 649 Blando-ata
992 590 1060 648 et
1101 602 1298 665 quam
1354 582 1639 665 turpiter
1680 586 1909 649 contra
1949 599 2057 646 me
2099 600 2283 646 men-

330 668 737 819 tm*
701 666 1301 820 mazam
1312 666 2284 832 ..3⁰3m.sx‘zt.21¹2.÷fim..a

327 840 520 905 ficem
574 859 717 905 esse
737 805 1105 924 ’religionis
1147 848 1266 904 aut
1315 837 1473 904 fidei
1514 837 1992 914 Samaritanae,
2044 801 2285 921 operae

324 923 613 1008 pretium
672 924 903 991 fecisse
962 933 1026 989 te
1082 922 1322 990 iudicio
1378 923 1493 1009 qui
1536 923 1863 990 detexeris
1922 923 2062 990 eius
2106 929 2284 989 artes

486 1010 500 1025 ‘
650 1059 665 1076 .
735 1009 1067 1077 Fortassis
1122 1015 1404 1075 utuntur
1448 1009 1573 1075 boc
1614 1008 1884 1075 homine
1937 1008 2013 1073 in
2053 1006 2284 1075 obtru-

327 1029 546 1161 ffida
587 1116 710 1162 sua
752 1097 1158 1162 confessione
1190 1099 1605 1179 Augustana.
1677 1093 2005 1161 Dominus
2046 1095 2284 1161 confir·

321 1190 466 1248 met
506 1179 708 1248 robur
748 1190 959 1262 tuum,
998 1188 1076 1246 ιιι
1115 1179 1230 1247 diu
1272 1180 1546 1247 utilibus
1585 1180 2044 1263 scriptionibus
2088 1178 2283 1264 prod-

322 1287 473 1333 esse
511 1268 726 1350 possis
769 1267 1097 1334 ecclesiae.
1191 1265 1483 1333 Oremus
1540 1264 1766 1332 sedulo
1800 1266 2164 1332 Dominum
2206 1269 2286 1330 ut

322 1352 673 1419 benedicat
713 1352 911 1419 rebus
954 1351 1217 1420 Galliae
1261 1365 1327 1419 et
1369 1351 1690 1436 infringat
1732 1350 2083 1419 consilium
2116 1349 2283 1416 Ahi-

322 1437 627 1522 tophelis.
658 1525 673 1539 .
699 1437 920 1505 Datus
974 1446 1077 1539 est
1118 1438 1310 1504 nobis
1357 1436 1810 1539 superioribus
1853 1434 2081 1536 diebus
2122 1436 2284 1502 vici-

321 1522 2284 1709 ἒξεᾝὲἓὲιῆῗιέοῗηὲῗέᾞέῗῌΐῖΐῶᾚῗ

320 1694 681 1761 Foederatl
739 1705 947 1762 nostri
1003 1695 1151 1761 hen
1205 1693 1472 1761 demum
1524 1695 1809 1778 ingressi
1852 1702 2009 1760 sunt
2051 1691 2282 1762 iuridi-

320 1801 474 1848 eam
530 1781 856 1847 actionem
911 1799 1062 1845 cum
1108 1779 1639 1846 Olaronensibus.
1660 1783 1721 1862 ⁷)
1788 1779 2125 1846 Fortassis
2166 1800 2282 1845 ex·

320 1873 397 1932 to
476 1864 730 1932 nebunt
779 1888 851 1932 se
894 1887 982 1931 ex
1037 1866 1154 1931 illa
1197 1874 1313 1932 aut
1369 1866 1764 1950 abrumpent
1806 1885 1952 1931 eam
1996 1885 2116 1949 pro
2161 1884 2283 1931 sna

216 1971 231 1978 ·
319 1887 615 2018 miam-
703 1951 782 2018 Si
824 1951 1216 2018 intellexero
1260 1952 1509 2036 legatos
1553 1951 1868 2035 principis
1910 1948 2281 2017 Sabaudiae

320 2036 431 2106 vel
474 2039 547 2102 in
592 2037 725 2103 illis
758 2037 1036 2104 comitiis
1076 2036 1180 2103 vel
1213 2037 1322 2102 hic
1355 2037 1601 2121 aliquid
1637 2036 1871 2115 moliri,
1912 2056 2049 2102 non
2097 2036 2111 2051 ‘
2211 2056 2282 2101 o-

320 2120 588 2188 rabitis:
655 2132 915 2188 mature
978 2123 1378 2207 significabo.
1460 2123 1645 2188 Bene
1708 2122 1874 2189 vale.
1947 2121 2282 2188 Dommus

320 2217 548 2275 servet
589 2217 658 2274 te
699 2207 885 2275 nobis
926 2208 1038 2274 diu
1082 2208 1497 2274 incolumem.
1587 2207 1825 2274 Saluta
1877 2214 2283 2293 symmystas

320 2301 395 2360 ot
457 2294 716 2375 stanes,
780 2295 1087 2378 inprimis
1151 2293 1239 2359 D.
1285 2294 1603 2373 Rosetum,
1663 2292 1751 2359 D.
1808 2293 2149 2359 Budaeum
2214 2300 2283 2359 et

322 2379 748 2446 Iomiaaeum
762 2431 779 2460 ,
843 2379 1135 2446 Badium
1148 2430 1165 2458 ,
1235 2379 1709 2446 Normandium
1773 2390 1841 2445 et
1888 2377 2279 2461 Ori-spinum.

322 2465 560 2550 Tiguri
613 2468 712 2531 23.
756 2463 1062 2532 Octobris
1113 2469 1296 2530 1561.
1381 2464 1693 2532 Salutant
1750 2475 1817 2530 te
1874 2472 2282 2550 symmystae

320 2559 391 2616 et
432 2552 669 2617 fratres
710 2550 862 2616 mei.

1534 2688 1718 2755 'l'uus
1761 2709 1848 2753 ex
1890 2686 2108 2753 animo

1593 2772 2042 2858 Bullingerus.

1096 3066 1493 3074 --————·———

1191 3317 1391 3387 3584.

860 3472 1251 3542 KNOXUS
1298 3471 1737 3542 OALVINO.

492 3645 605 3710 Ea:
638 3647 906 3713 adventu
944 3645 1198 3729 reyt'nae
1228 3647 1431 3711 missa
1463 3647 1754 3710 restituta
1786 3645 1952 3727 quod
1983 3664 2274 3726 proceres

330 3732 343 3744 ‘
648 3732 664 3747 ⁸
762 3736 1101 3814 praetextu
1121 3732 1511 3814 permittunt.
1578 3731 1943 3811 Quaeritan
1968 3729 2273 3797 Calvinus

315 3988 735 4058 (Autogrsphon
790 3986 1036 4057 possidet
1078 3987 1142 4041 V.
1190 3986 1271 4040 01.
1319 3986 1554 4042 Fenillet
1605 3987 1675 4041 de
1727 3987 1972 4042 Conches
2025 3988 2269 4055 Parisiis,

318 4056 468 4110 edita
513 4063 601 4111 est
643 4057 699 4110 in
736 4056 928 4110 Teulet
992 4053 1181 4110 Pieces
1227 4060 1287 4109 et
1332 4055 1648 4110 documents
1693 4056 1903 4110 relatifs
1938 4056 1971 4112 a
2005 4057 2270 4112 l'histoire

318 4124 573 4180 d'Eoosse
625 4142 696 4191 an
748 4123 843 4178 170
879 4099 1056 4179 siecle.
1130 4124 1191 4178 Τ.
1228 4123 1299 4181 11.
1343 4141 1397 4195 p.
1436 4122 1504 4177 12
1537 4140 1564 4177 s
1606 4164 1618 4177 .
1674 4132 1730 4177 et
1782 4126 1840 4179 in
1888 4125 2026 4196 Opp.
2062 4126 2270 4180 Knoxii

316 4193 409 4247 lat.
449 4199 509 4247 et
559 4194 699 4263 angl.
749 4194 835 4247 ed.
872 4193 1049 4263 Lsing
1083 4191 1147 4247 T.
1184 4192 1280 4249 vl.
1314 4211 1370 4264 p.
1407 4192 1524 4248 133.
1667 4193 1740 4247 tis
1786 4194 2005 4263 quidem
2051 4194 2271 4248 humilis

316 4269 404 4316 cst
436 4263 647 4317 Knoxii
702 4263 946 4317 latinitas
998 4262 1097 4317 sed
1141 4263 1345 4333 passim
1388 4264 1547 4317 nobis
1597 4262 1835 4317 editores
1880 4269 2093 4317 textum
2126 4264 2273 4317 male

317 4332 515 4401 mose
550 4331 821 4398 videntur,
868 4333 948 4387 ita
983 4330 1203 4401 quidem
1238 4337 1302 4385 ut
1346 4348 1445 4385 nos
1479 4331 1767 4386 emendare
1808 4347 1932 4385 eum
1978 4333 2033 4386 in
2070 4348 2178 4387 uno
2214 4338 2273 4387 et

930 4399 1104 4453 altero
1139 4400 1258 4454 loco
1292 4400 1410 4453 ansi
1444 4400 1655 4467 simus.)

522 4620 589 4753 ἓξ
625 4620 1084 4745 ffagssgmd'i
1111 4621 1201 4689 (N.
1239 4618 1394 4675 8666.
1428 4618 1608 4686 3579).

529 4756 590 4827 7)
629 4757 851 4814 Budua
884 4758 985 4814 VI.
1017 4756 1148 4812 381.-
1197 4758 1247 4811 A
1282 4758 1337 4812 la
1369 4758 1517 4813 diets
1562 4757 1631 4811 de
1668 4756 1721 4811 S.
1757 4759 1899 4812 Jean
1935 4773 2008 4811 on
2041 4775 2110 4812 ne
2146 4775 2272 4813 oon-

318 4832 441 4885 vint
493 4829 563 4882 de
614 4829 731 4881 rien
784 4827 943 4881 sinon
1032 4826 1157 4882 n’on
1207 4842 1266 4881 se
1318 4826 1728 4880 rassembleroit
1777 4826 1811 4880 a
1855 4827 2170 4881 Einsiedlen
2220 4830 2272 4883 le

317 4898 401 4953 28.
448 4897 763 4958 doctum-e,
804 4912 946 4966 pour
1090 4894 1209 4950 'der
1255 4897 1309 4950 la
1353 4897 1604 4965 question
1650 4895 1700 4948 si
1745 4895 1825 4949 les
1872 4896 1999 4965 cinq
2045 4902 2273 4951 cantens

320 4966 530 5023 efflent
575 4963 783 5035 obliges
826 4965 896 5019 de
943 4964 1216 5036 re'pondre
1262 4979 1331 5018 en
1374 4964 1522 5019 droit
1555 4967 1591 5020 a
1632 4979 1768 5018 ceux
1801 4963 1873 5017 de
1908 4963 2089 5018 Glaris
2134 4981 2273 5034 pour

320 5054 391 5090 un
426 5036 531 5090 fait
564 5050 741 5089 connu
773 5072 1049 5090 ......
1084 5050 1119 5086 a
1146 5033 1463 5087 Einsiedlen
1499 5033 1555 5087 la
1589 5033 1843 5103 question
1878 5032 1966 5088 fut
1998 5034 2273 5087 vivement

322 5108 579 5160 debattne
612 5102 684 5156 de
886 5107 946 5157 ct
988 5102 1215 5167 ‹lautu-e,
1268 5103 1404 5156 mais
1456 5104 1537 5156 les
1588 5108 1815 5156 cantens
1866 5101 2272 5166 desinteresses,

320 5174 539 5245 n’aysnt
1330 5189 1360 5224 r
1405 5173 1485 5224 les
1528 5172 1701 5241 partis
1735 5172 1771 5226 a
1804 5185 1863 5225 se
1906 5178 2205 5225 sonmettre
2240 5170 2273 5224 a

326 5242 440 5297 bur
484 5240 729 5295 demsion
772 5256 833 5293 se
876 5240 1170 5295 boi-nerent
1204 5240 1239 5293 a
1293 5257 1391 5294 eur
1432 5256 1701 5310 proposer
1743 5257 1816 5294 un
1860 5254 2105 5296 nouvesu
2142 5241 2271 5310 plan

324 5308 869 5367 d’sccommodement
904 5310 998 5379 qui
1030 5308 1114 5363 fut
1147 5310 1265 5379 pris
1299 5308 1377 5365 ad
1408 5310 1766 5377 referendum.

827 5173 1059 5241 pouvoir
1093 5171 1257 5225 d’obli

2560 576 3073 646 Servantissimo
3115 580 3257 647 viro
3303 587 3373 646 et
3413 578 3680 646 domino
3727 600 3845 646 suo
3888 580 4340 650 colendissimo

2385 666 2472 731 D.
2497 664 2735 765 Ioanni
2768 663 3051 731 Oalvino
3094 666 3405 733 ecclesiae
3442 665 3850 732 Genevensis
3887 668 4133 750 pastori
4166 667 4340 755 vigi-

2384 750 2753 817 lanmmo
3524 835 3789 902 Dentur
3832 836 4162 904 Genevae.

2768 1008 3176 1091 Perpetnum
3220 1005 3290 1073 S.
3335 1007 3415 1073 F.
3462 1007 3958 1074 incrementum.

2559 1178 3132 1265 'tranquillitatem
3178 1199 3400 1244 rerum
3444 1189 3822 1246 nostrarum
3875 1180 4340 1250 intertui-bavit

2386 1265 2711 1332 adventus
2745 1265 3064 1349 Reginae.
3135 1263 3309 1330 Nam
3354 1264 3570 1330 triduo
3605 1275 3948 1351 postquam
3981 1265 4096 1330 illa
4131 1287 4339 1351 appu·

2385 1351 2555 1418 lerat
2589 1353 2639 1436 ¹)
2685 1361 2976 1419 erectum
3011 1358 3114 1416 est
3156 1371 3386 1416 rursus
3428 1349 3679 1415 idolum
3713 1350 3880 1416 illud
3917 1350 4337 1419 missalicum.

2386 1435 2792 1522 Semetipsos
2836 1444 3284 1520 opposuerunt
3316 1435 3462 1515 viri,
3478 1437 3533 1516 ²)
3579 1436 3703 1502 etsi
3745 1435 3954 1519 pauci,
3998 1458 4236 1521 graves
4269 1444 4338 1504 et

2385 1522 2739 1589 autoritate
2804 1521 2993 1600 clari,
3059 1521 3522 1587 ratiocinantes
3587 1542 3657 1588 se
3721 1542 3855 1587 non
3919 1543 4109 1604 posse
4173 1543 4337 1590 sana

2384 1609 2787 1675 conscientia
2827 1607 3206 1692 permittere
3251 1615 3328 1672 ut
3370 1616 3549 1672 terra
3588 1603 3724 1686 illa,
3768 1628 3965 1691 quam
4008 1608 4338 1676 Dominus

2385 1693 2572 1761 verbi
2634 1695 2740 1759 sui
2802 1693 3089 1760 efficacia
3154 1692 3235 1758 ab
3300 1701 3574 1759 externa
3638 1691 3940 1758 idolatria
4001 1701 4335 1780 purgarat,

2383 1801 2616 1847 rursus
2692 1779 2852 1863 ipsis
2929 1777 3437 1862 adspicientibus
3499 1775 3744 1843 eisdem
3820 1778 4336 1860 inquinamentis

2382 1863 2775 1931 foedaretur.
2849 1864 3099 1930 Verum
3156 1864 3311 1947 quia
3367 1862 3576 1930 maior
3627 1884 3799 1948 pars,
3854 1864 4055 1931 etiam
4111 1885 4336 1931 eorum

2383 1950 2498 2033 qui
2541 1950 2883 2017 nobiscum
2928 1947 3142 2015 adhuc
3184 1949 3256 2014 in
3292 1948 3592 2015 doctrina
3634 1949 4069 2030 consentiunt,
4118 1948 4336 2016 diver-

2384 2058 2535 2103 sum
2579 2037 2807 2114 suasit,
2867 2034 3029 2102 vicit
3071 2045 3228 2101 tunc
3270 2035 3596 2119 impietas,
3654 2055 3819 2118 quae
3865 2047 3931 2101 et
3972 2034 4168 2101 hodie
4211 2035 4337 2102 sibi

2383 2123 2559 2187 vires
2616 2121 2910 2205 acquirit.
2993 2119 3266 2187 Habent
3323 2121 3715 2204 posteriores
3759 2118 3931 2204 quod
3985 2121 4338 2206 indulgen-

2382 2208 2514 2274 tiae
2556 2228 2714 2274 suae
2755 2213 3163 2290 praetexant,
3231 2206 3559 2272 affirmare
3600 2206 3962 2273 secundum
4010 2207 4336 2291 Reginam

2384 2314 2613 2359 omnes
2657 2293 2841 2360 verbi
2897 2290 3236 2358 ministros
3294 2303 3394 2368 (et
3436 2300 3501 2356 te
3545 2297 3826 2375 quoque)
3884 2293 3954 2356 in
4011 2290 4138 2359 hac
4192 2312 4337 2359 esse

2383 2377 2733 2456 sententia,
2779 2376 2955 2462 quod
2995 2375 3181 2444 nobis
3224 2399 3355 2443 non
3398 2377 3553 2442 licet
3594 2378 3944 2460 probibere
3987 2378 4338 2461 quominus

2383 2464 2500 2530 illa
2542 2485 2728 2531 suam
2786 2462 3171 2547 religionem
3215 2472 3443 2546 aperte
3484 2463 3888 2545 profiteatur.
3962 2461 4180 2544 Quem
4223 2486 4335 2529 ru-

2387 2571 2636 2616 morem
2696 2549 2962 2615 tametsi
3020 2569 3142 2632 ego
3194 2561 3269 2615 ut
3325 2549 3748 2615 falsissimum
3794 2547 4069 2615 subinde
4112 2570 4337 2632 repre·

2385 2634 2623 2714 hend0,
2671 2634 2920 2702 radices
2961 2640 3183 2699 tamen
3220 2635 3293 2700 in
3332 2634 3690 2700 multorum
3725 2633 4025 2701 cordibus
4068 2636 4160 2700 sic
4203 2636 4339 2720 egit

2387 2729 2462 2786 ut
2517 2742 2639 2805 ego
2698 2720 3015 2786 revellere
3060 2740 3188 2785 non
3241 2721 3504 2803 possim,
3573 2720 3701 2784 nisi
3745 2741 3829 2786 ex
3883 2728 3949 2785 te
4004 2721 4205 2786 sciam
4248 2741 4336 2785 an

2383 2803 2760 2873 huiusmodi
2803 2805 3099 2888 quaestio
3156 2802 3240 2869 ad
3283 2813 3571 2872 vestram
3618 2804 3958 2872 ecclesiam
4002 2806 4337 2889 proposita

2384 2893 2490 2969 sit,
2553 2900 2619 2958 et
2675 2891 2760 2957 ad
2815 2890 2999 2957 illam
3050 2910 3308 2974 quoque
3351 2889 3508 2975 quid
3561 2890 4021 2974 responderint
4077 2891 4331 2958 fratres.

2342 2993 2351 3000 ·
2383 2977 2534 3044 'ribi
2577 2983 2895 3061 perpetuo
2934 2975 3248 3043 molestus
3290 2998 3456 3057 sum,
3502 2984 3570 3042 et
3613 2976 3813 3042 alium
3847 2998 3980 3043 non
4016 2974 4224 3043 habeo
4262 2978 4334 3042 in

2383 3065 2568 3164 cuius
2621 3065 2842 3130 sinum
2897 3083 3091 3129 curas
3144 3084 3324 3129 meas
3377 3064 3684 3129 reiiciam.
3721 3064 4053 3164 ‘Ingenue
4104 3064 4333 3143 fateor,

2381 3170 2475 3300 22¹
2491 3157 2756 3302 affl.
2783 3168 3080 3299 {2233
3116 3156 3846 3319 ztssffffizsfissffi
3879 3170 4336 3319 3123&AE

2378 3327 2518 3385 tam
2573 3340 2889 3404 pugnare.
2958 3322 3242 3402 Apertos
3300 3319 3522 3387 hostes
3564 3341 3908 3405 nunquam
3966 3322 4059 3387 sic
4118 3320 4333 3401 timui,

2376 3426 2580 3490 quum
2638 3406 2708 3470 in
2766 3402 3000 3471 mediis
3058 3406 3392 3472 aerumnis
3435 3406 3777 3473 victoriam
3837 3426 4202 3490 sperarem:
4265 3412 4335 3472 at

2374 3491 2472 3557 ita
2528 3513 2707 3558 nunc
2761 3511 2870 3556 me
2926 3490 3231 3557 vulnerat
3285 3489 3449 3557 haec
3506 3491 3757 3575 perfida
3808 3511 3851 3556 a
3893 3490 4162 3557 Christo
4219 3489 4335 3557 de-

2373 3576 2570 3643 fectio
2617 3581 2812 3661 (quae
2855 3576 2938 3641 ab
2981 3575 3117 3642 illis
3167 3575 3577 3661 indulgentia
3618 3585 3877 3643 tantum
3919 3578 4334 3656 nominatur)

2375 3671 2449 3727 ut
2491 3659 2706 3728 indies
2748 3661 2914 3727 mihi
2958 3663 3133 3729 vires
3179 3661 3505 3729 deficiant.

2547 3747 2756 3813 Multa
2833 3747 2942 3813 hic
3021 3748 3326 3814 feruntur
3392 3748 3472 3814 de
3540 3746 3882 3814 oranstono
3913 3747 3969 3831 8)
4048 3747 4333 3832 quodam

2373 3842 2667 3900 nostrate
2710 3853 2907 3916 quem
2961 3834 3377 3898 mentiuntur
3434 3834 3730 3917 papistae
3788 3842 4332 3918 argumentorum

2373 3919 2792 3985 vehementia
2838 3917 3136 4003 adegisse
3181 3928 3245 3984 te
3289 3919 3372 3983 ad
3416 3920 3777 3984 multarum
3821 3940 4042 3984 rerum
4076 3919 4332 4003 palino-

2373 4004 2551 4070 diam
2594 4025 2757 4089 quas
2801 4004 2984 4088 prius
3027 4007 3096 4069 in
3151 4004 3414 4087 scriptis
3458 4005 3589 4070 tuis
3634 4005 4103 4071 affirmaveras.
4194 4004 4332 4072 Sed

2371 4089 2537 4157 haec
2579 4098 2893 4173 tanquam
2937 4088 3210 4156 ridicula
3263 4098 3616 4173 praetereo,
3702 4087 4094 4174 Scripsisset
4137 4090 4223 4155 ad
4263 4098 4331 4158 te

2372 4195 2590 4243 comes
2635 4177 2983 4256 Arriam,
3000 4180 3059 4254 ⁴)
3118 4174 3232 4242 sed
3289 4176 3531 4242 aberat.
3614 4175 3881 4242 Salutat
3938 4188 4004 4241 te
4059 4176 4331 4243 lacobus

2373 4482 2642 4550 86841)
2682 4481 3082 4551 Quodfactum
3117 4486 3196 4537 est
3230 4482 3284 4536 d.
3322 4481 3681 4552 summati
3712 4480 3847 4536 1561
3892 4483 3955 4536 ἐκ
3995 4486 4164 4550 portu
4201 4480 4329 4536 Lei-

2374 4554 2554 4608 mena
2626 4558 2871 4622 cuquam
2903 4567 3003 4619 per
3039 4551 3292 4605 tredecim
3328 4567 3507 4605 annos
3540 4552 3739 4605 absens
3766 4549 3971 4615 fuerat.

2617 4623 2641 4685 )
2678 4623 2823 4674 auter
2865 4634 3000 4690 quos
3042 4620 3161 4687 ipse
3205 4621 3509 4674 aemma-3
3549 4620 3677 4685 ficit,
3726 4621 3825 4689 quoe·
3864 4619 3948 4673 vel
3992 4619 4217 4671 missam
4262 4619 4326 4673 in

2459 4690 2472 4703 ‘
2502 4696 2595 4745 ato
2633 4687 2883 4758 Beyinae
2915 4687 3110 4743 sacello
3158 4688 3535 4743 celebrandam
3581 4702 3695 4743 esse
3736 4687 4005 4762 neqabap
4057 4684 4324 4759 (worse,

2372 4760 2471 4883 1‘10
2485 4756 2699 4881 golia.
2724 4756 2834 4812 Ed.
2869 4756 2966 4811 111.
2996 4755 3147 4811 1814
3182 4757 3252 4811 II.
3286 4755 3372 4810 24.
3437 4756 3645 4821 Weber,
3678 4755 3863 4811 akath.
3883 4752 3958 4807 K.
3982 4768 4045 4806 m
4067 4751 4326 4812 Groscbr.

2578 4829 2638 4962 33
2672 4895 2767 4948 Mr.
2803 4894 3044 4949 William
3079 4894 3377 4976 Cranstons
3421 4894 3544 4974 that
3627 4891 3782 4945 assed
3828 4888 3978 4942 latlie
4023 4886 4095 4957 by
4132 4908 4257 4961 you,
4291 4912 4326 4948 a

2371 4970 2547 5087 «Ἥ
2561 4965 2787 5101 wax
2817 4964 2880 5018 ⁰¹
2946 4970 3198 5088 aaa
3217 4962 3370 5085 ν’
3383 4963 3603 5085 ιιι.
3617 4959 3776 5096 03.ss
3816 4957 3955 5078 ιιι.»
3967 4958 4324 5102 mat-,⁰113

2371 5051 2489 5088 vor
2548 5050 2594 5086 e.
2623 5085 2630 5094 ,
2787 5051 2823 5087 n
3298 5070 3310 5083 .
3605 5067 3618 5081 .
3769 5068 3781 5080 .
3956 5067 3971 5091 ‚
4084 5067 4098 5081 .
4311 5071 4325 5086 .

2371 5102 2407 5158 ι’
2440 5102 2477 5157 ³*
2513 5099 2860 5237 Ἠώιῗίὶιω
2907 5168 3121 5236 Arrun,
3157 5169 3317 5250 fitius
3366 5166 3523 5221 auca
3576 5161 3645 5217 a·
3683 5159 4118 5243 σνςωωιιοωιςιι,
4167 5168 4332 5248 νςρω·

2375 5239 2590 5321 Scotino
2612 5255 2804 5364 nizot.
2816 5244 3212 5307 procurem.
3267 5236 3434 5291 Illum
3452 5231 3872 5286 Hamatomana
3902 5229 4078 5296 factae
4102 5249 4328 5303 ramme

2370 5315 2627 5365 mrum
2730 5309 2986 5376 sanabat,
3020 5306 3194 5363 altera
3228 5303 3532 5362 Smne.
